4078 6306
1239 374 1293 382 ’
1310 373 2442 587 "mania

1359 641 1442 706 IN
1483 641 1697 708 HUNC
1740 644 2165 711 SECUNDUM
2207 645 2524 713 TOMUM.

1460 781 2455 819 ==—==~.

359 878 651 951 Quidquid
681 881 979 938 universim
1019 880 1088 937 ad
1117 881 1356 953 Operum
1403 882 1581 938 sancti
1626 879 1902 939 Ambrosii
1929 889 1983 952 Α
2010 888 2183 951 turos,
2206 885 2254 941 si
2284 901 2472 945 eorum
2500 905 2663 948 causa
2702 891 2927 949 scabros
2962 892 3090 951 illos
3120 894 3271 952 locos
3297 899 3616 971 complana-

290 971 718 1043 casﬁgationem
765 975 1041 1046 pertinet,
1089 973 1368 1046 speciatim
1410 990 1542 1031 vero
1586 973 1656 1031 ad
1688 974 1906 1030 illorum

292 1066 594 1133 librorum,
624 1066 721 1139 qui
760 1067 1039 1124 volumine
1077 1069 1254 1138 primo
1285 1066 1663 1134 continentur,
1692 1081 1802 1123 non
1832 1064 1908 1123 ita

297 1157 674 1228 perfunctorie
720 1159 775 1214 in
827 1159 1151 1216 Praefatione
1189 1160 1258 1215 ad
1289 1160 1432 1216 idem
1475 1159 1608 1216 illud
1650 1160 1905 1216 volumen

295 1251 683 1319 exposuimus,
717 1262 774 1305 ut
806 1251 861 1306 iu
891 1252 992 1308 bac
1022 1252 1211 1307 iterari
1248 1253 1365 1307 sine
1395 1251 1541 1322 justo
1572 1252 1795 1307 lectoris
1826 1250 1907 1306 fa-

286 1344 465 1399 stidio
489 1359 654 1414 posse
665 1344 937 1400 videatur.
952 1344 1064 1400 Hoc
1082 1346 1242 1417 igitur
1260 1345 1381 1400 loco
1406 1355 1612 1400 tantum
1629 1355 1903 1416 superest,

296 1446 357 1493 ut
383 1437 528 1493 circa
550 1452 647 1493 eos
674 1437 965 1495 Tractatus
989 1437 1185 1509 quibus
1210 1437 1298 1493 hic
1320 1447 1502 1493 tomus
1522 1446 1758 1503 constat,
1794 1447 1903 1493 tam

295 1532 390 1603 qui
419 1532 651 1604 legitimi
690 1541 851 1599 sunt,
905 1549 970 1590 ac
1004 1549 1136 1591 vere
1176 1533 1553 1600 Ambrosiani,
1602 1548 1762 1605 quam
1812 1533 1904 1603 qui

295 1624 633 1696 supposititii
662 1634 720 1682 et
747 1626 1037 1683 adulterini
1056 1669 1071 1695 ,
1099 1626 1281 1697 aliqua
1308 1627 1704 1698 expendamus,
1733 1641 1797 1683 ac
1836 1626 1906 1683 de

291 1715 405 1773 illis
445 1717 700 1788 insuper,
727 1718 819 1789 qui
854 1718 1114 1790 temporis
1152 1718 1349 1790 injuria
1377 1718 1728 1787 interierunt,
1750 1734 1902 1791 qna:-

294 1811 422 1867 dam
456 1810 725 1868 dicamus.

371 1905 549 1961 Editis
566 1906 621 1962 in
650 1919 804 1962 tome
829 1909 1116 1978 superiore
1134 1908 1198 1963 iis
1229 1907 1405 1973 libris,
1429 1907 1522 1979 qui
1543 1906 1779 1978 quodam
1802 1922 1902 1965 suo

286 2000 419 2069 jure
447 1998 515 2054 ad
535 1999 848 2070 Scripturas
872 2000 1086 2057 divinas
1112 2000 1448 2067 referuntur,
1473 2002 1526 2057 in
1551 2002 1653 2059 hoc
1674 2010 1901 2059 caeteras

295 2094 553 2151 Doctoris
575 2096 747 2151 nostri
778 2097 1272 2153 commentationes
1297 2096 1618 2154 exhibemus
1638 2140 1653 2163 .
1686 2113 1782 2154 eas
1813 2097 1899 2154 ni-

289 2187 494 2243 mirum
515 2188 715 2260 quibus
738 2189 974 2260 propria:
988 2189 1206 2247 eximiis
1226 2189 1549 2261 quibusdam
1568 2189 1898 2246 Christianae

2012 991 2231 1046 remus,
2256 994 2396 1051 quos
2422 984 2666 1039 veterani
2698 984 2870 1042 illaeso
2897 987 3128 1059 vestigio
3165 988 3379 1047 calcare
3410 992 3613 1049 solent.

2013 1068 2241 1127 Etiamsi
2271 1082 2453 1130 autem
2485 1076 2642 1134 nobis
2669 1094 2799 1136 vere
2847 1079 3019 1137 simus
3057 1082 3264 1138 conscii
3296 1098 3394 1154 pro
3421 1094 3612 1141 nostra

2010 1163 2154 1220 virili
2208 1168 2466 1225 connisos
2492 1185 2648 1239 esse,
2680 1189 2748 1229 ne
2772 1174 2855 1230 vel
2888 1184 3257 1233 transversum
3302 1194 3537 1250 unguem
3582 1196 3611 1233 τι

2009 1258 2278 1314 catholica
2312 1260 2420 1318 ﬁde
2450 1265 2830 1323 recederemus
2859 1284 2873 1332 ;
2904 1268 3074 1325 sicubi
3119 1280 3300 1327 tamen
3322 1314 3337 1338 ,
3361 1288 3480 1343 qua:
3512 1273 3615 1328 lm-

2008 1364 2168 1406 mana
2200 1351 2489 1411 inﬁrmitas
2515 1368 2619 1424 εει,
2649 1359 2850 1432 aliquid
2871 1362 2919 1417 ei
2952 1363 3132 1419 minus
3157 1379 3458 1421 consonum
3485 1382 3613 1438 pro-

2007 1441 2316 1512 tulerimus,
2361 1445 2495 1503 illud
2533 1448 2716 1506 delere
2759 1466 2868 1507 non
2920 1460 3129 1510 tantum
3181 1455 3471 1529 lacrymis,
3509 1460 3607 1516 sed

2006 1535 2170 1592 etiam
2198 1541 2464 1610 sanguine
2492 1542 2664 1612 parati
2695 1558 2905 1601 sumus.
2947 1546 3087 1615 Quin
3115 1547 3219 1603 hoc
3258 1549 3422 1605 etiam
3446 1551 3612 1621 proﬁ-

2008 1629 2108 1683 teri
2141 1628 2297 1699 licet,
2332 1632 2384 1687 iu
2434 1634 2501 1690 iis
2543 1635 2679 1706 ipsis
2727 1639 3109 1708 Opinionibus,
3139 1641 3190 1696 in
3219 1642 3416 1711 quibus
3443 1659 3606 1716 quam

2005 1720 2233 1793 quisque
2249 1732 2568 1796 anteponat,
2592 1729 2696 1785 sibi
2724 1739 2966 1788 statuere
2988 1733 3223 1791 maxime
3242 1734 3475 1793 liberum
3502 1750 3609 1806 est,

2006 1811 2217 1869 cavisse
2266 1831 2371 1871 nos
2427 1819 2623 1875 sedulo
2669 1835 2739 1877 ne
2787 1822 2917 1877 ullis
2961 1823 3173 1894 abrepti
3233 1826 3604 1899 pra-judiciis,

2006 1916 2233 1975 usquam
2262 1921 2291 1960 a
2324 1917 2478 1965 recto
2508 1911 2704 1968 itinere
2732 1911 3171 1971 deﬁecteremus.

2073 1996 2312 2054 Plurima
2336 2002 2558 2072 quidem
2581 2005 2833 2062 codicum
2855 2017 3102 2063 veterum
3126 2008 3394 2067 beneﬁcio
3421 2028 3606 2070 emcn-

2003 2089 2248 2148 davimus
2271 2096 2724 2170 restituimusque
2754 2101 2809 2156 in
2841 2099 2947 2158 hoc
2976 2103 3279 2171 volumine,
3310 2106 3407 2162 sed
3432 2109 3609 2165 multo

2003 2183 2191 2254 plura,
2237 2203 2358 2258 qua:
2407 2189 2462 2245 in
2503 2207 2792 2249 numerum
2839 2194 3074 2265 Operum
3116 2199 3606 2260 Ambrosianorum

289 2282 419 2337 vita:
438 2282 731 2353 generibus
749 2283 981 2340 virtutes
1002 2292 1165 2355 atque
1188 2285 1890 2355 iustitutionesedocentur,
1924 2285 1976 2348 B
2000 2275 2205 2335 ἀυάυῐη
2237 2279 2600 2352 moll-ieram.
2634 2288 2831 2355 Parum
2862 2288 3151 2346 οηιίδῖηιυε
3174 2332 3187 2357 ο
3222 2296 3416 2362 Partim
3460 2297 3607 2366 "310°

289 2380 351 2428 et
391 2372 670 2430 Catholica
713 2374 967 2448 dogmata
999 2376 1091 2432 vel
1132 2377 1494 2434 enucleantur
1539 2378 1853 2436 rudioribus
1878 2420 1893 2448 ,

288 2464 379 2520 vel
412 2467 482 2521 ab
511 2464 795 2537 impietate
837 2468 1221 2524 hmretieorum
1255 2468 1644 2526 defenduntur.
1687 2471 1895 2539 Quibus

289 2565 680 2637 scriptinnibus
706 2580 832 2622 cum
878 2568 1139 2639 epistolas
1164 2568 1410 2639 ejusdem
1454 2568 1733 2624 Antistitis
1761 2568 1892 2624 sub-

282 2658 650 2730 junxerimus,
676 2675 786 2716 non
801 2675 961 2717 secus
982 2670 1142 2732 atque
1163 2660 1454 2718 Orationes
1473 2661 1540 2717 ab
1556 2662 1692 2717 eoin
1712 2661 1895 2732 Satyri

288 2751 510 2821 fratris,
551 2763 605 2809 et
650 2753 1044 2825 imperatorum
1099 2753 1461 2811 Valentiniani
1493 2770 1559 2811 ac
1594 2755 1893 2811 Theodosii

289 2844 573 2901 funeribus
606 2845 858 2912 habitas;
888 2861 954 2903 ex
979 2846 1064 2902 his
1093 2846 1344 2904 omnibus
1375 2848 1631 2904 volumen
1657 2848 1893 2904 efﬁcitur

288 2955 415 2998 cum
442 2941 558 3012 ipsa
590 2941 893 3008 varietate,
926 2955 990 2996 ac
1030 2940 1368 2996 diversarum
1400 2940 1502 2997 tevi
1543 2940 1891 2998 Ambrosiani

288 3034 408 3091 sive
429 3035 481 3090 in
516 3035 762 3091 Ecclesia
782 3073 799 3103 ,
831 3033 949 3091 sive
974 3034 1211 3107 imperio
1241 3034 1662 3091 conversionum
1694 3048 1888 3090 narra.

287 3133 438 3186 tione
453 3128 934 3201 jucundissimum,
960 3138 1071 3184 tum
1092 3137 1538 3199 argumentorum
1565 3126 1722 3199 queis
1749 3128 1888 3184 bene

284 3223 461 3278 multa
493 3222 617 3277 ﬁdei
643 3236 709 3276 ac
733 3220 1036 3290 disciplinae
1080 3221 1259 3292 capita
1285 3222 1638 3277 continentur
1662 3263 1678 3288 ,
1709 3220 1889 3293 gravi-

284 3327 399 3374 tate
421 3316 796 3373 utilissimum.
828 3316 886 3372 lu
908 3315 1063 3387 cujus
1087 3315 1326 3371 lectione
1353 3314 1485 3371 illud
1510 3315 1798 3387 contingit,
1826 3323 1888 3370 ut

282 3423 473 3469 utrum
504 3410 781 3467 Ambrosii
808 3412 865 3466 in
889 3409 1062 3466 sacris
1091 3408 1360 3465 ministris
1381 3422 1446 3464 ae
1476 3407 1774 3477 virginibus
1806 3411 1887 3462 in-

283 3506 589 3563 stituendis
612 3506 890 3576 pietatem,
917 3514 1080 3575 atque
1104 3503 1156 3558 in
1191 3499 1579 3573 propugnanda
1604 3498 1808 3555 Christi
1831 3509 1887 3556 et

278 3602 522 3672 Spiritus
550 3598 724 3655 sancti
759 3597 1040 3654 divinitate
1070 3595 1357 3653 scientiam
1384 3611 1399 3662 ;
1440 3610 1511 3649 an
1540 3609 1672 3650 vero
1705 3594 1756 3648 in
1788 3608 1885 3649 ex-

1998 2372 2178 2429 cimus
2208 2374 2260 2429 in
2288 2374 2661 2446 Appendicem
2685 2420 2699 2446 ,
2730 2382 2830 2435 rati
2863 2382 3077 2438 scilicet
3112 2383 3354 2455 iniquum
3394 2387 3509 2443 fore
3546 2398 3608 2446 ut

1996 2465 2294 2536 gloriosum
2327 2470 2464 2527 tanti
2489 2470 2668 2528 Patris
2697 2487 2899 2529 nomen
2941 2491 3047 2531 una
3077 2492 3200 2533 cum
3245 2480 3505 2551 legitimis
3537 2483 3605 2539 li-

1994 2557 2140 2614 beris
2170 2560 2438 2617 subdititii
2469 2573 2633 2635 atque
2658 2565 2857 2623 eodem
2892 2584 3116 2638 prorsus
3145 2572 3349 2644 indigni
3380 2574 3481 2630 sibi
3508 2591 3601 2631 ar—

1994 2663 2273 2719 rogarent.
2306 2653 2599 2712 Enimvero
2643 2672 2749 2713 non
2781 2673 3073 2731 possumus
3112 2663 3246 2720 satis
3302 2666 3488 2723 mirari
3519 2678 3602 2724 tot

1993 2740 2165 2798 libros
2215 2756 2377 2815 atque
2430 2763 2716 2807 sermones
2770 2766 2961 2807 sancto
3009 2755 3228 2813 Doctnri
3280 2761 3600 2831 suppositos

1995 2834 2193 2905 fuisse,
2218 2841 2309 2912 qui
2340 2842 2410 2897 ab
2449 2844 2569 2913 ejus
2608 2844 2864 2916 ingenio,
2903 2848 3045 2921 style
3071 2890 3085 2915 ,
3134 2852 3334 2907 saeculo
3378 2854 3597 2924 penitus

1992 2930 2322 3002 abhorrent,
2357 2944 2414 2991 et
2442 2952 2674 3007 quorum
2715 2939 2878 2995 etiam
2907 2942 3157 2997 nonnulli
3190 2941 3337 3000 inter
3359 2945 3596 3002 aliorum

1990 3025 2316 3097 scriptorum
2345 3029 2522 3102 Opera
2545 3031 3024 3090 circumferuntur.
3067 3036 3176 3094 Sed
3208 3035 3313 3093 hoc
3351 3038 3595 3095 admira-

1992 3117 2193 3174 tionem
2228 3121 2384 3178 nobis
2410 3123 2602 3179 incutit
2640 3126 2815 3182 multo
2843 3126 3105 3197 majorem
3131 3174 3143 3195 ,
3172 3131 3319 3201 quod
3349 3135 3493 3190 male
3519 3134 3598 3191 fe.

1990 3215 2112 3269 riati
2141 3215 2361 3285 quidam
2404 3216 2653 3274 homines
2681 3219 2818 3276 adeo
2864 3221 3136 3277 illuserint
3167 3223 3292 3280 ﬁdei
3325 3226 3591 3297 publicae,

1990 3318 2050 3365 ut
2078 3310 2288 3382 aliquas
2310 3317 2826 3382 commentationes,
2858 3331 2994 3387 quas
3021 3317 3295 3375 Ambrosii
3330 3335 3437 3376 non
3469 3336 3594 3378 esse

1991 3399 2196 3471 liquido
2226 3401 2487 3471 prodebat
2509 3403 2680 3475 prima
2708 3405 2903 3473 lectio,
2940 3408 3106 3464 variis
3135 3409 3270 3465 locis
3293 3410 3594 3483 interpola-

1988 3499 2133 3559 rent,
2159 3507 2269 3564 quo
2282 3508 2376 3550 eas
2401 3510 2498 3564 pro
2524 3495 2904 3554 Ambrosianis
2925 3499 3174 3555 securius
3193 3501 3381 3559 liceret
3403 3504 3591 3562 obtru-

1987 3581 2140 3639 dere.
2192 3584 2346 3653 Quod
2382 3585 2700 3658 imposturae
2745 3604 2921 3661 genus
2960 3607 3067 3663 qua
3109 3602 3264 3663 parte
3303 3596 3479 3652 levius
3520 3600 3592 3655 sit

278 3670 581 3764 sequendis
616 3690 867 3748 maximis
905 3690 1068 3747 rebus
1116 3690 1364 3761 peritiam
1409 3685 1882 3758 constantiamque
1908 3670 1953 3737 C
1985 3690 2176 3733 eorum
2199 3678 2451 3746 crimine,
2481 3680 2753 3752 quicusos
2781 3682 2879 3739 abs
2900 3699 2961 3741 se
2977 3683 3315 3744 adulterinos
3337 3704 3591 3748 nummos

277 3788 460 3859 inagis
498 3786 736 3856 mireris,
764 3801 990 3857 prorsus
1019 3784 1253 3841 nescias.

351 3882 491 3940 Cum
514 3883 655 3937 sicut
678 3882 734 3938 in
764 3882 944 3951 priore
963 3889 1134 3946 temo,
1161 3880 1232 3935 ita
1256 3878 1422 3935 etiam
1446 3878 1501 3934 in
1526 3876 1632 3934 hoe
1652 3878 1880 3949 singulis

275 3975 542 4046 eperibus
578 3988 676 4030 sua
697 3971 1059 4044 praeminatur
1083 3970 1421 4039 Admonitio,
1445 3984 1549 4040 qua
1577 3969 1766 4026 eadem
1785 3970 1879 4025 illa

276 4083 383 4139 pro
422 4077 583 4136 captu
610 4076 798 4122 nostro
814 4064 1275 4130 examinavimus;
1299 4061 1629 4132 superﬂuam
1653 4079 1766 4118 rem
1792 4062 1879 4118 hic

272 4176 590 4234 ageremus,
607 4161 651 4216 si
666 4160 870 4217 diutius
885 4159 939 4215 in
958 4158 1278 4216 earumdem
1292 4158 1615 4214 exeussione
1630 4158 1877 4212 immora-

272 4272 489 4313 remur.
533 4252 793 4309 Ordinem
839 4268 1002 4325 porro
1045 4253 1098 4308 in
1126 4252 1193 4307 iis
1222 4250 1592 4317 collocandis,
1619 4250 1875 4321 quoniam

270 4346 454 4404 aetatis
482 4355 537 4402 et
562 4344 934 4416 chronologiae
962 4344 1227 4401 rationem
1258 4344 1410 4414 sequi
1440 4342 1663 4399 minime
1688 4341 1874 4409 licuit,

269 4440 432 4496 illum
458 4439 756 4505 tenuimus,
778 4453 939 4510 quem
956 4445 1467 4509 etargumentorum
1492 4436 1732 4492 afﬁnitas
1749 4450 1875 4508 pos-

269 4536 455 4593 tulare
472 4536 582 4589 visa
602 4541 771 4598 est,et
784 4533 850 4589 ab
863 4532 1160 4588 editionum
1176 4531 1519 4602 superiorum
1535 4538 1875 4603 syntagmate

266 4631 457 4688 minus
488 4629 878 4685 abhorrentem
915 4624 1302 4697 judicavimus.
1348 4623 1427 4679 Ne
1471 4638 1607 4679 vero
1638 4623 1873 4693 cuipiam

263 4725 554 4798 negotium
611 4723 910 4779 lacesseret
965 4720 1276 4776 necessario
1332 4718 1547 4774 inducta
1609 4718 1871 4782 mutatio,

259 4821 522 4877 omnium
552 4824 922 4884 tractatuum,
960 4816 1049 4886 qui
1093 4816 1237 4871 hunc
1271 4823 1475 4869 tomum
1506 4821 1870 4882 componunt,

259 4914 546 4988 syllabum
578 4927 686 4967 una
703 4912 866 4977 serie,
893 4920 947 4966 et
977 4918 1233 4964 annotata
1256 4907 1520 4977 cujusque
1548 4904 1739 4961 initiali
1773 4919 1870 4976 pa-

257 5010 398 5080 gina
426 5014 767 5068 contextum,
791 5003 918 5057 huic
944 5001 1279 5073 subjecimus
1305 4997 1638 5055 Praefationi.

1986 3770 2144 3827 bouis
2173 3770 2495 3840 admiscent,
2527 3788 2689 3831 nemo
2709 3774 2933 3832 dixerit.

2057 3861 2239 3934 itaque
2269 3863 2538 3921 subdititii
2566 3866 2644 3922 illi
2674 3867 2813 3924 fetus
2843 3869 3046 3941 duplici
3073 3870 3125 3926 in
3150 3871 3367 3943 ordine,
3396 3885 3454 3931 ut
3467 3876 3583 3947 jam

1982 3956 2340 4016 indicavimus
2365 4001 2381 4028 ,
2411 3960 2692 4017 constituti
2724 3973 2884 4031 sunt,
2913 3965 3242 4022 omissurum
3284 3969 3498 4027 scilicet
3529 3981 3588 4028 et

1980 4053 2033 4106 in
2074 4052 2393 4125 Appendice
2435 4057 2981 4128 eomprebensorum.
3034 4059 3257 4118 Priores
3296 4063 3419 4119 ideo
3446 4080 3581 4121 ccu-

1979 4146 2187 4203 suintus
2234 4150 2767 4219 praetermittendos,
2815 4153 2959 4223 quod
3002 4154 3134 4210 alibi
3174 4171 3296 4211 cum
3345 4157 3578 4217 aliorum

1979 4249 2259 4296 auctorum
2291 4242 2540 4315 scriptis,
2574 4245 2653 4300 uti
2688 4245 2891 4302 dictum
2912 4256 3027 4315 est,
3064 4249 3194 4305 editi
3216 4253 3576 4320 quaerentium

1979 4333 2275 4405 diligentia:
2302 4338 2461 4393 facile
2488 4351 2864 4409 occurrerent,
2895 4352 2987 4397 aut
3010 4358 3199 4399 rursus
3227 4345 3371 4414 quod
3397 4362 3493 4418 per
3520 4365 3582 4406 se

1978 4426 2237 4484 levissimi
2255 4446 2320 4486 ac
2347 4431 2542 4488 nullius
2569 4432 2833 4501 utilitatis,
2851 4435 3075 4506 perinde
3099 4436 3368 4493 editorum
3393 4440 3581 4499 labore

1977 4535 2042 4576 ac
2071 4522 2336 4578 lecturum
2360 4524 2541 4580 studio
2564 4526 2769 4597 indigni
2794 4539 2979 4584 essent
3003 4539 3049 4582 υ.
3074 4528 3228 4597 Quod
3259 4545 3385 4586 vero
3398 4532 3463 4586 ad
3481 4548 3579 4588 eos

1976 4627 2045 4668 ex
2069 4615 2265 4685 quibus
2305 4618 2676 4688 Appendicem
2708 4621 3148 4692 composuimus,
3182 4622 3398 4678 illorum
3442 4639 3579 4695 quo-

1976 4720 2083 4776 que
2131 4709 2349 4779 gemina
2399 4719 2485 4766 est
2532 4712 2691 4768 ratio.
2747 4704 2959 4769 Etenim
2998 4714 3085 4769 vel
3120 4715 3272 4786 ipsos
3306 4715 3578 4775 editiones

1976 4803 2287 4872 superiores
2316 4803 2735 4862 venditaverant
2763 4816 3034 4879 tamquam
3062 4807 3490 4879 Ambrosianus,
3524 4822 3581 4869 et

1978 4895 2172 4954 horum
2205 4914 2464 4956 numerus
2496 4901 2670 4957 multo
2696 4901 2872 4974 major
2903 4912 3025 4958 est:
3063 4902 3145 4959 vel
3174 4903 3396 4959 eosdem
3422 4905 3581 4975 quasi

1976 4992 2375 5062 subreptitios,
2442 5006 2537 5049 aut
2583 4995 2777 5050 saltem
2836 4995 3230 5067 suppositionis
3285 4997 3577 5055 admodum

342 5100 425 5155 De
468 5100 614 5155 notis
644 5098 848 5153 nostris
876 5112 997 5166 qua:
1037 5095 1141 5150 hoc
1186 5094 1241 5149 in
1281 5102 1429 5149 tome
1468 5090 1870 5161 frequentiores
1898 5075 1947 5138 Ι)
1972 5095 2260 5155 suspectos
2305 5086 2358 5140 in
2403 5095 2711 5144 extremum
2753 5102 2944 5159 agmen
2986 5098 3299 5159 coegerant.
3351 5088 3430 5144 Ex
3472 5089 3576 5146 hac

257 5205 401 5252 sunt
436 5211 502 5250 ae
538 5194 843 5264 longiores,
888 5190 1021 5247 illud
1071 5191 1268 5246 iterum
1314 5187 1729 5242 admonebimus
1775 5199 1870 5241 eas

254 5286 614 5345 doctioribus
642 5286 876 5357 scriptas
906 5299 1013 5339 non
1042 5296 1196 5348 esse;
1229 5282 1430 5351 quippe
1451 5278 1594 5349 apud
1625 5292 1760 5348 quos
1787 5276 1871 5332 di-

254 5381 613 5452 scipulorum
651 5379 807 5436 nobis
836 5392 1123 5449 personam
1155 5375 1326 5446 magis
1366 5372 1659 5429 convenire
1707 5385 1870 5442 quam

256 5484 675 5549 prmceptornm
704 5472 846 5525 ultro
887 5472 1171 5524 fateantur.
1218 5467 1415 5523 Verum
1447 5480 1570 5521 cum
1617 5478 1875 5519 cernerc-

250 5583 393 5627 mus
440 5566 495 5620 in
542 5564 879 5635 argumentis
923 5563 1083 5632 longe
1126 5558 1466 5632 gravissimis
1517 5556 1870 5612 dilﬁeultates

244 5673 432 5734 atque
460 5659 704 5715 salebras
731 5657 956 5713 minimc
987 5656 1139 5713 leves
1161 5652 1393 5710 subinde
1412 5665 1726 5717 occurrere,
1748 5663 1871 5719 gra-

248 5758 396 5817 tiam
426 5752 666 5823 aliquam
699 5765 729 5804 a
754 5749 915 5805 novis
947 5748 1238 5820 'l‘benlogis
1265 5745 1609 5818 speravimus
1642 5758 1741 5800 nos
1771 5740 1872 5797 ini-

328 5883 361 5913 ⁸
389 5870 526 5929 Vide
552 5842 816 5927 Mani-tum
834 5865 1065 5931 editoris,
1100 5875 1231 5919 tom.
1258 5860 1375 5927 χν.
1406 5859 1512 5918 col.
1548 5858 1705 5916 1961.

715 5963 989 6026 ΡΑτιιοι..
1038 5958 1205 6022 XVI.

1972 5184 2154 5232 autem
2188 5176 2376 5233 ultima
2405 5180 2580 5234 classe
2609 5179 2873 5251 quosdam
2907 5187 3169 5236 tractatus
3211 5182 3571 5250 retinuimus;

1971 5284 2106 5339 quos
2137 5269 2391 5326 videlicet
2416 5286 2516 5327 nec
2552 5273 2768 5328 inutiles
2793 5272 3194 5343 judicavimus,
3225 5290 3325 5330 nec
3358 5276 3572 5330 inveni-

1974 5377 2096 5417 mus
2115 5379 2342 5435 usquam
2363 5364 2491 5422 alibi
2517 5366 2569 5420 in
2592 5365 2767 5421 lucem
2797 5364 2971 5422 datos.
3002 5366 3078 5422 De
3096 5365 3181 5421 bis
3211 5382 3374 5436 porro
3400 5368 3578 5424 omni-

1976 5453 2099 5523 bus,
2129 5455 2270 5510 sicut
2300 5466 2355 5511 et
2393 5456 2461 5513 de
2504 5457 2827 5529 quibusdam
2873 5455 3071 5529 opellis
3115 5457 3171 5513 in
3203 5456 3305 5513 hac
3334 5458 3580 5517 editione

1976 5550 2211 5618 primum
2239 5549 2494 5620 vulgatis,
2516 5550 2648 5606 nihil
2678 5548 3004 5620 adjicimus;
3037 5546 3257 5619 prmﬁxa
3286 5550 3432 5606 enim
3459 5552 3578 5609 sin-

1976 5640 2120 5710 gulis
2165 5643 2390 5713 scriptis
2426 5657 2524 5698 sua
2563 5641 2882 5698 Admonitio
2908 5680 2926 5708 ,
2963 5640 3226 5713 quidquid
3276 5643 3582 5713 prmdoceri

1980 5734 2201 5794 lectoris
2226 5736 2478 5805 interest,
2508 5736 2642 5792 satis
2669 5733 2923 5806 explicat.

2949 5941 2980 6005 1
