  <div class='ocr_page' id='page_1' title='image "/cluster/home/n/w/nwhite01/storage/ocr_20150623/16/hvd.32044015471998/011.png"; bbox 0 0 4078 6306; ppageno 0'>
   <div class='ocr_carea' id='block_1_1' title="bbox 451 260 3768 339">
    <p class='ocr_par' dir='ltr' id='par_1_1' title="bbox 451 260 3768 339">
     <span class='ocr_line' id='line_1_1' title="bbox 451 260 3768 339; baseline -0 -17"><span class='ocrx_word' id='word_1_1' title='bbox 451 263 512 323; x_wconf 75' lang='lat' dir='ltr'><strong>ll</strong></span> <span class='ocrx_word' id='word_1_2' title='bbox 1904 260 2298 325; x_wconf 63' lang='lat' dir='ltr'><strong>curario.</strong></span> <span class='ocrx_word' id='word_1_3' title='bbox 3694 282 3768 339; x_wconf 69' lang='grc' dir='ltr'><em>η</em></span> 
     </span>
    </p>
   </div>
   <div class='ocr_carea' id='block_1_2' title="bbox 523 380 3768 460">
    <p class='ocr_par' dir='ltr' id='par_1_2' title="bbox 523 380 3768 460">
     <span class='ocr_line' id='line_1_2' title="bbox 523 380 3768 460; baseline 0.004 -21"><span class='ocrx_word' id='word_1_4' title='bbox 523 382 595 439; x_wconf 86' lang='lat' dir='ltr'><strong>Ut</strong></span> <span class='ocrx_word' id='word_1_5' title='bbox 618 396 752 451; x_wconf 75' lang='lat' dir='ltr'><strong>ergo</strong></span> <span class='ocrx_word' id='word_1_6' title='bbox 780 381 848 438; x_wconf 87' lang='lat' dir='ltr'><strong>ad</strong></span> <span class='ocrx_word' id='word_1_7' title='bbox 873 381 1050 453; x_wconf 81' lang='lat' dir='ltr'><strong>Opera</strong></span> <span class='ocrx_word' id='word_1_8' title='bbox 1077 381 1132 437; x_wconf 91' lang='lat' dir='ltr'><strong>in</strong></span> <span class='ocrx_word' id='word_1_9' title='bbox 1161 380 1455 438; x_wconf 92' lang='lat' dir='ltr'><strong>editionem</strong></span> <span class='ocrx_word' id='word_1_10' title='bbox 1484 389 1725 437; x_wconf 88' lang='lat' dir='ltr'><strong>nostram</strong></span> <span class='ocrx_word' id='word_1_11' title='bbox 1752 394 1785 436; x_wconf 90' lang='lat' dir='ltr'><strong>e</strong></span> <span class='ocrx_word' id='word_1_12' title='bbox 1807 381 2057 451; x_wconf 79' lang='lat' dir='ltr'><strong>superio—</strong></span> <span class='ocrx_word' id='word_1_13' title='bbox 2080 387 2128 447; x_wconf 79' lang='grc' dir='ltr'>Α</span> <span class='ocrx_word' id='word_1_14' title='bbox 2161 383 2295 443; x_wconf 92' lang='lat' dir='ltr'><strong>tomi</strong></span> <span class='ocrx_word' id='word_1_15' title='bbox 2313 383 2781 459; x_wconf 76' lang='lat' dir='ltr'><strong>VIAugustiniani</strong></span> <span class='ocrx_word' id='word_1_16' title='bbox 2815 388 3020 445; x_wconf 70' lang='lat' dir='ltr'><strong>ultimae</strong></span> <span class='ocrx_word' id='word_1_17' title='bbox 3051 391 3329 460; x_wconf 88' lang='lat' dir='ltr'><strong>editionis,</strong></span> <span class='ocrx_word' id='word_1_18' title='bbox 3358 393 3450 451; x_wconf 88' lang='lat' dir='ltr'><strong>ubi</strong></span> <span class='ocrx_word' id='word_1_19' title='bbox 3472 405 3652 451; x_wconf 76' lang='lat' dir='ltr'><strong>exstat</strong></span> <span class='ocrx_word' id='word_1_20' title='bbox 3671 411 3768 452; x_wconf 85' lang='lat' dir='ltr'><strong>ea-</strong></span> 
     </span>
    </p>
   </div>
   <div class='ocr_carea' id='block_1_3' title="bbox 445 473 2054 546">
    <p class='ocr_par' dir='ltr' id='par_1_3' title="bbox 445 473 2054 546">
     <span class='ocr_line' id='line_1_3' title="bbox 445 473 2054 546; baseline -0.001 -14"><span class='ocrx_word' id='word_1_21' title='bbox 445 475 603 532; x_wconf 87' lang='lat' dir='ltr'><strong>ribus</strong></span> <span class='ocrx_word' id='word_1_22' title='bbox 629 492 736 531; x_wconf 90' lang='lat' dir='ltr'><strong>non</strong></span> <span class='ocrx_word' id='word_1_23' title='bbox 768 477 1007 531; x_wconf 84' lang='lat' dir='ltr'><strong>admissa</strong></span> <span class='ocrx_word' id='word_1_24' title='bbox 1033 475 1146 546; x_wconf 87' lang='lat' dir='ltr'><strong>jam</strong></span> <span class='ocrx_word' id='word_1_25' title='bbox 1173 476 1488 540; x_wconf 84' lang='lat' dir='ltr'><strong>veniamus,</strong></span> <span class='ocrx_word' id='word_1_26' title='bbox 1522 491 1645 546; x_wconf 62' lang='lat' dir='ltr'><strong>quae</strong></span> <span class='ocrx_word' id='word_1_27' title='bbox 1663 490 1731 530; x_wconf 79' lang='lat' dir='ltr'><strong>ex</strong></span> <span class='ocrx_word' id='word_1_28' title='bbox 1758 473 2054 531; x_wconf 86' lang='lat' dir='ltr'><strong>Gillotiana</strong></span> 
     </span>
    </p>
   </div>
   <div class='ocr_carea' id='block_1_4' title="bbox 447 566 2055 640">
    <p class='ocr_par' dir='ltr' id='par_1_4' title="bbox 447 566 2055 640">
     <span class='ocr_line' id='line_1_4' title="bbox 447 566 2055 640; baseline -0.001 -15"><span class='ocrx_word' id='word_1_29' title='bbox 447 568 691 626; x_wconf 86' lang='lat' dir='ltr'><strong>editione</strong></span> <span class='ocrx_word' id='word_1_30' title='bbox 713 571 823 640; x_wconf 85' lang='lat' dir='ltr'><strong>jam</strong></span> <span class='ocrx_word' id='word_1_31' title='bbox 847 569 1079 624; x_wconf 84' lang='lat' dir='ltr'><strong>Romani</strong></span> <span class='ocrx_word' id='word_1_32' title='bbox 1109 568 1553 640; x_wconf 71' lang='lat' dir='ltr'><strong>repudiaverant.</strong></span> <span class='ocrx_word' id='word_1_33' title='bbox 1581 582 1646 624; x_wconf 91' lang='lat' dir='ltr'><strong>ea</strong></span> <span class='ocrx_word' id='word_1_34' title='bbox 1677 581 1772 622; x_wconf 85' lang='lat' dir='ltr'><strong>nos</strong></span> <span class='ocrx_word' id='word_1_35' title='bbox 1799 566 2055 623; x_wconf 81' lang='lat' dir='ltr'><strong>similiter</strong></span> 
     </span>
    </p>
   </div>
   <div class='ocr_carea' id='block_1_5' title="bbox 448 658 2053 734">
    <p class='ocr_par' dir='ltr' id='par_1_5' title="bbox 448 658 2053 734">
     <span class='ocr_line' id='line_1_5' title="bbox 448 658 2053 734; baseline 0 -17"><span class='ocrx_word' id='word_1_36' title='bbox 448 662 822 720; x_wconf 69' lang='lat' dir='ltr'><strong>abdicavimus</strong></span> <span class='ocrx_word' id='word_1_37' title='bbox 856 671 1134 732; x_wconf 82' lang='lat' dir='ltr'><strong>tamquam</strong></span> <span class='ocrx_word' id='word_1_38' title='bbox 1183 661 1476 718; x_wconf 81' lang='lat' dir='ltr'><strong>manifesto</strong></span> <span class='ocrx_word' id='word_1_39' title='bbox 1516 658 1883 734; x_wconf 82' lang='lat' dir='ltr'><strong>supposititia.</strong></span> <span class='ocrx_word' id='word_1_40' title='bbox 1922 660 2053 717; x_wconf 74' lang='lat' dir='ltr'><strong>Tale</strong></span> 
     </span>
    </p>
   </div>
   <div class='ocr_carea' id='block_1_6' title="bbox 447 751 2055 826">
    <p class='ocr_par' dir='ltr' id='par_1_6' title="bbox 447 751 2055 826">
     <span class='ocr_line' id='line_1_6' title="bbox 447 751 2055 826; baseline -0.001 -16"><span class='ocrx_word' id='word_1_41' title='bbox 447 762 536 810; x_wconf 83' lang='lat' dir='ltr'><strong>est</strong></span> <span class='ocrx_word' id='word_1_42' title='bbox 565 754 925 826; x_wconf 74' lang='lat' dir='ltr'><strong>fragmentum</strong></span> <span class='ocrx_word' id='word_1_43' title='bbox 962 753 1043 809; x_wconf 82' lang='lat' dir='ltr'><strong>De</strong></span> <span class='ocrx_word' id='word_1_44' title='bbox 1089 753 1224 809; x_wconf 80' lang='lat' dir='ltr'><strong>Fide</strong></span> <span class='ocrx_word' id='word_1_45' title='bbox 1254 754 1702 818; x_wconf 79' lang='lat' dir='ltr'><strong>Resurrectionis,</strong></span> <span class='ocrx_word' id='word_1_46' title='bbox 1753 753 1900 824; x_wconf 74' lang='lat' dir='ltr'><strong>quod</strong></span> <span class='ocrx_word' id='word_1_47' title='bbox 1939 751 2055 810; x_wconf 82' lang='lat' dir='ltr'><strong>Gil-</strong></span> 
     </span>
    </p>
   </div>
   <div class='ocr_carea' id='block_1_7' title="bbox 448 846 2051 921">
    <p class='ocr_par' dir='ltr' id='par_1_7' title="bbox 448 846 2051 921">
     <span class='ocr_line' id='line_1_7' title="bbox 448 846 2051 921; baseline 0 -18"><span class='ocrx_word' id='word_1_48' title='bbox 448 850 616 905; x_wconf 87' lang='lat' dir='ltr'><strong>lotins</strong></span> <span class='ocrx_word' id='word_1_49' title='bbox 644 848 888 921; x_wconf 77' lang='lat' dir='ltr'><strong>legitimo</strong></span> <span class='ocrx_word' id='word_1_50' title='bbox 911 846 1188 909; x_wconf 81' lang='lat' dir='ltr'><strong>Ambrosii</strong></span> <span class='ocrx_word' id='word_1_51' title='bbox 1215 849 1284 905; x_wconf 91' lang='lat' dir='ltr'><strong>de</strong></span> <span class='ocrx_word' id='word_1_52' title='bbox 1308 849 1499 905; x_wconf 82' lang='lat' dir='ltr'><strong>eadem</strong></span> <span class='ocrx_word' id='word_1_53' title='bbox 1530 848 1758 909; x_wconf 78' lang='lat' dir='ltr'><strong>materia</strong></span> <span class='ocrx_word' id='word_1_54' title='bbox 1785 849 1924 907; x_wconf 90' lang='lat' dir='ltr'><strong>libro</strong></span> <span class='ocrx_word' id='word_1_55' title='bbox 1949 849 2051 905; x_wconf 89' lang='lat' dir='ltr'><strong>etsi</strong></span> 
     </span>
    </p>
   </div>
   <div class='ocr_carea' id='block_1_8' title="bbox 447 942 2056 1015">
    <p class='ocr_par' dir='ltr' id='par_1_8' title="bbox 447 942 2056 1015">
     <span class='ocr_line' id='line_1_8' title="bbox 447 942 2056 1015; baseline -0.001 -15"><span class='ocrx_word' id='word_1_56' title='bbox 447 959 559 1000; x_wconf 89' lang='lat' dir='ltr'><strong>non</strong></span> <span class='ocrx_word' id='word_1_57' title='bbox 591 943 711 999; x_wconf 91' lang='lat' dir='ltr'><strong>sine</strong></span> <span class='ocrx_word' id='word_1_58' title='bbox 736 943 1074 1003; x_wconf 74' lang='lat' dir='ltr'><strong>dubitatione</strong></span> <span class='ocrx_word' id='word_1_59' title='bbox 1112 943 1293 1015; x_wconf 85' lang='lat' dir='ltr'><strong>aliqua</strong></span> <span class='ocrx_word' id='word_1_60' title='bbox 1329 944 1711 1015; x_wconf 79' lang='lat' dir='ltr'><strong>subjuuxerat.</strong></span> <span class='ocrx_word' id='word_1_61' title='bbox 1751 942 1859 1001; x_wconf 85' lang='lat' dir='ltr'><strong>Sed</strong></span> <span class='ocrx_word' id='word_1_62' title='bbox 1893 959 2056 1000; x_wconf 82' lang='lat' dir='ltr'><strong>num-</strong></span> 
     </span>
    </p>
   </div>
   <div class='ocr_carea' id='block_1_9' title="bbox 444 1035 2051 1110">
    <p class='ocr_par' dir='ltr' id='par_1_9' title="bbox 444 1035 2051 1110">
     <span class='ocr_line' id='line_1_9' title="bbox 444 1035 2051 1110; baseline 0.001 -18"><span class='ocrx_word' id='word_1_63' title='bbox 444 1051 609 1109; x_wconf 86' lang='lat' dir='ltr'><strong>quam</strong></span> <span class='ocrx_word' id='word_1_64' title='bbox 637 1035 768 1092; x_wconf 90' lang='lat' dir='ltr'><strong>illud</strong></span> <span class='ocrx_word' id='word_1_65' title='bbox 805 1037 892 1093; x_wconf 90' lang='lat' dir='ltr'><strong>edi</strong></span> <span class='ocrx_word' id='word_1_66' title='bbox 916 1047 1182 1107; x_wconf 73' lang='lat' dir='ltr'><strong>curasset;</strong></span> <span class='ocrx_word' id='word_1_67' title='bbox 1207 1038 1250 1095; x_wconf 90' lang='lat' dir='ltr'><strong>si</strong></span> <span class='ocrx_word' id='word_1_68' title='bbox 1267 1052 1338 1093; x_wconf 79' lang='lat' dir='ltr'><strong>ex</strong></span> <span class='ocrx_word' id='word_1_69' title='bbox 1363 1036 1596 1107; x_wconf 88' lang='lat' dir='ltr'><strong>cpistola</strong></span> <span class='ocrx_word' id='word_1_70' title='bbox 1629 1037 2051 1110; x_wconf 81' lang='lat' dir='ltr'><strong>Hieronymiana</strong></span> 
     </span>
    </p>
   </div>
   <div class='ocr_carea' id='block_1_10' title="bbox 445 1129 2051 1187">
    <p class='ocr_par' dir='ltr' id='par_1_10' title="bbox 445 1129 2051 1187">
     <span class='ocr_line' id='line_1_10' title="bbox 445 1129 2051 1187; baseline 0.001 -3"><span class='ocrx_word' id='word_1_71' title='bbox 445 1129 516 1184; x_wconf 88' lang='lat' dir='ltr'><strong>ad</strong></span> <span class='ocrx_word' id='word_1_72' title='bbox 553 1129 962 1187; x_wconf 85' lang='lat' dir='ltr'><strong>Pammachium</strong></span> <span class='ocrx_word' id='word_1_73' title='bbox 994 1129 1261 1187; x_wconf 85' lang='lat' dir='ltr'><strong>adversus</strong></span> <span class='ocrx_word' id='word_1_74' title='bbox 1286 1145 1503 1186; x_wconf 84' lang='lat' dir='ltr'><strong>errores</strong></span> <span class='ocrx_word' id='word_1_75' title='bbox 1530 1129 1760 1187; x_wconf 77' lang='lat' dir='ltr'><strong>Joannis</strong></span> <span class='ocrx_word' id='word_1_76' title='bbox 1788 1129 2051 1187; x_wconf 84' lang='lat' dir='ltr'><strong>llieroso-</strong></span> 
     </span>
    </p>
   </div>
   <div class='ocr_carea' id='block_1_11' title="bbox 442 1221 2051 1295">
    <p class='ocr_par' dir='ltr' id='par_1_11' title="bbox 442 1221 2051 1295">
     <span class='ocr_line' id='line_1_11' title="bbox 442 1221 2051 1295; baseline 0.002 -18"><span class='ocrx_word' id='word_1_77' title='bbox 442 1221 696 1295; x_wconf 80' lang='lat' dir='ltr'><strong>lymitani</strong></span> <span class='ocrx_word' id='word_1_78' title='bbox 725 1222 1022 1279; x_wconf 83' lang='lat' dir='ltr'><strong>conﬂatum</strong></span> <span class='ocrx_word' id='word_1_79' title='bbox 1045 1238 1170 1280; x_wconf 90' lang='lat' dir='ltr'><strong>esse</strong></span> <span class='ocrx_word' id='word_1_80' title='bbox 1199 1222 1674 1291; x_wconf 78' lang='lat' dir='ltr'><strong>deprehendisset.</strong></span> <span class='ocrx_word' id='word_1_81' title='bbox 1707 1223 1865 1281; x_wconf 82' lang='lat' dir='ltr'><strong>Tales</strong></span> <span class='ocrx_word' id='word_1_82' title='bbox 1885 1224 2051 1281; x_wconf 87' lang='lat' dir='ltr'><strong>etiam</strong></span> 
     </span>
    </p>
   </div>
   <div class='ocr_carea' id='block_1_12' title="bbox 442 1315 2051 1381">
    <p class='ocr_par' dir='ltr' id='par_1_12' title="bbox 442 1315 2051 1381">
     <span class='ocr_line' id='line_1_12' title="bbox 442 1315 2051 1381; baseline -0.001 -9"><span class='ocrx_word' id='word_1_83' title='bbox 442 1323 575 1375; x_wconf 87' lang='lat' dir='ltr'><strong>sunt</strong></span> <span class='ocrx_word' id='word_1_84' title='bbox 616 1315 997 1372; x_wconf 84' lang='lat' dir='ltr'><strong>meditatiOoes</strong></span> <span class='ocrx_word' id='word_1_85' title='bbox 1022 1331 1091 1373; x_wconf 74' lang='lat' dir='ltr'><strong>ex</strong></span> <span class='ocrx_word' id='word_1_86' title='bbox 1133 1315 1373 1375; x_wconf 85' lang='lat' dir='ltr'><strong>archivis</strong></span> <span class='ocrx_word' id='word_1_87' title='bbox 1397 1315 1668 1377; x_wconf 65' lang='lat' dir='ltr'><strong>Cartnsiie</strong></span> <span class='ocrx_word' id='word_1_88' title='bbox 1695 1315 2051 1381; x_wconf 73' lang='lat' dir='ltr'><strong>Parisiensis,</strong></span> 
     </span>
    </p>
   </div>
   <div class='ocr_carea' id='block_1_13' title="bbox 441 1409 2050 1483">
    <p class='ocr_par' dir='ltr' id='par_1_13' title="bbox 441 1409 2050 1483">
     <span class='ocr_line' id='line_1_13' title="bbox 441 1409 2050 1483; baseline 0.001 -17"><span class='ocrx_word' id='word_1_89' title='bbox 441 1420 505 1466; x_wconf 88' lang='lat' dir='ltr'><strong>ut</strong></span> <span class='ocrx_word' id='word_1_90' title='bbox 533 1410 676 1467; x_wconf 87' lang='lat' dir='ltr'><strong>idem</strong></span> <span class='ocrx_word' id='word_1_91' title='bbox 708 1410 964 1467; x_wconf 87' lang='lat' dir='ltr'><strong>Gillotlus</strong></span> <span class='ocrx_word' id='word_1_92' title='bbox 983 1418 1234 1475; x_wconf 78' lang='lat' dir='ltr'><strong>testatur,</strong></span> <span class='ocrx_word' id='word_1_93' title='bbox 1263 1409 1605 1481; x_wconf 85' lang='lat' dir='ltr'><strong>deprompt-e</strong></span> <span class='ocrx_word' id='word_1_94' title='bbox 1635 1427 1649 1464; x_wconf 92' lang='lat'><strong>:</strong></span> <span class='ocrx_word' id='word_1_95' title='bbox 1679 1425 1801 1483; x_wconf 69' lang='lat' dir='ltr'><strong>qua:</strong></span> <span class='ocrx_word' id='word_1_96' title='bbox 1826 1409 2050 1481; x_wconf 82' lang='lat' dir='ltr'><strong>quidem</strong></span> 
     </span>
    </p>
   </div>
   <div class='ocr_carea' id='block_1_14' title="bbox 439 1502 2051 1575">
    <p class='ocr_par' dir='ltr' id='par_1_14' title="bbox 439 1502 2051 1575">
     <span class='ocr_line' id='line_1_14' title="bbox 439 1502 2051 1575; baseline 0.001 -16"><span class='ocrx_word' id='word_1_97' title='bbox 439 1517 634 1563; x_wconf 84' lang='lat' dir='ltr'><strong>omnes</strong></span> <span class='ocrx_word' id='word_1_98' title='bbox 659 1503 1006 1575; x_wconf 85' lang='lat' dir='ltr'><strong>reperiuntur</strong></span> <span class='ocrx_word' id='word_1_99' title='bbox 1028 1503 1177 1561; x_wconf 86' lang='lat' dir='ltr'><strong>inter</strong></span> <span class='ocrx_word' id='word_1_100' title='bbox 1199 1517 1294 1559; x_wconf 86' lang='lat' dir='ltr'><strong>eas</strong></span> <span class='ocrx_word' id='word_1_101' title='bbox 1312 1502 1718 1571; x_wconf 80' lang='lat' dir='ltr'><strong>meditationes,</strong></span> <span class='ocrx_word' id='word_1_102' title='bbox 1753 1517 1887 1575; x_wconf 85' lang='lat' dir='ltr'><strong>quas</strong></span> <span class='ocrx_word' id='word_1_103' title='bbox 1906 1502 2051 1572; x_wconf 86' lang='lat' dir='ltr'><strong>apud</strong></span> 
     </span>
    </p>
   </div>
   <div class='ocr_carea' id='block_1_15' title="bbox 443 1595 2050 1673">
    <p class='ocr_par' dir='ltr' id='par_1_15' title="bbox 443 1595 2050 1673">
     <span class='ocr_line' id='line_1_15' title="bbox 443 1595 2050 1673; baseline -0.001 -18"><span class='ocrx_word' id='word_1_104' title='bbox 443 1598 809 1673; x_wconf 71' lang='lat' dir='ltr'><strong>Augustinum</strong></span> <span class='ocrx_word' id='word_1_105' title='bbox 837 1606 988 1654; x_wconf 85' lang='lat' dir='ltr'><strong>temo</strong></span> <span class='ocrx_word' id='word_1_106' title='bbox 1021 1595 1095 1654; x_wconf 80' lang='lat' dir='ltr'><strong>IX</strong></span> <span class='ocrx_word' id='word_1_107' title='bbox 1136 1595 1496 1653; x_wconf 86' lang='lat' dir='ltr'><strong>Lovaniensis</strong></span> <span class='ocrx_word' id='word_1_108' title='bbox 1519 1595 1772 1653; x_wconf 81' lang='lat' dir='ltr'><strong>editionis</strong></span> <span class='ocrx_word' id='word_1_109' title='bbox 1795 1597 2050 1657; x_wconf 84' lang='lat' dir='ltr'><strong>evolvere</strong></span> 
     </span>
    </p>
   </div>
   <div class='ocr_carea' id='block_1_16' title="bbox 443 1694 2047 1767">
    <p class='ocr_par' dir='ltr' id='par_1_16' title="bbox 443 1694 2047 1767">
     <span class='ocr_line' id='line_1_16' title="bbox 443 1694 2047 1767; baseline -0.001 -13"><span class='ocrx_word' id='word_1_110' title='bbox 443 1705 551 1765; x_wconf 78' lang='lat' dir='ltr'><strong>est,</strong></span> <span class='ocrx_word' id='word_1_111' title='bbox 583 1695 679 1754; x_wconf 86' lang='lat' dir='ltr'><strong>sed</strong></span> <span class='ocrx_word' id='word_1_112' title='bbox 707 1713 816 1760; x_wconf 87' lang='lat' dir='ltr'><strong>non</strong></span> <span class='ocrx_word' id='word_1_113' title='bbox 846 1696 1041 1755; x_wconf 80' lang='lat' dir='ltr'><strong>eodem</strong></span> <span class='ocrx_word' id='word_1_114' title='bbox 1074 1705 1257 1756; x_wconf 88' lang='lat' dir='ltr'><strong>tamen</strong></span> <span class='ocrx_word' id='word_1_115' title='bbox 1285 1695 1500 1755; x_wconf 85' lang='lat' dir='ltr'><strong>ordine.</strong></span> <span class='ocrx_word' id='word_1_116' title='bbox 1539 1694 1772 1755; x_wconf 76' lang='lat' dir='ltr'><strong>Exstant</strong></span> <span class='ocrx_word' id='word_1_117' title='bbox 1801 1695 1883 1751; x_wconf 74' lang='lat' dir='ltr'><strong>bro</strong></span> <span class='ocrx_word' id='word_1_118' title='bbox 1916 1697 2047 1767; x_wconf 74' lang='lat' dir='ltr'><strong>ipstr.</strong></span> 
     </span>
    </p>
   </div>
   <div class='ocr_carea' id='block_1_17' title="bbox 2157 478 3769 561">
    <p class='ocr_par' dir='ltr' id='par_1_17' title="bbox 2157 478 3769 561">
     <span class='ocr_line' id='line_1_17' title="bbox 2157 478 3769 561; baseline 0.006 -26"><span class='ocrx_word' id='word_1_119' title='bbox 2157 478 2282 535; x_wconf 85' lang='lat' dir='ltr'><strong>dem</strong></span> <span class='ocrx_word' id='word_1_120' title='bbox 2313 479 2402 539; x_wconf 86' lang='lat' dir='ltr'><strong>illa</strong></span> <span class='ocrx_word' id='word_1_121' title='bbox 2432 479 2797 550; x_wconf 74' lang='lat' dir='ltr'><strong>disceptatio,</strong></span> <span class='ocrx_word' id='word_1_122' title='bbox 2828 487 3167 556; x_wconf 74' lang='lat' dir='ltr'><strong>argumentis</strong></span> <span class='ocrx_word' id='word_1_123' title='bbox 3210 503 3552 561; x_wconf 79' lang='lat' dir='ltr'><strong>nequaquam</strong></span> <span class='ocrx_word' id='word_1_124' title='bbox 3595 489 3769 547; x_wconf 78' lang='lat' dir='ltr'><strong>iutili-</strong></span> 
     </span>
    </p>
   </div>
   <div class='ocr_carea' id='block_1_18' title="bbox 2160 571 2778 643">
    <p class='ocr_par' dir='ltr' id='par_1_18' title="bbox 2160 571 2778 643">
     <span class='ocr_line' id='line_1_18' title="bbox 2160 571 2778 643; baseline 0.005 -17"><span class='ocrx_word' id='word_1_125' title='bbox 2160 571 2266 643; x_wconf 77' lang='lat' dir='ltr'><strong>bus</strong></span> <span class='ocrx_word' id='word_1_126' title='bbox 2288 571 2406 643; x_wconf 86' lang='lat' dir='ltr'><strong>jam</strong></span> <span class='ocrx_word' id='word_1_127' title='bbox 2434 585 2646 631; x_wconf 89' lang='lat' dir='ltr'><strong>asserta</strong></span> <span class='ocrx_word' id='word_1_128' title='bbox 2672 584 2778 633; x_wconf 89' lang='lat' dir='ltr'><strong>est.</strong></span> 
     </span>
    </p>
   </div>
   <div class='ocr_carea' id='block_1_19' title="bbox 2233 667 3763 742">
    <p class='ocr_par' dir='ltr' id='par_1_19' title="bbox 2233 667 3763 742">
     <span class='ocr_line' id='line_1_19' title="bbox 2233 667 3763 742; baseline 0.007 -23"><span class='ocrx_word' id='word_1_129' title='bbox 2233 667 2371 721; x_wconf 75' lang='lat' dir='ltr'><strong>Sunt</strong></span> <span class='ocrx_word' id='word_1_130' title='bbox 2413 679 2674 735; x_wconf 64' lang='lat' dir='ltr'><strong>praeterea</strong></span> <span class='ocrx_word' id='word_1_131' title='bbox 2715 669 2769 724; x_wconf 92' lang='lat' dir='ltr'><strong>in</strong></span> <span class='ocrx_word' id='word_1_132' title='bbox 2816 671 3135 742; x_wconf 82' lang='lat' dir='ltr'><strong>Appendice</strong></span> <span class='ocrx_word' id='word_1_133' title='bbox 3186 672 3450 730; x_wconf 88' lang='lat' dir='ltr'><strong>librorum</strong></span> <span class='ocrx_word' id='word_1_134' title='bbox 3493 674 3763 732; x_wconf 81' lang='lat' dir='ltr'><strong>Ambrosii</strong></span> 
     </span>
    </p>
   </div>
   <div class='ocr_carea' id='block_1_20' title="bbox 2156 760 3769 834">
    <p class='ocr_par' dir='ltr' id='par_1_20' title="bbox 2156 760 3769 834">
     <span class='ocr_line' id='line_1_20' title="bbox 2156 760 3769 834; baseline 0.006 -21"><span class='ocrx_word' id='word_1_135' title='bbox 2156 760 2405 830; x_wconf 68' lang='lat' dir='ltr'><strong>quaedam</strong></span> <span class='ocrx_word' id='word_1_136' title='bbox 2436 761 2631 832; x_wconf 82' lang='lat' dir='ltr'><strong>opell-e</strong></span> <span class='ocrx_word' id='word_1_137' title='bbox 2655 803 2671 829; x_wconf 92' lang='lat'><strong>,</strong></span> <span class='ocrx_word' id='word_1_138' title='bbox 2699 777 2833 834; x_wconf 86' lang='lat' dir='ltr'><strong>quas</strong></span> <span class='ocrx_word' id='word_1_139' title='bbox 2861 764 2914 819; x_wconf 91' lang='lat' dir='ltr'><strong>in</strong></span> <span class='ocrx_word' id='word_1_140' title='bbox 2944 763 3046 822; x_wconf 87' lang='lat' dir='ltr'><strong>hac</strong></span> <span class='ocrx_word' id='word_1_141' title='bbox 3085 765 3326 822; x_wconf 78' lang='lat' dir='ltr'><strong>editione</strong></span> <span class='ocrx_word' id='word_1_142' title='bbox 3369 767 3632 825; x_wconf 88' lang='lat' dir='ltr'><strong>recndere</strong></span> <span class='ocrx_word' id='word_1_143' title='bbox 3671 783 3769 825; x_wconf 85' lang='lat' dir='ltr'><strong>su—</strong></span> 
     </span>
    </p>
   </div>
   <div class='ocr_carea' id='block_1_21' title="bbox 2159 850 3768 933">
    <p class='ocr_par' dir='ltr' id='par_1_21' title="bbox 2159 850 3768 933">
     <span class='ocr_line' id='line_1_21' title="bbox 2159 850 3768 933; baseline 0.004 -26"><span class='ocrx_word' id='word_1_144' title='bbox 2159 850 2429 922; x_wconf 79' lang='lat' dir='ltr'><strong>perﬂuum</strong></span> <span class='ocrx_word' id='word_1_145' title='bbox 2460 853 2716 913; x_wconf 70' lang='lat' dir='ltr'><strong>duximus</strong></span> <span class='ocrx_word' id='word_1_146' title='bbox 2742 874 2756 911; x_wconf 85' lang='lat'><strong>:</strong></span> <span class='ocrx_word' id='word_1_147' title='bbox 2790 866 2847 913; x_wconf 90' lang='lat' dir='ltr'><strong>ut</strong></span> <span class='ocrx_word' id='word_1_148' title='bbox 2874 864 3001 928; x_wconf 86' lang='lat' dir='ltr'><strong>puta</strong></span> <span class='ocrx_word' id='word_1_149' title='bbox 3023 899 3039 923; x_wconf 88' lang='lat'><strong>,</strong></span> <span class='ocrx_word' id='word_1_150' title='bbox 3070 856 3349 929; x_wconf 68' lang='lat' dir='ltr'><strong>Expositio</strong></span> <span class='ocrx_word' id='word_1_151' title='bbox 3375 859 3501 927; x_wconf 71' lang='lat' dir='ltr'><strong>ﬁdei</strong></span> <span class='ocrx_word' id='word_1_152' title='bbox 3526 859 3768 933; x_wconf 71' lang='lat' dir='ltr'><strong>Symboli</strong></span> 
     </span>
    </p>
   </div>
   <div class='ocr_carea' id='block_1_22' title="bbox 2159 943 3769 1023">
    <p class='ocr_par' dir='ltr' id='par_1_22' title="bbox 2159 943 3769 1023">
     <span class='ocr_line' id='line_1_22' title="bbox 2159 943 3769 1023; baseline 0.007 -24"><span class='ocrx_word' id='word_1_153' title='bbox 2159 943 2370 1001; x_wconf 70' lang='grc' dir='ltr'><strong>Νέοωηὶ</strong></span> <span class='ocrx_word' id='word_1_154' title='bbox 2398 957 2580 1003; x_wconf 73' lang='lat' dir='ltr'><strong>contra</strong></span> <span class='ocrx_word' id='word_1_155' title='bbox 2609 945 2796 1005; x_wconf 62' lang='lat' dir='ltr'><strong>Arium</strong></span> <span class='ocrx_word' id='word_1_156' title='bbox 2833 960 2885 1004; x_wconf 86' lang='lat' dir='ltr'><strong>ct</strong></span> <span class='ocrx_word' id='word_1_157' title='bbox 2928 948 3215 1007; x_wconf 67' lang='lat' dir='ltr'><strong>Photinus:</strong></span> <span class='ocrx_word' id='word_1_158' title='bbox 3234 991 3251 1014; x_wconf 90' lang='lat'><strong>,</strong></span> <span class='ocrx_word' id='word_1_159' title='bbox 3279 965 3404 1023; x_wconf 66' lang='lat' dir='ltr'><strong>quae</strong></span> <span class='ocrx_word' id='word_1_160' title='bbox 3432 959 3539 1011; x_wconf 83' lang='lat' dir='ltr'><strong>tuta</strong></span> <span class='ocrx_word' id='word_1_161' title='bbox 3569 967 3602 1009; x_wconf 91' lang='lat' dir='ltr'><strong>e</strong></span> <span class='ocrx_word' id='word_1_162' title='bbox 3632 953 3769 1010; x_wconf 79' lang='lat' dir='ltr'><strong>locis</strong></span> 
     </span>
    </p>
   </div>
   <div class='ocr_carea' id='block_1_23' title="bbox 2157 1037 3769 1110">
    <p class='ocr_par' dir='ltr' id='par_1_23' title="bbox 2157 1037 3769 1110">
     <span class='ocr_line' id='line_1_23' title="bbox 2157 1037 3769 1110; baseline 0.006 -16"><span class='ocrx_word' id='word_1_163' title='bbox 2157 1037 2364 1110; x_wconf 82' lang='lat' dir='ltr'><strong>aliquot</strong></span> <span class='ocrx_word' id='word_1_164' title='bbox 2394 1038 2554 1109; x_wconf 84' lang='lat' dir='ltr'><strong>primi</strong></span> <span class='ocrx_word' id='word_1_165' title='bbox 2582 1040 2848 1099; x_wconf 90' lang='lat' dir='ltr'><strong>librorum</strong></span> <span class='ocrx_word' id='word_1_166' title='bbox 2875 1041 3052 1099; x_wconf 84' lang='lat' dir='ltr'><strong>sancti</strong></span> <span class='ocrx_word' id='word_1_167' title='bbox 3082 1043 3358 1103; x_wconf 80' lang='lat' dir='ltr'><strong>Ambrosii</strong></span> <span class='ocrx_word' id='word_1_168' title='bbox 3383 1044 3448 1105; x_wconf 80' lang='lat' dir='ltr'><strong>de</strong></span> <span class='ocrx_word' id='word_1_169' title='bbox 3475 1042 3610 1101; x_wconf 82' lang='lat' dir='ltr'><strong>Fide</strong></span> <span class='ocrx_word' id='word_1_170' title='bbox 3631 1059 3769 1103; x_wconf 82' lang='lat' dir='ltr'><strong>con-</strong></span> 
     </span>
    </p>
   </div>
   <div class='ocr_carea' id='block_1_24' title="bbox 2154 1131 3768 1211">
    <p class='ocr_par' dir='ltr' id='par_1_24' title="bbox 2154 1131 3768 1211">
     <span class='ocr_line' id='line_1_24' title="bbox 2154 1131 3768 1211; baseline 0.007 -26"><span class='ocrx_word' id='word_1_171' title='bbox 2154 1131 2423 1191; x_wconf 71' lang='lat' dir='ltr'><strong>sarcinale</strong></span> <span class='ocrx_word' id='word_1_172' title='bbox 2457 1141 2573 1189; x_wconf 87' lang='lat' dir='ltr'><strong>est:</strong></span> <span class='ocrx_word' id='word_1_173' title='bbox 2604 1132 2737 1190; x_wconf 89' lang='lat' dir='ltr'><strong>item</strong></span> <span class='ocrx_word' id='word_1_174' title='bbox 2772 1132 3082 1191; x_wconf 70' lang='lat' dir='ltr'><strong>Exhortatio</strong></span> <span class='ocrx_word' id='word_1_175' title='bbox 3108 1135 3179 1191; x_wconf 79' lang='lat' dir='ltr'><strong>ad</strong></span> <span class='ocrx_word' id='word_1_176' title='bbox 3211 1137 3562 1203; x_wconf 65' lang='lat' dir='ltr'><strong>patriteatiam</strong></span> <span class='ocrx_word' id='word_1_177' title='bbox 3604 1155 3768 1211; x_wconf 74' lang='lat' dir='ltr'><strong>egen-</strong></span> 
     </span>
    </p>
   </div>
   <div class='ocr_carea' id='block_1_25' title="bbox 2155 1224 3767 1296">
    <p class='ocr_par' dir='ltr' id='par_1_25' title="bbox 2155 1224 3767 1296">
     <span class='ocr_line' id='line_1_25' title="bbox 2155 1224 3767 1296; baseline 0.006 -16"><span class='ocrx_word' id='word_1_178' title='bbox 2155 1224 2319 1292; x_wconf 82' lang='lat' dir='ltr'><strong>dam;</strong></span> <span class='ocrx_word' id='word_1_179' title='bbox 2348 1224 2476 1296; x_wconf 89' lang='lat' dir='ltr'><strong>quia</strong></span> <span class='ocrx_word' id='word_1_180' title='bbox 2505 1239 2630 1282; x_wconf 89' lang='lat' dir='ltr'><strong>cum</strong></span> <span class='ocrx_word' id='word_1_181' title='bbox 2664 1225 2780 1283; x_wconf 80' lang='lat' dir='ltr'><strong>fere</strong></span> <span class='ocrx_word' id='word_1_182' title='bbox 2808 1228 3034 1285; x_wconf 86' lang='lat' dir='ltr'><strong>totidem</strong></span> <span class='ocrx_word' id='word_1_183' title='bbox 3069 1228 3250 1285; x_wconf 78' lang='lat' dir='ltr'><strong>verbis</strong></span> <span class='ocrx_word' id='word_1_184' title='bbox 3277 1228 3333 1286; x_wconf 91' lang='lat' dir='ltr'><strong>in</strong></span> <span class='ocrx_word' id='word_1_185' title='bbox 3364 1229 3631 1291; x_wconf 85' lang='lat' dir='ltr'><strong>Sermone</strong></span> <span class='ocrx_word' id='word_1_186' title='bbox 3655 1231 3767 1290; x_wconf 77' lang='lat'><strong>395</strong></span> 
     </span>
    </p>
   </div>
   <div class='ocr_carea' id='block_1_26' title="bbox 2156 1314 3768 1394">
    <p class='ocr_par' dir='ltr' id='par_1_26' title="bbox 2156 1314 3768 1394">
     <span class='ocr_line' id='line_1_26' title="bbox 2156 1314 3768 1394; baseline 0.005 -23"><span class='ocrx_word' id='word_1_187' title='bbox 2156 1314 2301 1372; x_wconf 88' lang='lat' dir='ltr'><strong>inter</strong></span> <span class='ocrx_word' id='word_1_188' title='bbox 2331 1317 2762 1388; x_wconf 81' lang='lat' dir='ltr'><strong>Augustiuianos</strong></span> <span class='ocrx_word' id='word_1_189' title='bbox 2787 1320 3116 1390; x_wconf 84' lang='lat' dir='ltr'><strong>reperiatur,</strong></span> <span class='ocrx_word' id='word_1_190' title='bbox 3143 1336 3265 1379; x_wconf 88' lang='lat' dir='ltr'><strong>eam</strong></span> <span class='ocrx_word' id='word_1_191' title='bbox 3291 1321 3583 1381; x_wconf 77' lang='lat' dir='ltr'><strong>Ambrosio</strong></span> <span class='ocrx_word' id='word_1_192' title='bbox 3607 1323 3768 1394; x_wconf 83' lang='lat' dir='ltr'><strong>sbju-</strong></span> 
     </span>
    </p>
   </div>
   <div class='ocr_carea' id='block_1_27' title="bbox 2155 1407 3767 1483">
    <p class='ocr_par' dir='ltr' id='par_1_27' title="bbox 2155 1407 3767 1483">
     <span class='ocr_line' id='line_1_27' title="bbox 2155 1407 3767 1483; baseline 0.003 -18"><span class='ocrx_word' id='word_1_193' title='bbox 2155 1407 2443 1465; x_wconf 80' lang='lat' dir='ltr'><strong>dicandam</strong></span> <span class='ocrx_word' id='word_1_194' title='bbox 2484 1423 2608 1467; x_wconf 83' lang='lat' dir='ltr'><strong>esse</strong></span> <span class='ocrx_word' id='word_1_195' title='bbox 2650 1410 2859 1482; x_wconf 89' lang='lat' dir='ltr'><strong>liquido</strong></span> <span class='ocrx_word' id='word_1_196' title='bbox 2904 1422 3074 1483; x_wconf 85' lang='lat' dir='ltr'><strong>patet.</strong></span> <span class='ocrx_word' id='word_1_197' title='bbox 3108 1412 3202 1471; x_wconf 84' lang='lat' dir='ltr'><strong>llis</strong></span> <span class='ocrx_word' id='word_1_198' title='bbox 3230 1413 3363 1473; x_wconf 87' lang='lat' dir='ltr'><strong>item</strong></span> <span class='ocrx_word' id='word_1_199' title='bbox 3391 1413 3533 1471; x_wconf 86' lang='lat' dir='ltr'><strong>adde</strong></span> <span class='ocrx_word' id='word_1_200' title='bbox 3561 1421 3767 1473; x_wconf 86' lang='lat' dir='ltr'><strong>tracta-</strong></span> 
     </span>
    </p>
   </div>
   <div class='ocr_carea' id='block_1_28' title="bbox 2153 1499 3767 1578">
    <p class='ocr_par' dir='ltr' id='par_1_28' title="bbox 2153 1499 3767 1578">
     <span class='ocr_line' id='line_1_28' title="bbox 2153 1499 3767 1578; baseline 0.004 -21"><span class='ocrx_word' id='word_1_201' title='bbox 2153 1508 2266 1557; x_wconf 88' lang='lat' dir='ltr'><strong>tum</strong></span> <span class='ocrx_word' id='word_1_202' title='bbox 2293 1499 2374 1559; x_wconf 67' lang='lat' dir='ltr'><strong>De</strong></span> <span class='ocrx_word' id='word_1_203' title='bbox 2398 1501 2627 1559; x_wconf 71' lang='lat' dir='ltr'><strong>moribus</strong></span> <span class='ocrx_word' id='word_1_204' title='bbox 2650 1501 3133 1573; x_wconf 70' lang='lat' dir='ltr'><strong>Brachmanorum,</strong></span> <span class='ocrx_word' id='word_1_205' title='bbox 3158 1521 3322 1578; x_wconf 88' lang='lat' dir='ltr'><strong>quem</strong></span> <span class='ocrx_word' id='word_1_206' title='bbox 3348 1521 3382 1565; x_wconf 84' lang='lat' dir='ltr'><strong>a</strong></span> <span class='ocrx_word' id='word_1_207' title='bbox 3409 1507 3567 1575; x_wconf 71' lang='lat' dir='ltr'><strong>nobis</strong></span> <span class='ocrx_word' id='word_1_208' title='bbox 3591 1507 3767 1564; x_wconf 80' lang='lat' dir='ltr'><strong>omis-</strong></span> 
     </span>
    </p>
   </div>
   <div class='ocr_carea' id='block_1_29' title="bbox 2154 1597 3766 1668">
    <p class='ocr_par' dir='ltr' id='par_1_29' title="bbox 2154 1597 3766 1668">
     <span class='ocr_line' id='line_1_29' title="bbox 2154 1597 3766 1668; baseline 0.003 -18"><span class='ocrx_word' id='word_1_209' title='bbox 2154 1608 2274 1651; x_wconf 86' lang='lat' dir='ltr'><strong>sum</strong></span> <span class='ocrx_word' id='word_1_210' title='bbox 2306 1609 2470 1651; x_wconf 89' lang='lat' dir='ltr'><strong>nemo</strong></span> <span class='ocrx_word' id='word_1_211' title='bbox 2499 1604 2786 1666; x_wconf 87' lang='lat' dir='ltr'><strong>queretur,</strong></span> <span class='ocrx_word' id='word_1_212' title='bbox 2821 1605 2878 1653; x_wconf 92' lang='lat' dir='ltr'><strong>ut</strong></span> <span class='ocrx_word' id='word_1_213' title='bbox 2923 1606 3050 1668; x_wconf 91' lang='lat' dir='ltr'><strong>pote</strong></span> <span class='ocrx_word' id='word_1_214' title='bbox 3088 1597 3380 1653; x_wconf 82' lang='lat' dir='ltr'><strong>Ambrosio</strong></span> <span class='ocrx_word' id='word_1_215' title='bbox 3421 1597 3583 1668; x_wconf 62' lang='lat' dir='ltr'><strong>plarre</strong></span> <span class='ocrx_word' id='word_1_216' title='bbox 3621 1598 3766 1655; x_wconf 86' lang='lat' dir='ltr'><strong>indi-</strong></span> 
     </span>
    </p>
   </div>
   <div class='ocr_carea' id='block_1_30' title="bbox 2152 1687 3762 1760">
    <p class='ocr_par' dir='ltr' id='par_1_30' title="bbox 2152 1687 3762 1760">
     <span class='ocr_line' id='line_1_30' title="bbox 2152 1687 3762 1760; baseline 0.003 -18"><span class='ocrx_word' id='word_1_217' title='bbox 2152 1702 2339 1757; x_wconf 80' lang='lat' dir='ltr'><strong>gnum.</strong></span> <span class='ocrx_word' id='word_1_218' title='bbox 2376 1688 2624 1759; x_wconf 85' lang='lat' dir='ltr'><strong>Denique</strong></span> <span class='ocrx_word' id='word_1_219' title='bbox 2647 1687 3025 1747; x_wconf 79' lang='lat' dir='ltr'><strong>abdicatorum</strong></span> <span class='ocrx_word' id='word_1_220' title='bbox 3051 1687 3300 1759; x_wconf 80' lang='lat' dir='ltr'><strong>ordinem</strong></span> <span class='ocrx_word' id='word_1_221' title='bbox 3327 1689 3545 1760; x_wconf 79' lang='lat' dir='ltr'><strong>claudet</strong></span> <span class='ocrx_word' id='word_1_222' title='bbox 3573 1689 3762 1747; x_wconf 70' lang='lat' dir='ltr'><strong>Seruio</strong></span> 
     </span>
    </p>
   </div>
   <div class='ocr_carea' id='block_1_31' title="bbox 444 1777 2055 1862">
    <p class='ocr_par' dir='ltr' id='par_1_31' title="bbox 444 1787 2049 1862">
     <span class='ocr_line' id='line_1_31' title="bbox 444 1787 2049 1862; baseline -0.001 -16"><span class='ocrx_word' id='word_1_223' title='bbox 444 1789 500 1846; x_wconf 93' lang='lat' dir='ltr'><strong>in</strong></span> <span class='ocrx_word' id='word_1_224' title='bbox 527 1790 829 1862; x_wconf 76' lang='lat' dir='ltr'><strong>appendice</strong></span> <span class='ocrx_word' id='word_1_225' title='bbox 855 1788 922 1845; x_wconf 90' lang='lat' dir='ltr'><strong>ad</strong></span> <span class='ocrx_word' id='word_1_226' title='bbox 952 1797 1161 1847; x_wconf 89' lang='lat' dir='ltr'><strong>tomum</strong></span> <span class='ocrx_word' id='word_1_227' title='bbox 1192 1787 1259 1849; x_wconf 80' lang='lat' dir='ltr'><strong>Vl</strong></span> <span class='ocrx_word' id='word_1_228' title='bbox 1291 1804 1445 1845; x_wconf 80' lang='lat' dir='ltr'><strong>novae</strong></span> <span class='ocrx_word' id='word_1_229' title='bbox 1467 1788 1745 1856; x_wconf 79' lang='lat' dir='ltr'><strong>editionis,</strong></span> <span class='ocrx_word' id='word_1_230' title='bbox 1772 1789 1968 1861; x_wconf 79' lang='lat' dir='ltr'><strong>quibus</strong></span> <span class='ocrx_word' id='word_1_231' title='bbox 1990 1799 2049 1846; x_wconf 91' lang='lat' dir='ltr'><strong>et</strong></span> 
     </span>
    </p>
   </div>
   <div class='ocr_carea' id='block_1_32' title="bbox 2163 1777 3763 1862">
    <p class='ocr_par' dir='ltr' id='par_1_32' title="bbox 2163 1777 3763 1852">
     <span class='ocr_line' id='line_1_32' title="bbox 2163 1777 3763 1852; baseline 0.004 -20"><span class='ocrx_word' id='word_1_232' title='bbox 2163 1778 2218 1833; x_wconf 80' lang='lat' dir='ltr'><strong>de</strong></span> <span class='ocrx_word' id='word_1_233' title='bbox 2266 1778 2640 1848; x_wconf 77' lang='lat' dir='ltr'><strong>Puriﬁcatione</strong></span> <span class='ocrx_word' id='word_1_234' title='bbox 2679 1790 2876 1836; x_wconf 77' lang='lat' dir='ltr'><strong>sancite</strong></span> <span class='ocrx_word' id='word_1_235' title='bbox 2915 1777 3136 1847; x_wconf 67' lang='lat' dir='ltr'><strong>Moriar,</strong></span> <span class='ocrx_word' id='word_1_236' title='bbox 3189 1796 3350 1852; x_wconf 88' lang='lat' dir='ltr'><strong>quem</strong></span> <span class='ocrx_word' id='word_1_237' title='bbox 3392 1779 3496 1837; x_wconf 63' lang='lat' dir='ltr'><strong>etsi</strong></span> <span class='ocrx_word' id='word_1_238' title='bbox 3540 1781 3763 1851; x_wconf 75' lang='lat' dir='ltr'><strong>codices</strong></span> 
     </span>
    </p>
   </div>
   <div class='ocr_carea' id='block_1_33' title="bbox 442 1880 2049 1953">
    <p class='ocr_par' dir='ltr' id='par_1_33' title="bbox 442 1880 2049 1953">
     <span class='ocr_line' id='line_1_33' title="bbox 442 1880 2049 1953; baseline 0.001 -15"><span class='ocrx_word' id='word_1_239' title='bbox 442 1881 796 1952; x_wconf 59' lang='lat' dir='ltr'><strong>praemittitur</strong></span> <span class='ocrx_word' id='word_1_240' title='bbox 816 1880 1135 1942; x_wconf 82' lang='lat' dir='ltr'><strong>Admonitio</strong></span> <span class='ocrx_word' id='word_1_241' title='bbox 1155 1921 1170 1949; x_wconf 88' lang='lat'><strong>,</strong></span> <span class='ocrx_word' id='word_1_242' title='bbox 1197 1895 1359 1953; x_wconf 87' lang='lat' dir='ltr'><strong>quam</strong></span> <span class='ocrx_word' id='word_1_243' title='bbox 1398 1880 1691 1941; x_wconf 81' lang='lat' dir='ltr'><strong>consulere</strong></span> <span class='ocrx_word' id='word_1_244' title='bbox 1715 1881 1893 1938; x_wconf 84' lang='lat' dir='ltr'><strong>cuivis</strong></span> <span class='ocrx_word' id='word_1_245' title='bbox 1924 1896 2049 1951; x_wconf 87' lang='lat' dir='ltr'><strong>pro-</strong></span> 
     </span>
    </p>
   </div>
   <div class='ocr_carea' id='block_1_34' title="bbox 443 1971 2046 2045">
    <p class='ocr_par' dir='ltr' id='par_1_34' title="bbox 443 1971 2046 2045">
     <span class='ocr_line' id='line_1_34' title="bbox 443 1971 2046 2045; baseline 0.002 -16"><span class='ocrx_word' id='word_1_246' title='bbox 443 1989 574 2029; x_wconf 87' lang='lat' dir='ltr'><strong>num</strong></span> <span class='ocrx_word' id='word_1_247' title='bbox 601 1981 704 2029; x_wconf 87' lang='lat' dir='ltr'><strong>est.</strong></span> <span class='ocrx_word' id='word_1_248' title='bbox 731 1971 844 2030; x_wconf 79' lang='lat' dir='ltr'><strong>Nec</strong></span> <span class='ocrx_word' id='word_1_249' title='bbox 871 1974 1034 2030; x_wconf 89' lang='lat' dir='ltr'><strong>etiam</strong></span> <span class='ocrx_word' id='word_1_250' title='bbox 1062 1972 1356 2039; x_wconf 79' lang='lat' dir='ltr'><strong>dissimiles</strong></span> <span class='ocrx_word' id='word_1_251' title='bbox 1377 1984 1499 2030; x_wconf 90' lang='lat' dir='ltr'><strong>sunt</strong></span> <span class='ocrx_word' id='word_1_252' title='bbox 1528 1973 1613 2031; x_wconf 88' lang='lat' dir='ltr'><strong>his</strong></span> <span class='ocrx_word' id='word_1_253' title='bbox 1636 1973 2046 2045; x_wconf 86' lang='lat' dir='ltr'><strong>scriptionibus,</strong></span> 
     </span>
    </p>
   </div>
   <div class='ocr_carea' id='block_1_35' title="bbox 442 2065 2048 2138">
    <p class='ocr_par' dir='ltr' id='par_1_35' title="bbox 442 2065 2048 2138">
     <span class='ocr_line' id='line_1_35' title="bbox 442 2065 2048 2138; baseline 0.001 -16"><span class='ocrx_word' id='word_1_254' title='bbox 442 2069 614 2122; x_wconf 87' lang='lat' dir='ltr'><strong>immo</strong></span> <span class='ocrx_word' id='word_1_255' title='bbox 633 2065 706 2120; x_wconf 85' lang='lat' dir='ltr'><strong>ab</strong></span> <span class='ocrx_word' id='word_1_256' title='bbox 730 2065 1003 2123; x_wconf 79' lang='lat' dir='ltr'><strong>Ambrosii</strong></span> <span class='ocrx_word' id='word_1_257' title='bbox 1032 2065 1355 2129; x_wconf 76' lang='lat' dir='ltr'><strong>charactere</strong></span> <span class='ocrx_word' id='word_1_258' title='bbox 1386 2067 1559 2138; x_wconf 84' lang='lat' dir='ltr'><strong>magis</strong></span> <span class='ocrx_word' id='word_1_259' title='bbox 1587 2067 1890 2123; x_wconf 81' lang='lat' dir='ltr'><strong>abhorrent</strong></span> <span class='ocrx_word' id='word_1_260' title='bbox 1920 2067 2048 2123; x_wconf 81' lang='lat' dir='ltr'><strong>bre-</strong></span> 
     </span>
    </p>
   </div>
   <div class='ocr_carea' id='block_1_36' title="bbox 2157 1873 3762 1949">
    <p class='ocr_par' dir='ltr' id='par_1_36' title="bbox 2157 1873 3762 1949">
     <span class='ocr_line' id='line_1_36' title="bbox 2157 1873 3762 1949; baseline 0.001 -20"><span class='ocrx_word' id='word_1_261' title='bbox 2157 1888 2268 1929; x_wconf 90' lang='lat' dir='ltr'><strong>non</strong></span> <span class='ocrx_word' id='word_1_262' title='bbox 2307 1873 2463 1945; x_wconf 81' lang='lat' dir='ltr'><strong>pauci</strong></span> <span class='ocrx_word' id='word_1_263' title='bbox 2501 1873 2796 1931; x_wconf 82' lang='lat' dir='ltr'><strong>Ambrosio</strong></span> <span class='ocrx_word' id='word_1_264' title='bbox 2838 1874 3112 1942; x_wconf 83' lang='lat' dir='ltr'><strong>tribuant,</strong></span> <span class='ocrx_word' id='word_1_265' title='bbox 3154 1883 3212 1931; x_wconf 91' lang='lat' dir='ltr'><strong>et</strong></span> <span class='ocrx_word' id='word_1_266' title='bbox 3263 1889 3296 1933; x_wconf 88' lang='lat' dir='ltr'><strong>e</strong></span> <span class='ocrx_word' id='word_1_267' title='bbox 3339 1876 3508 1949; x_wconf 72' lang='lat' dir='ltr'><strong>veteri</strong></span> <span class='ocrx_word' id='word_1_268' title='bbox 3566 1890 3762 1931; x_wconf 89' lang='lat' dir='ltr'><strong>manu-</strong></span> 
     </span>
    </p>
   </div>
   <div class='ocr_carea' id='block_1_37' title="bbox 2157 1964 3767 2039">
    <p class='ocr_par' dir='ltr' id='par_1_37' title="bbox 2157 1964 3767 2039">
     <span class='ocr_line' id='line_1_37' title="bbox 2157 1964 3767 2039; baseline -0.001 -19"><span class='ocrx_word' id='word_1_269' title='bbox 2157 1965 2389 2037; x_wconf 85' lang='lat' dir='ltr'><strong>scripto,</strong></span> <span class='ocrx_word' id='word_1_270' title='bbox 2423 1964 2479 2021; x_wconf 88' lang='lat' dir='ltr'><strong>in</strong></span> <span class='ocrx_word' id='word_1_271' title='bbox 2509 1979 2617 2035; x_wconf 90' lang='lat' dir='ltr'><strong>quo</strong></span> <span class='ocrx_word' id='word_1_272' title='bbox 2646 1965 2971 2036; x_wconf 66' lang='lat' dir='ltr'><strong>praeferebat</strong></span> <span class='ocrx_word' id='word_1_273' title='bbox 2999 1981 3196 2021; x_wconf 87' lang='lat' dir='ltr'><strong>nomen</strong></span> <span class='ocrx_word' id='word_1_274' title='bbox 3219 1965 3432 2026; x_wconf 79' lang='lat' dir='ltr'><strong>Alcuini</strong></span> <span class='ocrx_word' id='word_1_275' title='bbox 3452 2007 3470 2039; x_wconf 79' lang='lat'><strong>,</strong></span> <span class='ocrx_word' id='word_1_276' title='bbox 3501 1966 3573 2023; x_wconf 85' lang='lat' dir='ltr'><strong>cl.</strong></span> <span class='ocrx_word' id='word_1_277' title='bbox 3602 1965 3767 2025; x_wconf 73' lang='lat' dir='ltr'><strong>Baiu-</strong></span> 
     </span>
    </p>
   </div>
   <div class='ocr_carea' id='block_1_38' title="bbox 2157 2058 3761 2131">
    <p class='ocr_par' dir='ltr' id='par_1_38' title="bbox 2157 2058 3761 2131">
     <span class='ocr_line' id='line_1_38' title="bbox 2157 2058 3761 2131; baseline 0.003 -19"><span class='ocrx_word' id='word_1_278' title='bbox 2157 2058 2275 2115; x_wconf 86' lang='lat' dir='ltr'><strong>zius</strong></span> <span class='ocrx_word' id='word_1_279' title='bbox 2306 2059 2482 2131; x_wconf 87' lang='lat' dir='ltr'><strong>primo</strong></span> <span class='ocrx_word' id='word_1_280' title='bbox 2512 2058 2987 2117; x_wconf 83' lang='lat' dir='ltr'><strong>Miscellaneorum</strong></span> <span class='ocrx_word' id='word_1_281' title='bbox 3026 2074 3251 2117; x_wconf 89' lang='lat' dir='ltr'><strong>suorum</strong></span> <span class='ocrx_word' id='word_1_282' title='bbox 3292 2069 3444 2123; x_wconf 84' lang='lat' dir='ltr'><strong>temo</strong></span> <span class='ocrx_word' id='word_1_283' title='bbox 3484 2058 3761 2128; x_wconf 86' lang='lat' dir='ltr'><strong>ediderit,</strong></span> 
     </span>
    </p>
   </div>
   <div class='ocr_carea' id='block_1_39' title="bbox 447 2151 3766 2233">
    <p class='ocr_par' dir='ltr' id='par_1_39' title="bbox 447 2151 3766 2233">
     <span class='ocr_line' id='line_1_39' title="bbox 447 2151 3766 2233; baseline 0.001 -23"><span class='ocrx_word' id='word_1_284' title='bbox 447 2178 545 2223; x_wconf 70' lang='lat' dir='ltr'><strong>ves</strong></span> <span class='ocrx_word' id='word_1_285' title='bbox 587 2160 838 2232; x_wconf 59' lang='lat' dir='ltr'><strong>epistolae</strong></span> <span class='ocrx_word' id='word_1_286' title='bbox 873 2161 1325 2232; x_wconf 73' lang='lat' dir='ltr'><strong>philosophorum</strong></span> <span class='ocrx_word' id='word_1_287' title='bbox 1351 2202 1364 2226; x_wconf 72' lang='grc'><strong><em>,</em></strong></span> <span class='ocrx_word' id='word_1_288' title='bbox 1392 2176 1530 2233; x_wconf 76' lang='lat' dir='ltr'><strong>quas</strong></span> <span class='ocrx_word' id='word_1_289' title='bbox 1563 2168 1836 2231; x_wconf 75' lang='lat' dir='ltr'><strong>tamquam</strong></span> <span class='ocrx_word' id='word_1_290' title='bbox 1863 2177 1894 2217; x_wconf 80' lang='lat' dir='ltr'><strong>a</strong></span> <span class='ocrx_word' id='word_1_291' title='bbox 1923 2159 2052 2217; x_wconf 79' lang='lat' dir='ltr'><strong>Vim</strong></span> <span class='ocrx_word' id='word_1_292' title='bbox 2156 2151 2497 2223; x_wconf 74' lang='lat' dir='ltr'><strong>probabilius</strong></span> <span class='ocrx_word' id='word_1_293' title='bbox 2528 2161 2708 2211; x_wconf 88' lang='lat' dir='ltr'><strong>tamen</strong></span> <span class='ocrx_word' id='word_1_294' title='bbox 2743 2153 2963 2211; x_wconf 89' lang='lat' dir='ltr'><strong>videtur</strong></span> <span class='ocrx_word' id='word_1_295' title='bbox 3004 2153 3279 2213; x_wconf 73' lang='lat' dir='ltr'><strong>Ambrosii</strong></span> <span class='ocrx_word' id='word_1_296' title='bbox 3317 2153 3571 2230; x_wconf 81' lang='lat' dir='ltr'><strong>Autperti</strong></span> <span class='ocrx_word' id='word_1_297' title='bbox 3615 2152 3766 2212; x_wconf 87' lang='lat' dir='ltr'><strong>hunc</strong></span> 
     </span>
    </p>
   </div>
   <div class='ocr_carea' id='block_1_40' title="bbox 445 2248 3766 2328">
    <p class='ocr_par' dir='ltr' id='par_1_40' title="bbox 445 2248 3766 2328">
     <span class='ocr_line' id='line_1_40' title="bbox 445 2248 3766 2328; baseline -0.003 -14"><span class='ocrx_word' id='word_1_298' title='bbox 445 2255 1098 2328; x_wconf 71' lang='lat' dir='ltr'><strong>sanctoeGraecalingua</strong></span> <span class='ocrx_word' id='word_1_299' title='bbox 1127 2257 1181 2313; x_wconf 90' lang='lat' dir='ltr'><strong>in</strong></span> <span class='ocrx_word' id='word_1_300' title='bbox 1207 2255 1659 2315; x_wconf 81' lang='lat' dir='ltr'><strong>Latinamvcrsas</strong></span> <span class='ocrx_word' id='word_1_301' title='bbox 1687 2265 1812 2325; x_wconf 86' lang='lat' dir='ltr'><strong>post</strong></span> <span class='ocrx_word' id='word_1_302' title='bbox 1835 2251 2053 2311; x_wconf 89' lang='lat' dir='ltr'><strong>Gilber-</strong></span> <span class='ocrx_word' id='word_1_303' title='bbox 2155 2262 2468 2307; x_wconf 85' lang='lat' dir='ltr'><strong>sermonem</strong></span> <span class='ocrx_word' id='word_1_304' title='bbox 2516 2263 2659 2307; x_wconf 84' lang='lat' dir='ltr'><strong>esse.</strong></span> <span class='ocrx_word' id='word_1_305' title='bbox 2701 2248 2840 2307; x_wconf 84' lang='lat' dir='ltr'><strong>Nam</strong></span> <span class='ocrx_word' id='word_1_306' title='bbox 2888 2257 3247 2322; x_wconf 73' lang='lat' dir='ltr'><strong>praeterquam</strong></span> <span class='ocrx_word' id='word_1_307' title='bbox 3295 2249 3441 2322; x_wconf 86' lang='lat' dir='ltr'><strong>quod</strong></span> <span class='ocrx_word' id='word_1_308' title='bbox 3490 2249 3592 2308; x_wconf 82' lang='lat' dir='ltr'><strong>sub</strong></span> <span class='ocrx_word' id='word_1_309' title='bbox 3640 2249 3766 2321; x_wconf 88' lang='lat' dir='ltr'><strong>ejus</strong></span> 
     </span>
    </p>
   </div>
   <div class='ocr_carea' id='block_1_41' title="bbox 447 2343 3769 2422">
    <p class='ocr_par' dir='ltr' id='par_1_41' title="bbox 447 2343 3769 2422">
     <span class='ocr_line' id='line_1_41' title="bbox 447 2343 3769 2422; baseline -0.002 -14"><span class='ocrx_word' id='word_1_310' title='bbox 447 2361 562 2408; x_wconf 89' lang='lat' dir='ltr'><strong>tum</strong></span> <span class='ocrx_word' id='word_1_311' title='bbox 607 2349 914 2422; x_wconf 76' lang='lat' dir='ltr'><strong>Cogitatum</strong></span> <span class='ocrx_word' id='word_1_312' title='bbox 964 2349 1136 2406; x_wconf 85' lang='lat' dir='ltr'><strong>edidit</strong></span> <span class='ocrx_word' id='word_1_313' title='bbox 1185 2348 1456 2407; x_wconf 74' lang='lat' dir='ltr'><strong>Gillotius.</strong></span> <span class='ocrx_word' id='word_1_314' title='bbox 1510 2346 1648 2409; x_wconf 83' lang='lat' dir='ltr'><strong>Cum</strong></span> <span class='ocrx_word' id='word_1_315' title='bbox 1680 2347 1766 2407; x_wconf 86' lang='lat' dir='ltr'><strong>his</strong></span> <span class='ocrx_word' id='word_1_316' title='bbox 1811 2348 2052 2419; x_wconf 75' lang='lat' dir='ltr'><strong>reiecero</strong></span> <span class='ocrx_word' id='word_1_317' title='bbox 2156 2343 2424 2401; x_wconf 86' lang='lat' dir='ltr'><strong>vocabulo</strong></span> <span class='ocrx_word' id='word_1_318' title='bbox 2453 2343 2859 2406; x_wconf 79' lang='lat' dir='ltr'><strong>vetustissimus</strong></span> <span class='ocrx_word' id='word_1_319' title='bbox 2887 2344 3063 2403; x_wconf 76' lang='lat' dir='ltr'><strong>codex</strong></span> <span class='ocrx_word' id='word_1_320' title='bbox 3091 2343 3460 2406; x_wconf 83' lang='lat' dir='ltr'><strong>Floriacensis</strong></span> <span class='ocrx_word' id='word_1_321' title='bbox 3487 2344 3637 2404; x_wconf 90' lang='lat' dir='ltr'><strong>illum</strong></span> <span class='ocrx_word' id='word_1_322' title='bbox 3667 2360 3769 2401; x_wconf 79' lang='lat' dir='ltr'><strong>cx-</strong></span> 
     </span>
    </p>
   </div>
   <div class='ocr_carea' id='block_1_42' title="bbox 443 2430 3766 2515">
    <p class='ocr_par' dir='ltr' id='par_1_42' title="bbox 443 2430 3766 2515">
     <span class='ocr_line' id='line_1_42' title="bbox 443 2430 3766 2515; baseline -0.003 -10"><span class='ocrx_word' id='word_1_323' title='bbox 443 2447 591 2505; x_wconf 87' lang='lat' dir='ltr'><strong>idem</strong></span> <span class='ocrx_word' id='word_1_324' title='bbox 621 2445 856 2507; x_wconf 79' lang='lat' dir='ltr'><strong>Ruinani</strong></span> <span class='ocrx_word' id='word_1_325' title='bbox 887 2444 1187 2503; x_wconf 88' lang='lat' dir='ltr'><strong>secundam</strong></span> <span class='ocrx_word' id='word_1_326' title='bbox 1233 2460 1300 2503; x_wconf 81' lang='lat' dir='ltr'><strong>ex</strong></span> <span class='ocrx_word' id='word_1_327' title='bbox 1335 2443 1446 2501; x_wconf 85' lang='lat' dir='ltr'><strong>illis</strong></span> <span class='ocrx_word' id='word_1_328' title='bbox 1471 2443 1682 2501; x_wconf 77' lang='lat' dir='ltr'><strong>duabus</strong></span> <span class='ocrx_word' id='word_1_329' title='bbox 1706 2443 1956 2515; x_wconf 69' lang='lat' dir='ltr'><strong>epistolis</strong></span> <span class='ocrx_word' id='word_1_330' title='bbox 1983 2443 2053 2501; x_wconf 92' lang='lat' dir='ltr'><strong>de</strong></span> <span class='ocrx_word' id='word_1_331' title='bbox 2158 2436 2311 2495; x_wconf 85' lang='lat' dir='ltr'><strong>bibet</strong></span> <span class='ocrx_word' id='word_1_332' title='bbox 2330 2479 2347 2504; x_wconf 92' lang='lat'><strong>,</strong></span> <span class='ocrx_word' id='word_1_333' title='bbox 2377 2437 2632 2497; x_wconf 88' lang='lat' dir='ltr'><strong>eumdem</strong></span> <span class='ocrx_word' id='word_1_334' title='bbox 2663 2449 2943 2497; x_wconf 80' lang='lat' dir='ltr'><strong>auctorem</strong></span> <span class='ocrx_word' id='word_1_335' title='bbox 2975 2430 3376 2511; x_wconf 83' lang='lat' dir='ltr'><strong>pulcherrimas</strong></span> <span class='ocrx_word' id='word_1_336' title='bbox 3403 2439 3458 2497; x_wconf 93' lang='lat' dir='ltr'><strong>in</strong></span> <span class='ocrx_word' id='word_1_337' title='bbox 3501 2447 3727 2498; x_wconf 83' lang='lat' dir='ltr'><strong>sanctos</strong></span> <span class='ocrx_word' id='word_1_338' title='bbox 3747 2480 3766 2508; x_wconf 91' lang='lat'><strong>,</strong></span> 
     </span>
    </p>
   </div>
   <div class='ocr_carea' id='block_1_43' title="bbox 451 2529 3765 2610">
    <p class='ocr_par' dir='ltr' id='par_1_43' title="bbox 451 2529 3765 2610">
     <span class='ocr_line' id='line_1_43' title="bbox 451 2529 3765 2610; baseline -0.002 -14"><span class='ocrx_word' id='word_1_339' title='bbox 451 2539 727 2597; x_wconf 89' lang='lat' dir='ltr'><strong>monacho</strong></span> <span class='ocrx_word' id='word_1_340' title='bbox 770 2553 1175 2610; x_wconf 81' lang='lat' dir='ltr'><strong>energumeno,</strong></span> <span class='ocrx_word' id='word_1_341' title='bbox 1218 2552 1355 2607; x_wconf 65' lang='lat' dir='ltr'><strong>quies</strong></span> <span class='ocrx_word' id='word_1_342' title='bbox 1383 2552 1415 2594; x_wconf 89' lang='lat' dir='ltr'><strong>e</strong></span> <span class='ocrx_word' id='word_1_343' title='bbox 1455 2535 1648 2594; x_wconf 85' lang='lat' dir='ltr'><strong>codice</strong></span> <span class='ocrx_word' id='word_1_344' title='bbox 1680 2553 1789 2593; x_wconf 90' lang='lat' dir='ltr'><strong>uno</strong></span> <span class='ocrx_word' id='word_1_345' title='bbox 1826 2535 2052 2605; x_wconf 74' lang='lat' dir='ltr'><strong>Germa-</strong></span> <span class='ocrx_word' id='word_1_346' title='bbox 2155 2543 2227 2588; x_wconf 75' lang='lat' dir='ltr'><strong>ct-</strong></span> <span class='ocrx_word' id='word_1_347' title='bbox 2242 2533 2296 2591; x_wconf 86' lang='lat' dir='ltr'><strong>in</strong></span> <span class='ocrx_word' id='word_1_348' title='bbox 2328 2532 2429 2591; x_wconf 89' lang='lat' dir='ltr'><strong>hoc</strong></span> <span class='ocrx_word' id='word_1_349' title='bbox 2458 2532 2789 2593; x_wconf 72' lang='lat' dir='ltr'><strong>beatissima:</strong></span> <span class='ocrx_word' id='word_1_350' title='bbox 2817 2533 3054 2607; x_wconf 79' lang='lat' dir='ltr'><strong>Virginis</strong></span> <span class='ocrx_word' id='word_1_351' title='bbox 3093 2532 3290 2591; x_wconf 66' lang='lat' dir='ltr'><strong>festum</strong></span> <span class='ocrx_word' id='word_1_352' title='bbox 3333 2531 3624 2605; x_wconf 80' lang='lat' dir='ltr'><strong>scripsisse</strong></span> <span class='ocrx_word' id='word_1_353' title='bbox 3659 2529 3765 2589; x_wconf 87' lang='lat' dir='ltr'><strong>bo-</strong></span> 
     </span>
    </p>
   </div>
   <div class='ocr_carea' id='block_1_44' title="bbox 449 2622 3761 2702">
    <p class='ocr_par' dir='ltr' id='par_1_44' title="bbox 449 2622 3761 2702">
     <span class='ocr_line' id='line_1_44' title="bbox 449 2622 3761 2702; baseline -0.003 -12"><span class='ocrx_word' id='word_1_354' title='bbox 449 2635 626 2699; x_wconf 87' lang='lat' dir='ltr'><strong>nensi,</strong></span> <span class='ocrx_word' id='word_1_355' title='bbox 652 2632 706 2689; x_wconf 93' lang='lat' dir='ltr'><strong>in</strong></span> <span class='ocrx_word' id='word_1_356' title='bbox 737 2646 846 2702; x_wconf 90' lang='lat' dir='ltr'><strong>quo</strong></span> <span class='ocrx_word' id='word_1_357' title='bbox 874 2639 987 2687; x_wconf 84' lang='lat' dir='ltr'><strong>tres</strong></span> <span class='ocrx_word' id='word_1_358' title='bbox 1010 2629 1180 2687; x_wconf 86' lang='lat' dir='ltr'><strong>libros</strong></span> <span class='ocrx_word' id='word_1_359' title='bbox 1204 2627 1523 2685; x_wconf 83' lang='lat' dir='ltr'><strong>Ofﬁciorum</strong></span> <span class='ocrx_word' id='word_1_360' title='bbox 1548 2627 1792 2701; x_wconf 74' lang='lat' dir='ltr'><strong>proxime</strong></span> <span class='ocrx_word' id='word_1_361' title='bbox 1812 2644 2045 2700; x_wconf 36' lang='lat' dir='ltr'><strong>r‘cquun-</strong></span> <span class='ocrx_word' id='word_1_362' title='bbox 2157 2625 2340 2685; x_wconf 79' lang='lat' dir='ltr'><strong>miliae</strong></span> <span class='ocrx_word' id='word_1_363' title='bbox 2367 2625 2688 2685; x_wconf 81' lang='lat' dir='ltr'><strong>testiﬁcatur</strong></span> <span class='ocrx_word' id='word_1_364' title='bbox 2714 2627 2909 2687; x_wconf 79' lang='lat' dir='ltr'><strong>Petrus</strong></span> <span class='ocrx_word' id='word_1_365' title='bbox 2953 2627 3222 2694; x_wconf 80' lang='lat' dir='ltr'><strong>Diaconus</strong></span> <span class='ocrx_word' id='word_1_366' title='bbox 3255 2627 3272 2699; x_wconf 91' lang='lat'><strong>(</strong></span> <span class='ocrx_word' id='word_1_367' title='bbox 3298 2622 3377 2680; x_wconf 84' lang='lat' dir='ltr'><strong>De</strong></span> <span class='ocrx_word' id='word_1_368' title='bbox 3406 2625 3530 2683; x_wconf 79' lang='lat' dir='ltr'><strong>viris</strong></span> <span class='ocrx_word' id='word_1_369' title='bbox 3559 2623 3761 2681; x_wconf 85' lang='lat' dir='ltr'><strong>illustr.</strong></span> 
     </span>
    </p>
   </div>
   <div class='ocr_carea' id='block_1_45' title="bbox 449 2719 2672 2796">
    <p class='ocr_par' dir='ltr' id='par_1_45' title="bbox 449 2719 2672 2796">
     <span class='ocr_line' id='line_1_45' title="bbox 449 2719 2672 2796; baseline -0.001 -14"><span class='ocrx_word' id='word_1_370' title='bbox 449 2735 559 2795; x_wconf 92' lang='lat' dir='ltr'><strong>tur,</strong></span> <span class='ocrx_word' id='word_1_371' title='bbox 607 2723 899 2783; x_wconf 87' lang='lat' dir='ltr'><strong>Gillotiana</strong></span> <span class='ocrx_word' id='word_1_372' title='bbox 926 2722 1096 2781; x_wconf 89' lang='lat' dir='ltr'><strong>editio</strong></span> <span class='ocrx_word' id='word_1_373' title='bbox 1127 2730 1571 2793; x_wconf 72' lang='lat' dir='ltr'><strong>repraesentat-at.</strong></span> <span class='ocrx_word' id='word_1_374' title='bbox 1625 2721 1796 2781; x_wconf 78' lang='lat' dir='ltr'><strong>Extra</strong></span> <span class='ocrx_word' id='word_1_375' title='bbox 1823 2722 2050 2778; x_wconf 89' lang='lat' dir='ltr'><strong>dubium</strong></span> <span class='ocrx_word' id='word_1_376' title='bbox 2157 2719 2360 2781; x_wconf 80' lang='lat' dir='ltr'><strong>Cassia.</strong></span> <span class='ocrx_word' id='word_1_377' title='bbox 2392 2741 2509 2794; x_wconf 82' lang='lat' dir='ltr'><strong>cap.</strong></span> <span class='ocrx_word' id='word_1_378' title='bbox 2545 2723 2672 2796; x_wconf 79' lang='grc'><strong>15).</strong></span> 
     </span>
    </p>
   </div>
   <div class='ocr_carea' id='block_1_46' title="bbox 451 2813 3769 2889">
    <p class='ocr_par' dir='ltr' id='par_1_46' title="bbox 451 2813 3769 2889">
     <span class='ocr_line' id='line_1_46' title="bbox 451 2813 3769 2889; baseline -0.001 -15"><span class='ocrx_word' id='word_1_379' title='bbox 451 2827 537 2874; x_wconf 87' lang='lat' dir='ltr'><strong>est</strong></span> <span class='ocrx_word' id='word_1_380' title='bbox 561 2819 682 2889; x_wconf 90' lang='lat' dir='ltr'><strong>jure</strong></span> <span class='ocrx_word' id='word_1_381' title='bbox 706 2825 972 2873; x_wconf 86' lang='lat' dir='ltr'><strong>semotam</strong></span> <span class='ocrx_word' id='word_1_382' title='bbox 1007 2813 1152 2871; x_wconf 86' lang='lat' dir='ltr'><strong>illam</strong></span> <span class='ocrx_word' id='word_1_383' title='bbox 1182 2813 1472 2884; x_wconf 84' lang='lat' dir='ltr'><strong>epistolam</strong></span> <span class='ocrx_word' id='word_1_384' title='bbox 1499 2854 1514 2879; x_wconf 93' lang='lat'><strong>,</strong></span> <span class='ocrx_word' id='word_1_385' title='bbox 1555 2829 1677 2870; x_wconf 89' lang='lat' dir='ltr'><strong>cum</strong></span> <span class='ocrx_word' id='word_1_386' title='bbox 1706 2829 1815 2871; x_wconf 91' lang='lat' dir='ltr'><strong>non</strong></span> <span class='ocrx_word' id='word_1_387' title='bbox 1846 2814 1949 2871; x_wconf 90' lang='lat' dir='ltr'><strong>alia</strong></span> <span class='ocrx_word' id='word_1_388' title='bbox 1980 2815 2054 2869; x_wconf 77' lang='lat' dir='ltr'><strong>sit</strong></span> <span class='ocrx_word' id='word_1_389' title='bbox 2227 2815 2300 2873; x_wconf 87' lang='lat' dir='ltr'><strong>Et</strong></span> <span class='ocrx_word' id='word_1_390' title='bbox 2328 2816 2445 2874; x_wconf 80' lang='lat' dir='ltr'><strong>lure</strong></span> <span class='ocrx_word' id='word_1_391' title='bbox 2472 2819 2542 2885; x_wconf 84' lang='lat' dir='ltr'><strong>de</strong></span> <span class='ocrx_word' id='word_1_392' title='bbox 2570 2818 2829 2888; x_wconf 79' lang='lat' dir='ltr'><strong>operibus</strong></span> <span class='ocrx_word' id='word_1_393' title='bbox 2858 2833 2980 2888; x_wconf 69' lang='lat' dir='ltr'><strong>qua:</strong></span> <span class='ocrx_word' id='word_1_394' title='bbox 3016 2815 3315 2885; x_wconf 86' lang='lat' dir='ltr'><strong>aliquando</strong></span> <span class='ocrx_word' id='word_1_395' title='bbox 3352 2814 3496 2873; x_wconf 89' lang='lat' dir='ltr'><strong>inter</strong></span> <span class='ocrx_word' id='word_1_396' title='bbox 3529 2813 3769 2871; x_wconf 83' lang='lat' dir='ltr'><strong>Ambro-</strong></span> 
     </span>
    </p>
   </div>
   <div class='ocr_carea' id='block_1_47' title="bbox 450 2907 3766 2984">
    <p class='ocr_par' dir='ltr' id='par_1_47' title="bbox 450 2907 3766 2984">
     <span class='ocr_line' id='line_1_47' title="bbox 450 2907 3766 2984; baseline -0.002 -15"><span class='ocrx_word' id='word_1_397' title='bbox 450 2915 522 2971; x_wconf 88' lang='lat' dir='ltr'><strong>ab</strong></span> <span class='ocrx_word' id='word_1_398' title='bbox 542 2913 772 2984; x_wconf 82' lang='lat' dir='ltr'><strong>epistola</strong></span> <span class='ocrx_word' id='word_1_399' title='bbox 793 2909 1043 2980; x_wconf 75' lang='lat' dir='ltr'><strong>Gregorii</strong></span> <span class='ocrx_word' id='word_1_400' title='bbox 1066 2908 1244 2980; x_wconf 74' lang='lat' dir='ltr'><strong>Magni</strong></span> <span class='ocrx_word' id='word_1_401' title='bbox 1265 2909 1333 2967; x_wconf 85' lang='lat' dir='ltr'><strong>ad</strong></span> <span class='ocrx_word' id='word_1_402' title='bbox 1351 2908 1664 2967; x_wconf 68' lang='lat' dir='ltr'><strong>Ianuarium</strong></span> <span class='ocrx_word' id='word_1_403' title='bbox 1683 2909 2049 2967; x_wconf 82' lang='lat' dir='ltr'><strong>Calaritanwn</strong></span> <span class='ocrx_word' id='word_1_404' title='bbox 2156 2907 2310 2966; x_wconf 86' lang='lat' dir='ltr'><strong>siana</strong></span> <span class='ocrx_word' id='word_1_405' title='bbox 2332 2909 2418 2965; x_wconf 84' lang='lat' dir='ltr'><strong>vel</strong></span> <span class='ocrx_word' id='word_1_406' title='bbox 2447 2910 2498 2967; x_wconf 88' lang='lat' dir='ltr'><strong>in</strong></span> <span class='ocrx_word' id='word_1_407' title='bbox 2521 2924 2712 2967; x_wconf 90' lang='lat' dir='ltr'><strong>eorum</strong></span> <span class='ocrx_word' id='word_1_408' title='bbox 2728 2908 3045 2982; x_wconf 82' lang='lat' dir='ltr'><strong>Appendiee</strong></span> <span class='ocrx_word' id='word_1_409' title='bbox 3065 2908 3246 2965; x_wconf 85' lang='lat' dir='ltr'><strong>locum</strong></span> <span class='ocrx_word' id='word_1_410' title='bbox 3270 2907 3598 2973; x_wconf 86' lang='lat' dir='ltr'><strong>habuerunt,</strong></span> <span class='ocrx_word' id='word_1_411' title='bbox 3616 2907 3766 2965; x_wconf 88' lang='lat' dir='ltr'><strong>dicta</strong></span> 
     </span>
    </p>
   </div>
   <div class='ocr_carea' id='block_1_48' title="bbox 453 2999 3768 3076">
    <p class='ocr_par' dir='ltr' id='par_1_48' title="bbox 453 2999 3768 3076">
     <span class='ocr_line' id='line_1_48' title="bbox 453 2999 3768 3076; baseline -0.003 -14"><span class='ocrx_word' id='word_1_412' title='bbox 453 3005 772 3076; x_wconf 65' lang='lat' dir='ltr'><strong>episcopum</strong></span> <span class='ocrx_word' id='word_1_413' title='bbox 797 3021 810 3058; x_wconf 88' lang='lat'><strong>:</strong></span> <span class='ocrx_word' id='word_1_414' title='bbox 858 3001 955 3059; x_wconf 89' lang='lat' dir='ltr'><strong>sed</strong></span> <span class='ocrx_word' id='word_1_415' title='bbox 984 3016 1106 3061; x_wconf 84' lang='lat' dir='ltr'><strong>cum</strong></span> <span class='ocrx_word' id='word_1_416' title='bbox 1135 3001 1306 3061; x_wconf 79' lang='lat' dir='ltr'><strong>altera</strong></span> <span class='ocrx_word' id='word_1_417' title='bbox 1342 3001 1539 3059; x_wconf 82' lang='lat' dir='ltr'><strong>lacinia</strong></span> <span class='ocrx_word' id='word_1_418' title='bbox 1569 3003 1642 3059; x_wconf 87' lang='lat' dir='ltr'><strong>sit</strong></span> <span class='ocrx_word' id='word_1_419' title='bbox 1668 3001 1857 3058; x_wconf 82' lang='lat' dir='ltr'><strong>avulsa</strong></span> <span class='ocrx_word' id='word_1_420' title='bbox 1885 3017 1918 3058; x_wconf 89' lang='lat' dir='ltr'><strong>e</strong></span> <span class='ocrx_word' id='word_1_421' title='bbox 1942 3000 2053 3058; x_wconf 79' lang='lat' dir='ltr'><strong>lino</strong></span> <span class='ocrx_word' id='word_1_422' title='bbox 2154 3001 2464 3061; x_wconf 77' lang='lat' dir='ltr'><strong>sufﬁciant:</strong></span> <span class='ocrx_word' id='word_1_423' title='bbox 2491 3001 2636 3075; x_wconf 88' lang='lat' dir='ltr'><strong>quod</strong></span> <span class='ocrx_word' id='word_1_424' title='bbox 2660 3018 2790 3060; x_wconf 83' lang='lat' dir='ltr'><strong>vero</strong></span> <span class='ocrx_word' id='word_1_425' title='bbox 2815 3001 2883 3061; x_wconf 88' lang='lat' dir='ltr'><strong>ad</strong></span> <span class='ocrx_word' id='word_1_426' title='bbox 2911 3016 2974 3057; x_wconf 88' lang='lat' dir='ltr'><strong>ea</strong></span> <span class='ocrx_word' id='word_1_427' title='bbox 2994 3016 3114 3074; x_wconf 69' lang='lat' dir='ltr'><strong>quae</strong></span> <span class='ocrx_word' id='word_1_428' title='bbox 3143 3002 3198 3059; x_wconf 83' lang='lat' dir='ltr'><strong>in</strong></span> <span class='ocrx_word' id='word_1_429' title='bbox 3226 2999 3559 3059; x_wconf 80' lang='lat' dir='ltr'><strong>voluminum</strong></span> <span class='ocrx_word' id='word_1_430' title='bbox 3587 3001 3768 3057; x_wconf 84' lang='lat' dir='ltr'><strong>sancti</strong></span> 
     </span>
    </p>
   </div>
   <div class='ocr_carea' id='block_1_49' title="bbox 450 3091 3766 3169">
    <p class='ocr_par' dir='ltr' id='par_1_49' title="bbox 450 3091 3766 3169">
     <span class='ocr_line' id='line_1_49' title="bbox 450 3091 3766 3169; baseline -0.002 -15"><span class='ocrx_word' id='word_1_431' title='bbox 450 3098 574 3154; x_wconf 89' lang='lat' dir='ltr'><strong>libri</strong></span> <span class='ocrx_word' id='word_1_432' title='bbox 602 3097 672 3155; x_wconf 91' lang='lat' dir='ltr'><strong>de</strong></span> <span class='ocrx_word' id='word_1_433' title='bbox 703 3097 960 3155; x_wconf 86' lang='lat' dir='ltr'><strong>vitiorum</strong></span> <span class='ocrx_word' id='word_1_434' title='bbox 1003 3097 1378 3168; x_wconf 83' lang='lat' dir='ltr'><strong>virtutumque</strong></span> <span class='ocrx_word' id='word_1_435' title='bbox 1406 3093 1700 3164; x_wconf 83' lang='lat' dir='ltr'><strong>conﬂictu,</strong></span> <span class='ocrx_word' id='word_1_436' title='bbox 1731 3110 1830 3152; x_wconf 88' lang='lat' dir='ltr'><strong>cur</strong></span> <span class='ocrx_word' id='word_1_437' title='bbox 1855 3094 2050 3151; x_wconf 87' lang='lat' dir='ltr'><strong>eadem</strong></span> <span class='ocrx_word' id='word_1_438' title='bbox 2100 3167 2109 3169; x_wconf 79' lang='lat'><strong><em>_</em></strong></span> <span class='ocrx_word' id='word_1_439' title='bbox 2157 3095 2411 3152; x_wconf 88' lang='lat' dir='ltr'><strong>Doctoris</strong></span> <span class='ocrx_word' id='word_1_440' title='bbox 2453 3095 2788 3155; x_wconf 69' lang='lat' dir='ltr'><strong>editioribus</strong></span> <span class='ocrx_word' id='word_1_441' title='bbox 2830 3109 3098 3167; x_wconf 82' lang='lat' dir='ltr'><strong>nusquam</strong></span> <span class='ocrx_word' id='word_1_442' title='bbox 3139 3094 3419 3169; x_wconf 85' lang='lat' dir='ltr'><strong>leguntur,</strong></span> <span class='ocrx_word' id='word_1_443' title='bbox 3459 3106 3606 3149; x_wconf 89' lang='lat' dir='ltr'><strong>nunc</strong></span> <span class='ocrx_word' id='word_1_444' title='bbox 3644 3091 3766 3163; x_wconf 84' lang='lat' dir='ltr'><strong>ipsa</strong></span> 
     </span>
    </p>
   </div>
   <div class='ocr_carea' id='block_1_50' title="bbox 451 3167 3766 3259">
    <p class='ocr_par' dir='ltr' id='par_1_50' title="bbox 451 3167 3766 3259">
     <span class='ocr_line' id='line_1_50' title="bbox 451 3167 3766 3259; baseline -0.002 -12"><span class='ocrx_word' id='word_1_445' title='bbox 451 3188 697 3249; x_wconf 83' lang='lat' dir='ltr'><strong>Romana</strong></span> <span class='ocrx_word' id='word_1_446' title='bbox 727 3189 897 3247; x_wconf 85' lang='lat' dir='ltr'><strong>editio</strong></span> <span class='ocrx_word' id='word_1_447' title='bbox 925 3190 1073 3249; x_wconf 85' lang='lat' dir='ltr'><strong>illam</strong></span> <span class='ocrx_word' id='word_1_448' title='bbox 1103 3167 1385 3256; x_wconf 83' lang='lat' dir='ltr'><strong>retineret,</strong></span> <span class='ocrx_word' id='word_1_449' title='bbox 1416 3187 1547 3245; x_wconf 88' lang='lat' dir='ltr'><strong>nihil</strong></span> <span class='ocrx_word' id='word_1_450' title='bbox 1575 3199 1694 3245; x_wconf 86' lang='lat' dir='ltr'><strong>erat</strong></span> <span class='ocrx_word' id='word_1_451' title='bbox 1715 3202 1918 3245; x_wconf 68' lang='lat' dir='ltr'><strong>cauete.</strong></span> <span class='ocrx_word' id='word_1_452' title='bbox 1952 3187 2052 3244; x_wconf 91' lang='lat' dir='ltr'><strong>Illo</strong></span> <span class='ocrx_word' id='word_1_453' title='bbox 2080 3167 2126 3233; x_wconf 77' lang='lat' dir='ltr'><strong><em>C</em></strong></span> <span class='ocrx_word' id='word_1_454' title='bbox 2156 3188 2550 3259; x_wconf 80' lang='lat' dir='ltr'><strong>expendemus.</strong></span> <span class='ocrx_word' id='word_1_455' title='bbox 2582 3186 2795 3247; x_wconf 84' lang='lat' dir='ltr'><strong>Citatnr</strong></span> <span class='ocrx_word' id='word_1_456' title='bbox 2824 3189 2877 3245; x_wconf 92' lang='lat' dir='ltr'><strong>in</strong></span> <span class='ocrx_word' id='word_1_457' title='bbox 2913 3189 3142 3245; x_wconf 82' lang='lat' dir='ltr'><strong>Decreto</strong></span> <span class='ocrx_word' id='word_1_458' title='bbox 3169 3167 3236 3243; x_wconf 62' lang='lat' dir='ltr'><strong>ei</strong></span> <span class='ocrx_word' id='word_1_459' title='bbox 3264 3183 3486 3259; x_wconf 80' lang='lat' dir='ltr'><strong>Synodo</strong></span> <span class='ocrx_word' id='word_1_460' title='bbox 3516 3184 3766 3241; x_wconf 79' lang='lat' dir='ltr'><strong>Ruinana</strong></span> 
     </span>
    </p>
   </div>
   <div class='ocr_carea' id='block_1_51' title="bbox 453 3277 3768 3355">
    <p class='ocr_par' dir='ltr' id='par_1_51' title="bbox 453 3277 3768 3355">
     <span class='ocr_line' id='line_1_51' title="bbox 453 3277 3768 3355; baseline -0.001 -17"><span class='ocrx_word' id='word_1_461' title='bbox 453 3283 708 3352; x_wconf 80' lang='lat' dir='ltr'><strong>accedit,</strong></span> <span class='ocrx_word' id='word_1_462' title='bbox 740 3282 884 3355; x_wconf 86' lang='lat' dir='ltr'><strong>quod</strong></span> <span class='ocrx_word' id='word_1_463' title='bbox 929 3292 1121 3339; x_wconf 88' lang='lat' dir='ltr'><strong>neutra</strong></span> <span class='ocrx_word' id='word_1_464' title='bbox 1167 3281 1398 3353; x_wconf 87' lang='lat' dir='ltr'><strong>epistola</strong></span> <span class='ocrx_word' id='word_1_465' title='bbox 1433 3281 1706 3339; x_wconf 74' lang='lat' dir='ltr'><strong>Ambrosii</strong></span> <span class='ocrx_word' id='word_1_466' title='bbox 1747 3296 1946 3339; x_wconf 88' lang='lat' dir='ltr'><strong>nomen</strong></span> <span class='ocrx_word' id='word_1_467' title='bbox 1996 3280 2050 3337; x_wconf 88' lang='lat' dir='ltr'><strong>in</strong></span> <span class='ocrx_word' id='word_1_468' title='bbox 2154 3282 2255 3338; x_wconf 85' lang='lat' dir='ltr'><strong>sub</strong></span> <span class='ocrx_word' id='word_1_469' title='bbox 2285 3281 2506 3339; x_wconf 79' lang='lat' dir='ltr'><strong>Gelasio</strong></span> <span class='ocrx_word' id='word_1_470' title='bbox 2546 3279 2803 3352; x_wconf 78' lang='lat' dir='ltr'><strong>pontiﬁce</strong></span> <span class='ocrx_word' id='word_1_471' title='bbox 2832 3279 3019 3339; x_wconf 87' lang='lat' dir='ltr'><strong>habita</strong></span> <span class='ocrx_word' id='word_1_472' title='bbox 3048 3279 3204 3337; x_wconf 81' lang='lat' dir='ltr'><strong>Liber</strong></span> <span class='ocrx_word' id='word_1_473' title='bbox 3232 3277 3627 3353; x_wconf 80' lang='lat' dir='ltr'><strong>Physioiogtts,</strong></span> <span class='ocrx_word' id='word_1_474' title='bbox 3673 3277 3768 3349; x_wconf 83' lang='lat' dir='ltr'><strong>qui</strong></span> 
     </span>
    </p>
   </div>
   <div class='ocr_carea' id='block_1_52' title="bbox 451 3371 3768 3447">
    <p class='ocr_par' dir='ltr' id='par_1_52' title="bbox 451 3371 3768 3447">
     <span class='ocr_line' id='line_1_52' title="bbox 451 3371 3768 3447; baseline -0.002 -15"><span class='ocrx_word' id='word_1_475' title='bbox 451 3377 644 3433; x_wconf 85' lang='lat' dir='ltr'><strong>codice</strong></span> <span class='ocrx_word' id='word_1_476' title='bbox 673 3385 864 3432; x_wconf 87' lang='lat' dir='ltr'><strong>nostro</strong></span> <span class='ocrx_word' id='word_1_477' title='bbox 895 3374 1128 3432; x_wconf 89' lang='lat' dir='ltr'><strong>inditum</strong></span> <span class='ocrx_word' id='word_1_478' title='bbox 1161 3375 1416 3447; x_wconf 75' lang='lat' dir='ltr'><strong>prtcl‘erl;</strong></span> <span class='ocrx_word' id='word_1_479' title='bbox 1448 3373 1593 3433; x_wconf 87' lang='lat' dir='ltr'><strong>unde</strong></span> <span class='ocrx_word' id='word_1_480' title='bbox 1624 3374 1868 3446; x_wconf 88' lang='lat' dir='ltr'><strong>utrisque</strong></span> <span class='ocrx_word' id='word_1_481' title='bbox 1894 3389 1960 3433; x_wconf 77' lang='lat' dir='ltr'><strong>ex</strong></span> <span class='ocrx_word' id='word_1_482' title='bbox 1985 3389 2052 3431; x_wconf 91' lang='lat' dir='ltr'><strong>eo</strong></span> <span class='ocrx_word' id='word_1_483' title='bbox 2155 3372 2218 3430; x_wconf 82' lang='lat' dir='ltr'><strong>ab</strong></span> <span class='ocrx_word' id='word_1_484' title='bbox 2243 3375 2499 3431; x_wconf 78' lang='lat' dir='ltr'><strong>Itwreticis</strong></span> <span class='ocrx_word' id='word_1_485' title='bbox 2520 3375 2842 3443; x_wconf 79' lang='lat' dir='ltr'><strong>conscriptus</strong></span> <span class='ocrx_word' id='word_1_486' title='bbox 2863 3383 2960 3440; x_wconf 80' lang='lat' dir='ltr'><strong>est,</strong></span> <span class='ocrx_word' id='word_1_487' title='bbox 2979 3383 3027 3431; x_wconf 84' lang='lat' dir='ltr'><strong>et</strong></span> <span class='ocrx_word' id='word_1_488' title='bbox 3044 3371 3107 3428; x_wconf 80' lang='grc' dir='ltr'><strong>Β.</strong></span> <span class='ocrx_word' id='word_1_489' title='bbox 3130 3371 3383 3437; x_wconf 70' lang='lat' dir='ltr'><strong>Ambrosii</strong></span> <span class='ocrx_word' id='word_1_490' title='bbox 3404 3371 3611 3429; x_wconf 83' lang='lat' dir='ltr'><strong>nomine</strong></span> <span class='ocrx_word' id='word_1_491' title='bbox 3628 3385 3768 3442; x_wconf 76' lang='lat' dir='ltr'><strong>pror-</strong></span> 
     </span>
    </p>
   </div>
   <div class='ocr_carea' id='block_1_53' title="bbox 454 3459 3763 3542">
    <p class='ocr_par' dir='ltr' id='par_1_53' title="bbox 454 3459 3763 3542">
     <span class='ocr_line' id='line_1_53' title="bbox 454 3459 3763 3542; baseline -0.003 -13"><span class='ocrx_word' id='word_1_492' title='bbox 454 3471 601 3542; x_wconf 88' lang='lat' dir='ltr'><strong>quod</strong></span> <span class='ocrx_word' id='word_1_493' title='bbox 631 3471 1030 3542; x_wconf 74' lang='lat' dir='ltr'><strong>subiunguntur</strong></span> <span class='ocrx_word' id='word_1_494' title='bbox 1051 3469 1202 3527; x_wconf 87' lang='lat' dir='ltr'><strong>libris</strong></span> <span class='ocrx_word' id='word_1_495' title='bbox 1230 3468 1570 3536; x_wconf 81' lang='lat' dir='ltr'><strong>Ol&#39;iiciorutn,</strong></span> <span class='ocrx_word' id='word_1_496' title='bbox 1602 3469 1745 3525; x_wconf 82' lang='lat' dir='ltr'><strong>male</strong></span> <span class='ocrx_word' id='word_1_497' title='bbox 1771 3478 2052 3527; x_wconf 79' lang='lat' dir='ltr'><strong>auctorem</strong></span> <span class='ocrx_word' id='word_1_498' title='bbox 2153 3466 2408 3539; x_wconf 82' lang='lat' dir='ltr'><strong>signatus,</strong></span> <span class='ocrx_word' id='word_1_499' title='bbox 2430 3465 3052 3540; x_wconf 68' lang='lat' dir='ltr'><strong>apocryphustDistinct.</strong></span> <span class='ocrx_word' id='word_1_500' title='bbox 3077 3465 3168 3532; x_wconf 80' lang='grc'><strong>15,</strong></span> <span class='ocrx_word' id='word_1_501' title='bbox 3187 3482 3308 3536; x_wconf 80' lang='lat' dir='ltr'><strong>cap.</strong></span> <span class='ocrx_word' id='word_1_502' title='bbox 3333 3463 3529 3524; x_wconf 81' lang='lat' dir='ltr'><strong>Sancta</strong></span> <span class='ocrx_word' id='word_1_503' title='bbox 3546 3459 3763 3535; x_wconf 65' lang='lat' dir='ltr'><strong>liam);</strong></span> 
     </span>
    </p>
   </div>
   <div class='ocr_carea' id='block_1_54' title="bbox 455 3556 3768 3635">
    <p class='ocr_par' dir='ltr' id='par_1_54' title="bbox 455 3556 3768 3635">
     <span class='ocr_line' id='line_1_54' title="bbox 455 3556 3768 3635; baseline -0.002 -15"><span class='ocrx_word' id='word_1_504' title='bbox 455 3566 778 3623; x_wconf 75' lang='lat' dir='ltr'><strong>attnbutum</strong></span> <span class='ocrx_word' id='word_1_505' title='bbox 807 3581 932 3623; x_wconf 82' lang='lat' dir='ltr'><strong>esse</strong></span> <span class='ocrx_word' id='word_1_506' title='bbox 969 3565 1314 3635; x_wconf 83' lang='lat' dir='ltr'><strong>perspicuum</strong></span> <span class='ocrx_word' id='word_1_507' title='bbox 1344 3576 1450 3620; x_wconf 89' lang='lat' dir='ltr'><strong>est.</strong></span> <span class='ocrx_word' id='word_1_508' title='bbox 2155 3573 2316 3630; x_wconf 89' lang='lat' dir='ltr'><strong>quem</strong></span> <span class='ocrx_word' id='word_1_509' title='bbox 2345 3559 2663 3615; x_wconf 87' lang='lat' dir='ltr'><strong>llormisdas</strong></span> <span class='ocrx_word' id='word_1_510' title='bbox 2690 3575 2909 3632; x_wconf 86' lang='lat' dir='ltr'><strong>quoque</strong></span> <span class='ocrx_word' id='word_1_511' title='bbox 2938 3559 3214 3631; x_wconf 83' lang='lat' dir='ltr'><strong>prohibuit</strong></span> <span class='ocrx_word' id='word_1_512' title='bbox 3242 3559 3296 3617; x_wconf 92' lang='lat' dir='ltr'><strong>in</strong></span> <span class='ocrx_word' id='word_1_513' title='bbox 3326 3557 3599 3619; x_wconf 85' lang='lat' dir='ltr'><strong>Decretali</strong></span> <span class='ocrx_word' id='word_1_514' title='bbox 3624 3574 3640 3613; x_wconf 86' lang='lat'><strong>;</strong></span> <span class='ocrx_word' id='word_1_515' title='bbox 3667 3556 3768 3613; x_wconf 87' lang='lat' dir='ltr'><strong>scd</strong></span> 
     </span>
    </p>
   </div>
   <div class='ocr_carea' id='block_1_55' title="bbox 538 3651 3769 3728">
    <p class='ocr_par' dir='ltr' id='par_1_55' title="bbox 538 3651 3769 3728">
     <span class='ocr_line' id='line_1_55' title="bbox 538 3651 3769 3728; baseline -0.002 -13"><span class='ocrx_word' id='word_1_516' title='bbox 538 3657 661 3715; x_wconf 82' lang='lat' dir='ltr'><strong>Jam</strong></span> <span class='ocrx_word' id='word_1_517' title='bbox 683 3673 839 3722; x_wconf 86' lang='lat' dir='ltr'><strong>vero,</strong></span> <span class='ocrx_word' id='word_1_518' title='bbox 855 3667 907 3713; x_wconf 90' lang='lat' dir='ltr'><strong>ut</strong></span> <span class='ocrx_word' id='word_1_519' title='bbox 931 3656 1078 3715; x_wconf 83' lang='lat' dir='ltr'><strong>deiis</strong></span> <span class='ocrx_word' id='word_1_520' title='bbox 1102 3657 1417 3713; x_wconf 77' lang='lat' dir='ltr'><strong>tractatibus</strong></span> <span class='ocrx_word' id='word_1_521' title='bbox 1435 3671 1683 3728; x_wconf 83' lang='lat' dir='ltr'><strong>agamus.</strong></span> <span class='ocrx_word' id='word_1_522' title='bbox 1713 3671 1850 3728; x_wconf 88' lang='lat' dir='ltr'><strong>quos</strong></span> <span class='ocrx_word' id='word_1_523' title='bbox 1872 3655 1996 3712; x_wconf 86' lang='lat' dir='ltr'><strong>licet</strong></span> <span class='ocrx_word' id='word_1_524' title='bbox 2026 3670 2057 3711; x_wconf 89' lang='lat' dir='ltr'><strong>a</strong></span> <span class='ocrx_word' id='word_1_525' title='bbox 2158 3651 2247 3708; x_wconf 88' lang='lat' dir='ltr'><strong>hic</strong></span> <span class='ocrx_word' id='word_1_526' title='bbox 2270 3660 2530 3711; x_wconf 82' lang='lat' dir='ltr'><strong>tractatus</strong></span> <span class='ocrx_word' id='word_1_527' title='bbox 2545 3653 2753 3722; x_wconf 86' lang='lat' dir='ltr'><strong>jamdiu</strong></span> <span class='ocrx_word' id='word_1_528' title='bbox 2774 3655 3010 3711; x_wconf 83' lang='lat' dir='ltr'><strong>evanuit.</strong></span> <span class='ocrx_word' id='word_1_529' title='bbox 3035 3653 3092 3709; x_wconf 84' lang='grc' dir='ltr'><strong>ιιι</strong></span> <span class='ocrx_word' id='word_1_530' title='bbox 3117 3651 3442 3715; x_wconf 81' lang='lat' dir='ltr'><strong>bibliotheca</strong></span> <span class='ocrx_word' id='word_1_531' title='bbox 3459 3651 3769 3722; x_wconf 84' lang='lat' dir='ltr'><strong>Sanetigal-</strong></span> 
     </span>
    </p>
   </div>
   <div class='ocr_carea' id='block_1_56' title="bbox 457 3744 3770 3816">
    <p class='ocr_par' dir='ltr' id='par_1_56' title="bbox 457 3744 3770 3816">
     <span class='ocr_line' id='line_1_56' title="bbox 457 3744 3770 3816; baseline -0.002 -10"><span class='ocrx_word' id='word_1_532' title='bbox 457 3748 703 3806; x_wconf 84' lang='lat' dir='ltr'><strong>Romana</strong></span> <span class='ocrx_word' id='word_1_533' title='bbox 733 3748 976 3806; x_wconf 89' lang='lat' dir='ltr'><strong>editione</strong></span> <span class='ocrx_word' id='word_1_534' title='bbox 1024 3764 1128 3802; x_wconf 92' lang='lat' dir='ltr'><strong>non</strong></span> <span class='ocrx_word' id='word_1_535' title='bbox 1161 3748 1515 3815; x_wconf 80' lang='lat' dir='ltr'><strong>repudiatus,</strong></span> <span class='ocrx_word' id='word_1_536' title='bbox 1565 3765 1593 3807; x_wconf 87' lang='lat' dir='ltr'><strong>a</strong></span> <span class='ocrx_word' id='word_1_537' title='bbox 1643 3756 1831 3805; x_wconf 84' lang='lat' dir='ltr'><strong>nostra</strong></span> <span class='ocrx_word' id='word_1_538' title='bbox 1873 3758 2055 3803; x_wconf 87' lang='lat' dir='ltr'><strong>tamen</strong></span> <span class='ocrx_word' id='word_1_539' title='bbox 2156 3744 2294 3800; x_wconf 89' lang='lat' dir='ltr'><strong>lensi</strong></span> <span class='ocrx_word' id='word_1_540' title='bbox 2336 3745 2476 3816; x_wconf 84' lang='lat' dir='ltr'><strong>apud</strong></span> <span class='ocrx_word' id='word_1_541' title='bbox 2522 3745 2796 3801; x_wconf 80' lang='lat' dir='ltr'><strong>Helvetios</strong></span> <span class='ocrx_word' id='word_1_542' title='bbox 2835 3754 3184 3805; x_wconf 83' lang='lat' dir='ltr'><strong>asservantnr</strong></span> <span class='ocrx_word' id='word_1_543' title='bbox 3226 3745 3333 3803; x_wconf 87' lang='lat' dir='ltr'><strong>duo</strong></span> <span class='ocrx_word' id='word_1_544' title='bbox 3370 3745 3591 3802; x_wconf 86' lang='lat' dir='ltr'><strong>codices</strong></span> <span class='ocrx_word' id='word_1_545' title='bbox 3625 3746 3770 3802; x_wconf 87' lang='lat' dir='ltr'><strong>l000</strong></span> 
     </span>
    </p>
   </div>
   <div class='ocr_carea' id='block_1_57' title="bbox 459 3837 3771 3912">
    <p class='ocr_par' dir='ltr' id='par_1_57' title="bbox 459 3837 3771 3912">
     <span class='ocr_line' id='line_1_57' title="bbox 459 3837 3771 3912; baseline -0.002 -13"><span class='ocrx_word' id='word_1_546' title='bbox 459 3842 715 3903; x_wconf 75' lang='lat' dir='ltr'><strong>duximus</strong></span> <span class='ocrx_word' id='word_1_547' title='bbox 758 3839 1163 3906; x_wconf 68' lang='lat' dir='ltr'><strong>excludendos,</strong></span> <span class='ocrx_word' id='word_1_548' title='bbox 1212 3840 1339 3897; x_wconf 75' lang='lat' dir='ltr'><strong>libri</strong></span> <span class='ocrx_word' id='word_1_549' title='bbox 1382 3839 1463 3897; x_wconf 75' lang='lat' dir='ltr'><strong>De</strong></span> <span class='ocrx_word' id='word_1_550' title='bbox 1501 3840 1785 3896; x_wconf 82' lang='lat' dir='ltr'><strong>Vocatione</strong></span> <span class='ocrx_word' id='word_1_551' title='bbox 1827 3841 2056 3912; x_wconf 80' lang='lat' dir='ltr'><strong>gentium</strong></span> <span class='ocrx_word' id='word_1_552' title='bbox 2157 3856 2461 3905; x_wconf 89' lang='lat' dir='ltr'><strong>annorum,</strong></span> <span class='ocrx_word' id='word_1_553' title='bbox 2493 3840 2545 3897; x_wconf 91' lang='lat' dir='ltr'><strong>in</strong></span> <span class='ocrx_word' id='word_1_554' title='bbox 2575 3856 2806 3912; x_wconf 88' lang='lat' dir='ltr'><strong>quorum</strong></span> <span class='ocrx_word' id='word_1_555' title='bbox 2836 3843 3008 3902; x_wconf 83' lang='lat' dir='ltr'><strong>altero</strong></span> <span class='ocrx_word' id='word_1_556' title='bbox 3038 3847 3300 3899; x_wconf 66' lang='lat' dir='ltr'><strong>tractatus</strong></span> <span class='ocrx_word' id='word_1_557' title='bbox 3328 3848 3504 3901; x_wconf 73' lang='lat' dir='ltr'><strong>exstat</strong></span> <span class='ocrx_word' id='word_1_558' title='bbox 3533 3837 3638 3894; x_wconf 84' lang='lat' dir='ltr'><strong>sub</strong></span> <span class='ocrx_word' id='word_1_559' title='bbox 3660 3838 3771 3894; x_wconf 81' lang='lat' dir='ltr'><strong>hoc</strong></span> 
     </span>
    </p>
   </div>
   <div class='ocr_carea' id='block_1_58' title="bbox 458 3931 3772 4013">
    <p class='ocr_par' dir='ltr' id='par_1_58' title="bbox 458 3931 3772 4013">
     <span class='ocr_line' id='line_1_58' title="bbox 458 3931 3772 4013; baseline -0.001 -20"><span class='ocrx_word' id='word_1_560' title='bbox 458 3938 709 3995; x_wconf 84' lang='lat' dir='ltr'><strong>ordinem</strong></span> <span class='ocrx_word' id='word_1_561' title='bbox 735 3935 955 3993; x_wconf 88' lang='lat' dir='ltr'><strong>ducent.</strong></span> <span class='ocrx_word' id='word_1_562' title='bbox 997 3935 1060 3991; x_wconf 89' lang='lat' dir='ltr'><strong>lli</strong></span> <span class='ocrx_word' id='word_1_563' title='bbox 1089 3934 1309 4006; x_wconf 84' lang='lat' dir='ltr'><strong>quidem</strong></span> <span class='ocrx_word' id='word_1_564' title='bbox 1355 3935 1617 3995; x_wconf 72' lang='lat' dir='ltr'><strong>hactenus</strong></span> <span class='ocrx_word' id='word_1_565' title='bbox 1643 3950 1766 3991; x_wconf 89' lang='lat' dir='ltr'><strong>cum</strong></span> <span class='ocrx_word' id='word_1_566' title='bbox 1792 3933 2058 4004; x_wconf 80' lang='lat' dir='ltr'><strong>Operibus</strong></span> <span class='ocrx_word' id='word_1_567' title='bbox 2159 3934 2415 3993; x_wconf 86' lang='lat' dir='ltr'><strong>lemmate</strong></span> <span class='ocrx_word' id='word_1_568' title='bbox 2440 3952 2454 3990; x_wconf 89' lang='lat'><strong>:</strong></span> <span class='ocrx_word' id='word_1_569' title='bbox 2483 3934 2636 3993; x_wconf 80' lang='lat' dir='ltr'><strong>Liber</strong></span> <span class='ocrx_word' id='word_1_570' title='bbox 2659 3938 2826 3993; x_wconf 79' lang='lat' dir='ltr'><strong>sancti</strong></span> <span class='ocrx_word' id='word_1_571' title='bbox 2854 3935 3112 3994; x_wconf 83' lang='lat' dir='ltr'><strong>Ambrosii</strong></span> <span class='ocrx_word' id='word_1_572' title='bbox 3141 3933 3372 4013; x_wconf 57' lang='grc' dir='ltr'><strong>ξηειρορὶ</strong></span> <span class='ocrx_word' id='word_1_573' title='bbox 3399 3942 3580 3991; x_wconf 83' lang='lat' dir='ltr'><strong>contra</strong></span> <span class='ocrx_word' id='word_1_574' title='bbox 3603 3931 3772 3991; x_wconf 67' lang='lat' dir='ltr'><strong>luere-</strong></span> 
     </span>
    </p>
   </div>
   <div class='ocr_carea' id='block_1_59' title="bbox 459 4025 3767 4101">
    <p class='ocr_par' dir='ltr' id='par_1_59' title="bbox 459 4025 3767 4101">
     <span class='ocr_line' id='line_1_59' title="bbox 459 4025 3767 4101; baseline -0.002 -13"><span class='ocrx_word' id='word_1_575' title='bbox 459 4029 838 4088; x_wconf 76' lang='lat' dir='ltr'><strong>Ambt‘osianis</strong></span> <span class='ocrx_word' id='word_1_576' title='bbox 864 4027 996 4085; x_wconf 86' lang='lat' dir='ltr'><strong>editi</strong></span> <span class='ocrx_word' id='word_1_577' title='bbox 1028 4025 1271 4094; x_wconf 77' lang='lat' dir='ltr'><strong>fuerunt,</strong></span> <span class='ocrx_word' id='word_1_578' title='bbox 1298 4026 1397 4087; x_wconf 86' lang='lat' dir='ltr'><strong>sed</strong></span> <span class='ocrx_word' id='word_1_579' title='bbox 1437 4043 1534 4087; x_wconf 82' lang='lat' dir='ltr'><strong>eos</strong></span> <span class='ocrx_word' id='word_1_580' title='bbox 1582 4035 1763 4083; x_wconf 83' lang='lat' dir='ltr'><strong>tamen</strong></span> <span class='ocrx_word' id='word_1_581' title='bbox 1794 4043 1901 4085; x_wconf 86' lang='lat' dir='ltr'><strong>non</strong></span> <span class='ocrx_word' id='word_1_582' title='bbox 1933 4041 2059 4082; x_wconf 60' lang='lat' dir='ltr'><strong>esse</strong></span> <span class='ocrx_word' id='word_1_583' title='bbox 2159 4028 2323 4095; x_wconf 86' lang='lat' dir='ltr'><strong>ticos,</strong></span> <span class='ocrx_word' id='word_1_584' title='bbox 2353 4028 2511 4100; x_wconf 84' lang='lat' dir='ltr'><strong>cujus</strong></span> <span class='ocrx_word' id='word_1_585' title='bbox 2537 4028 2750 4087; x_wconf 86' lang='lat' dir='ltr'><strong>initium</strong></span> <span class='ocrx_word' id='word_1_586' title='bbox 2777 4040 2895 4085; x_wconf 87' lang='lat' dir='ltr'><strong>est:</strong></span> <span class='ocrx_word' id='word_1_587' title='bbox 2923 4028 3095 4087; x_wconf 80' lang='lat' dir='ltr'><strong>David</strong></span> <span class='ocrx_word' id='word_1_588' title='bbox 3117 4044 3219 4083; x_wconf 84' lang='lat' dir='ltr'><strong>uno</strong></span> <span class='ocrx_word' id='word_1_589' title='bbox 3243 4026 3436 4101; x_wconf 78' lang='lat' dir='ltr'><strong>lapidis</strong></span> <span class='ocrx_word' id='word_1_590' title='bbox 3461 4027 3597 4095; x_wconf 77' lang='lat' dir='ltr'><strong>ictu,</strong></span> <span class='ocrx_word' id='word_1_591' title='bbox 3627 4037 3767 4096; x_wconf 83' lang='lat' dir='ltr'><strong>etc.,</strong></span> 
     </span>
    </p>
   </div>
   <div class='ocr_carea' id='block_1_60' title="bbox 461 4118 3770 4194">
    <p class='ocr_par' dir='ltr' id='par_1_60' title="bbox 461 4118 3770 4194">
     <span class='ocr_line' id='line_1_60' title="bbox 461 4118 3770 4194; baseline -0.002 -13"><span class='ocrx_word' id='word_1_592' title='bbox 461 4123 733 4183; x_wconf 77' lang='lat' dir='ltr'><strong>Ambrosii</strong></span> <span class='ocrx_word' id='word_1_593' title='bbox 758 4134 866 4179; x_wconf 87' lang='lat' dir='ltr'><strong>tam</strong></span> <span class='ocrx_word' id='word_1_594' title='bbox 885 4130 1209 4179; x_wconf 83' lang='lat' dir='ltr'><strong>constanter</strong></span> <span class='ocrx_word' id='word_1_595' title='bbox 1235 4118 1966 4192; x_wconf 81' lang='lat' dir='ltr'><strong>conveniuntGritici,quam</strong></span> <span class='ocrx_word' id='word_1_596' title='bbox 1986 4118 2059 4177; x_wconf 84' lang='lat' dir='ltr'><strong>de</strong></span> <span class='ocrx_word' id='word_1_597' title='bbox 2159 4119 2215 4177; x_wconf 91' lang='lat' dir='ltr'><strong>in</strong></span> <span class='ocrx_word' id='word_1_598' title='bbox 2243 4120 2422 4177; x_wconf 85' lang='lat' dir='ltr'><strong>altero</strong></span> <span class='ocrx_word' id='word_1_599' title='bbox 2451 4130 2636 4179; x_wconf 88' lang='lat' dir='ltr'><strong>autem</strong></span> <span class='ocrx_word' id='word_1_600' title='bbox 2664 4121 2806 4179; x_wconf 89' lang='lat' dir='ltr'><strong>alius</strong></span> <span class='ocrx_word' id='word_1_601' title='bbox 2840 4131 3103 4178; x_wconf 84' lang='lat' dir='ltr'><strong>tractatus</strong></span> <span class='ocrx_word' id='word_1_602' title='bbox 3131 4122 3205 4179; x_wconf 83' lang='lat' dir='ltr'><strong>ita</strong></span> <span class='ocrx_word' id='word_1_603' title='bbox 3246 4121 3540 4194; x_wconf 78' lang='lat' dir='ltr'><strong>inscriptus</strong></span> <span class='ocrx_word' id='word_1_604' title='bbox 3565 4137 3578 4175; x_wconf 93' lang='lat'>:</span> <span class='ocrx_word' id='word_1_605' title='bbox 3609 4118 3770 4180; x_wconf 82' lang='lat' dir='ltr'><strong>Liber</strong></span> 
     </span>
    </p>
   </div>
   <div class='ocr_carea' id='block_1_61' title="bbox 463 4213 3772 4289">
    <p class='ocr_par' dir='ltr' id='par_1_61' title="bbox 463 4213 3772 4289">
     <span class='ocr_line' id='line_1_61' title="bbox 463 4213 3772 4289; baseline -0.001 -16"><span class='ocrx_word' id='word_1_606' title='bbox 463 4233 593 4275; x_wconf 88' lang='lat' dir='ltr'><strong>vero</strong></span> <span class='ocrx_word' id='word_1_607' title='bbox 620 4215 941 4276; x_wconf 72' lang='lat' dir='ltr'><strong>earumdem</strong></span> <span class='ocrx_word' id='word_1_608' title='bbox 968 4226 1192 4271; x_wconf 86' lang='lat' dir='ltr'><strong>auctore</strong></span> <span class='ocrx_word' id='word_1_609' title='bbox 1228 4213 1581 4271; x_wconf 84' lang='lat' dir='ltr'><strong>dissentiunt.</strong></span> <span class='ocrx_word' id='word_1_610' title='bbox 1627 4215 1703 4270; x_wconf 81' lang='lat' dir='ltr'><strong>Ne</strong></span> <span class='ocrx_word' id='word_1_611' title='bbox 1746 4231 1909 4286; x_wconf 86' lang='lat' dir='ltr'><strong>porro</strong></span> <span class='ocrx_word' id='word_1_612' title='bbox 1941 4216 2056 4272; x_wconf 86' lang='lat' dir='ltr'><strong>siu-</strong></span> <span class='ocrx_word' id='word_1_613' title='bbox 2160 4216 2325 4273; x_wconf 81' lang='lat' dir='ltr'><strong>sancti</strong></span> <span class='ocrx_word' id='word_1_614' title='bbox 2353 4213 2612 4272; x_wconf 79' lang='lat' dir='ltr'><strong>Ambrosii</strong></span> <span class='ocrx_word' id='word_1_615' title='bbox 2638 4216 2870 4286; x_wconf 84' lang='lat' dir='ltr'><strong>episcopi</strong></span> <span class='ocrx_word' id='word_1_616' title='bbox 2899 4216 2954 4269; x_wconf 82' lang='lat' dir='ltr'><strong>in</strong></span> <span class='ocrx_word' id='word_1_617' title='bbox 2983 4215 3140 4272; x_wconf 79' lang='lat' dir='ltr'><strong>laude</strong></span> <span class='ocrx_word' id='word_1_618' title='bbox 3177 4226 3477 4273; x_wconf 85' lang='lat' dir='ltr'><strong>sanctorum</strong></span> <span class='ocrx_word' id='word_1_619' title='bbox 3511 4215 3772 4289; x_wconf 73' lang='lat' dir='ltr'><strong>composi-</strong></span> 
     </span>
    </p>
   </div>
   <div class='ocr_carea' id='block_1_62' title="bbox 461 4305 3771 4383">
    <p class='ocr_par' dir='ltr' id='par_1_62' title="bbox 461 4305 3771 4383">
     <span class='ocr_line' id='line_1_62' title="bbox 461 4305 3771 4383; baseline -0.001 -16"><span class='ocrx_word' id='word_1_620' title='bbox 461 4309 616 4381; x_wconf 80' lang='lat' dir='ltr'><strong>gulas</strong></span> <span class='ocrx_word' id='word_1_621' title='bbox 642 4309 710 4365; x_wconf 88' lang='lat' dir='ltr'><strong>de</strong></span> <span class='ocrx_word' id='word_1_622' title='bbox 740 4308 852 4367; x_wconf 85' lang='lat' dir='ltr'><strong>illis</strong></span> <span class='ocrx_word' id='word_1_623' title='bbox 878 4307 1163 4378; x_wconf 88' lang='lat' dir='ltr'><strong>opiniones</strong></span> <span class='ocrx_word' id='word_1_624' title='bbox 1182 4305 1274 4365; x_wconf 87' lang='lat' dir='ltr'><strong>hic</strong></span> <span class='ocrx_word' id='word_1_625' title='bbox 1308 4307 1629 4373; x_wconf 75' lang='lat' dir='ltr'><strong>referamus,</strong></span> <span class='ocrx_word' id='word_1_626' title='bbox 1662 4306 1902 4366; x_wconf 81' lang='lat' dir='ltr'><strong>cilicium</strong></span> <span class='ocrx_word' id='word_1_627' title='bbox 1927 4309 2059 4363; x_wconf 79' lang='lat' dir='ltr'><strong>duo~</strong></span> <span class='ocrx_word' id='word_1_628' title='bbox 2163 4320 2286 4376; x_wconf 83' lang='lat' dir='ltr'><strong>tus;</strong></span> <span class='ocrx_word' id='word_1_629' title='bbox 2313 4313 2468 4382; x_wconf 88' lang='lat' dir='ltr'><strong>cujus</strong></span> <span class='ocrx_word' id='word_1_630' title='bbox 2486 4310 2661 4383; x_wconf 85' lang='lat' dir='ltr'><strong>prima</strong></span> <span class='ocrx_word' id='word_1_631' title='bbox 2686 4311 2852 4369; x_wconf 88' lang='lat' dir='ltr'><strong>verba</strong></span> <span class='ocrx_word' id='word_1_632' title='bbox 2880 4320 3046 4369; x_wconf 89' lang='lat' dir='ltr'><strong>sunt:</strong></span> <span class='ocrx_word' id='word_1_633' title='bbox 3070 4308 3342 4366; x_wconf 80' lang='lat' dir='ltr'><strong>Pertinere</strong></span> <span class='ocrx_word' id='word_1_634' title='bbox 3365 4309 3434 4367; x_wconf 80' lang='lat' dir='ltr'><strong>ad</strong></span> <span class='ocrx_word' id='word_1_635' title='bbox 3462 4325 3578 4376; x_wconf 83' lang='lat' dir='ltr'><strong>nos,</strong></span> <span class='ocrx_word' id='word_1_636' title='bbox 3601 4307 3771 4365; x_wconf 83' lang='lat' dir='ltr'><strong>dilec-</strong></span> 
     </span>
    </p>
   </div>
   <div class='ocr_carea' id='block_1_63' title="bbox 463 4399 3772 4478">
    <p class='ocr_par' dir='ltr' id='par_1_63' title="bbox 463 4399 3772 4478">
     <span class='ocr_line' id='line_1_63' title="bbox 463 4399 3772 4478; baseline -0.001 -19"><span class='ocrx_word' id='word_1_637' title='bbox 463 4419 584 4461; x_wconf 87' lang='lat' dir='ltr'><strong>rum</strong></span> <span class='ocrx_word' id='word_1_638' title='bbox 609 4400 949 4461; x_wconf 79' lang='lat' dir='ltr'><strong>eruditorum</strong></span> <span class='ocrx_word' id='word_1_639' title='bbox 982 4400 1259 4457; x_wconf 78' lang='lat' dir='ltr'><strong>hominum</strong></span> <span class='ocrx_word' id='word_1_640' title='bbox 1291 4399 1737 4467; x_wconf 76' lang='lat' dir='ltr'><strong>dissertationes,</strong></span> <span class='ocrx_word' id='word_1_641' title='bbox 1761 4399 2061 4470; x_wconf 85' lang='lat' dir='ltr'><strong>Quesncllii</strong></span> <span class='ocrx_word' id='word_1_642' title='bbox 2162 4406 2348 4463; x_wconf 76' lang='lat' dir='ltr'><strong>tissimi</strong></span> <span class='ocrx_word' id='word_1_643' title='bbox 2384 4409 2596 4478; x_wconf 74' lang='lat' dir='ltr'><strong>fratres.</strong></span> <span class='ocrx_word' id='word_1_644' title='bbox 2638 4404 2943 4477; x_wconf 84' lang='lat' dir='ltr'><strong>Utrumque</strong></span> <span class='ocrx_word' id='word_1_645' title='bbox 2977 4414 3159 4461; x_wconf 87' lang='lat' dir='ltr'><strong>autem</strong></span> <span class='ocrx_word' id='word_1_646' title='bbox 3202 4403 3548 4463; x_wconf 80' lang='lat' dir='ltr'><strong>Mahillonius</strong></span> <span class='ocrx_word' id='word_1_647' title='bbox 3578 4412 3772 4460; x_wconf 90' lang='lat' dir='ltr'><strong>noster</strong></span> 
     </span>
    </p>
   </div>
   <div class='ocr_carea' id='block_1_64' title="bbox 462 4492 3772 4571">
    <p class='ocr_par' dir='ltr' id='par_1_64' title="bbox 462 4492 3772 4571">
     <span class='ocr_line' id='line_1_64' title="bbox 462 4492 3772 4571; baseline -0.002 -15"><span class='ocrx_word' id='word_1_648' title='bbox 462 4497 674 4556; x_wconf 86' lang='lat' dir='ltr'><strong>scilicet</strong></span> <span class='ocrx_word' id='word_1_649' title='bbox 723 4506 887 4567; x_wconf 86' lang='lat' dir='ltr'><strong>atque</strong></span> <span class='ocrx_word' id='word_1_650' title='bbox 916 4492 1191 4561; x_wconf 77' lang='lat' dir='ltr'><strong>Aptelmi;</strong></span> <span class='ocrx_word' id='word_1_651' title='bbox 1225 4493 1421 4553; x_wconf 88' lang='lat' dir='ltr'><strong>horum</strong></span> <span class='ocrx_word' id='word_1_652' title='bbox 1449 4497 1595 4553; x_wconf 87' lang='lat' dir='ltr'><strong>cnim</strong></span> <span class='ocrx_word' id='word_1_653' title='bbox 1642 4495 1790 4566; x_wconf 85' lang='lat' dir='ltr'><strong>prior</strong></span> <span class='ocrx_word' id='word_1_654' title='bbox 1815 4511 1937 4557; x_wconf 88' lang='lat' dir='ltr'><strong>cum</strong></span> <span class='ocrx_word' id='word_1_655' title='bbox 1966 4510 2062 4552; x_wconf 86' lang='lat' dir='ltr'><strong>eos</strong></span> <span class='ocrx_word' id='word_1_656' title='bbox 2088 4564 2129 4571; x_wconf 85' lang='lat'><strong><em>_</em></strong></span> <span class='ocrx_word' id='word_1_657' title='bbox 2162 4497 2290 4557; x_wconf 91' lang='lat' dir='ltr'><strong>dum</strong></span> <span class='ocrx_word' id='word_1_658' title='bbox 2311 4497 2615 4557; x_wconf 72' lang='lat' dir='ltr'><strong>Germania:</strong></span> <span class='ocrx_word' id='word_1_659' title='bbox 2640 4499 2997 4569; x_wconf 88' lang='lat' dir='ltr'><strong>perlnstrarct</strong></span> <span class='ocrx_word' id='word_1_660' title='bbox 3018 4497 3398 4563; x_wconf 80' lang='lat' dir='ltr'><strong>bibliothecas,</strong></span> <span class='ocrx_word' id='word_1_661' title='bbox 3424 4504 3614 4571; x_wconf 82' lang='lat' dir='ltr'><strong>rogatu</strong></span> <span class='ocrx_word' id='word_1_662' title='bbox 3637 4509 3772 4552; x_wconf 91' lang='lat' dir='ltr'><strong>nos-</strong></span> 
     </span>
    </p>
   </div>
   <div class='ocr_carea' id='block_1_65' title="bbox 462 4564 3768 4661">
    <p class='ocr_par' dir='ltr' id='par_1_65' title="bbox 462 4564 3768 4661">
     <span class='ocr_line' id='line_1_65' title="bbox 462 4564 3768 4661; baseline -0.001 -14"><span class='ocrx_word' id='word_1_663' title='bbox 462 4591 637 4649; x_wconf 87' lang='lat' dir='ltr'><strong>libros</strong></span> <span class='ocrx_word' id='word_1_664' title='bbox 662 4564 1001 4658; x_wconf 32' lang='lat' dir='ltr'><strong>intcr‘Opera</strong></span> <span class='ocrx_word' id='word_1_665' title='bbox 1033 4589 1205 4645; x_wconf 72' lang='lat' dir='ltr'><strong>sancti</strong></span> <span class='ocrx_word' id='word_1_666' title='bbox 1239 4587 1438 4647; x_wconf 79' lang='lat' dir='ltr'><strong>Leonis</strong></span> <span class='ocrx_word' id='word_1_667' title='bbox 1481 4564 1771 4656; x_wconf 80' lang='lat' dir='ltr'><strong>edidisset,</strong></span> <span class='ocrx_word' id='word_1_668' title='bbox 1820 4589 2061 4649; x_wconf 84' lang='lat' dir='ltr'><strong>rationes</strong></span> <span class='ocrx_word' id='word_1_669' title='bbox 2085 4564 2141 4625; x_wconf 78' lang='lat' dir='ltr'><strong>D</strong></span> <span class='ocrx_word' id='word_1_670' title='bbox 2166 4599 2286 4655; x_wconf 86' lang='lat' dir='ltr'><strong>Iro,</strong></span> <span class='ocrx_word' id='word_1_671' title='bbox 2318 4591 2552 4649; x_wconf 83' lang='lat' dir='ltr'><strong>describi</strong></span> <span class='ocrx_word' id='word_1_672' title='bbox 2597 4564 2848 4649; x_wconf 80' lang='lat' dir='ltr'><strong>curavit:</strong></span> <span class='ocrx_word' id='word_1_673' title='bbox 2887 4591 2985 4647; x_wconf 87' lang='lat' dir='ltr'><strong>sed</strong></span> <span class='ocrx_word' id='word_1_674' title='bbox 3022 4605 3145 4648; x_wconf 88' lang='lat' dir='ltr'><strong>cum</strong></span> <span class='ocrx_word' id='word_1_675' title='bbox 3184 4590 3456 4661; x_wconf 70' lang='lat' dir='ltr'><strong>priorem,</strong></span> <span class='ocrx_word' id='word_1_676' title='bbox 3491 4564 3658 4660; x_wconf 74' lang='lat' dir='ltr'><strong>quem</strong></span> <span class='ocrx_word' id='word_1_677' title='bbox 3697 4605 3768 4647; x_wconf 75' lang='lat' dir='ltr'><strong>ex</strong></span> 
     </span>
    </p>
   </div>
   <div class='ocr_carea' id='block_1_66' title="bbox 464 4680 2059 4756">
    <p class='ocr_par' dir='ltr' id='par_1_66' title="bbox 464 4680 2059 4756">
     <span class='ocr_line' id='line_1_66' title="bbox 464 4680 2059 4756; baseline -0.003 -16"><span class='ocrx_word' id='word_1_678' title='bbox 464 4685 662 4756; x_wconf 83' lang='lat' dir='ltr'><strong>quibus</strong></span> <span class='ocrx_word' id='word_1_679' title='bbox 687 4682 809 4739; x_wconf 81' lang='lat' dir='ltr'><strong>illos</strong></span> <span class='ocrx_word' id='word_1_680' title='bbox 837 4682 965 4739; x_wconf 85' lang='lat' dir='ltr'><strong>huic</strong></span> <span class='ocrx_word' id='word_1_681' title='bbox 988 4680 1239 4739; x_wconf 83' lang='lat' dir='ltr'><strong>Pontilici</strong></span> <span class='ocrx_word' id='word_1_682' title='bbox 1263 4680 1558 4739; x_wconf 82' lang='lat' dir='ltr'><strong>arbitratus</strong></span> <span class='ocrx_word' id='word_1_683' title='bbox 1579 4689 1663 4741; x_wconf 84' lang='lat' dir='ltr'><strong>est</strong></span> <span class='ocrx_word' id='word_1_684' title='bbox 1679 4683 1849 4738; x_wconf 88' lang='lat' dir='ltr'><strong>asseri</strong></span> <span class='ocrx_word' id='word_1_685' title='bbox 1878 4695 2059 4751; x_wconf 82' lang='lat' dir='ltr'><strong>posse,</strong></span> 
     </span>
    </p>
   </div>
   <div class='ocr_carea' id='block_1_67' title="bbox 463 4773 2061 4845">
    <p class='ocr_par' dir='ltr' id='par_1_67' title="bbox 463 4773 2061 4845">
     <span class='ocr_line' id='line_1_67' title="bbox 463 4773 2061 4845; baseline 0.001 -16"><span class='ocrx_word' id='word_1_686' title='bbox 463 4777 519 4836; x_wconf 83' lang='lat' dir='ltr'><strong>in</strong></span> <span class='ocrx_word' id='word_1_687' title='bbox 562 4775 797 4838; x_wconf 79' lang='lat' dir='ltr'><strong>inediam</strong></span> <span class='ocrx_word' id='word_1_688' title='bbox 826 4773 1087 4844; x_wconf 85' lang='lat' dir='ltr'><strong>protulit:</strong></span> <span class='ocrx_word' id='word_1_689' title='bbox 1122 4773 1395 4841; x_wconf 79' lang='lat' dir='ltr'><strong>posterior</strong></span> <span class='ocrx_word' id='word_1_690' title='bbox 1415 4785 1597 4831; x_wconf 85' lang='lat' dir='ltr'><strong>autem</strong></span> <span class='ocrx_word' id='word_1_691' title='bbox 1640 4774 1889 4845; x_wconf 88' lang='lat' dir='ltr'><strong>injuriam</strong></span> <span class='ocrx_word' id='word_1_692' title='bbox 1928 4776 2061 4831; x_wconf 85' lang='lat' dir='ltr'><strong>Pro-</strong></span> 
     </span>
    </p>
   </div>
   <div class='ocr_carea' id='block_1_68' title="bbox 466 4865 2064 4939">
    <p class='ocr_par' dir='ltr' id='par_1_68' title="bbox 466 4865 2064 4939">
     <span class='ocr_line' id='line_1_68' title="bbox 466 4865 2064 4939; baseline 0 -14"><span class='ocrx_word' id='word_1_693' title='bbox 466 4882 629 4939; x_wconf 82' lang='lat' dir='ltr'><strong>spero</strong></span> <span class='ocrx_word' id='word_1_694' title='bbox 658 4882 759 4925; x_wconf 88' lang='lat' dir='ltr'><strong>suo</strong></span> <span class='ocrx_word' id='word_1_695' title='bbox 788 4866 908 4923; x_wconf 80' lang='lat' dir='ltr'><strong>ﬁeri</strong></span> <span class='ocrx_word' id='word_1_696' title='bbox 936 4865 1255 4923; x_wconf 74' lang='lat' dir='ltr'><strong>existimans</strong></span> <span class='ocrx_word' id='word_1_697' title='bbox 1283 4906 1297 4930; x_wconf 89' lang='lat'><strong>,</strong></span> <span class='ocrx_word' id='word_1_698' title='bbox 1328 4867 1499 4937; x_wconf 82' lang='lat' dir='ltr'><strong>ipsius</strong></span> <span class='ocrx_word' id='word_1_699' title='bbox 1518 4867 1640 4937; x_wconf 87' lang='lat' dir='ltr'><strong>jura</strong></span> <span class='ocrx_word' id='word_1_700' title='bbox 1667 4878 1856 4924; x_wconf 87' lang='lat' dir='ltr'><strong>contra</strong></span> <span class='ocrx_word' id='word_1_701' title='bbox 1889 4867 2064 4936; x_wconf 83' lang='lat' dir='ltr'><strong>Ques-</strong></span> 
     </span>
    </p>
   </div>
   <div class='ocr_carea' id='block_1_69' title="bbox 467 4957 2063 5027">
    <p class='ocr_par' dir='ltr' id='par_1_69' title="bbox 467 4957 2063 5027">
     <span class='ocr_line' id='line_1_69' title="bbox 467 4957 2063 5027; baseline -0.001 -8"><span class='ocrx_word' id='word_1_702' title='bbox 467 4961 688 5023; x_wconf 78' lang='lat' dir='ltr'><strong>nelliutn</strong></span> <span class='ocrx_word' id='word_1_703' title='bbox 715 4974 887 5027; x_wconf 79' lang='lat' dir='ltr'><strong>nuper</strong></span> <span class='ocrx_word' id='word_1_704' title='bbox 916 4957 1180 5017; x_wconf 59' lang='lat' dir='ltr'><strong>tit-(endit.</strong></span> <span class='ocrx_word' id='word_1_705' title='bbox 1213 4959 1278 5013; x_wconf 80' lang='lat' dir='ltr'><strong>Et</strong></span> <span class='ocrx_word' id='word_1_706' title='bbox 1307 4958 1723 5015; x_wconf 76' lang='lat' dir='ltr'><strong>iniectiamcum</strong></span> <span class='ocrx_word' id='word_1_707' title='bbox 1747 4961 2063 5017; x_wconf 84' lang='lat' dir='ltr'><strong>eveneritin</strong></span> 
     </span>
    </p>
   </div>
   <div class='ocr_carea' id='block_1_70' title="bbox 468 5053 2065 5136">
    <p class='ocr_par' dir='ltr' id='par_1_70' title="bbox 468 5053 2065 5136">
     <span class='ocr_line' id='line_1_70' title="bbox 468 5053 2065 5136; baseline 0.001 -26"><span class='ocrx_word' id='word_1_708' title='bbox 468 5055 712 5129; x_wconf 81' lang='lat' dir='ltr'><strong>Epistoia</strong></span> <span class='ocrx_word' id='word_1_709' title='bbox 733 5055 803 5109; x_wconf 84' lang='lat' dir='ltr'><strong>ad</strong></span> <span class='ocrx_word' id='word_1_710' title='bbox 828 5053 1227 5136; x_wconf 51' lang='lat' dir='ltr'><strong>Dwtriudcm.</strong></span> <span class='ocrx_word' id='word_1_711' title='bbox 1251 5054 1320 5110; x_wconf 92' lang='lat' dir='ltr'><strong>de</strong></span> <span class='ocrx_word' id='word_1_712' title='bbox 1344 5054 1535 5111; x_wconf 87' lang='lat' dir='ltr'><strong>eadem</strong></span> <span class='ocrx_word' id='word_1_713' title='bbox 1558 5057 1950 5119; x_wconf 63' lang='lat' dir='ltr'><strong>cntitrovehia,</strong></span> <span class='ocrx_word' id='word_1_714' title='bbox 1974 5055 2065 5112; x_wconf 83' lang='lat' dir='ltr'><strong>ubi</strong></span> 
     </span>
    </p>
   </div>
   <div class='ocr_carea' id='block_1_71' title="bbox 465 5146 2060 5217">
    <p class='ocr_par' dir='ltr' id='par_1_71' title="bbox 465 5146 2060 5217">
     <span class='ocr_line' id='line_1_71' title="bbox 465 5146 2060 5217; baseline 0.002 -14"><span class='ocrx_word' id='word_1_715' title='bbox 465 5147 538 5203; x_wconf 91' lang='lat' dir='ltr'><strong>de</strong></span> <span class='ocrx_word' id='word_1_716' title='bbox 570 5146 787 5216; x_wconf 85' lang='lat' dir='ltr'><strong>rejectis</strong></span> <span class='ocrx_word' id='word_1_717' title='bbox 821 5147 1067 5216; x_wconf 63' lang='grc' dir='ltr'><strong>θιιῑειιιιίι</strong></span> <span class='ocrx_word' id='word_1_718' title='bbox 1097 5147 1369 5217; x_wconf 79' lang='lat' dir='ltr'><strong>agendum</strong></span> <span class='ocrx_word' id='word_1_719' title='bbox 1408 5147 1541 5214; x_wconf 85' lang='lat' dir='ltr'><strong>erit,</strong></span> <span class='ocrx_word' id='word_1_720' title='bbox 1570 5150 1766 5207; x_wconf 88' lang='lat' dir='ltr'><strong>iterum</strong></span> <span class='ocrx_word' id='word_1_721' title='bbox 1794 5149 2060 5207; x_wconf 85' lang='lat' dir='ltr'><strong>dicemus.</strong></span> 
     </span>
    </p>
   </div>
   <div class='ocr_carea' id='block_1_72' title="bbox 2167 4681 3766 4756">
    <p class='ocr_par' dir='ltr' id='par_1_72' title="bbox 2167 4681 3766 4756">
     <span class='ocr_line' id='line_1_72' title="bbox 2167 4681 3766 4756; baseline 0 -18"><span class='ocrx_word' id='word_1_722' title='bbox 2167 4681 2413 4741; x_wconf 88' lang='lat' dir='ltr'><strong>Parisino</strong></span> <span class='ocrx_word' id='word_1_723' title='bbox 2443 4698 2657 4756; x_wconf 85' lang='lat' dir='ltr'><strong>quoque</strong></span> <span class='ocrx_word' id='word_1_724' title='bbox 2689 4685 3060 4756; x_wconf 77' lang='lat' dir='ltr'><strong>IllntltISCl‘iplo</strong></span> <span class='ocrx_word' id='word_1_725' title='bbox 3089 4683 3420 4756; x_wconf 87' lang='lat' dir='ltr'><strong>descriptum</strong></span> <span class='ocrx_word' id='word_1_726' title='bbox 3453 4683 3726 4739; x_wconf 83' lang='lat' dir='ltr'><strong>habemus</strong></span> <span class='ocrx_word' id='word_1_727' title='bbox 3748 4725 3766 4748; x_wconf 89' lang='lat'><strong>,</strong></span> 
     </span>
    </p>
   </div>
   <div class='ocr_carea' id='block_1_73' title="bbox 2167 4773 3772 4848">
    <p class='ocr_par' dir='ltr' id='par_1_73' title="bbox 2167 4773 3772 4848">
     <span class='ocr_line' id='line_1_73' title="bbox 2167 4773 3772 4848; baseline -0.001 -15"><span class='ocrx_word' id='word_1_728' title='bbox 2167 4783 2224 4833; x_wconf 90' lang='lat' dir='ltr'><strong>et</strong></span> <span class='ocrx_word' id='word_1_729' title='bbox 2263 4792 2361 4848; x_wconf 90' lang='lat' dir='ltr'><strong>pro</strong></span> <span class='ocrx_word' id='word_1_730' title='bbox 2400 4775 2768 4835; x_wconf 59' lang='lat' dir='ltr'><strong>Ambrosiam</strong></span> <span class='ocrx_word' id='word_1_731' title='bbox 2811 4779 3036 4837; x_wconf 90' lang='lat' dir='ltr'><strong>citatum</strong></span> <span class='ocrx_word' id='word_1_732' title='bbox 3070 4776 3257 4833; x_wconf 85' lang='lat' dir='ltr'><strong>videre</strong></span> <span class='ocrx_word' id='word_1_733' title='bbox 3292 4784 3376 4834; x_wconf 89' lang='lat' dir='ltr'><strong>est</strong></span> <span class='ocrx_word' id='word_1_734' title='bbox 3409 4777 3462 4833; x_wconf 90' lang='lat' dir='ltr'><strong>in</strong></span> <span class='ocrx_word' id='word_1_735' title='bbox 3490 4773 3772 4835; x_wconf 84' lang='lat' dir='ltr'><strong>Urbinatis</strong></span> 
     </span>
    </p>
   </div>
   <div class='ocr_carea' id='block_1_74' title="bbox 2169 4868 3770 4943">
    <p class='ocr_par' dir='ltr' id='par_1_74' title="bbox 2169 4868 3770 4943">
     <span class='ocr_line' id='line_1_74' title="bbox 2169 4868 3770 4943; baseline 0.002 -19"><span class='ocrx_word' id='word_1_736' title='bbox 2169 4868 2536 4943; x_wconf 58' lang='lat' dir='ltr'><strong>biilleloquio,</strong></span> <span class='ocrx_word' id='word_1_737' title='bbox 2580 4871 2646 4927; x_wconf 84' lang='lat' dir='ltr'><strong>ad</strong></span> <span class='ocrx_word' id='word_1_738' title='bbox 2688 4887 2918 4931; x_wconf 77' lang='lat' dir='ltr'><strong>examen</strong></span> <span class='ocrx_word' id='word_1_739' title='bbox 2966 4887 3419 4938; x_wconf 79' lang='lat' dir='ltr'><strong>revocassemus,</strong></span> <span class='ocrx_word' id='word_1_740' title='bbox 3462 4871 3770 4928; x_wconf 80' lang='lat' dir='ltr'><strong>invenimus</strong></span> 
     </span>
    </p>
   </div>
   <div class='ocr_carea' id='block_1_75' title="bbox 2169 4965 3771 5037">
    <p class='ocr_par' dir='ltr' id='par_1_75' title="bbox 2169 4965 3771 5037">
     <span class='ocr_line' id='line_1_75' title="bbox 2169 4965 3771 5037; baseline 0.004 -22"><span class='ocrx_word' id='word_1_741' title='bbox 2169 4976 2377 5034; x_wconf 84' lang='lat' dir='ltr'><strong>partem</strong></span> <span class='ocrx_word' id='word_1_742' title='bbox 2425 4977 2630 5023; x_wconf 87' lang='lat' dir='ltr'><strong>tantum</strong></span> <span class='ocrx_word' id='word_1_743' title='bbox 2673 4981 2798 5023; x_wconf 85' lang='lat' dir='ltr'><strong>esse</strong></span> <span class='ocrx_word' id='word_1_744' title='bbox 2836 4966 3035 5037; x_wconf 85' lang='lat' dir='ltr'><strong>Operis</strong></span> <span class='ocrx_word' id='word_1_745' title='bbox 3074 4965 3357 5036; x_wconf 85' lang='lat' dir='ltr'><strong>cujusdam</strong></span> <span class='ocrx_word' id='word_1_746' title='bbox 3395 4965 3565 5023; x_wconf 87' lang='lat' dir='ltr'><strong>semel</strong></span> <span class='ocrx_word' id='word_1_747' title='bbox 3603 4975 3771 5035; x_wconf 84' lang='lat' dir='ltr'><strong>atque</strong></span> 
     </span>
    </p>
   </div>
   <div class='ocr_carea' id='block_1_76' title="bbox 2171 5057 3765 5133">
    <p class='ocr_par' dir='ltr' id='par_1_76' title="bbox 2171 5057 3765 5133">
     <span class='ocr_line' id='line_1_76' title="bbox 2171 5057 3765 5133; baseline 0.001 -20"><span class='ocrx_word' id='word_1_748' title='bbox 2171 5059 2365 5117; x_wconf 89' lang='lat' dir='ltr'><strong>itermn</strong></span> <span class='ocrx_word' id='word_1_749' title='bbox 2404 5062 2456 5117; x_wconf 90' lang='lat' dir='ltr'><strong>in</strong></span> <span class='ocrx_word' id='word_1_750' title='bbox 2492 5059 2813 5119; x_wconf 81' lang='lat' dir='ltr'><strong>Bibliotheca</strong></span> <span class='ocrx_word' id='word_1_751' title='bbox 2856 5060 3077 5117; x_wconf 84' lang='lat' dir='ltr'><strong>Patrum</strong></span> <span class='ocrx_word' id='word_1_752' title='bbox 3109 5058 3281 5129; x_wconf 85' lang='lat' dir='ltr'><strong>editi,</strong></span> <span class='ocrx_word' id='word_1_753' title='bbox 3326 5061 3502 5132; x_wconf 90' lang='lat' dir='ltr'><strong>primo</strong></span> <span class='ocrx_word' id='word_1_754' title='bbox 3545 5057 3765 5133; x_wconf 83' lang='lat' dir='ltr'><strong>quidem</strong></span> 
     </span>
    </p>
   </div>
   <div class='ocr_carea' id='block_1_77' title="bbox 2167 5154 3766 5229">
    <p class='ocr_par' dir='ltr' id='par_1_77' title="bbox 2167 5154 3766 5229">
     <span class='ocr_line' id='line_1_77' title="bbox 2167 5154 3766 5229; baseline 0.002 -21"><span class='ocrx_word' id='word_1_755' title='bbox 2167 5155 2270 5211; x_wconf 81' lang='lat' dir='ltr'><strong>sub</strong></span> <span class='ocrx_word' id='word_1_756' title='bbox 2296 5154 2394 5209; x_wconf 81' lang='lat' dir='ltr'><strong>hac</strong></span> <span class='ocrx_word' id='word_1_757' title='bbox 2421 5156 2715 5228; x_wconf 83' lang='lat' dir='ltr'><strong>epigraphe</strong></span> <span class='ocrx_word' id='word_1_758' title='bbox 2740 5175 2754 5210; x_wconf 87' lang='lat'><strong>:</strong></span> <span class='ocrx_word' id='word_1_759' title='bbox 2786 5156 3032 5215; x_wconf 75' lang='lat' dir='ltr'><strong>Faustini</strong></span> <span class='ocrx_word' id='word_1_760' title='bbox 3058 5157 3289 5229; x_wconf 81' lang='lat' dir='ltr'><strong>episcopi</strong></span> <span class='ocrx_word' id='word_1_761' title='bbox 3313 5165 3494 5212; x_wconf 84' lang='lat' dir='ltr'><strong>contra</strong></span> <span class='ocrx_word' id='word_1_762' title='bbox 3519 5154 3766 5220; x_wconf 72' lang='lat' dir='ltr'><strong>Ariditas.</strong></span> 
     </span>
    </p>
   </div>
   <div class='ocr_carea' id='block_1_78' title="bbox 545 5241 3771 5324">
    <p class='ocr_par' dir='ltr' id='par_1_78' title="bbox 545 5241 3771 5324">
     <span class='ocr_line' id='line_1_78' title="bbox 545 5241 3771 5324; baseline 0.003 -29"><span class='ocrx_word' id='word_1_763' title='bbox 545 5241 767 5297; x_wconf 87' lang='lat' dir='ltr'><strong>Librum</strong></span> <span class='ocrx_word' id='word_1_764' title='bbox 823 5258 1039 5313; x_wconf 77' lang='lat' dir='ltr'><strong>minque</strong></span> <span class='ocrx_word' id='word_1_765' title='bbox 1085 5243 1150 5297; x_wconf 78' lang='lat' dir='ltr'><strong>tle</strong></span> <span class='ocrx_word' id='word_1_766' title='bbox 1208 5241 1461 5299; x_wconf 73' lang='lat' dir='ltr'><strong>Vitiorum</strong></span> <span class='ocrx_word' id='word_1_767' title='bbox 1500 5245 1846 5313; x_wconf 82' lang='lat' dir='ltr'><strong>virtutumque</strong></span> <span class='ocrx_word' id='word_1_768' title='bbox 1887 5245 2076 5316; x_wconf 74' lang='lat' dir='ltr'><strong>conﬂi-</strong></span> <span class='ocrx_word' id='word_1_769' title='bbox 2165 5260 2308 5317; x_wconf 90' lang='lat' dir='ltr'><strong>etc.,</strong></span> <span class='ocrx_word' id='word_1_770' title='bbox 2346 5265 2534 5309; x_wconf 82' lang='lat' dir='ltr'><strong>rursus</strong></span> <span class='ocrx_word' id='word_1_771' title='bbox 2571 5265 2701 5307; x_wconf 74' lang='lat' dir='ltr'><strong>vero</strong></span> <span class='ocrx_word' id='word_1_772' title='bbox 2729 5253 2830 5309; x_wconf 82' lang='lat' dir='ltr'><strong>sub</strong></span> <span class='ocrx_word' id='word_1_773' title='bbox 2870 5251 3014 5309; x_wconf 74' lang='lat' dir='ltr'><strong>iatn:</strong></span> <span class='ocrx_word' id='word_1_774' title='bbox 3060 5250 3301 5324; x_wconf 82' lang='lat' dir='ltr'><strong>Gregorii</strong></span> <span class='ocrx_word' id='word_1_775' title='bbox 3328 5249 3508 5307; x_wconf 65' lang='lat' dir='ltr'><strong>Baetici</strong></span> <span class='ocrx_word' id='word_1_776' title='bbox 3537 5247 3771 5305; x_wconf 69' lang='lat' dir='ltr'><strong>“liberi-</strong></span> 
     </span>
    </p>
   </div>
   <div class='ocr_carea' id='block_1_79' title="bbox 459 5335 2061 5404">
    <p class='ocr_par' dir='ltr' id='par_1_79' title="bbox 459 5335 2061 5404">
     <span class='ocr_line' id='line_1_79' title="bbox 459 5335 2061 5404; baseline 0.001 -13"><span class='ocrx_word' id='word_1_777' title='bbox 459 5344 584 5400; x_wconf 82' lang='lat' dir='ltr'><strong>ctu,</strong></span> <span class='ocrx_word' id='word_1_778' title='bbox 613 5348 777 5404; x_wconf 75' lang='lat' dir='ltr'><strong>quem</strong></span> <span class='ocrx_word' id='word_1_779' title='bbox 813 5335 866 5391; x_wconf 89' lang='lat' dir='ltr'><strong>in</strong></span> <span class='ocrx_word' id='word_1_780' title='bbox 899 5335 1051 5395; x_wconf 75' lang='lat' dir='ltr'><strong>calce</strong></span> <span class='ocrx_word' id='word_1_781' title='bbox 1085 5337 1218 5394; x_wconf 78' lang='grc' dir='ltr'><strong>ιουιὶ</strong></span> <span class='ocrx_word' id='word_1_782' title='bbox 1249 5335 1294 5391; x_wconf 76' lang='grc' dir='ltr'><strong>ν</strong></span> <span class='ocrx_word' id='word_1_783' title='bbox 1328 5336 1556 5393; x_wconf 73' lang='lat' dir='ltr'><strong>Romani</strong></span> <span class='ocrx_word' id='word_1_784' title='bbox 1585 5338 1890 5401; x_wconf 85' lang='lat' dir='ltr'><strong>ediderant,</strong></span> <span class='ocrx_word' id='word_1_785' title='bbox 1921 5339 2061 5395; x_wconf 88' lang='lat' dir='ltr'><strong>omi-</strong></span> 
     </span>
    </p>
   </div>
   <div class='ocr_carea' id='block_1_80' title="bbox 463 5425 2065 5501">
    <p class='ocr_par' dir='ltr' id='par_1_80' title="bbox 463 5425 2065 5501">
     <span class='ocr_line' id='line_1_80' title="bbox 463 5425 2065 5501; baseline 0.001 -17"><span class='ocrx_word' id='word_1_786' title='bbox 463 5428 658 5487; x_wconf 86' lang='lat' dir='ltr'><strong>simus.</strong></span> <span class='ocrx_word' id='word_1_787' title='bbox 692 5425 846 5487; x_wconf 81' lang='lat' dir='ltr'><strong>llune</strong></span> <span class='ocrx_word' id='word_1_788' title='bbox 874 5428 1095 5499; x_wconf 84' lang='lat' dir='ltr'><strong>quidem</strong></span> <span class='ocrx_word' id='word_1_789' title='bbox 1128 5432 1622 5501; x_wconf 86' lang='lat' dir='ltr'><strong>manuscriptorum</strong></span> <span class='ocrx_word' id='word_1_790' title='bbox 1653 5431 1743 5487; x_wconf 87' lang='lat' dir='ltr'><strong>alii</strong></span> <span class='ocrx_word' id='word_1_791' title='bbox 1774 5432 2065 5488; x_wconf 83' lang='lat' dir='ltr'><strong>Ambrosio</strong></span> 
     </span>
    </p>
   </div>
   <div class='ocr_carea' id='block_1_81' title="bbox 465 5521 2061 5596">
    <p class='ocr_par' dir='ltr' id='par_1_81' title="bbox 465 5521 2061 5596">
     <span class='ocr_line' id='line_1_81' title="bbox 465 5521 2061 5596; baseline 0 -16"><span class='ocrx_word' id='word_1_792' title='bbox 465 5530 692 5589; x_wconf 79' lang='lat' dir='ltr'><strong>nostro,</strong></span> <span class='ocrx_word' id='word_1_793' title='bbox 725 5521 817 5581; x_wconf 78' lang='lat' dir='ltr'><strong>alii</strong></span> <span class='ocrx_word' id='word_1_794' title='bbox 845 5524 1179 5596; x_wconf 73' lang='lat' dir='ltr'><strong>Augustino,</strong></span> <span class='ocrx_word' id='word_1_795' title='bbox 1211 5526 1293 5583; x_wconf 82' lang='lat' dir='ltr'><strong>vel</strong></span> <span class='ocrx_word' id='word_1_796' title='bbox 1322 5525 1485 5585; x_wconf 85' lang='lat' dir='ltr'><strong>etiam</strong></span> <span class='ocrx_word' id='word_1_797' title='bbox 1520 5524 1691 5582; x_wconf 82' lang='lat' dir='ltr'><strong>Leoni</strong></span> <span class='ocrx_word' id='word_1_798' title='bbox 1721 5525 2061 5594; x_wconf 88' lang='lat' dir='ltr'><strong>attribuunt,</strong></span> 
     </span>
    </p>
   </div>
   <div class='ocr_carea' id='block_1_82' title="bbox 467 5615 2068 5688">
    <p class='ocr_par' dir='ltr' id='par_1_82' title="bbox 467 5615 2068 5688">
     <span class='ocr_line' id='line_1_82' title="bbox 467 5615 2068 5688; baseline 0.001 -15"><span class='ocrx_word' id='word_1_799' title='bbox 467 5615 565 5675; x_wconf 82' lang='lat' dir='ltr'><strong>sed</strong></span> <span class='ocrx_word' id='word_1_800' title='bbox 605 5616 719 5688; x_wconf 83' lang='lat' dir='ltr'><strong>pari</strong></span> <span class='ocrx_word' id='word_1_801' title='bbox 762 5615 1014 5673; x_wconf 72' lang='lat' dir='ltr'><strong>falsitate.</strong></span> <span class='ocrx_word' id='word_1_802' title='bbox 1044 5616 1261 5684; x_wconf 82' lang='lat' dir='ltr'><strong>Optime</strong></span> <span class='ocrx_word' id='word_1_803' title='bbox 1293 5633 1425 5675; x_wconf 67' lang='lat' dir='ltr'><strong>vero</strong></span> <span class='ocrx_word' id='word_1_804' title='bbox 1453 5620 1696 5677; x_wconf 87' lang='lat' dir='ltr'><strong>omnium</strong></span> <span class='ocrx_word' id='word_1_805' title='bbox 1727 5619 1898 5676; x_wconf 79' lang='lat' dir='ltr'><strong>codex</strong></span> <span class='ocrx_word' id='word_1_806' title='bbox 1929 5633 2068 5675; x_wconf 81' lang='lat' dir='ltr'><strong>unus</strong></span> 
     </span>
    </p>
   </div>
   <div class='ocr_carea' id='block_1_83' title="bbox 465 5709 2066 5782">
    <p class='ocr_par' dir='ltr' id='par_1_83' title="bbox 465 5709 2066 5782">
     <span class='ocr_line' id='line_1_83' title="bbox 465 5709 2066 5782; baseline 0.005 -18"><span class='ocrx_word' id='word_1_807' title='bbox 465 5709 699 5764; x_wconf 69' lang='lat' dir='ltr'><strong>abitalia:</strong></span> <span class='ocrx_word' id='word_1_808' title='bbox 720 5709 892 5764; x_wconf 85' lang='lat' dir='ltr'><strong>sancti</strong></span> <span class='ocrx_word' id='word_1_809' title='bbox 928 5709 1189 5782; x_wconf 84' lang='lat' dir='ltr'><strong>Ebrulphi</strong></span> <span class='ocrx_word' id='word_1_810' title='bbox 1213 5727 1335 5767; x_wconf 81' lang='lat' dir='ltr'><strong>cum</strong></span> <span class='ocrx_word' id='word_1_811' title='bbox 1367 5710 1640 5770; x_wconf 74' lang='lat' dir='ltr'><strong>Ambrosii</strong></span> <span class='ocrx_word' id='word_1_812' title='bbox 1682 5710 1936 5781; x_wconf 71' lang='lat' dir='ltr'><strong>Atttperti</strong></span> <span class='ocrx_word' id='word_1_813' title='bbox 1964 5726 2066 5771; x_wconf 82' lang='lat' dir='ltr'><strong>eo-</strong></span> 
     </span>
    </p>
   </div>
   <div class='ocr_carea' id='block_1_84' title="bbox 2169 5340 3774 5420">
    <p class='ocr_par' dir='ltr' id='par_1_84' title="bbox 2169 5340 3774 5420">
     <span class='ocr_line' id='line_1_84' title="bbox 2169 5340 3774 5420; baseline 0.004 -24"><span class='ocrx_word' id='word_1_814' title='bbox 2169 5343 2280 5399; x_wconf 73' lang='grc' dir='ltr'><strong>ιιιυί</strong></span> <span class='ocrx_word' id='word_1_815' title='bbox 2308 5343 2532 5415; x_wconf 79' lang='lat' dir='ltr'><strong>episcopi</strong></span> <span class='ocrx_word' id='word_1_816' title='bbox 2558 5343 2625 5397; x_wconf 86' lang='lat' dir='ltr'><strong>ad</strong></span> <span class='ocrx_word' id='word_1_817' title='bbox 2646 5340 2854 5399; x_wconf 78' lang='lat' dir='ltr'><strong>Gallam</strong></span> <span class='ocrx_word' id='word_1_818' title='bbox 2878 5344 3174 5403; x_wconf 84' lang='lat' dir='ltr'><strong>Placidiam</strong></span> <span class='ocrx_word' id='word_1_819' title='bbox 3195 5350 3499 5420; x_wconf 74' lang='lat' dir='ltr'><strong>Augustam.</strong></span> <span class='ocrx_word' id='word_1_820' title='bbox 3525 5342 3774 5401; x_wconf 85' lang='lat' dir='ltr'><strong>Tametsi</strong></span> 
     </span>
    </p>
   </div>
   <div class='ocr_carea' id='block_1_85' title="bbox 2166 5436 3769 5512">
    <p class='ocr_par' dir='ltr' id='par_1_85' title="bbox 2166 5436 3769 5512">
     <span class='ocr_line' id='line_1_85' title="bbox 2166 5436 3769 5512; baseline 0.002 -19"><span class='ocrx_word' id='word_1_821' title='bbox 2166 5454 2299 5494; x_wconf 79' lang='lat' dir='ltr'><strong>vero</strong></span> <span class='ocrx_word' id='word_1_822' title='bbox 2324 5455 2431 5495; x_wconf 88' lang='lat' dir='ltr'><strong>non</strong></span> <span class='ocrx_word' id='word_1_823' title='bbox 2461 5438 2768 5506; x_wconf 73' lang='lat' dir='ltr'><strong>defuerint,</strong></span> <span class='ocrx_word' id='word_1_824' title='bbox 2798 5441 2890 5512; x_wconf 85' lang='lat' dir='ltr'><strong>qni</strong></span> <span class='ocrx_word' id='word_1_825' title='bbox 2918 5440 3019 5498; x_wconf 88' lang='lat' dir='ltr'><strong>hac</strong></span> <span class='ocrx_word' id='word_1_826' title='bbox 3049 5440 3257 5497; x_wconf 88' lang='lat' dir='ltr'><strong>inducti</strong></span> <span class='ocrx_word' id='word_1_827' title='bbox 3286 5439 3646 5510; x_wconf 80' lang='lat' dir='ltr'><strong>inscriptione</strong></span> <span class='ocrx_word' id='word_1_828' title='bbox 3667 5477 3682 5504; x_wconf 93' lang='lat'><strong>,</strong></span> <span class='ocrx_word' id='word_1_829' title='bbox 3712 5436 3769 5497; x_wconf 82' lang='lat' dir='ltr'><strong>id</strong></span> 
     </span>
    </p>
   </div>
   <div class='ocr_carea' id='block_1_86' title="bbox 2167 5531 3772 5604">
    <p class='ocr_par' dir='ltr' id='par_1_86' title="bbox 2167 5531 3772 5604">
     <span class='ocr_line' id='line_1_86' title="bbox 2167 5531 3772 5604; baseline 0.002 -18"><span class='ocrx_word' id='word_1_830' title='bbox 2167 5532 2489 5602; x_wconf 85' lang='lat' dir='ltr'><strong>cpusculum</strong></span> <span class='ocrx_word' id='word_1_831' title='bbox 2530 5531 2797 5604; x_wconf 73' lang='lat' dir='ltr'><strong>Gregorio</strong></span> <span class='ocrx_word' id='word_1_832' title='bbox 2837 5533 3182 5600; x_wconf 86' lang='lat' dir='ltr'><strong>tribuerent,</strong></span> <span class='ocrx_word' id='word_1_833' title='bbox 3228 5532 3422 5589; x_wconf 88' lang='lat' dir='ltr'><strong>melius</strong></span> <span class='ocrx_word' id='word_1_834' title='bbox 3471 5540 3652 5587; x_wconf 89' lang='lat' dir='ltr'><strong>tamen</strong></span> <span class='ocrx_word' id='word_1_835' title='bbox 3699 5531 3772 5589; x_wconf 85' lang='lat' dir='ltr'><strong>ah</strong></span> 
     </span>
    </p>
   </div>
   <div class='ocr_carea' id='block_1_87' title="bbox 2169 5622 3777 5698">
    <p class='ocr_par' dir='ltr' id='par_1_87' title="bbox 2169 5622 3777 5698">
     <span class='ocr_line' id='line_1_87' title="bbox 2169 5622 3777 5698; baseline 0.005 -24"><span class='ocrx_word' id='word_1_836' title='bbox 2169 5622 2293 5679; x_wconf 79' lang='lat' dir='ltr'><strong>aliis</strong></span> <span class='ocrx_word' id='word_1_837' title='bbox 2332 5623 2590 5681; x_wconf 50' lang='lat' dir='ltr'><strong>Faunine</strong></span> <span class='ocrx_word' id='word_1_838' title='bbox 2627 5624 2960 5682; x_wconf 86' lang='lat' dir='ltr'><strong>ascribitur:</strong></span> <span class='ocrx_word' id='word_1_839' title='bbox 3002 5626 3098 5683; x_wconf 90' lang='lat' dir='ltr'><strong>sed</strong></span> <span class='ocrx_word' id='word_1_840' title='bbox 3144 5625 3260 5681; x_wconf 78' lang='lat' dir='ltr'><strong>haec</strong></span> <span class='ocrx_word' id='word_1_841' title='bbox 3300 5639 3492 5698; x_wconf 82' lang='lat' dir='ltr'><strong>urgere</strong></span> <span class='ocrx_word' id='word_1_842' title='bbox 3531 5638 3640 5679; x_wconf 90' lang='lat' dir='ltr'><strong>non</strong></span> <span class='ocrx_word' id='word_1_843' title='bbox 3684 5633 3777 5682; x_wconf 87' lang='lat' dir='ltr'><strong>est</strong></span> 
     </span>
    </p>
   </div>
   <div class='ocr_carea' id='block_1_88' title="bbox 2173 5715 3771 5791">
    <p class='ocr_par' dir='ltr' id='par_1_88' title="bbox 2173 5715 3771 5791">
     <span class='ocr_line' id='line_1_88' title="bbox 2173 5715 3771 5791; baseline 0.001 -22"><span class='ocrx_word' id='word_1_844' title='bbox 2173 5715 2336 5788; x_wconf 83' lang='lat' dir='ltr'><strong>hujus</strong></span> <span class='ocrx_word' id='word_1_845' title='bbox 2364 5717 2490 5775; x_wconf 82' lang='lat' dir='ltr'><strong>loci.</strong></span> <span class='ocrx_word' id='word_1_846' title='bbox 2528 5718 2684 5785; x_wconf 80' lang='lat' dir='ltr'><strong>Quod</strong></span> <span class='ocrx_word' id='word_1_847' title='bbox 2718 5720 2786 5773; x_wconf 85' lang='lat' dir='ltr'><strong>ad</strong></span> <span class='ocrx_word' id='word_1_848' title='bbox 2825 5719 3128 5777; x_wconf 87' lang='lat' dir='ltr'><strong>secundum</strong></span> <span class='ocrx_word' id='word_1_849' title='bbox 3170 5719 3364 5791; x_wconf 77' lang='lat' dir='ltr'><strong>horum</strong></span> <span class='ocrx_word' id='word_1_850' title='bbox 3401 5726 3771 5787; x_wconf 80' lang='lat' dir='ltr'><strong>tractatuum,</strong></span> 
     </span>
    </p>
   </div>
   <div class='ocr_carea' id='block_1_89' title="bbox 472 5802 3780 5887">
    <p class='ocr_par' dir='ltr' id='par_1_89' title="bbox 472 5802 3780 5887">
     <span class='ocr_line' id='line_1_89' title="bbox 472 5802 3780 5887; baseline 0.003 -27"><span class='ocrx_word' id='word_1_851' title='bbox 472 5802 620 5860; x_wconf 90' lang='lat' dir='ltr'><strong>mine</strong></span> <span class='ocrx_word' id='word_1_852' title='bbox 647 5803 966 5874; x_wconf 63' lang='lat' dir='ltr'><strong>inscriptum</strong></span> <span class='ocrx_word' id='word_1_853' title='bbox 1001 5803 1202 5861; x_wconf 84' lang='lat' dir='ltr'><strong>habet:</strong></span> <span class='ocrx_word' id='word_1_854' title='bbox 1235 5802 1324 5861; x_wconf 89' lang='lat' dir='ltr'><strong>cui</strong></span> <span class='ocrx_word' id='word_1_855' title='bbox 1367 5806 1634 5877; x_wconf 76' lang='lat' dir='ltr'><strong>Antperto</strong></span> <span class='ocrx_word' id='word_1_856' title='bbox 1671 5805 1725 5859; x_wconf 91' lang='lat' dir='ltr'><strong>in</strong></span> <span class='ocrx_word' id='word_1_857' title='bbox 1767 5803 2070 5875; x_wconf 82' lang='lat' dir='ltr'><strong>appendico</strong></span> <span class='ocrx_word' id='word_1_858' title='bbox 2173 5824 2334 5880; x_wconf 87' lang='lat' dir='ltr'><strong>quam</strong></span> <span class='ocrx_word' id='word_1_859' title='bbox 2361 5817 2418 5867; x_wconf 86' lang='lat' dir='ltr'><strong>et</strong></span> <span class='ocrx_word' id='word_1_860' title='bbox 2443 5810 2533 5869; x_wconf 88' lang='lat' dir='ltr'><strong>ille</strong></span> <span class='ocrx_word' id='word_1_861' title='bbox 2556 5811 2767 5874; x_wconf 85' lang='lat' dir='ltr'><strong>alienus</strong></span> <span class='ocrx_word' id='word_1_862' title='bbox 2797 5813 2871 5869; x_wconf 85' lang='lat' dir='ltr'><strong>sit</strong></span> <span class='ocrx_word' id='word_1_863' title='bbox 2898 5813 2968 5870; x_wconf 89' lang='lat' dir='ltr'><strong>ab</strong></span> <span class='ocrx_word' id='word_1_864' title='bbox 2995 5812 3306 5887; x_wconf 76' lang='lat' dir='ltr'><strong>Ambrosio,</strong></span> <span class='ocrx_word' id='word_1_865' title='bbox 3336 5811 3422 5871; x_wconf 89' lang='lat' dir='ltr'><strong>vel</strong></span> <span class='ocrx_word' id='word_1_866' title='bbox 3453 5811 3580 5879; x_wconf 83' lang='lat' dir='ltr'><strong>hinc</strong></span> <span class='ocrx_word' id='word_1_867' title='bbox 3611 5811 3780 5879; x_wconf 81' lang='lat' dir='ltr'><strong>intel-</strong></span> 
     </span>
    </p>
   </div>
  </div>
