4078 6306
376 213 442 279 13
1813 216 2205 287 ΡΒᾸῼΡΔΊῚΟ.
3612 234 3676 293 Η

367 340 533 412 ligas,
574 341 724 412 quod
765 355 945 399 sermo
981 340 1196 413 quidam
1232 342 1305 396 sit
1340 340 1558 397 habitus
1598 343 1669 398 ab
1706 344 1967 416 episeopo
1993 338 2042 401 Α
2074 360 2215 400 nem.
2260 345 2578 413 Hujusmodi
2619 350 2816 419 quippe
2846 358 2971 405 sunt
3002 351 3056 407 in
3090 351 3258 425 Regia
3290 368 3577 411 sermones
3608 360 3675 411 de

370 448 659 506 anonymo,
684 436 776 505 qui
806 450 865 489 se
888 450 950 491 ex
974 436 1286 503 Britanniis,
1306 435 1394 491 ubi
1428 437 1578 506 paris
1610 438 1966 493 conciliandae

370 526 531 594 gratia
563 526 655 579 ditt
687 539 930 584 moratus
955 527 1166 594 fuerat,
1198 529 1448 583 reducem
1478 544 1603 585 esse
1631 543 1818 600 aperte
1848 548 1967 587 nar-

372 628 474 673 rat.
504 618 633 673 illud
666 629 847 676 autem
878 636 972 676 eos
1001 622 1088 692 qui
1119 621 1289 678 hocce
1314 622 1574 695 scriptum
1604 625 1818 680 lloctori
1846 641 1972 681 nos-

374 720 456 765 tro
487 711 586 765 rati
619 719 753 766 sunt
782 714 1161 770 ascrihendum
1183 755 1198 781 ,
1234 715 1444 772 videtur
1472 715 1759 787 decepisse
1778 761 1792 783 ,
1827 719 1968 791 quod

375 809 488 868 eius
519 817 709 862 auctor
741 808 1073 863 mentionem
1106 808 1234 865 facit
1272 819 1584 865 sanctorum
1620 812 1850 868 Pr0tasii
1884 822 1967 867 at-

375 916 479 972 que
506 900 752 957 Gervasii
781 919 795 967 ;
822 904 950 974 quin
981 903 1140 958 etiam
1168 916 1219 958 et
1252 905 1598 961 Ambrosium
1632 906 1810 977 ipsum
1840 908 1974 962 allo-

377 994 576 1064 quitur.
611 994 717 1049 Sed
750 994 853 1051 hoc
884 995 1131 1053 ultimunt
1160 1000 1330 1053 sancti
1363 997 1640 1056 Autistitis
1666 1003 1969 1058 orationem

378 1102 481 1142 non
511 1103 630 1143 esse
660 1089 874 1146 abunde
904 1092 1112 1163 probat.

450 1179 505 1235 in
551 1182 833 1239 codicibus
878 1183 1218 1241 bibliothecae
1264 1188 1638 1246 Ambrosiana:
1685 1191 1971 1249 Mediolani

385 1274 571 1345 opellm
608 1275 737 1331 item
777 1278 981 1350 aliquot
1019 1278 1287 1337 habentur
1320 1281 1568 1339 Doctoris
1606 1285 1780 1340 nostri
1817 1288 1975 1342 titulo

387 1383 736 1443 prteuotatte,
779 1389 1006 1447 quarum
1049 1378 1342 1432 nonnullas
1385 1378 1633 1435 laudatus
1673 1397 1835 1452 supra
1866 1383 1977 1439 Ma-

385 1467 633 1525 billonius
663 1468 890 1545 ejusque
921 1471 1103 1527 socius
1131 1470 1197 1524 D.
1230 1470 1388 1527 Miclt.
1422 1471 1725 1529 Germanus
1745 1518 1759 1540 ,
1791 1477 1974 1532 Musca

388 1558 553 1616 italia:
592 1562 755 1618 solita
820 1563 1084 1623 rimantes
1135 1565 1442 1635 diligentia,
1497 1568 1824 1626 detexerunt
1881 1571 1978 1627 de-

387 1655 848 1726 scripseruntque.
886 1659 1061 1717 Prima
1092 1659 1310 1719 illarum
1337 1671 1443 1725 est,
1467 1678 1589 1733 qum
1621 1664 1975 1721 inscribitur:

2072 436 2430 505 Eucharistia,
2464 439 2528 495 de
2553 440 2703 496 Caeca
2734 452 2856 496 nato
2875 485 2887 506 ,
2918 444 2982 499 de
3018 442 3184 509 Pace,
3216 447 3281 500 de
3308 447 3441 518 falso
3470 450 3675 513 Amico,

2073 540 2129 586 et
2144 530 2335 587 Contra
2348 549 2433 587 eos
2454 535 2544 605 qui
2563 536 2790 591 animam
2812 554 2909 591 non
2929 539 3242 608 confitentur
3262 557 3370 595 esse
3392 544 3672 612 facturam,

2073 633 2163 677 aut
2189 640 2305 678 eam
2330 641 2395 680 ea:
2419 627 2632 680 traduce
2656 643 2765 682 esse
2787 630 2966 684 dicunt
2990 645 3010 685 :
3039 630 3092 684 in
3120 628 3435 687 Colbertina
3465 649 3683 690 sermo-

2073 729 2171 769 nes
2197 717 2248 770 in
2280 715 2564 773 Nativitate
2588 718 2647 772 Β.
2679 718 2896 788 Μανία»,
2924 722 2993 775 ad
3020 722 3308 781 habitantes
3334 726 3387 780 in
3416 728 3683 791 emnobiis,

2074 818 2122 862 et
2153 809 2215 862 de
2239 808 2444 865 Malitia
2466 812 2639 867 carnis
2662 829 2681 867 .·
2709 813 2760 868 in
2786 815 3057 885 aliquibus
3082 819 3246 872 etiam
3280 819 3683 890 provinciarum

2076 900 2425 957 bibliothecis
2475 906 2602 959 talia
2643 907 2844 977 scripta
2891 909 3263 982 pseudonyma
3303 914 3681 983 reperiuntur,

2075 992 2385 1063 cuiusmodi
2426 1006 2509 1051 est
2545 1000 2761 1069 epistola
2800 1006 2967 1055 sancti
3005 1002 3260 1057 Ambrosii
3288 1005 3358 1059 ad
3391 1004 3681 1060 Hilarium.

2078 1085 2188 1141 Sed
2220 1102 2342 1142 cum
2389 1090 2581 1147 horum
2610 1095 2855 1149 omnium
2886 1110 2950 1151 ac
2991 1096 3289 1165 similium,
3327 1100 3558 1156 eruditis
3592 1102 3686 1173 qui

2077 1174 2219 1232 forte
2250 1178 2304 1234 in
2338 1180 2427 1235 illa
2461 1182 2751 1241 inciderint
2783 1227 2799 1253 ,
2836 1189 2921 1243 vix
2955 1188 3124 1245 ullum
3155 1192 3329 1262 possit
3358 1192 3641 1263 imponere
3668 1238 3683 1261 ,

2078 1272 2377 1343 statimque
2421 1287 2753 1346 agnoscatur
2782 1282 3135 1352 suppositio;
3171 1281 3307 1339 nihil
3350 1286 3439 1341 hic
3477 1286 3690 1343 adden-

2078 1361 2207 1418 dum
2240 1380 2363 1422 esse
2393 1368 2748 1426 arbitramur.

2156 1458 2544 1517 Verumtamen
2573 1464 2795 1521 silentio
2820 1468 3219 1538 prtetereundm
3241 1485 3347 1525 non
3380 1481 3504 1527 sunt
3542 1486 3695 1528 eom-

2081 1554 2445 1612 mentationes
2492 1556 2648 1620 dum.
2695 1559 2747 1613 in
2797 1558 3278 1618 Ambrosianarum
3319 1564 3539 1635 quidem
3571 1580 3699 1621 cor-

2081 1661 2211 1716 pore
2259 1663 2593 1717 numquam,
2639 1654 2742 1705 sub
2786 1651 3060 1709 Ambrosii
3108 1666 3286 1711 tamen
3341 1656 3501 1713 titulo
3554 1656 3687 1713 alibi

386 1744 645 1817 Confessio
677 1748 801 1817 ﬁdei
826 1749 991 1807 sancti
1020 1750 1317 1819 Ambrosii;
1342 1753 1527 1823 incipit
1557 1769 1735 1813 autem
1766 1775 1779 1811 :
1809 1758 1979 1829 Sufﬁ-

2101 1740 2259 1797 nlitm.
2309 1741 2495 1797 Altera
2547 1744 2777 1801 habetur
2822 1747 2962 1817 apud
3016 1748 3332 1804 Bollandum
3402 1766 3497 1806 xm
3569 1751 3683 1807 kal.

384 1841 541 1894 ciebat
569 1842 698 1912 ﬁdes
727 1847 1019 1915 conscripta
1043 1847 1190 1919 apud
1216 1847 1469 1905 Nicteam.
1503 1851 1610 1907 Sed
1641 1852 1780 1907 hanc
1805 1869 1835 1907 e
1861 1853 1982 1907 Coi-

387 1933 596 1987 bertino
634 1934 827 1990 codice
858 1936 920 1992 P.
954 1937 1069 1994 Jac.
1102 1939 1309 2013 Homey
1343 1943 1769 2013 Augustinianus
1800 1944 1980 2000 Theo-

387 2023 537 2096 logns
576 2026 745 2081 edidit
788 2029 839 2083 in
875 2028 1245 2102 Supplementa
1290 2032 1533 2099 Patrum,
1571 2034 1793 2106 jamque
1833 2037 1983 2107 prius

387 2118 553 2187 ipsam
585 2120 895 2190 vulgawrat
926 2122 981 2176 i’.
1008 2122 1350 2191 Qttesnrllitts
1378 2124 1613 2193 Operum
1640 2128 1814 2182 sancti
1843 2126 1984 2182 Leo-

389 2213 470 2266 nis
504 2223 646 2270 totuo
690 2213 764 2279 ll,
795 2231 914 2287 pag.
944 2216 1075 2279 158,
1108 2218 1195 2272 ubi
1226 2217 1468 2272 Faustini
1501 2234 1700 2274 nomen
1730 2220 1782 2275 in
1810 2220 1987 2277 fronte

386 2309 546 2379 gerit.
579 2308 905 2364 Rationihus
931 2311 996 2367 iis
1030 2312 1227 2381 quibus
1254 2311 1515 2367 Fausuno
1548 2313 1689 2369 idem
1719 2313 1984 2381 Quesnel-

391 2400 494 2459 lius
522 2418 639 2456 eam
672 2403 903 2459 vindieat
924 2444 939 2469 ,
981 2415 1036 2458 et
1075 2405 1216 2458 inter
1245 2420 1418 2460 annos
1444 2406 1550 2461 57s
1574 2417 1629 2461 et
1659 2406 1756 2463 58l
1794 2409 1991 2463 asserit

391 2496 683 2565 scriptam,
733 2496 865 2559 nihil
912 2509 1206 2568 repugnat:
1255 2508 1445 2554 contra
1488 2516 1618 2555 vero
1645 2512 1697 2556 ut
1735 2503 1986 2557 eamdem

392 2591 660 2645 Ambrosii
693 2606 818 2647 esse
846 2592 1219 2651 existimemus
1242 2634 1257 2659 ,
1303 2594 1433 2649 nihil
1476 2596 1823 2667 suliragatur.
1857 2597 1991 2653 Huic

395 2683 615 2739 schedio
637 2682 799 2740 iidem
822 2686 993 2741 nostri
1013 2685 1353 2741 Mabillonitts
1375 2699 1535 2757 atque
1549 2688 1855 2744 Germanus
1885 2690 1987 2743 alia

394 2775 501 2830 duo
536 2778 700 2832 etiam
742 2777 1081 2847 adjunxere,
1123 2779 1373 2836 videlicet
1416 2778 1673 2835 Libellum
1714 2780 1898 2848 Fidei,
1938 2791 1993 2837 et

396 2870 679 2939 epistolam
722 2869 786 2925 de
832 2870 1095 2927 Pudicitia
1130 2884 1177 2928 et
1207 2876 1459 2930 castitate.
1496 2874 1735 2931 Libellus
1762 2876 1995 2947 acepha-

399 2962 480 3016 lus
507 2971 621 3027 est,
650 2964 877 3033 epistola
910 2981 1038 3020 vero
1067 2965 1348 3022 decurtata
1382 2970 1671 3037 posteriori
1707 2980 1857 3038 parte
1884 2986 1897 3031 ;
1930 2984 1993 3024 ac

396 3070 658 3129 praetorea
684 3070 790 3114 tam
819 3060 1027 3116 crebris
1049 3061 1263 3117 larunis
1290 3074 1578 3132 utrumque
1606 3064 1956 3119 intersectum
1976 3108 1990 3131 ,

2091 1832 2252 1890 Febr.
2285 1834 2389 1890 sub
2421 1835 2522 1891 hac
2555 1837 2894 1909 epigraphe:
2927 1838 2990 1896 S.
3020 1840 3320 1897 Sebastt'ani
3347 1840 3507 1897 Mart.
3540 1843 3691 1909 Acta,

2090 1938 2302 1983 auctore
2344 1939 2524 1985 saneto
2566 1931 2839 1987 Ambrosio
2868 1934 3125 2005 episcopo.
3159 1935 3267 1993 Sed
3295 1936 3473 1991 critici
3504 1952 3702 1991 omnes

2083 2020 2276 2092 judicii
2305 2022 2593 2079 limatioris
2620 2024 2940 2080 mendacem
2969 2027 3109 2081 hanc
3136 2043 3260 2083 esse
3286 2027 3698 2099 inscriptionem

2089 2115 2245 2170 nullo
2277 2117 2495 2187 negotio
2523 2118 3024 2188 deprehenderunt.
3058 2122 3125 2175 Et
3152 2136 3284 2178 sane
3312 2124 3487 2179 multo
3518 2128 3700 2179 minus

2089 2207 2290 2279 ingenii
2320 2209 2621 2280 praeferunt
2648 2212 2999 2269 Ambrosiani
3024 2257 3038 2282 ,
3072 2232 3232 2287 quam
3264 2219 3397 2272 Acta
3423 2218 3507 2272 vel
3538 2233 3701 2275 sanc-

2092 2310 2272 2357 torum
2322 2303 2553 2362 Protasii
2594 2320 2659 2361 ac
2696 2306 2984 2369 Gervasii,
3026 2309 3111 2365 vel
3152 2320 3466 2367 sanctorum
3498 2311 3698 2369 Vitaiis

2094 2404 2258 2464 atque
2285 2395 2557 2469 Agricolzn
2584 2417 2599 2466 ;
2631 2416 2753 2472 quae
2797 2412 2979 2459 tamen
3020 2419 3128 2459 non
3172 2406 3446 2462 immerito
3489 2409 3542 2463 in
3589 2411 3705 2480 Ap-

2094 2489 2376 2557 pendicem
2409 2506 2438 2545 a
2469 2492 2630 2548 nobis
2661 2493 2837 2564 rejici,
2863 2494 2985 2550 loco
3023 2512 3124 2552 suo
3162 2498 3311 2554 clare
3353 2500 3700 2557 ostendetur.

2094 2579 2252 2639 Unde
2283 2584 2479 2639 mirum
2512 2584 2571 2640 lit
2598 2588 2876 2658 quomodo
2904 2604 3094 2646 errare
3124 2592 3176 2647 in
3209 2592 3314 2649 hoc
3348 2595 3589 2666 potuerit
3622 2596 3705 2651 vir

2095 2672 2462 2732 doctissimus.

2168 2768 2407 2826 Duorum
2431 2784 2612 2829 autem
2636 2775 2875 2846 Operum
2900 2795 3023 2850 qua:
3047 2782 3440 2853 iudicabamus,
3464 2786 3702 2843 alterum

2096 2871 2181 2916 est
2205 2862 2444 2920 Historia
2468 2865 2717 2941 Egesippi
2746 2872 2811 2926 de
2840 2873 2972 2928 bello
2999 2874 3228 2932 Iudaico
3258 2889 3305 2932 et
3333 2880 3537 2936 excidio
3570 2879 3704 2937 Hie-

2097 2956 2487 3026 rosolymitano.
2525 2960 2657 3016 Eam
2692 2964 2972 3020 historiam
3024 2984 3128 3022 non
3174 2978 3382 3025 tantum
3425 2971 3700 3029 editiones

2098 3048 2347 3117 quaedam
2369 3052 2660 3109 Ambrosio
2691 3057 2964 3123 tr.buunt,
2998 3061 3093 3115 sed
3124 3063 3284 3117 etiam
3317 3064 3560 3119 nonnulli
3588 3081 3705 3121 ma-

399 3158 458 3205 ut
479 3153 718 3222 quamvis
740 3168 769 3205 a
793 3152 1111 3209 charactere
1133 3155 1407 3210 Ambrosii
1439 3155 1617 3212 minus
1645 3157 1988 3223 recederent,

2101 3145 2385 3216 nttscripti.
2421 3148 2666 3221 Exempli
2698 3167 2857 3207 causa
2887 3164 3114 3222 quartus
3152 3171 3217 3209 ex
3259 3156 3503 3227 quinque
3543 3157 3704 3213 libris

397 3250 486 3303 vix
521 3261 695 3305 tamen
728 3260 914 3309 essent
959 3252 1114 3316 tanti,
1162 3261 1218 3307 ut
1261 3252 1314 3307 in
1356 3255 1420 3308 iis
1468 3255 1697 3311 edendis
1737 3257 1926 3310 charta
1948 3264 2005 3311 et

398 3355 564 3411 opera
608 3342 1037 3412 impenderetur.
1082 3343 1225 3399 idem
1267 3346 1429 3401 etiam
1467 3346 1731 3417 judicium
1771 3358 1889 3404 esto
1933 3348 2003 3404 de

399 3436 716 3503 quibusdam
764 3437 884 3493 aliis
920 3440 1331 3509 St-riptionibus,
1362 3456 1483 3511 qua:
1510 3441 1560 3495 itt
1588 3444 1779 3497 eadem
1808 3442 2002 3497 biblio.

403 3529 557 3585 theca
602 3531 842 3587 feruntur
881 3534 1112 3591 inveniri
1140 3534 1242 3589 sub
1279 3534 1362 3589 his
1404 3536 1574 3591 titulis
1601 3554 1613 3590 :
1640 3535 1718 3591 De
1751 3535 2003 3591 Primitiis

401 3619 699 3690 afferendis,
734 3624 797 3678 de
827 3622 1132 3681 Melioribus
1175 3626 1521 3697 litigantibus,
1555 3637 1601 3683 et
1630 3628 1874 3683 adversus
1906 3629 2003 3684 As-

405 3724 684 3781 tronomos,
716 3732 836 3788 qua:
862 3719 1119 3789 opu-cuia
1150 3722 1464 3775 memoratis
1492 3720 1769 3779 sodalibus
1800 3723 2002 3777 nostris

406 3822 501 3875 per
528 3808 803 3878 angustias
835 3812 1097 3879 temporis
1118 3853 1132 3876 ,
1162 3827 1269 3883 quo
1292 3812 1490 3869 versati
1522 3824 1647 3870 sunt
1676 3814 1961 3870 Mediolani
1986 3856 2000 3881 ,

403 3900 668 3968 expiscari
704 3904 924 3961 minime
957 3906 1128 3962 licuit.

478 3993 534 4048 ltt
568 3993 817 4052 Vaticana
860 3999 1188 4057 bibliotheca
1212 4043 1225 4063 ,
1270 4012 1469 4072 pra'ter
1506 4004 1834 4073 scriptiones
1875 4019 2003 4075 pauo

404 4103 533 4155 cas,
574 4104 706 4163 quas
749 4092 1019 4147 edidimus
1059 4095 1108 4149 itt
1152 4094 1505 4165 Appendtce,
1547 4097 1668 4153 aliae
1708 4106 2007 4152 occurrunt

407 4184 655 4253 ascripta:
684 4184 1010 4251 Ambrosio;
1042 4187 1157 4243 ista:
1185 4189 1439 4244 nimirum
1459 4230 1471 4253 ,
1498 4186 1576 4243 De
1603 4190 1746 4244 beato
1776 4188 1931 4243 Petro
1958 4199 2003 4243 et

408 4276 621 4331 Simone
648 4296 797 4352 mago
816 4322 829 4344 ,
859 4280 1003 4350 quod
1039 4279 1392 4350 fragmentum
1426 4291 1509 4335 est
1541 4281 1663 4337 libri
1692 4298 1725 4336 ιι
1754 4280 2004 4337 Historia:

406 4370 805 4427 Eeclesiasticte
832 4371 1050 4427 Eusebii
1076 4371 1339 4442 Pamphili
1363 4372 1552 4429 Latine
1578 4390 1815 4430 versum.
1846 4373 1999 4436 item,

407 4464 490 4521 De
521 4463 833 4521 Ptenitetttia
865 4466 1032 4531 Petri,
1068 4468 1144 4525 De
1173 4470 1528 4540 interiectione
1556 4468 1702 4541 Agag
1725 4512 1739 4535 ,
1775 4469 1839 4524 de
1871 4468 1918 4525 Ε
1922 4469 2004 4523 ide

2106 3238 2348 3308 ejusdem
2378 3242 2456 3295 sic
2487 3242 2800 3297 inscribitur
2831 3243 2886 3298 itt
2918 3244 3104 3301 codice
3131 3244 3547 3303 Carmelitarum
3584 3251 3709 3305 (Ila-

2105 3346 2554 3390 ro'nontanorum
2580 3353 2592 3389 :
2626 3336 2808 3391 Sancti
2834 3339 3090 3392 Ambrosii
3109 3340 3339 3408 epist-api
3367 3342 3707 3413 dispersionis

2103 3424 2407 3481 Judaorum
2459 3426 2632 3482 Flavii
2680 3427 2898 3493 Joseplti
2952 3431 3358 3502 Itistoriograplti
3409 3434 3703 3502 capitulum

2102 3532 2366 3589 quartum.
2401 3520 2514 3574 llnc
2539 3521 2702 3576 etiam
2729 3524 2934 3579 accedit
2963 3522 3276 3581 Cassiodori
3307 3529 3703 3593 testimonium,

2104 3612 2426 3669 afﬁrmantis
2468 3624 2630 3670 attale
2671 3629 2767 3670 sua
2806 3617 3029 3688 losephi
3071 3621 3376 3677 versionem
3422 3622 3704 3679 exstitisse

2104 3708 2167 3761 ab
2199 3708 2318 3762 aliis
2359 3710 2569 3777 quidem
2604 3721 2781 3765 sancto
2818 3710 3137 3785 Hieronymo
3160 3758 3172 3777 ,
3206 3715 3271 3769 ab
3307 3715 3431 3769 aliis
3473 3715 3705 3785 Ruﬁno,

2103 3801 2166 3854 ab
2218 3801 2337 3856 aliis
2381 3817 2502 3857 vero
2543 3802 2847 3874 deputatum
2895 3807 3165 3861 Ambrosio
3219 3807 3337 3880 (De
3365 3808 3542 3863 lnstit.
3575 3807 3698 3864 Div.

2106 3891 2283 3947 Litter.
2315 3896 2553 3966 cap.l7).
2588 3898 2750 3969 Atqui
2783 3914 2901 3953 eam
2934 3915 3040 3954 non
3074 3916 3199 3956 esse
3231 3901 3547 3974 Hieronymi
3592 3902 3705 3959 dis-

2105 3986 2277 4041 cimus
2304 4003 2369 4041 ex
2402 3986 2683 4056 ipsiusmet
2714 3990 2941 4061 epistola
2974 3991 3041 4046 ad
3073 3992 3361 4047 Lucinium
3398 3994 3663 4050 Bmticum
3686 4036 3703 4062 ,

2107 4079 2197 4134 ubi
2231 4079 2515 4148 profitetur
2543 4097 2608 4137 ex
2641 4083 2867 4139 historia
2899 4084 3141 4155 ejusdem
3170 4086 3392 4158 .losephi
3423 4087 3555 4142 nihil
3584 4104 3613 4143 a
3648 4103 3710 4145 se

2107 4186 2228 4227 esse
2276 4175 2639 4230 translatum:
2689 4192 2792 4231 neu
2834 4187 3013 4232 autem
3060 4177 3254 4232 Ruﬁno
3296 4179 3441 4233 illam
3483 4180 3707 4236 addica-

2108 4278 2263 4329 mus,
2319 4266 2404 4320 vel
2455 4268 2569 4322 sola
2623 4268 2860 4324 elocutio
2900 4271 3116 4326 videtur
3160 4272 3497 4343 prohibere;
3538 4282 3707 4345 atque

2108 4356 2213 4413 huc
2254 4372 2413 4429 pacto
2454 4368 2562 4416 tota
2612 4363 2964 4433 probabilitas
3010 4364 3078 4420 ad
3134 4365 3486 4423 Ambrosium
3543 4368 3706 4425 redit.

2110 4449 2318 4516 Quibus
2346 4454 2470 4508 addi
2503 4454 2725 4526 insuper
2753 4467 2983 4528 possunt
3023 4476 3129 4513 uoti
3174 4474 3362 4531 paucae
3405 4462 3712 4518 locutiones

406 4559 476 4612 ad
500 4558 700 4614 bellum,
730 4559 1137 4633 Hieronymum,
1168 4571 1220 4617 el
1244 4562 1512 4621 summa
1539 4566 1589 4617 ίη
1614 4562 1873 4617 [mnu-mm
1902 4581 2006 4631 μω,
2033 4528 2086 4588 Ι)
2110 4546 2318 4599 auctori
2358 4546 2471 4600 sive
2512 4549 2794 4619 interpreti
2827 4552 2985 4606 dicta:
3018 4552 3265 4608 historia:
3293 4568 3415 4609 eum
3447 4553 3710 4612 Antistite

409 4653 671 4708 nitentem.
715 4656 847 4721 Qum
888 4654 1101 4724 quidem
1138 4655 1418 4711 Sententia
1451 4659 1720 4724 reperitur
1753 4657 1918 4711 etiam
1954 4656 2007 4709 in

410 4750 787 4817 manuscripto
826 4746 1176 4804 Cis'ercionsi
1219 4750 1320 4804 sub
1366 4748 1469 4804 hoc
1515 4749 1807 4804 lemmate:
1854 4747 2010 4802 Trac-

411 4852 550 4897 tatus
597 4842 763 4896 sancti
808 4840 1062 4896 Ambrosii
1106 4842 1331 4915 episwpi
1376 4842 1439 4898 de
1480 4840 1828 4908 Paenitentia;
1868 4843 2007 4897 etin

406 4934 709 5006 appendice
740 4934 1137 5003 Operuntbeati
1175 4934 1488 5005 literonymi
1521 4934 1600 4988 sic
1632 4943 2007 5003 pra-notatur:

407 5029 647 5101 Epistola
674 5030 840 5084 sancti
872 5028 1177 5099 Hieronymi
1204 5031 1271 5083 ad
1298 5029 1595 5099 quemdam.
1628 5030 1714 5097 qui
1741 5029 1791 5082 in
1817 5028 2009 5083 steculo

409 5124 704 5195 paenitebat.
752 5123 1015 5194 R“|iquus
1059 5138 1187 5177 vero
1218 5135 1546 5177 memoratos
1579 5129 1839 5176 tracxatus
1870 5120 2011 5174 forte

407 5217 550 5287 apud
591 5219 724 5271 alios
765 5229 1017 5272 auctores
1059 5218 1335 5285 reperient
1372 5216 1441 5281 ii,
1484 5215 1680 5283 quibus
1729 5216 1823 5270 otii
1877 5215 2012 5269 satis

410 5318 707 5379 διιιηιθιιιις
760 5309 916 5364 nobis
962 5316 1140 5364 autem
1184 5308 1311 5362 illud
1356 5306 1590 5371 sufficit,
1632 5306 1775 5377 quod
1807 5321 1870 5361 ex
1906 5307 2013 5361 Ier-

414 5402 562 5460 tiutte
603 5402 1043 5476 apograpbarutn
1094 5416 1227 5470 quos
1273 5402 1359 5456 hic
1401 5400 1697 5465 habemus,
1740 5399 2011 5456 Ambrosii

416 5513 524 5557 non
554 5517 675 5558 esse
712 5510 866 5557 CCI‘itt
897 5498 1279 5566 augtmvintus.

487 5593 781 5651 Gallicana:
833 5589 1179 5648 bibliotheca:
1230 5587 1491 5657 qutsdam
1540 5586 1791 5642 similiter
1843 5587 2015 5656 scrip-

419 5687 685 5745 tiuttrulas
731 5686 941 5755 jactant
990 5684 1041 5736 in
1093 5681 1367 5737 Ambrosii
1392 5680 1665 5745 Opi-ribus
1720 5694 2013 5750 numquam

418 5782 628 5847 edito,
673 5780 770 5837 sed
822 5780 1236 5834 .-\ntbrosianam
1290 5778 1614 5831 incutientes
1656 5775 2013 5846 nuncupatio-

2116 4647 2302 4693 nostro
2331 4654 2652 4698 communes
2673 4686 2687 4709 ,
2722 4659 2856 4712 quas
2886 4643 3177 4713 diligenter
3219 4647 3315 4701 abs
3348 4662 3407 4703 se
3445 4648 3712 4704 collectas

2115 4734 2255 4787 inter
2286 4747 2346 4787 se
2374 4737 2651 4791 contendit
2682 4736 3008 4794 Gronovius.
3041 4739 3242 4795 Verum
3278 4740 3439 4798 facile
3482 4758 3710 4813 respon-

2115 4825 2274 4883 detur
2327 4828 2451 4883 huie
2504 4841 2823 4902 argumento
2876 4834 3343 4898 comparationem
3401 4837 3710 4893 istiusmodi

2114 4920 2360 4977 fallacvm
2404 4939 2562 4991 esse;
2606 4942 2728 4981 cum
2773 4945 2839 4983 ex
2869 4930 3183 4984 auctoribus
3210 4930 3603 4986 diversissimis
3635 4933 3714 4986 lo-

2118 5020 2317 5087 quendi
2346 5017 2607 5077 formulas
2636 5021 2778 5078 inter
2805 5039 2865 5078 se
2892 5025 3086 5079 aflines
3128 5025 3255 5081 hinc
3296 5024 3421 5080 inde
3463 5042 3720 5083 resecare

2117 5119 2171 5165 et
2222 5127 2551 5181 centpmtere
2604 5117 2776 5172 cuivis
2832 5106 3139 5188 prompttﬂl
3194 5120 3282 5174 sit.
3336 5120 3487 5175 Solvi
3534 5131 3716 5176 autem

2119 5204 2260 5259 haud
2303 5222 2446 5277 aegre
2492 5219 2668 5278 potest
2707 5212 3003 5267 anetoritas
3041 5211 3398 5281 Cassiodori;
3445 5222 3538 5267 aut
3568 5214 3716 5269 enim

2122 5302 2212 5357 illo
2247 5302 2384 5357 hanc
2424 5302 2707 5359 historiam
2752 5322 2859 5361 non
2903 5307 3159 5361 indicavit
3183 5350 3197 5373 ,
3229 5308 3428 5376 quippe
3458 5324 3576 5377 qum
3608 5323 3717 5365 non

2120 5410 2327 5464 septem
2365 5396 2517 5451 libris
2545 5409 2792 5465 constet,
2819 5398 2913 5453 sed
2943 5407 3149 5453 tantum
3175 5400 3411 5469 quinque
3437 5419 3451 5467 ;
3481 5415 3579 5455 nec
3608 5408 3717 5457 tam

2120 5487 2385 5543 librorum
2426 5489 2644 5559 ,Ιυειιριιί
2693 5494 2763 5546 sit
2804 5493 3055 5556 tralatio,
3089 5506 3249 5560 quam
3293 5495 3713 5563 compendium,

2120 5597 2265 5650 sepe
2308 5583 2467 5637 etiam
2511 5585 2728 5638 aliunde
2770 5585 2950 5652 petitis
2984 5585 3385 5638 narrationibus
3417 5586 3573 5653 inter1
3597 5588 3715 5641 o|a~

2121 5685 2231 5731 tum
2262 5693 2273 5729 :
2308 5689 2397 5731 aut
2438 5678 2480 5731 si
2528 5679 2756 5733 lttitXiillt!
2794 5679 2931 5732 hanc
2964 5679 3132 5747 ipsum
3166 5676 3466 5746 tiesignavit
3490 5721 3503 5743 ,
3535 5685 3717 5749 quoti-

2121 5769 2210 5823 die
2253 5772 2365 5823 lieri
2418 5787 2576 5824 llellltl
2629 5770 2878 5840 negabit,
2930 5779 2987 5823 ut
3035 5768 3307 5839 incognito
3356 5770 3585 5841 alicujus
3637 5776 3716 5830 rei
