4078 6306
366 241 438 298 15
1823 231 2214 294 ΡΒΔΕΓΑΤΙΟ.
3601 235 3669 292 16

365 362 589 408 auctore
619 367 753 408 vero
775 391 790 419 ,
831 351 1008 408 eidem
1053 349 1239 422 plures
1276 351 1424 424 vulgi
1461 352 1720 422 opinione
1763 350 1966 407 substi-
1991 351 2040 412 Α
2070 348 2278 420 inquit,
2323 347 2558 404 libellum
2593 349 2924 422 conscripsit,
2967 358 3026 404 ut
3063 351 3203 420 quod
3238 350 3405 405 letalis
3445 351 3670 421 infantis

369 457 588 502 tuantur
615 463 681 502 ex
707 463 862 516 aequo
889 445 1030 501 falsi.
1058 443 1332 502 Credibile
1357 456 1540 503 autem
1570 456 1655 503 est
1681 462 1748 502 ex
1773 446 1962 502 eadem

367 538 463 595 illa
505 541 644 594 fama
676 539 882 611 vulgari
914 539 982 594 ab
1011 538 1278 595 audaculo
1307 539 1493 610 aliquo
1523 539 1842 610 quibusdam
1873 553 1966 595 co-

365 633 575 689 dicibus
601 631 875 688 Ambrosii
904 646 1102 687 nomen
1132 630 1301 688 fuisse
1325 633 1654 704 ascriptum;
1699 631 1846 688 unde
1871 645 1967 701 po-

371 736 487 782 stea
505 726 674 796 magis
705 725 793 780 hic
821 740 978 781 error
997 725 1162 782 fuerit
1188 733 1536 798 propagatus.
1567 725 1728 782 Certe
1747 725 1967 796 quidem

366 819 424 873 in
450 817 552 873 hoc
573 833 742 889 opere
768 817 899 872 nihil
924 818 1452 886 ineStAmbrosiani,
1477 834 1652 890 neque
1680 819 1808 892 styli
1827 861 1842 887 ,
1869 834 1967 875 ne-

369 926 476 980 que
503 909 715 981 iudicii.
753 909 856 966 Sed
889 925 991 966 nec
1022 908 1180 967 facile
1209 926 1242 966 a
1271 911 1428 967 nobis
1457 912 1743 982 quisquam
1783 924 1970 968 extor-

368 1004 583 1076 quebit;
615 1015 723 1060 uta
756 1005 918 1062 rebus
942 1006 1100 1062 seriis
1124 1005 1413 1062 credamus
1439 1005 1732 1062 Ambrosio
1757 1012 1966 1062 tantum

373 1113 628 1165 vacasse,
658 1109 915 1168 quantum
943 1113 1170 1155 necesse
1191 1109 1309 1154 erat
1336 1099 1640 1156 scribendis
1669 1114 1774 1154 non
1806 1099 1970 1156 modo

373 1189 458 1246 his
485 1191 722 1262 quinque
753 1191 906 1248 libris
927 1233 942 1261 ,
977 1193 1072 1253 sed
1113 1192 1276 1248 etiam
1309 1193 1432 1248 aliis
1460 1204 1694 1264 quatuor
1733 1207 1870 1262 quos
1899 1208 1968 1250 ex

371 1283 594 1339 totidem
626 1283 836 1356 Regum
870 1285 966 1340 abs
995 1301 1057 1341 se
1085 1285 1416 1354 compositos
1461 1294 1653 1340 auctor
1680 1293 1964 1340 memorat.

370 1377 448 1432 De
475 1377 740 1432 vocabulo
766 1387 947 1432 autem
982 1377 1265 1450 liegesippi
1292 1379 1362 1432 ita
1383 1379 1676 1444 sentimus,
1697 1375 1752 1432 id
1767 1375 1969 1433 factum

373 1485 497 1526 esse
524 1473 670 1548 παρὰ
697 1479 791 1528 τοῦ
817 1470 1077 1539 ἰοσηποῦ,
1105 1481 1163 1527 at
1199 1469 1455 1527 librarios
1477 1471 1600 1525 loco
1629 1469 1813 1542 Josepi
1853 1473 1970 1528 sive

369 1566 540 1636 Josipi
563 1607 579 1633 ,
613 1566 714 1622 sub
743 1579 853 1636 quo
896 1565 1068 1622 latere
1107 1577 1298 1623 auctor
1335 1567 1540 1636 voluit,
1580 1577 1837 1641 corrupte
1865 1567 1970 1624 He—

368 1660 652 1732 gesippum
679 1674 775 1714 seu
799 1657 1128 1730 Egesippum
1159 1661 1533 1732 supposuisse.

2068 445 2201 498 scire
2229 459 2331 498 non
2361 452 2583 516 poterat,
2611 444 2826 515 legendo
2856 453 3185 516 cognosceret
3217 442 3329 518 (In
3352 445 3530 500 Ambr.
3565 445 3670 500 vita

2067 555 2124 592 η.
2146 537 2266 610 28).
2292 537 2400 594 Sed
2435 537 2582 594 hunc
2610 537 2853 594 libellum
2876 553 2907 594 a
2932 539 3095 612 longo
3117 547 3364 610 tempore
3395 554 3667 612 nusquam

2069 629 2302 700 reperiri
2333 640 2615 700 comperta
2656 645 2746 686 res
2775 639 2883 688 est.

2139 721 2287 778 Idem
2313 723 2406 779 ille
2423 723 2781 780 fidelissimus
2803 723 3082 780 Ambrosii
3107 723 3373 781 diaconus
3389 726 3673 782 memoria:

2069 814 2298 870 tradidit
2328 815 2398 871 ab
2425 813 2520 870 illo
2544 815 2903 887 compositam
2929 825 2985 873 et
3009 815 3077 872 ad
3106 816 3318 889 Fritigil
3336 858 3352 886 ,
3377 833 3500 890 qua:
3527 818 3672 874 Mar-

2069 923 2467 964 comannorum
2503 909 2692 979 regina
2725 916 2878 976 erat,
2914 908 3246 967 deStinatam
3281 911 3406 967 ﬁdei
3433 910 3674 968 Catholi-

2069 1015 2150 1058 cae
2183 1001 2575 1058 instutitionem
2595 1042 2612 1070 ,
2663 1001 2733 1057 de
2758 1017 2862 1074 qua
2902 1003 2984 1058 sic
3009 1003 3086 1058 ait
3118 1020 3132 1058 :
3172 1003 3255 1058 Ad
3273 1020 3448 1073 quam,
3479 1020 3678 1075 nempe

2071 1095 2284 1164 Fritigil
2309 1137 2325 1164 ,
2355 1097 2447 1152 ille
2474 1096 2745 1168 epistolam
2775 1097 2895 1168 fecit
2920 1097 3226 1170 prwclaram
3247 1101 3300 1154 in
3337 1099 3548 1154 modum
3574 1098 3676 1156 Ca-

2072 1190 2303 1247 techismi
2327 1190 2520 1263 (Ibid.,
2551 1208 2694 1246 num.
2729 1191 2849 1264 56).
2875 1193 2946 1247 At
2970 1192 3304 1264 gemmulam
3335 1193 3491 1248 istam
3516 1209 3676 1264 pror-

2071 1297 2165 1340 sus
2192 1285 2486 1340 evanuisse
2517 1283 2652 1340 nulli
2681 1283 3030 1340 dubitamus:
3059 1285 3205 1357 quod
3239 1285 3388 1346 enim
3421 1286 3674 1344 nonnulli

2074 1375 2438 1448 fragmentum
2479 1377 2752 1450 quoddam
2783 1393 2813 1434 a
2845 1378 3194 1436 Tlteodoreto
3231 1380 3422 1438 Graece
3447 1383 3676 1441 citatum

2074 1469 2314 1541 (Polym.
2339 1468 2489 1524 Dial.
2515 1469 2595 1542 2),
2621 1485 2724 1528 nec
2750 1486 2856 1527 non
2889 1487 2918 1527 a
2944 1473 3105 1529 nobis
3131 1472 3274 1529 infra
3300 1474 3674 1546 referendum,

2073 1579 2141 1620 ex
2160 1563 2351 1620 eadem
2371 1563 2600 1635 epistola
2622 1563 2970 1636 desumptum
2993 1567 3204 1633 volunt,
3230 1568 3392 1639 plane
3407 1569 3674 1628 divinant.

2143 1658 2401 1724 Quamvis
2423 1667 2602 1712 autem
2629 1657 2864 1728 ipsemet
2887 1659 3212 1717 Ambrosius
3251 1662 3514 1733 epistolas
3550 1679 3679 1720 suas

449 1755 645 1810 Verum
673 1765 729 1809 ut
753 1753 879 1808 huic
918 1754 1063 1825 parti
1093 1754 1314 1810 modum
1347 1771 1639 1826 ponamus,
1672 1755 1967 1828 optandum
1999 1751 2049 1813 B
2075 1751 2328 1808 videatur
2363 1751 2642 1823 redegisse
2684 1753 2738 1806 in
2780 1751 3018 1822 librum,
3049 1763 3200 1810 extra
3240 1757 3676 1814 controversiam

368 1855 517 1904 esset
538 1854 597 1902 ut
626 1861 724 1916 pro
748 1853 826 1901 tot
861 1845 1062 1902 libellis
1103 1845 1380 1902 Ambrosii
1421 1850 1640 1904 nomine
1686 1863 1969 1920 perperam

369 1943 646 2013 inscriptis
666 1957 857 1998 omnes
881 1941 1156 2014 legitimos
1179 1941 1325 1998 illius
1368 1941 1510 1998 fetus
1539 1942 1736 2013 majori
1776 1942 1882 1998 ﬁde
1917 1951 1972 1998 et

367 2037 657 2093 sedulitate
677 2036 970 2104 antiquitas
1001 2035 1161 2091 nobis
1199 2047 1510 2100 servasset,
1541 2050 1605 2090 ac
1642 2035 1974 2090 transmisiso

365 2143 470 2190 set.
505 2135 702 2188 Eorum
736 2146 899 2202 porro
927 2146 1062 2200 quos
1084 2131 1480 2196 desideramus,
1510 2131 1562 2185 in
1595 2131 1775 2201 capite
1802 2129 1975 2185 collo-

365 2226 540 2282 canda
565 2236 696 2282 sunt
722 2223 1100 2280 Commentario
1127 2224 1182 2277 in
1209 2223 1421 2278 Esaiam
1441 2223 1774 2296 praphetam,
1805 2236 1837 2276 e
1858 2221 1978 2292 qui-

371 2323 474 2378 bus
503 2337 608 2376 uon
640 2321 812 2375 solum
844 2318 1110 2389 plurimos
1142 2317 1290 2373 locos
1319 2316 1460 2388 apud
1489 2317 1850 2388 Augustinum
1890 2314 1974 2370 le-

367 2430 499 2487 gere
537 2413 689 2479 licet,
735 2413 933 2468 citatos
976 2411 1241 2468 adversus
1285 2411 1538 2465 Ineresim
1585 2409 1972 2480 Pelagianam:

370 2507 468 2564 sed
519 2521 752 2576 quorum
794 2505 963 2560 etiam
1003 2503 1340 2560 mentionem
1385 2499 1519 2558 facit
1567 2501 1801 2572 ipsemet
1844 2497 1975 2555 Am-

369 2603 588 2659 brosius
629 2603 684 2658 in
724 2599 1068 2671 Expositione
1122 2597 1398 2672 Evangelii
1443 2595 1726 2653 secundum
1781 2593 1976 2650 Lucam

377 2695 523 2769 (Lib.
549 2711 608 2760 tt,
643 2711 789 2749 num.
823 2693 940 2764 56).

443 2789 665 2846 Excidit
687 2803 902 2859 quoque
932 2785 1078 2842 aliud
1101 2783 1366 2841 eximium
1384 2799 1523 2856 opus
1544 2781 1820 2840 Ambrosii
1852 2795 1977 2837 nos-

372 2884 438 2939 tri
471 2882 729 2938 similiter
752 2881 822 2936 ab
844 2878 1149 2950 Augustino
1175 2893 1370 2948 magna
1394 2892 1515 2932 cum
1547 2875 1712 2931 laude
1737 2888 1979 2930 comme-

370 2985 674 3040 moratum;
705 2973 773 3029 de
797 2973 892 3028 illo
923 2973 1122 3043 quippe
1145 2970 1210 3026 ad
1236 2969 1521 3026 Paulinum
1547 2968 1813 3025 Nolanum
1841 2968 1979 3024 scri-

369 3069 506 3126 bens
529 3109 545 3136 ,
579 3069 652 3122 ita
687 3066 926 3138 loquitur
957 3083 970 3117 :
1005 3063 1189 3120 Libros
1225 3063 1506 3120 beatissimi
1536 3069 1687 3134 papa:
1718 3059 1978 3115 Ambrosii

368 3170 521 3220 credo
557 3165 742 3219 habere
785 3162 1112 3218 sanctitatem
1151 3169 1325 3226 luant;
1365 3174 1452 3212 eos
1489 3169 1661 3212 autent
1701 3155 1968 3222 desidero,
1997 3148 2043 3212 C

363 3277 496 3332 quos
514 3260 756 3314 adversus
773 3253 1472 3324 nonnullosimperitissimos
1489 3259 1533 3305 et
1547 3249 1939 3323 superbissimos
1954 3289 1970 3318 ,

366 3355 457 3422 qui
484 3353 546 3406 de
573 3349 812 3406 Platonis
838 3348 984 3404 libris
1008 3345 1294 3402 Dominum
1322 3343 1608 3416 profecisse
1628 3341 1970 3409 contendunt,

368 3447 760 3518 diligentissime
785 3455 832 3498 et
860 3443 1213 3514 capiosissime
1241 3440 1451 3510 scripsit
1480 3437 1676 3512 (Epist.
1708 3438 1799 3506 5|,
1829 3452 1975 3492 novae

369 3539 544 3610 edit.).
588 3537 705 3592 lloc
727 3537 902 3606 ipsum
934 3535 1084 3604 Opus
1124 3533 1232 3588 alio
1262 3540 1425 3602 atque
1463 3531 1574 3586 alio
1597 3529 1776 3585 ‘modo
1807 3529 1975 3583 variis

368 3633 504 3688 locis
527 3629 670 3685 idem
703 3629 934 3698 allegat;
969 3625 1241 3681 interdum
1273 3624 1420 3679 enim
1444 3622 1580 3678 illud
1615 3620 1860 3677 nominat
1881 3621 1976 3687 ,cle

373 3721 725 3781 Sacramentis
754 3721 859 3774 sive
894 3717 1242 3786 PhilosOphia
1275 3732 1288 3772 :
1323 3714 1598 3771 interdum
1623 3754 1639 3780 ,
1671 3713 1736 3768 de
1783 3712 1977 3768 Sacra-

371 3825 542 3872 menta
568 3811 1012 3886 Regenerationis,
1036 3811 1139 3864 sive
1165 3807 1539 3876 PhilosOphia:
1563 3818 1972 3874 nonnumquam

370 3910 537 3966 etiam
567 3905 911 3977 simpliciter,
940 3901 1004 3958 de
1031 3901 1448 3973 Regeneratione
1471 3916 1484 3952 :
1507 3897 1709 3954 alicubi
1731 3896 1975 3962 demum,

373 4005 439 4060 de
463 4001 809 4073 Philosophia
835 3998 1080 4053 adversus
1101 3995 1396 4050 Platonem.
1415 3993 1818 4050 Dolemussane
1840 3991 1977 4046 hanc

373 4097 800 4170 pulcherrimam
819 4091 1270 4164 disceptationem
1295 4088 1592 4154 interiisse;
1617 4087 1774 4144 nobis
1797 4096 1976 4142 tamen

373 4189 554 4246 solatii
583 4203 690 4244 non
731 4185 1017 4242 minimum
1045 4190 1150 4249 est,
1183 4179 1332 4252 quod
1361 4186 1576 4235 restant
1595 4177 1775 4234 adhuc
1811 4192 1979 4248 opera

372 4283 514 4338 bene
543 4279 742 4345 multa,
786 4275 1067 4348 inquibus
1102 4272 1424 4330 temerarios
1465 4271 1620 4337 illos,
1667 4269 1820 4326 omni
1851 4258 1976 4326 nata

373 4375 681 4439 occasione,
705 4371 988 4428 confutare
1015 4381 1080 4423 ae
1105 4363 1450 4422 contundere
1477 4377 1776 4435 numquam
1817 4364 1976 4420 omit-

378 4471 476 4536 tit,
510 4478 568 4524 ut
594 4468 709 4524 suis
737 4465 871 4522 locis
901 4461 1323 4520 declaravimus.

2077 1857 2256 1903 tamen
2285 1856 2368 1902 est
2397 1845 2464 1902 ab
2490 1860 2557 1902 eo
2585 1861 2817 1918 corpore
2845 1847 2991 1920 quod
3022 1863 3168 1905 nunc
3200 1858 3454 1922 superest
3475 1851 3676 1925 (Epist.

2074 1943 2164 2004 48.
2196 1957 2338 1995 num.
2363 1940 2442 2010 7),
2474 1939 2737 2011 plurimas
2777 1941 2993 2008 abesse,
3025 1944 3486 2016 gravissimasque
3517 1947 3675 2018 illas,

2077 2035 2156 2088 uti
2188 2048 2254 2090 ex
2283 2034 2538 2104 personis
2565 2034 2633 2090 ad
2672 2050 2809 2106 quas
2839 2035 3058 2107 scripta:
3085 2037 3329 2106 fuerant,
3360 2039 3542 2112 colligi
3581 2041 3680 2098 da-

2076 2136 2184 2184 tur.
2214 2128 2574 2184 Nihilominus
2597 2137 2776 2186 tamen
2811 2131 3097 2202 epistolam
3123 2132 3268 2188 illam
3296 2133 3364 2188 ad
3387 2133 3677 2204 lremeum,

2076 2221 2131 2277 in
2172 2237 2276 2293 qua
2303 2223 2538 2293 perdicis
2569 2223 2854 2278 clamantis
2882 2223 3118 2280 habetur
3147 2226 3374 2294 mentio,
3407 2243 3680 2300 quamque

2077 2314 2274 2386 injuria
2300 2317 2562 2386 temporis
2589 2314 2951 2388 interceptam
2981 2331 3106 2374 esse
3130 2317 3348 2388 quidam
3373 2331 3677 2390 autumant,

2078 2425 2178 2466 nos
2217 2411 2552 2467 incolumem
2584 2411 2978 2468 existimamus.
3030 2411 3170 2482 Quid
3199 2429 3331 2470 vero
3356 2413 3534 2472 doctis
3571 2414 3680 2473 illis

2080 2503 2214 2560 viris
2244 2502 2415 2560 fraudi
2441 2504 2628 2572 fuerit,
2663 2505 2861 2561 melius
2887 2505 3019 2561 alibi
3049 2507 3346 2577 aperietur.

2151 2595 2277 2652 Veri
2308 2611 2522 2668 quoque
2547 2597 2884 2653 simillimum
2907 2606 2992 2655 est
3012 2613 3043 2654 a
3071 2609 3261 2656 sancto
3283 2600 3520 2658 Doctore
3547 2617 3678 2674 ope-

2077 2707 2135 2749 ra
2153 2691 2397 2762 qumdam
2417 2707 2534 2761 quae
2558 2689 2846 2764 perierint,
2869 2693 2923 2747 in
2941 2693 3264 2763 Apollinarii
3285 2703 3490 2751 sectam
3512 2695 3682 2754 fuisse

2078 2785 2388 2851 lucubrata;
2413 2784 2632 2856 quando
2662 2785 2932 2842 Paternus
2957 2785 3345 2844 Braccarensis
3366 2790 3677 2860 episcopus,

2078 2883 2169 2953 qui
2197 2881 2373 2937 eidem
2405 2881 2602 2936 limresi
2649 2895 2849 2938 nomen
2881 2879 3111 2938 dederat
3138 2922 3154 2949 ,
3182 2882 3250 2938 ad
3282 2899 3464 2940 veram
3519 2884 3678 2940 [idem

2079 2973 2314 3030 lectione
2339 2973 2602 3029 librorum
2625 2973 2886 3030 adversus
2905 2973 3323 3046 Apollinaristas
3349 2976 3418 3032 ab
3443 2977 3682 3034 Ambro-

2080 3068 2164 3123 sio
2193 3066 2464 3122 editorum
2489 3081 2789 3122 conversus
2817 3066 3036 3138 legitur.

2148 3161 2432 3217 Multorum
2463 3161 2649 3232 epinio
2674 3170 2762 3218 est
2794 3161 2864 3218 de
2899 3177 3155 3219 sermone
3181 3163 3368 3236 aliquo
3396 3163 3686 3236 deperdito

2075 3251 2428 3324 intelligenda
2456 3266 2579 3308 esse
2600 3250 2913 3310 Cassiodori
2954 3255 3140 3323 verba,
3165 3273 3286 3327 qua:
3315 3256 3396 3314 sic
3418 3257 3622 3315 habent
3667 3275 3682 3313 :

2077 3349 2304 3406 Sanctus
2325 3348 2626 3406 Ambrosius
2656 3349 3062 3406 Mediolanensis
3092 3353 3368 3424 episcOpus
3397 3370 3686 3408 sermonem

2076 3445 2196 3518 fecit
2221 3445 2286 3500 tle
2309 3445 2516 3519 judicio
2555 3443 2858 3502 Salomonis
2887 3443 3062 3519 (Libri
3089 3449 3152 3503 de
3188 3447 3368 3504 lnstit.
3403 3446 3524 3502 Diu.
3555 3448 3685 3505 Litt.

2076 3553 2194 3608 cap.
2226 3536 2306 3610 2).
2343 3537 2728 3594 Verumtamen
2759 3539 2894 3595 nihil
2940 3539 3087 3596 aliud
3112 3540 3234 3596 istic
3261 3541 3533 3612 designari
3564 3556 3688 3598 crc-

2076 3629 2442 3700 dimus,quam
2465 3631 2587 3686 libri
2601 3631 3008 3704 deVirginitate,
3027 3632 3117 3702 qui
3135 3631 3395 3688 hactenus
3408 3648 3530 3689 cum
3547 3633 3686 3690 libro

2077 3723 2241 3779 tertio
2270 3723 2334 3778 de
2368 3723 2668 3796 Virginibus
2695 3741 2802 3781 una
2845 3725 2988 3781 serie
3028 3727 3482 3797 eonnectebatur,
3506 3727 3686 3799 ipsum

2077 3816 2393 3884 exordium,
2417 3818 2574 3889 cujus
2605 3818 2776 3890 prima
2807 3819 2978 3875 verba
3007 3819 3098 3874 illa
3129 3831 3258 3876 sunt
3289 3838 3303 3875 :
3336 3819 3528 3876 Nobile
3542 3825 3691 3893 apud

2079 3919 2270 3967 veteres
2314 3911 2618 3968 Salomonis
2657 3913 2790 3968 illud
2841 3916 3006 3986 fertur
3045 3914 3208 3986 fuisse
3242 3914 3542 3988 judicium,
3574 3925 3686 3972 etc.

2078 4005 2234 4072 Quod
2257 4006 2473 4079 quidem
2496 4007 2782 4064 exordium
2803 4009 3078 4065 ostensuri
3103 4023 3290 4064 sumus
3315 4023 3426 4065 non
3451 4008 3686 4065 multum

2080 4101 2286 4160 habere
2317 4102 2602 4160 afﬁnitatis
2626 4120 2750 4161 cum
2775 4104 2985 4176 reliquo
3007 4105 3145 4160 libro
3167 4145 3184 4172 ,
3204 4113 3260 4160 et
3285 4103 3562 4160 homiliam
3583 4105 3688 4159 ali-

2079 4211 2240 4268 quam
2268 4197 2496 4254 forsitan
2519 4213 2642 4256 esse
2667 4214 2788 4271 quae
2815 4213 2940 4256 cum
2972 4198 3171 4256 eodem
3197 4199 3377 4271 Opere
3405 4209 3686 4270 compacta

2080 4288 2246 4347 fuerit
2273 4307 2305 4346 a
2329 4291 2589 4348 librariis.

2153 4385 2297 4442 Idem
2330 4385 2423 4442 ille
2443 4385 2827 4456 Cassiodorus,
2853 4386 2944 4444 ubi
2966 4386 3036 4445 de
3063 4371 3518 4460 libro'Sapientize
3546 4387 3684 4458 agit,

2083 4475 2138 4532 in
2169 4476 2315 4535 hunc
2341 4478 2565 4536 modum
2593 4479 2834 4551 loquitur
2861 4497 2874 4534 :
2898 4478 3092 4553 Dequo
3121 4489 3170 4536 et
3192 4489 3338 4554 pater
3365 4481 3690 4554 Augustinus

451 4561 603 4618 llaud
630 4559 764 4616 satis
792 4557 1160 4628 assequimur,
1193 4569 1301 4625 quo
1331 4567 1497 4608 sensu
1530 4550 1762 4624 intelligi
1783 4549 1974 4608 debeat

2089 4580 2138 4628 et
2177 4581 2386 4629 sanctus
2433 4575 2734 4630 Ambrosius
2782 4574 3118 4632 homiliarum
3172 4577 3378 4632 nomine
3435 4576 3692 4632 nonnulla

373 4654 796 4712 Ambrosianum
824 4649 958 4706 illud
991 4665 1005 4704 :
1039 4649 1103 4702 de
1135 4646 1268 4702 Elia:
1294 4645 1448 4718 gestis
1479 4645 1707 4717 plurima
1729 4645 1846 4715 jam
1875 4647 1982 4714 fre-

376 4751 549 4820 quenti
592 4747 910 4802 diversorum
961 4743 1211 4798 librorum
1248 4755 1480 4795 sermone
1511 4737 1821 4810 digessimus
1854 4739 1872 4809 (
1905 4735 1981 4792 De

377 4846 500 4901 Elia
553 4852 600 4898 et
633 4839 814 4912 Jejun.
858 4837 989 4908 Cap.
1025 4837 1079 4901 5,
1113 4851 1166 4888 n.
1201 4833 1282 4906 5).
1332 4831 1612 4902 Siquidem
1651 4831 1795 4886 enim
1841 4829 1978 4886 nihil

376 4941 524 4998 aliud
564 4939 654 4994 Vir
677 4943 900 4993 sanctus
940 4932 1021 4986 his
1047 4928 1341 5002 signiﬁcat,
1389 4926 1495 4982 nisi
1536 4923 1875 4997 frequentem
1921 4923 1974 4979 in

371 5037 528 5094 libris
569 5033 681 5090 suis
708 5038 983 5102 gestorum
1008 5025 1139 5080 Elite
1160 5023 1275 5080 ﬁeri
1305 5023 1637 5077 mentionem
1658 5061 1672 5086 ,
1699 5020 1782 5074 vix
1810 5017 1967 5091 quid-

377 5145 542 5198 quam
569 5126 677 5184 erit
716 5121 935 5194 quodin
971 5118 1076 5182 hac
1102 5127 1254 5189 parte
1290 5115 1539 5172 videatur
1567 5115 1825 5170 amissum
1853 5111 1970 5168 :sin

377 5240 510 5281 vero
545 5221 600 5278 id
639 5225 1018 5290 argumentum
1039 5228 1104 5268 ex
1130 5209 1379 5284 professo
1411 5209 1654 5281 pluribus
1685 5209 1842 5265 libris
1878 5209 1976 5264 abs

375 5332 438 5373 se
465 5323 750 5370 tractatum
776 5311 1147 5374 illistestatur,
1179 5315 1307 5360 ante
1333 5305 1500 5361 multa
1527 5303 1723 5360 smcula
1754 5303 1976 5361 eosdem

375 5411 502 5464 illos
532 5403 874 5462 intercidisse
911 5399 1156 5456 dicamus
1187 5412 1412 5454 necesse
1437 5405 1538 5452 est.

449 5501 566 5555 Non
597 5497 786 5554 eadem
831 5501 916 5550 est
945 5489 1227 5548 dubitandi
1275 5490 1414 5544 ratio
1457 5503 1584 5543 num
1627 5486 1856 5556 perierit
1885 5486 1979 5542 ille

379 5601 674 5658 tractatus,
705 5602 866 5660 quem
902 5583 1174 5655 l‘ansophi
1208 5581 1362 5654 pueri
1392 5596 1422 5636 a
1461 5579 1690 5636 mortuis
1715 5595 1744 5635 a
1777 5595 1838 5634 se
1859 5593 1981 5634 sus-

376 5687 529 5742 citati
556 5699 717 5739 causa
742 5680 1076 5750 scripserat,
1103 5673 1561 5748 quemadmodum
1585 5681 1772 5728 narrat
1796 5671 1978 5727 Pauli-

381 5793 482 5837 nus
500 5779 762 5836 diaconus
785 5773 840 5830 in
864 5772 958 5830 illa
979 5771 1142 5830 verba
1163 5788 1176 5828 :
1201 5770 1284 5827 Ad
1298 5785 1450 5843 quem
1469 5769 1626 5827 etiam
1639 5765 1978 5842 infuntulum,

2089 4664 2334 4720 dixerunt
2361 4668 2378 4737 (
2405 4664 2571 4734 Ibid.,
2605 4683 2720 4739 cap.
2756 4667 2790 4720 5
2810 4668 2852 4738 ).
2882 4667 2938 4724 Si
2967 4683 3094 4724 vere
3135 4667 3234 4724 has
3265 4668 3518 4724 homilias
3549 4667 3694 4724 vidit

2085 4757 2336 4829 Senator,
2359 4777 2560 4833 easque
2584 4761 2770 4819 titulus
2793 4778 2904 4818 non
2929 4764 3160 4820 mendax
3183 4763 3470 4820 addicebat
3499 4771 3692 4820 saneto

2086 4851 2400 4921 Ambrosio,
2424 4855 2712 4911 dicendum
2736 4855 2925 4912 eritad
2945 4868 3190 4913 nostram
3211 4865 3426 4914 aetatem
3441 4857 3561 4913 illas
3581 4872 3690 4914 non

2085 4947 2322 5003 venisse.
2351 4947 2560 5003 Etenim
2593 4958 2790 5018 praeter
2814 4964 2912 5006 eos
2929 4965 3234 5016 sermones,
3259 4967 3325 5006 ex
3345 4950 3538 5021 quibus
3563 4953 3696 5008 mul-

2083 5049 2168 5098 tos
2197 5043 2369 5098 sancti
2396 5043 2643 5098 Doctoris
2673 5043 2842 5100 libros
2869 5054 3126 5101 constare
3151 5046 3351 5114 stepius
3370 5044 3655 5100 docuimus
3672 5102 3691 5126 ν

2079 5133 2256 5190 nullos
2299 5133 2436 5190 alios
2461 5135 2572 5204 jam
2589 5150 2880 5208 superesse
2903 5149 3142 5209 congruo
3168 5137 3293 5194 loco
3317 5152 3347 5192 a
3381 5135 3538 5194 nobis
3561 5152 3692 5208 pro-

2083 5227 2399 5370 bal‘iblrlilirque
2422 5297 2564 5369 apud
2587 5299 2838 5356 eumdem
2863 5299 3248 5359 Cassiodorum
3280 5299 3382 5356 ista
3407 5301 3692 5373 leguntur:

2089 5389 2320 5456 Dicitur,
2355 5391 2550 5462 inquit,
2577 5391 2730 5446 etiam
2759 5402 2806 5448 et
2837 5405 3046 5449 sanctus
3072 5394 3378 5450 Ambrosius
3407 5393 3692 5468 prop/teta-

2085 5500 2203 5537 rum
2233 5480 2616 5538 Commentario
2660 5484 2854 5556 eloquii
2895 5488 3037 5542 soliti
3076 5489 3352 5544 dulcedine
3380 5487 3694 5557 confecisse,

2086 5592 2202 5646 qua:
2221 5575 2520 5631 nullatenus
2546 5577 2694 5649 potui
2719 5579 2966 5648 reperire,
2987 5595 3102 5650 qua:
3125 5579 3268 5635 vobis
3293 5596 3482 5652 magno
3515 5577 3695 5634 studio

2085 5671 2364 5742 quwrenda
2385 5669 2684 5738 derelinquo
2713 5668 2902 5740 (lbid.,
2933 5689 3048 5745 cap.
3077 5667 3154 5746 5).
3181 5674 3295 5728 Non
3328 5674 3460 5727 satis
3485 5672 3693 5726 clarum

2087 5775 2176 5825 est
2208 5778 2316 5837 quo
2360 5763 2430 5820 de
2473 5761 2879 5821 Commentario
2921 5765 3038 5825 hazc
3077 5767 3317 5826 debeant
3344 5765 3540 5839 accipi,
3587 5763 3692 5821 nisi
