4078 6306
367 364 440 426 17
1273 369 1361 427 DE
1399 367 1690 428 OFFICIIS
1728 369 2204 431 MINISTRORUM
2248 372 2435 431 LIBRI
2471 374 2673 435 TRES.
3600 375 3668 433 18

364 484 506 542 forte
560 486 631 542 de
680 486 1098 545 Commentariis
1145 489 1197 544 in
1244 488 1480 544 Esaiam.
1530 485 1801 542 Czeterum
1845 501 1966 543 cum
1995 491 2048 551 Α
2074 489 2197 544 dam
2227 491 2278 544 in
2301 492 2544 546 animum
2571 491 2784 546 induxit
2820 489 3112 547 Doetorem
3146 500 3392 547 nostrum
3419 489 3489 548 de
3517 490 3675 547 Sam-

366 581 597 635 verbum
645 582 840 636 dicitur
871 584 1001 638 nihil
1041 583 1311 647 aftirmet,
1350 582 1573 651 ipseque
1613 579 1972 636 Cassiodorus

363 675 477 746 jam
510 685 848 731 memoratus
874 676 926 731 in
950 676 1254 745 qtuerendis
1282 674 1539 731 Veterum
1571 673 1724 728 libris
1745 672 1973 745 diligen-

370 767 498 822 tiam
534 782 757 825 omnem
803 770 1066 826 adbibere
1106 769 1301 827 solitus
1334 767 1529 834 fuerit,
1562 765 1685 823 hinc
1711 768 1973 838 coniicias

367 865 642 919 Communi
690 864 831 919 fama
867 881 991 920 enm
1022 880 1143 921 esse
1173 863 1459 934 deceptum
1481 903 1497 931 ,
1524 872 1615 918 aut
1644 863 1735 917 illa
1769 863 1972 934 scripta

364 956 477 1027 jam
510 956 628 1026 ejus
656 966 817 1012 aetate
839 958 908 1014 de
936 957 1116 1013 medio
1146 957 1377 1011 sublata.

438 1051 577 1106 Sunt
603 1049 694 1122 qui
722 1050 1046 1107 existiment
1075 1049 1369 1105 Proverbia
1399 1063 1616 1121 quoque
1642 1048 1710 1104 ab
1740 1048 1976 1105 Ambro-

363 1140 449 1195 sio
490 1142 741 1209 exiiosita
787 1141 990 1207 fuisse,
1036 1142 1198 1212 inque
1239 1141 1391 1197 illum
1438 1156 1658 1197 sensum
1700 1140 1977 1212 accipiant

366 1235 537 1306 prima
565 1236 668 1289 ista
698 1235 820 1290 libri
852 1235 916 1290 de
938 1234 1201 1307 Hysteriis
1222 1236 1387 1292 verba
1419 1234 1532 1290 :De
1546 1234 1829 1290 moralibus
1849 1252 1977 1305 quo-

360 1330 619 1383 tidianum
642 1345 929 1385 sermonem
956 1330 1254 1396 habuimus,
1282 1348 1401 1385 cum
1438 1332 1516 1385 vel
1546 1330 1977 1386 Patriam/tarum

362 1433 538 1496 gesta,
564 1423 641 1477 vel
673 1422 1074 1479 Proverbiorum
1109 1424 1399 1498 legerentur
1422 1435 1697 1498 pnecepta.
1746 1426 1812 1481 Et
1847 1440 1979 1482 sane

361 1516 582 1571 beatum
608 1515 924 1573 Antistitem
948 1516 1319 1574 edisserendis
1342 1516 1777 1590 patriarcharum
1804 1519 1980 1575 Abra-

364 1607 471 1674 hae,
500 1606 675 1676 lsacii,
713 1618 769 1663 et
809 1609 1041 1665 aliorum
1071 1609 1316 1666 historiis
1347 1626 1445 1682 per
1487 1611 1539 1667 id
1583 1620 1797 1683 tempus
1829 1614 1977 1668 incu-

364 1699 551 1755 buisse
574 1701 916 1771 exploratum
946 1713 1051 1758 est.
1081 1702 1238 1772 Quod
1262 1707 1306 1759 si
1332 1705 1539 1775 pariter
1566 1705 1623 1761 in
1656 1705 1980 1763 illustrando

364 1791 787 1847 Proverbiorum
836 1794 977 1849 libro
1021 1795 1258 1852 similem
1308 1811 1532 1867 operam
1581 1798 1977 1866 collocaverit,

2075 582 2228 636 sonis
2275 585 2443 653 gesus
2471 585 2994 639 commentationem
3026 585 3121 638 abs
3153 599 3211 639 se
3238 582 3506 639 edendam
3553 597 3677 638 esse

2074 675 2382 746 pollicitum
2414 694 2427 729 :
2460 686 2513 731 et
2556 678 2806 748 quamvis
2845 677 3092 732 eamdem
3134 677 3420 732 historiam
3454 676 3506 730 in
3560 676 3680 744 epi-

2076 772 2213 826 stola
2242 770 2309 825 ad
2332 770 2585 841 Vigilium
2610 770 2806 841 (Epist.
2830 770 2919 844 l9)
2947 770 3300 841 pertexuerit,
3322 786 3477 825 suam
3496 779 3673 823 tamen

2078 861 2238 918 fidem
2269 878 2377 919 non
2418 864 2717 930 liberasse;
2764 880 2888 918 nam
2933 876 3296 935 prmterquam
3351 862 3495 935 quod
3529 863 3677 932 ejus-

2078 957 2202 1013 dem
2254 958 2495 1013 bistoria:
2545 960 2838 1030 explicatio
2887 959 2959 1015 ibi
3006 959 3151 1014 nulla
3186 968 3304 1027 est,
3340 958 3673 1028 promissum

2078 1065 2201 1106 esse
2233 1052 2381 1105 aiunt
2412 1051 2674 1122 scriptum
2720 1051 3022 1123 publicum,
3057 1052 3348 1121 epistolam
3393 1066 3524 1106 vero
3570 1049 3680 1120 pri-

2076 1154 2277 1200 vatam.
2300 1144 2496 1199 Verum
2526 1155 2583 1200 ut
2605 1147 2924 1200 omittamus
2947 1146 3239 1200 Ambrosio
3280 1146 3523 1215 ignotum
3566 1159 3677 1198 non

2080 1237 2246 1294 fuisse
2301 1239 2560 1308 epistolas
2610 1254 2739 1294 suas
2798 1240 2942 1294 haud
3002 1239 3375 1310 infrequenter
3432 1238 3677 1308 publicas

2081 1329 2221 1397 ﬁeri,
2245 1333 2367 1402 quis
2396 1346 2504 1387 non
2533 1331 2714 1387 videat
2754 1331 2889 1387 nihil
2921 1334 3055 1388 certi
3082 1348 3145 1386 ac
3188 1331 3397 1387 definiti
3446 1329 3682 1385 Ambro-

2080 1425 2256 1480 sianis
2284 1425 2526 1495 promitti
2570 1425 2785 1490 verbis;
2820 1440 2920 1481 nec
2963 1434 3249 1480 tractatum
3282 1424 3484 1495 potius,
3518 1438 3680 1493 quant

2081 1532 2395 1573 sermonem
2435 1518 2671 1588 aliquem
2714 1518 2825 1572 illic
2876 1518 3105 1588 signari.
3154 1518 3251 1574 Cui
3292 1516 3504 1572 accedit
3535 1531 3682 1586 saepe

2082 1610 2285 1681 sa-pius
2304 1626 2405 1665 usu
2428 1611 2639 1677 venire,
2659 1619 2718 1666 ut
2733 1612 2931 1668 similis
2948 1611 3202 1682 promissi
3225 1622 3503 1667 auctorem
3520 1626 3679 1665 suum

2084 1704 2207 1758 aliis
2235 1707 2385 1758 euris
2430 1705 2754 1761 distractum
2801 1713 2859 1760 et
2881 1718 3201 1775 occupatum
3253 1707 3435 1775 capiat
3461 1706 3681 1761 oblivio.

2158 1795 2416 1852 Leontius
2460 1798 2788 1869 Byzantinus
2826 1797 3247 1853 Ambrosianum
3310 1799 3681 1853 testimonium

362 1887 883 1941 eotnmeulationetn
904 1888 1048 1943 illam
1075 1888 1372 1945 desiderari
1398 1890 1673 1946 latendum
1705 1892 1828 1946 erit.
1870 1891 1975 1947 Sed
2008 1890 2056 1950 B
2082 1889 2235 1959 citat,
2259 1906 2323 1945 ea:
2358 1891 2512 1958 libro,
2557 1891 2733 1957 inquit
2758 1890 2895 1963 (Lib.
2922 1907 2954 1945 ll
2981 1906 3117 1948 cont.
3155 1891 3303 1945 Nest.
3330 1901 3375 1946 et
3402 1890 3680 1962 Eutych.),

362 1994 488 2033 cum
512 1994 577 2034 eo
600 1980 706 2035 loci
735 1996 839 2034 non
860 1980 964 2036 nisi
991 1980 1060 2037 de
1088 1983 1453 2050 sermonibus,
1479 1998 1615 2054 quos
1641 1983 1885 2054 quotidie
1908 1982 1975 2037 ad

363 2077 622 2147 ιιορυίιιιιι
640 2075 892 2145 habebat,
918 2078 1170 2147 loquatur
1183 2079 1523 2146 Ambrosius;
1542 2080 1674 2135 nihil
1702 2082 1974 2150 prohibet,

360 2170 492 2242 quin
524 2172 791 2227 confectis
814 2171 969 2227 libris
992 2188 1022 2227 e
1050 2173 1409 2229 coneionibus
1438 2175 1488 2229 iu
1519 2174 1891 2239 Patriarchas,
1922 2176 1975 2229 in

362 2279 556 2318 carum
587 2263 763 2319 forma
787 2280 907 2336 qua:
931 2265 999 2322 de
1022 2266 1336 2322 Proverbiis
1353 2277 1531 2331 erant,
1554 2268 1686 2322 nihil
1711 2267 1973 2324 mutarit:

362 2355 567 2411 ezedem
598 2371 728 2412 vero
744 2366 800 2411 ut
830 2357 1013 2412 soluta
1041 2368 1203 2430 atque
1236 2360 1479 2429 dispersa
1510 2359 1636 2415 folia
1662 2362 1865 2425 solent,
1888 2361 1979 2416 de-

362 2451 589 2520 perditte
634 2452 772 2518 sint;
815 2461 908 2507 aut
951 2452 1092 2507 forte
1136 2454 1299 2508 etiam
1351 2471 1417 2508 ne
1456 2469 1715 2525 umquam
1756 2454 1975 2524 quidem

362 2545 583 2615 scriptis
612 2546 901 2612 mandatae,
928 2546 1075 2617 quod
1097 2546 1217 2601 aliis
1238 2562 1456 2618 quoque
1482 2546 1728 2617 ejusdem
1746 2546 1978 2604 Ambro-

361 2637 430 2693 sii
458 2640 803 2695 sermonibus
831 2642 1083 2696 evenisse
1104 2641 1471 2698 certissimum
1499 2652 1605 2699 est.

438 2734 635 2790 Dicunt
663 2734 887 2806 insuper
914 2736 1089 2806 ipsum
1121 2737 1307 2791 lesuiri
1337 2736 1406 2792 de
1427 2736 1681 2808 coniugio
1705 2736 1768 2791 B.
1796 2734 1975 2807 Virgi-

360 2827 450 2883 nis
475 2843 596 2883 cum
622 2828 682 2885 S.
708 2827 915 2900 Joseph
937 2842 997 2884 se
1019 2829 1240 2900 copiose
1266 2829 1626 2895 disseruisse;
1673 2828 1815 2883 unde
1846 2843 1977 2883 con-

355 2920 557 2991 jiciunt
584 2922 653 2978 de
682 2921 787 2976 hoe
830 2932 1155 2993 argumento
1193 2922 1392 2977 librum
1425 2923 1661 2993 aliquem
1686 2964 1703 2988 ,
1744 2922 1836 2992 qui
1862 2922 1974 2992 jam

361 3030 472 3069 non
493 3024 711 3082 exstet,
742 3031 772 3070 a
799 3023 992 3071 saneto
1019 3015 1146 3071 Viro
1165 3030 1288 3071 esse
1304 3018 1698 3085 conscriptum.
1719 3014 1974 3071 Attamen

359 3123 485 3163 eum
509 3108 707 3178 saepius
729 3109 832 3164 bac
851 3107 971 3179 ipsa
992 3108 1061 3164 de
1084 3123 1142 3164 re
1164 3108 1316 3164 illum
1341 3109 1521 3179 egisse
1545 3111 1974 3179 comperiamus,

360 3210 489 3273 puta
518 3201 571 3256 in
598 3202 955 3272 Expositione
985 3201 1269 3274 Evangelii
1301 3204 1459 3259 Luca:
1490 3205 1660 3259 semel
1690 3218 1754 3259 ac
1780 3204 1974 3261 iterum

2082 1995 2263 2038 contra
2281 1984 2683 2054 Apollinarium,
2703 1986 2843 2056 quod
2874 1986 2927 2039 in
2962 1984 3073 2039 illis
3099 1985 3379 2056 operibus,
3399 2000 3521 2054 qua:
3541 1999 3685 2039 nunc

2081 2078 2355 2134 Αιηιιΐοδὶἱ
2388 2079 2614 2134 nomine
2650 2079 3136 2146 circumferuntur,
3168 2086 3399 2150 negatur
3426 2078 3682 2134 inveniri.

2082 2173 2190 2229 Sed
2220 2187 2324 2228 non
2354 2184 2438 2228 est
2466 2189 2565 2227 cur
2604 2187 2938 2245 magnopere
2979 2172 3318 2227 confidamus
3348 2170 3513 2241 hujus
3552 2187 3683 2226 anc-

2084 2269 2219 2323 toris
2248 2269 2301 2323 in
2328 2268 2548 2323 citando
2577 2268 2901 2338 diligentite,
2930 2269 3132 2337 quippe
3165 2267 3255 2337 qui
3288 2264 3428 2320 libro
3459 2281 3475 2320 ι
3502 2274 3686 2319 contra

2086 2361 2389 2417 Nestorium
2442 2372 2489 2415 et
2538 2359 2859 2432 Eutycheten
2908 2360 3046 2415 duos
3102 2359 3249 2413 locos
3295 2357 3538 2429 proferat
3583 2356 3687 2410 sub

2080 2459 2276 2516 eodem
2332 2459 2609 2525 lemmate,
2663 2471 2800 2528 quos
2842 2465 3026 2511 tamen
3080 2456 3132 2509 in
3177 2454 3320 2509 libro
3350 2453 3413 2508 de
3464 2451 3681 2505 Incarn.

2082 2552 2237 2608 Dom.
2270 2551 2544 2619 Sacram,
2578 2549 2675 2606 sed
2698 2565 2805 2606 non
2837 2549 3030 2604 iisdem
3054 2550 3279 2603 omnino
3312 2544 3493 2602 verbis
3524 2559 3689 2614 repe-

2082 2648 2191 2703 rire
2237 2655 2340 2701 est.
2368 2644 2508 2714 Quid
2555 2659 2688 2715 ergo
2728 2643 2778 2698 si
2812 2640 3035 2698 tertium
3078 2641 3223 2695 hune
3268 2641 3470 2705 locum,
3520 2652 3683 2708 quem

2081 2739 2331 2809 sequenti
2358 2738 2498 2794 libro
2536 2738 2763 2793 citatum
2791 2735 3043 2806 legimus,
3079 2743 3352 2802 tamquam
3384 2745 3456 2786 ex
3486 2728 3680 2785 eodem

2084 2835 2232 2890 fonte
2266 2837 2517 2904 petitum,
2558 2846 2667 2903 quo
2689 2831 2796 2886 duo
2824 2829 2932 2896 illi,
2958 2829 3121 2884 etiam
3146 2843 3211 2882 ex
3236 2826 3375 2881 libro
3407 2826 3470 2879 tle
3494 2822 3685 2878 lucar-

2083 2930 2294 2982 natione
2315 2926 2538 2982 ductum
2566 2925 2879 2987 credamus,
2905 2923 3033 2977 licet
3076 2937 3183 2976 non
3211 2918 3443 2975 servatis
3492 2916 3683 2972 iisdem

2083 3023 2305 3078 verbis?

2154 3114 2271 3169 Non
2299 3112 2499 3169 desunt
2546 3109 2763 3167 tandem
2795 3108 2887 3180 qui
2931 3123 2997 3164 ex
3048 3105 3336 3177 Splendido
3385 3102 3678 3175 Augustini

2084 3208 2207 3263 loco
2235 3206 2373 3277 (Lib.
2406 3221 2443 3260 tt
2476 3205 2633 3261 Solil.
2666 3220 2782 3276 cap.
2818 3202 2930 3271 14),
2964 3216 3125 3272 quem
3174 3200 3295 3270 quia
3347 3200 3507 3269 paulo
3554 3212 3681 3268 pro-

360 3296 504 3369 (Lib.
528 3313 586 3363 Il,
614 3315 758 3353 num.
791 3299 818 3354 1
853 3309 900 3354 et
926 3314 1061 3369 seq.,
1083 3308 1130 3353 et
1152 3300 1242 3355 lib.
1264 3314 1322 3366 x,
1346 3300 1660 3368 nunt.155),
1681 3298 1894 3355 inlibro
1914 3301 1976 3354 de
2004 3291 2051 3357 C
2084 3302 2298 3357 duetior
2348 3308 2451 3364 est,
2498 3315 2603 3353 non
2656 3300 2982 3359 referemus,
3030 3294 3382 3350 Ambrosium
3430 3301 3681 3347 nostrum

359 3388 539 3445 lustit.
578 3390 722 3463 Virg.
765 3392 990 3448 totidem
1023 3394 1158 3449 locis
1186 3392 1340 3465 (Cap.
1371 3394 1403 3448 6
1431 3406 1475 3447 et
1502 3394 1583 3463 7),
1617 3395 1742 3448 etin
1772 3393 1977 3466 hymno

362 3480 529 3537 lertio
556 3483 805 3552 (Strophe
830 3485 905 3557 5),
936 3485 1063 3542 licet
1092 3486 1350 3553 brevius;
1382 3495 1443 3541 ut
1479 3486 1549 3543 de
1591 3486 1735 3542 libro
1763 3489 1977 3559 perdito

358 3576 788 3633 Ambrosianum
815 3578 989 3636 locum
1022 3583 1679 3652 accipiamus,necessum
1706 3597 1811 3636 non
1840 3591 1924 3638 est
1957 3600 1971 3638 :

358 3672 530 3743 idque
553 3672 789 3730 maxime
810 3690 931 3731 eum
962 3676 1015 3731 in
1063 3676 1237 3732 Esaiae
1286 3677 1699 3731 commentariis
1740 3676 1975 3747 aliisque

357 3767 622 3838 operibus
642 3785 765 3840 quae
794 3786 923 3827 vere
948 3770 1291 3838 exciderunt,
1316 3770 1497 3827 denuo
1518 3770 1739 3826 tractari
1762 3770 1829 3826 ab
1853 3772 1971 3843 ipso

357 3863 604 3932 potuerit
634 3863 821 3920 eadem
852 3867 1103 3922 materia.

434 3955 533 4012 llic
562 3958 725 4014 etiam
758 3958 912 4016 locus
939 3976 1101 4031 quem
1152 3966 1227 4016 ita
1258 3960 1489 4033 legimus
1535 3961 1679 4033 apud
1721 3960 1960 4019 Ambro-

358 4048 501 4105 sium
536 4068 549 4105 :
581 4049 725 4123 Ergo
769 4053 860 4107 ille
901 4053 1147 4123 Samson,
1203 4064 1260 4109 ut
1306 4056 1669 4127 compendium
1711 4055 1969 4127 faciamus

361 4142 627 4211 historiae;
659 4161 756 4199 suo
784 4147 916 4201 enim
937 4149 1153 4220 tempori
1181 4150 1338 4203 totius
1361 4149 1596 4204 lectionis
1635 4149 1853 4220 digestio
1877 4165 1965 4203 re-

361 4237 617 4290 servanda
638 4236 882 4311 (Prolog.
904 4241 959 4293 in
997 4240 1089 4295 lib.
1121 4241 1184 4296 de
1212 4242 1360 4314 Spir.
1393 4242 1456 4299 S.
1488 4259 1541 4296 n.
1574 4241 1667 4314 1³2)
1694 4261 1707 4297 :
1736 4243 1966 4314 quibus-

2085 3396 2356 3465 peculiare
2378 3409 2518 3464 Opus
2548 3395 2611 3446 de
2638 3390 3034 3445 Immortalitate
3061 3388 3248 3442 anima:
3284 3385 3527 3441 edidisse
3556 3399 3694 3441 con-

2082 3490 2330 3546 tendant.
2365 3489 2530 3558 Atqni
2587 3497 2766 3542 tamen
2800 3492 2861 3539 ut
2898 3482 3185 3554 Augustini
3235 3480 3405 3535 verba
3462 3479 3685 3548 plenum

2080 3600 2146 3641 ac
2201 3586 2472 3655 integrum
2528 3595 2748 3637 sensum
2804 3579 3074 3643 habeant,
3132 3574 3389 3630 sufficere
3442 3572 3681 3639 videtur,

2077 3679 2219 3751 quod
2246 3678 2569 3734 Ambrosius
2599 3677 2652 3732 in
2678 3675 2847 3731 variis
2876 3674 3032 3730 libris
3073 3671 3143 3728 de
3170 3672 3362 3726 eadem
3395 3671 3681 3725 immorta-

2082 3775 2236 3831 litate
2268 3772 2649 3843 disputaverit.
2693 3770 2748 3826 Si
2778 3770 2903 3841 quis
2931 3783 3060 3823 vero
3086 3764 3398 3822 defenderit
3439 3763 3678 3833 pertina-

2078 3869 2198 3923 cius
2223 3867 2340 3923 illic
2369 3873 2658 3921 tractatum
2688 3879 2755 3918 ex
2788 3861 3069 3933 proposito
3101 3872 3269 3928 super
3309 3871 3373 3912 ea
3406 3871 3466 3911 re
3495 3855 3682 3910 elucu-

2078 3961 2294 4015 bratum
2324 3956 2641 4029 significari,
2672 3971 2734 4010 ea
2759 3953 2975 4026 quidem
3002 3952 3118 4023 lege
3140 3966 3249 4006 non
3283 3963 3677 4020 repugnamus,

2075 4055 2201 4110 dum
2256 4052 2501 4124 epistola:
2538 4049 2606 4104 ad
2640 4048 3035 4103 Horontianum
3079 4042 3276 4116 (Epist.
3303 4040 3374 4097 54
3403 4051 3450 4095 et
3477 4038 3617 4112 seq.)
3648 4054 3678 4093 a

2074 4149 2307 4205 Doctore
2323 4157 2510 4202 nostro
2555 4143 2698 4199 circa
2729 4140 2980 4199 eamdem
3013 4138 3296 4195 materiem
3339 4136 3561 4206 scripta:
3594 4134 3678 4189 in-

2073 4241 2419 4312 telligantur.

367 4404 3639 4438 W—M

718 4551 840 4638 IN
913 4556 1210 4641 TRES
1286 4557 1709 4643 LIBROS
1785 4552 1948 4642 DE
2023 4554 2525 4641 OFFICIIS
2605 4552 3330 4639 ADMONITIO.

433 4855 565 4912 Cum
592 4857 953 4917 houorabilem
972 4861 1109 4918 inter
1135 4872 1343 4920 caeteros
1364 4832 1624 4935 ﬁdelesu'n
1646 4861 1921 4918 Dominico
1948 4878 2103 4936 grege
2133 4863 2303 4918 locum
2327 4862 2589 4917 obtineant
2609 4860 2745 4915 sacri
2769 4860 3019 4926 ministri,
3052 4875 3155 4915 non
3186 4858 3353 4933 potuit
3383 4857 3685 4912 Ambrosius

351 4953 595 5008 omnibus
635 4956 895 5022 parocltite
933 4958 1030 5011 sibi
1058 4957 1268 5013 credita:
1313 4958 1581 5013 ordinibus
1610 4958 1941 5013 instituendis
1990 4973 2274 5028 numquam
2303 4973 2407 5010 non
2434 4956 2684 5020 intentus,
2715 4955 2935 5027 egregia:
2964 4956 3106 5009 illius
3133 4954 3383 5023 portionis
3419 4969 3587 5007 mores
3614 4952 3682 5005 iis

350 5051 631 5121 praeceptis
661 5050 928 5107 destitutos
955 5053 1263 5125 relinquere,
1295 5053 1482 5125 quibus
1512 5064 1559 5106 et
1590 5053 1704 5122 ipsa
1750 5053 2015 5123 pervenire
2043 5051 2111 5106 ad
2142 5068 2421 5121 congruam
2464 5067 2560 5103 suo
2589 5050 2790 5103 muneri
2820 5049 3215 5104 sanctimoniam
3242 5046 3462 5112 ualeret,
3495 5054 3542 5100 et
3575 5046 3678 5098 vir-

354 5151 525 5195 tutum
546 5141 781 5210 ecemplo
808 5144 863 5197 in
894 5144 1071 5199 eadem
1098 5145 1177 5198 via
1203 5144 1337 5213 plebi
1360 5145 1563 5216 praeire.
1602 5143 1735 5198 Hinc
1763 5144 1911 5217 origo
1941 5144 2125 5198 horum
2155 5144 2439 5208 librorum;
2467 5159 2586 5196 nam
2616 5158 2733 5195 cum
2767 5141 2914 5209 prius
2943 5156 3063 5194 voce
3104 5140 3319 5193 clericos
3361 5155 3482 5192 suos
3510 5139 3677 5210 infor-

353 5251 502 5291 mare
546 5236 616 5290 ad
643 5236 884 5309 pietatem
924 5238 1104 5292 sedulo
1133 5240 1414 5292 studuisset
1434 5280 1449 5304 ,
1480 5246 1658 5308 postea
1683 5256 1744 5292 ne
1772 5240 1907 5292 data:
1935 5239 2311 5307 prwceptiones
2340 5253 2405 5292 ea:
2432 5254 2607 5291 eorum
2651 5238 2841 5291 animis
2871 5236 3127 5309 paulatim
3152 5234 3407 5304 eﬁiuerent
3425 5272 3440 5299 ,
3469 5231 3675 5285 easdem

349 5333 409 5387 in
443 5332 617 5401 aperis
664 5330 882 5399 legitimi
906 5348 1094 5399 corpus
1122 5336 1359 5386 redactas
1385 5332 1512 5397 ipsis
1539 5331 1689 5402 quasi
1718 5348 1872 5385 manu
1900 5348 1960 5385 ac
1985 5332 2101 5386 sinu
2128 5348 2328 5399 semper
2355 5329 2595 5400 ferendas
2626 5328 2829 5384 trudere
2855 5330 3137 5383 constituit.
3163 5327 3194 5380 ,Ι
3205 5343 3293 5380 ure
3328 5327 3487 5397 igitur
3512 5326 3680 5380 eidem

354 5425 522 5493 Operi
566 5426 775 5479 titulum
820 5425 943 5495 fecit
989 5425 1064 5479 De
1110 5423 1318 5481 Ofliciis
1365 5424 1735 5480 Ministrorum
1758 5466 1771 5490 ,
1801 5440 1950 5495 queat
1978 5440 2072 5479 nos
2098 5440 2163 5478 ea:
2185 5422 2555 5494 manuscriptis
2580 5423 2689 5494 fere
2725 5421 2963 5476 omnibus
3007 5437 3066 5474 ac
3094 5430 3229 5473 nota:
3258 5418 3487 5472 melioris
3529 5419 3684 5473 resti-

353 5520 574 5575 luimus.

431 5612 503 5668 In
531 5616 702 5683 primo
734 5614 867 5669 libro
897 5611 1048 5687 (Cap.
1083 5612 1137 5685 1)
1158 5655 1174 5681 ,
1202 5614 1379 5668 statim
1406 5612 1577 5667 causis
1608 5612 1715 5665 illis
1746 5610 1929 5681 quibus
1956 5609 2026 5663 ad
2048 5609 2376 5665 scribendum
2398 5608 2638 5663 inductus
2666 5616 2831 5672 esset,
2861 5623 2962 5660 non
2991 5620 3101 5658 sine
3128 5605 3349 5674 ingenua
3379 5605 3461 5658 sui
3489 5605 3679 5658 demis-

353 5710 506 5767 sione
536 5706 854 5774 propositis,
887 5706 1107 5762 ostendit
1136 5707 1291 5778 (Cap.
1316 5705 1372 5760 ‘2.
1406 5717 1453 5761 et
1484 5707 1622 5775 seq.)
1650 5705 1911 5758 silentium
1941 5704 2188 5775 optimum
2227 5718 2335 5756 esse
2364 5701 2608 5773 loquendi
2652 5702 2986 5773 magistrum,
3020 5707 3067 5752 et
3094 5698 3319 5751 maxime
3352 5698 3404 5751 in
3446 5699 3526 5752 ira
3554 5699 3679 5752 reti-

351 5801 589 5859 nendum
616 5815 638 5856 :
667 5800 779 5869 ejus
810 5814 922 5853 vero
948 5802 1086 5873 leges
1116 5801 1433 5873 l’r0pltetam
1452 5816 1620 5870 regem
1642 5809 1762 5851 ante
1791 5796 2148 5867 Pythagoram
2188 5808 2234 5850 et
2264 5798 2426 5850 multo
2455 5797 2787 5865 prwstantius
2814 5794 2957 5848 nobis
2988 5793 3187 5847 dedisse
3210 5789 3375 5863 (Cap.
3410 5793 3508 5858 10,
3539 5810 3686 5847 num.

354 5880 476 5959 si).
512 5890 650 5948 Tum
681 5893 1002 5963 propositum
1034 5910 1183 5947 suum
1232 5910 1537 5965 aggressus,
1565 5891 1701 5945 unde
1733 5891 1930 5943 oriatur
1961 5904 2058 5943 vos
2101 5887 2352 5943 ()ilicitttn
2401 5890 2421 5958 (
2448 5888 2575 5956 Cap.
2608 5886 2641 5940 8
2668 5898 2713 5940 et
2742 5890 2771 5941 ll
2798 5890 2840 5956 ),
2870 5903 2983 5955 qua:
3007 5888 3073 5939 sit
3098 5888 3209 5951 ejus
3248 5885 3595 5953 signiﬁcatio,
3638 5893 3689 5935 τι
