4078 6306
375 379 441 435 i9
1745 371 1992 438 SANCTI
2014 369 2340 438 MIBRUSII
3604 379 3676 435 ’ΞΟ

370 507 494 568 quot
518 497 574 552 in
603 507 774 568 partes
803 498 1142 554 distribuatur
1166 495 1319 570 (Cap.
1352 499 1468 571 il),
1498 500 1622 552 scite
1644 498 1873 567 explicat
1900 513 1918 553 :
1949 497 2191 552 admonet
2219 509 2391 553 autent
2418 507 2537 552 ante
2568 500 2738 554 omnia
2769 499 3062 554 Christiano
3093 501 3196 554 viro
3224 500 3506 555 cavendum
3536 515 3676 564 esse,

371 605 437 643 ne
466 587 894 660 philosophorum
923 608 1062 645 more
1089 593 1359 646 honestum
1401 601 1486 646 aut
1521 593 1646 646 utile
1670 607 1732 646 ex
1771 594 1874 645 vita
1899 594 2138 663 praesenti
2184 594 2490 646 metiendunt
2523 604 2666 664 pu'et
2687 636 2700 657 ,
2733 595 2823 649 sed
2853 611 2915 650 ex
2945 599 3143 666 futura.
3181 595 3416 666 Officium
3454 596 3682 652 ntedium

369 685 426 738 in
454 691 848 756 praceptorum,
879 684 1162 754 perfectum
1186 699 1303 738 vero
1338 687 1392 738 in
1423 684 1757 738 consiliorum
1800 685 2210 757 evangelicorum
2238 685 2586 740 observatione
2617 689 2838 756 positum
2869 688 3030 755 dicit,
3058 690 3210 759 idque
3232 687 3554 762 philosOpltis
3579 703 3685 748 ste-

373 777 465 832 rili
486 785 686 831 tantum
732 778 1081 847 speculatione
1125 777 1290 845 fuisse
1328 779 1607 850 cognitum.
1643 776 1842 832 Deinde
1874 779 2024 849 (Cap.
2057 779 2128 834 19.
2152 788 2199 832 et
2227 778 2362 852 seq.)
2403 781 2682 850 confatalis
2709 780 3016 850 quibusdam
3044 783 3334 848 erroribus,
3367 783 3435 837 ad
3469 783 3683 858 singula

379 870 680 944 Officiorum
723 888 915 944 genera
959 873 1176 927 accedit.
1209 870 1275 926 In
1319 871 1731 926 adolescentibus
1773 875 2033 943 praecipue
2068 875 2391 928 commendat
2429 872 2580 944 (Cap.
2618 873 2682 927 i7
2715 884 2761 927 et
2787 875 2921 945 seq.)
2950 876 3097 928 illum
3141 876 3424 947 pudorem,
3459 877 3546 946 qui
3579 892 3682 930 non

376 967 531 1019 modo
559 967 864 1021 exteriorem
910 965 1138 1020 habitum
1167 966 1326 1037 regit,
1373 975 1420 1020 et
1449 967 1501 1020 in
1534 977 1674 1020 motu
1695 1010 1710 1036 ,
1743 967 1980 1033 incessu,
2007 984 2275 1031 sermone,
2309 979 2354 1022 et
2385 969 2523 1021 rictu
2563 969 2765 1034 elucet;
2796 984 2967 1024 verum
2989 969 3141 1022 etiam
3166 971 3397 1025 internas
3425 971 3686 1042 componit

377 1065 682 1134 facultates,
712 1059 809 1118 Dei
840 1061 1034 1118 scilicet
1060 1064 1246 1116 timore
1265 1104 1279 1127 ,
1316 1062 1640 1117 veneratione
1670 1073 1966 1134 parentum,
1996 1073 2043 1118 et
2070 1064 2511 1134 perturbatioanm
2535 1063 2694 1118 animi
2727 1063 3092 1118 moderatione.
3125 1061 3192 1116 Et
3220 1061 3329 1118 htec
3361 1068 3560 1136 quidem
3587 1067 3684 1122 de-

375 1156 541 1208 clarat
571 1155 898 1225 potissimum
928 1155 1120 1225 requiri
1149 1158 1203 1206 in
1233 1153 1471 1220 clericis;
1502 1155 1692 1225 quippe
1719 1170 1848 1225 quos
1877 1154 2016 1208 omni
2045 1170 2110 1208 ea:
2154 1167 2301 1223 parte
2327 1163 2430 1208 tam
2458 1164 2594 1209 recte
2640 1155 2941 1208 constitutos
2983 1171 3090 1208 esse
3114 1165 3376 1225 Oporteat,
3402 1169 3457 1212 ut
3485 1160 3688 1217 nullant

372 1245 564 1302 incidis
591 1247 944 1300 calumniandi
973 1261 1153 1299 ansam
1179 1245 1460 1315 prwbentes
1482 1288 1496 1312 ,
1529 1247 1763 1319 exemplo
1793 1247 1940 1302 bona!
1957 1250 2382 1313 conversationis,
2411 1248 2610 1302 cunctis
2641 1247 2975 1318 prwluceattt.
3003 1245 3189 1302 Postea
3215 1249 3363 1322 (Cap.
3388 1252 3460 1308 25
3479 1263 3522 1307 et
3549 1256 3684 1328 seq.)

381 1344 446 1400 de
465 1343 756 1406 uirtutibus,
783 1359 911 1413 quos
938 1341 1230 1396 cardinales
1258 1351 1461 1407 vocant,
1495 1345 1730 1398 instituta
1755 1345 2146 1416 disceptatione,
2180 1359 2263 1399 tas
2288 1347 2472 1400 astruit
2505 1351 2670 1417 fontes
2699 1363 2807 1403 esse
2835 1347 2991 1402 totius
3033 1345 3248 1404 hancsti
3282 1363 3437 1422 atque
3465 1349 3645 1407 decori
3669 1394 3686 1418 ,

377 1436 516 1506 quod
544 1436 703 1508 hujus
733 1435 850 1490 libri
881 1447 1239 1506 argumentum
1267 1446 1360 1490 est.
1395 1434 1640 1502 Quamvis
1667 1448 1837 1491 autem
1867 1437 1989 1493 illas
2013 1439 2224 1492 virtutes
2253 1440 2485 1502 separari
2508 1439 2572 1494 ab
2600 1439 2818 1495 invicem
2848 1457 2949 1494 non
2983 1453 3130 1510 posse
3148 1442 3396 1511 fateatur,
3424 1445 3488 1498 de
3515 1446 3696 1518 singu-

380 1534 445 1586 lis
477 1542 646 1586 tamen
688 1531 960 1604 sejunctim
1006 1531 1147 1601 agit;
1173 1540 1221 1585 et
1270 1533 1438 1602 primo
1470 1533 1581 1586 loco
1613 1541 1725 1603 post
1775 1534 2064 1603 prudentia:
2095 1534 2451 1604 definitionem
2496 1533 2646 1606 (Cap.
2677 1533 2792 1604 27),
2825 1535 3082 1606 sapientes
3111 1550 3341 1607 paganos
3380 1537 3698 1596 demonstrat

377 1625 621 1680 incidisse
647 1625 702 1678 in
749 1641 807 1679 ea
841 1625 965 1679 uitia
983 1665 998 1690 ,
1026 1639 1141 1693 qui:
1169 1639 1284 1678 cum
1327 1627 1440 1697 ipsa
1470 1643 1702 1696 pugnare
1731 1641 1832 1681 non
1861 1628 2186 1700 ignorabant.
2220 1628 2418 1682 Eadem
2445 1629 2644 1683 ratione
2671 1639 2857 1684 tractat
2881 1630 2945 1684 de
2961 1631 3171 1704 justitia
3199 1630 3343 1702 (Cap.
3366 1631 3440 1688 9.8
3468 1643 3514 1688 et
3534 1633 3693 1708 seq.),

378 1724 534 1794 cujus
560 1720 786 1774 diuersas
835 1729 1007 1789 partes
1033 1717 1316 1785 examinat,
1349 1721 1572 1775 maxime
1617 1738 1733 1776 vero
1757 1722 2118 1778 liberalitatem
2144 1740 2205 1778 ac
2225 1721 2646 1776 benevolentiam.
2685 1721 2762 1776 De
2789 1724 3097 1790 fortitudine
3123 1733 3293 1779 autem
3322 1725 3470 1780 verba
3499 1727 3698 1797 faciens

379 1813 538 1885 (Cap.
572 1815 643 1874 35
667 1822 716 1867 et
739 1813 893 1886 seq.),
926 1829 1040 1869 eam
1081 1815 1134 1868 in
1181 1811 1384 1869 duobus
1429 1815 1704 1870 consistere
1745 1815 1916 1880 docet,
1949 1817 2001 1871 in
2030 1832 2216 1872 rerum
2266 1827 2618 1872 externarum
2669 1815 3060 1888 despicientia,
3094 1827 3141 1872 et
3172 1820 3225 1872 in
3253 1836 3345 1884 eo,
3379 1830 3433 1873 ut
3460 1821 3572 1890 quis
3607 1835 3701 1879 res

384 1933 630 1987 magnas,
658 1916 879 1980 arduas,
915 1915 1212 1986 plenasque
1241 1915 1488 1971 Iuliorum
1517 1925 1570 1971 ct
1596 1915 1959 1986 periculorum
1987 1917 2238 1988 suscipiat
2268 1925 2429 1987 atque
2457 1925 2784 1986 exsequatur.
2839 1915 2954 1981 Qua
2990 1917 3258 1971 occasione
3283 1917 3446 1972 editos
3468 1919 3521 1972 in
3548 1919 3705 1974 veteri

381 2011 572 2081 {cedere
598 2009 732 2064 uiros
766 2007 920 2079 (Cap.
956 2011 1024 2066 40
1053 2019 1098 2062 et
1123 2011 1281 2081 seq.),
1307 2025 1338 2062 a
1364 2007 1548 2076 quibus
1579 2009 1766 2063 bellica
1792 2009 1961 2080 gloria
1985 2009 2198 2080 profani
2226 2009 2407 2064 heroes
2437 2025 2764 2082 superentur,
2796 2011 3043 2082 exemplis
3081 2009 3264 2082 probat
3295 2030 3313 2066 :
3334 2011 3424 2066 sed
3450 2012 3706 2069 Christia-

380 2119 502 2158 nam
535 2101 892 2172 fortitudinent
915 2102 1098 2156 asserit
1129 2103 1180 2156 in
1213 2111 1532 2157 terrenarum
1551 2117 1723 2157 rerum
1753 2103 2107 2173 despicientia,
2135 2103 2453 2175 injuriarum
2482 2105 2940 2176 calamitatamque
2971 2108 3264 2173 tolerantia,
3297 2118 3344 2162 ct
3372 2111 3706 2182 perpessione

384 2199 790 2252 stcvissimot‘um
839 2211 932 2266 pro
963 2194 1152 2251 Christi
1199 2197 1302 2267 ﬁde
1345 2195 1718 2270 suppliciorum
1765 2213 1874 2252 esse
1902 2198 2144 2268 positam.
2181 2197 2450 2254 Postremo
2487 2203 2551 2254 de
2579 2202 2915 2270 temperantia
2942 2203 3113 2257 dicere
3134 2200 3354 2258 adorsus
3383 2203 3534 2276 (Cap.
3559 2201 3630 2260 45
3657 2211 3708 2260 et

381 2290 538 2363 seq.),
568 2291 745 2346 omnia’
771 2293 882 2364 ejus
926 2291 1154 2346 membra
1200 2291 1460 2363 explicat,
1493 2307 1709 2363 quorum
1737 2291 1832 2346 illa
1863 2293 2127 2363 praecipua
2157 2303 2306 2358 sunt,
2337 2295 2696 2366 tranquillitas
2737 2297 2925 2366 animi,
2958 2298 3194 2354 stadium
3230 2299 3705 2370 mansuetudinis,

389 2385 606 2442 honesti
634 2399 763 2441 cura
786 2426 799 2450 ,
833 2385 1021 2442 decori
1055 2385 1424 2442 consideratio
1459 2404 1471 2440 :
1504 2386 1688 2458 quibus
1727 2385 1974 2458 adjicitur
2016 2387 2150 2444 illud
2186 2387 2431 2460 placitum
2455 2432 2468 2456 ,
2509 2392 2697 2446 minori
2733 2389 2988 2448 honestati
3034 2395 3287 2463 majorem
3339 2410 3538 2464 semper
3597 2411 3711 2452 esse

388 2483 809 2557 pratponendam.

459 2597 536 2652 Ab
565 2599 680 2669 ipso
707 2598 884 2654 limine
911 2598 1124 2653 secundi
1151 2594 1266 2653 libri
1294 2597 1526 2653 eamdem
1553 2589 1869 2654 honestatem
1893 2597 2130 2666 felicitati
2157 2611 2327 2656 ortum
2355 2601 2580 2673 praebere
2606 2602 2692 2656 ubi
2722 2602 3084 2658 demonstravit
3104 2601 3243 2666 (Lib.
3271 2619 3335 2670 lt,
3362 2621 3409 2660 c.
3433 2604 3508 2677 1),
3533 2603 3710 2676 philo-

388 2693 673 2765 s0p/toram
702 2710 762 2747 ac
789 2693 1051 2748 Ciceronis
1085 2693 1220 2748 circa
1261 2692 1422 2768 hujus
1452 2693 1567 2749 vita:
1607 2710 1905 2760 supremum
1937 2693 2121 2748 bonum
2150 2713 2350 2751 errores
2379 2698 2569 2766 refellit
2611 2695 2764 2769 (Cap.
2799 2697 2834 2751 2
2863 2708 2911 2753 et
2937 2696 3096 2769 seq.),
3133 2700 3184 2753 in
3220 2699 3532 2771 cognitione
3566 2699 3713 2754 divi-

393 2789 604 2854 uitatis,
635 2801 685 2844 et
721 2787 896 2844 fructu
929 2787 1087 2844 bona:
1116 2787 1454 2858 operationis
1484 2788 1618 2842 illud
1645 2789 1802 2842 situm
1845 2805 1952 2843 esse
1991 2789 2328 2859 patefaciens.
2364 2789 2490 2844 Cum
2518 2805 2636 2844 vero
2665 2789 2734 2844 ad
2761 2790 2899 2845 idem
2940 2792 3210 2846 honestum
3251 2807 3342 2858 per
3367 2793 3552 2846 bonum
3583 2794 3713 2850 utile

391 2885 749 2958 perveniatur,
782 2883 846 2938 de
896 2883 993 2938 hoc
1034 2883 1265 2954 disputat
1306 2885 1358 2936 in
1390 2894 1494 2939 toto
1525 2883 1697 2948 libro;
1720 2899 1932 2953 cumque
1975 2884 2073 2936 hoc
2097 2883 2272 2952 ipsum
2299 2893 2343 2936 et
2370 2885 2615 2938 consistat
2658 2885 2710 2937 in
2744 2884 2964 2953 pietate,
3004 2894 3054 2940 et
3085 2884 3148 2938 ob
3188 2886 3398 2940 honesto
3425 2886 3489 2940 sit
3515 2883 3710 2940 indivi-

393 2999 507 3036 sum
534 2981 688 3055 (Cap.
719 2983 751 3038 6
791 2990 839 3036 et
877 2979 1032 3053 seq.);
1063 2981 1358 3050 comparari
1387 2997 1488 3034 non
1519 2997 1668 3049 posse
1694 2979 1862 3043 docet,
1889 2979 1988 3034 nisi
2016 2995 2193 3034 eorum
2221 2980 2463 3033 uirtutum
2488 2979 2768 3049 beneﬁcio,
2799 2996 2914 3048 qua:
2948 2979 3144 3034 claram
3172 2981 3314 3048 apud
3333 2978 3563 3034 homines
3593 2981 3710 3034 easi-

390 3075 736 3130 stimationem
780 3073 1182 3144 charitatemque
1212 3071 1356 3126 nobis
1402 3071 1693 3142 acquirunt.
1727 3069 1896 3124 Porro
1945 3071 2200 3140 triplicem
2249 3071 2513 3124 hominum
2545 3070 2986 3124 conciliandorum
3015 3073 3268 3126 rationem
3307 3071 3464 3126 tradit
3490 3071 3644 3144 (Cttp.
3674 3072 3712 3128 8

393 3181 439 3225 et
467 3170 623 3240 seq.),
655 3179 706 3223 ut
731 3169 845 3238 quis
875 3168 1068 3223 scilicet
1097 3184 1275 3222 eorum
1304 3183 1526 3220 amorem
1552 3166 1916 3233 beneficentia,
1949 3166 2100 3233 ﬁdem
2120 3165 2328 3239 justitia
2357 3175 2405 3218 et
2433 3163 2741 3235 prudentia,
2774 3180 2867 3218 nec
2897 3180 2998 3216 non
3026 3163 3318 3234 insignibus
3353 3181 3414 3217 ac
3448 3174 3713 3234 priestano

392 3263 526 3318 tibus
567 3263 717 3334 factis
757 3262 853 3317 sibi
897 3261 1173 3316 deuinciat.
1209 3259 1334 3314 Hatc
1362 3259 1535 3313 omnia
1561 3258 1789 3314 illustrat
1827 3260 2226 3330 appositissimis
2275 3260 2556 3328 exemplis,
2587 3269 2638 3313 et
2677 3260 2955 3313 maximam
2983 3270 3181 3327 partem
3222 3275 3284 3313 es:
3322 3259 3495 3312 divina
3531 3271 3714 3315 aucto-

390 3358 545 3411 ritate
569 3355 830 3426 sumptis;
870 3353 960 3408 sed
1007 3351 1141 3406 nihil
1185 3353 1350 3425 magis
1390 3352 1532 3422 pium
1573 3351 1856 3422 excogitari
1897 3360 2093 3420 potest,
2133 3368 2288 3419 quam
2331 3351 2424 3404 illa
2467 3360 2755 3419 prtecepta,
2803 3351 2987 3420 quibus
3029 3349 3099 3403 ad
3139 3368 3296 3422 opera
3340 3353 3710 3407 misericordia

397 3446 550 3520 (Cap.
585 3448 651 3502 l5
679 3457 724 3503 et
749 3446 880 3520 seq.)
911 3457 954 3500 et
999 3446 1178 3516 officia
1209 3447 1382 3500 omnia
1404 3489 1417 3510 ,
1451 3461 1566 3517 qua:
1593 3444 1662 3499 ad
1689 3455 1921 3499 mutuam
1949 3446 2214 3501 hominum
2244 3446 2377 3500 inter
2419 3461 2473 3500 se
2501 3445 2791 3500 societatem
2824 3446 3075 3515 pertinent
3099 3485 3115 3513 ,
3145 3446 3424 3516 informat,
3457 3446 3714 3516 simulque

394 3543 513 3597 vitia
547 3541 840 3614 proscribit.

468 3658 537 3712 In
563 3657 711 3713 tertio
757 3656 888 3710 libro
918 3657 1105 3710 bonum
1134 3656 1402 3709 honestum
1443 3671 1561 3709 cum
1588 3655 1703 3708 utili
1747 3663 2008 3726 comparat
2045 3663 2256 3710 sanctus
2293 3653 2514 3718 Prtesul,
2541 3654 2632 3710 sed
2659 3669 2754 3708 nos
2789 3653 3065 3708 admonere
3097 3653 3236 3726 (Lib.
3269 3669 3346 3720 Ill,
3380 3671 3499 3724 cap.
3531 3654 3590 3722 2)
3620 3671 3712 3709 tte-

393 3769 648 3825 quaquam
695 3751 944 3824 negiigit,
981 3749 1090 3803 hate
1121 3749 1226 3804 duo
1257 3749 1506 3802 bonorum
1549 3764 1738 3818 genera
1767 3749 1818 3801 in
1856 3749 2019 3822 justis
2067 3749 2189 3802 viris
2242 3747 2505 3802 insolubili
2547 3747 2682 3802 nodo
2712 3748 2988 3819 conjuncta
3018 3764 3160 3811 esse;
3203 3761 3356 3818 atque
3382 3748 3511 3802 adeo
3539 3749 3711 3802 colla-

397 3847 587 3900 tionem
613 3845 746 3898 hanc
773 3859 878 3896 non
903 3841 1134 3906 institui,
1164 3840 1262 3894 nisi
1295 3856 1362 3895 ea:
1397 3839 1533 3910 vulgi
1576 3838 1818 3910 opinione
1841 3836 1950 3892 haec
1973 3839 2090 3909 ipsa
2125 3839 2461 3912 sejungentis.
2500 3837 2613 3892 Hoc
2634 3841 2752 3893 exin
2777 3840 3014 3913 generale
3043 3840 3286 3908 placitum
3317 3841 3614 3906 constituit,
3653 3851 3714 3894 ut

401 3939 562 3992 bonus
597 3937 674 3990 vir
705 3934 837 3991 nihil
882 3933 1044 3989 alteri
1086 3931 1491 3988 detrahendum
1523 3937 1707 4001 putet,
1741 3945 1841 3986 nec
1871 3931 2098 3986 alterius
2128 3931 2472 3985 incommodo
2519 3948 2674 3986 suum
2709 3933 2916 3986 lucrum
2950 3934 3132 4002 augeri
3167 3932 3292 3986 velit
3339 3930 3532 4004 (Ibid.,
3560 3949 3707 3988 nam.

399 4034 468 4089 15
488 4032 531 4105 ).
569 4031 722 4100 Quod
773 4047 888 4084 cum
932 4027 1258 4084 naturalibus
1289 4026 1630 4094 humanisque
1667 4023 1864 4095 legibus
1885 4065 1899 4089 ,
1934 4035 2043 4078 tum
2089 4023 2277 4078 diuinis
2307 4040 2370 4078 ex
2407 4034 2618 4092 utroque
2652 4024 2972 4079 Testamento
2996 4025 3165 4096 petitis
3193 4025 3372 4096 probat
3402 4025 3554 4098 (Cap.
3596 4027 3632 4081 5
3661 4037 3713 4105 et

397 4102 535 4197 seq.)
563 4143 582 4179 :
608 4124 674 4178 iis
700 4139 817 4178 uero
843 4137 958 4193 qua:
985 4130 1164 4175 contra
1204 4120 1384 4174 isthwc
1421 4115 1517 4173 sibi
1552 4115 1728 4189 objicit
1755 4157 1768 4179 ,
1800 4115 1944 4169 illam
1975 4112 2183 4168 adhibet
2226 4114 2566 4181 solutionem,
2598 4114 2908 4170 Christianis
2955 4116 3076 4169 uiris
3115 4117 3177 4169 ab
3225 4117 3457 4190 exemplo
3482 4102 3710 4186 Christi:

399 4223 488 4292 qui
531 4221 718 4275 alienat
761 4219 971 4275 utilitati
995 4235 1143 4273 suam
1174 4235 1453 4290 numquam
1495 4217 1822 4288 anteposuit,
1853 4232 1956 4268 non
1983 4213 2373 4269 discedendum.
2409 4212 2542 4268 Inde
2573 4215 2772 4287 colligit
2805 4215 2858 4268 in
2905 4215 3044 4269 omni
3071 4224 3190 4270 actu
3220 4227 3372 4286 atque
3409 4225 3710 4284 contractu,

401 4331 600 4388 seraper
620 4315 740 4369 etin
763 4330 1082 4385 quocumque
1109 4329 1235 4367 casu
1255 4313 1525 4366 honestum
1549 4311 1666 4366 utili
1685 4309 1922 4384 praeferri
1970 4318 2204 4378 aportere
2226 4307 2378 4378 (Cap.
2397 4309 2430 4364 5
2455 4319 2502 4363 et
2529 4317 2686 4379 seq.);
2717 4309 2916 4362 etiamsi
2943 4308 3163 4362 maxime
3188 4318 3440 4363 constaret
3471 4309 3712 4378 fraudem

402 4419 631 4466 nostram
659 4408 765 4464 Deo
793 4409 1004 4478 perinde
1032 4417 1186 4478 atque
1211 4406 1503 4462 hominibus
1531 4409 1642 4478 fore
1667 4405 1916 4477 ignotam.
1954 4400 2111 4456 Addit
2139 4400 2272 4456 hanc
2299 4402 2460 4472 legem
2486 4401 2549 4453 ab
2579 4404 2693 4472 ipso
2724 4398 2836 4455 Deo
2862 4402 3113 4456 sancitum
3139 4417 3276 4474 esse,
3308 4410 3460 4473 atque
3488 4402 3618 4456 adeo
3641 4403 3714 4456 ad

399 4519 588 4564 ueteres
621 4507 824 4579 fabulas
851 4525 955 4562 non
997 4505 1404 4570 recurrendum,
1437 4512 1494 4557 ut
1542 4513 1808 4556 astruatur
1855 4517 1937 4556 res
1991 4499 2321 4564 certissima;
2360 4496 2708 4554 Christianam
2752 4497 2889 4552 enim
2931 4495 3229 4567 religionem
3272 4494 3428 4563 hujus
3475 4497 3715 4564 exempla

402 4600 421 4662 i
450 4600 580 4672 Cap.
615 4601 648 4656 9
676 4611 723 4656 et
752 4611 856 4670 seq.
889 4597 908 4672 )
935 4599 990 4654 in
1018 4599 1217 4668 magnis
1246 4597 1352 4652 illis
1378 4596 1501 4650 uiris
1526 4594 1885 4664 suppeditasse
1913 4634 1928 4659 ,
1950 4590 2068 4662 'qui
2094 4607 2152 4645 ea
2181 4597 2294 4645 uere
2319 4589 2542 4644 exsecuti
2567 4597 2686 4643 sunt
2708 4630 2721 4655 ,
2775 4603 2890 4659 quae
2933 4587 3252 4641 habebantur
3299 4603 3393 4657 pro
3445 4587 3713 4642 miraculis

399 4692 546 4763 apud
572 4707 822 4765 paganos.
855 4691 936 4744 Ad
963 4701 1276 4762 postremum
1303 4689 1530 4742 maxima
1556 4703 1766 4759 quasque
1789 4684 2144 4740 Romanorum
2169 4684 2402 4753 exempla
2427 4684 2591 4738 sacris
2621 4682 2863 4736 heroibus
2895 4681 3033 4734 omni
3062 4697 3126 4737 ea:
3154 4691 3298 4752 parte
3323 4682 3574 4753 inferiora
3605 4696 3716 4734 esse

406 4782 625 4837 ostendit
659 4778 812 4853 (Cap.
848 4782 915 4837 15
943 4791 994 4836 et
1023 4779 1156 4852 seq.)

479 4897 602 4956 Non
632 4897 909 4970 difﬁtemur
935 4895 1266 4951 Ambrosium
1313 4891 1626 4968 sequendam
1652 4891 1749 4948 sibi
1793 4893 2122 4965 praposuisse
2166 4889 2429 4947 Ciceronis
2471 4891 2522 4945 in
2557 4889 2747 4962 Officiis
2774 4890 2880 4944 suis
2907 4893 3264 4957 oeconomiam,
3297 4887 3387 4945 sed
3416 4887 3716 4943 Ciceronem

395 4997 572 5068 ipsum
596 4995 756 5050 libros
783 4982 1008 5048 Panaetii
1035 5000 1080 5046 et
1114 4989 1393 5046 Hecatonis
1421 4991 1581 5044 multo
1611 4989 1872 5043 addictius
1916 4988 2171 5041 imitatum
2203 5003 2308 5040 esse
2344 4985 2588 5040 audacter
2615 4984 2950 5056 affirmamus.
2983 4983 3262 5052 Manifesta
3291 4984 3424 5036 enim
3451 4981 3716 5054 significat

399 5101 609 5141 sanctus
639 5085 862 5140 Antistes
889 5099 992 5138 non
1035 5079 1142 5136 alio
1173 5081 1391 5135 consilio
1421 5097 1532 5134 sese
1560 5079 1795 5134 Oratoris
1824 5077 2095 5132 imitationi
2126 5093 2337 5148 Operam
2365 5074 2600 5143 dedisse,
2633 5075 2733 5129 nisi
2763 5085 2818 5130 ut
2847 5076 2899 5128 in
2923 5089 3016 5141 eo,
3049 5075 3134 5145 qui
3167 5079 3274 5144 pro:
3318 5086 3457 5129 ciete:
3473 5076 3514 5127 is
3543 5076 3711 5128 hone-

400 5180 548 5235 statis
574 5181 768 5233 δέεαι-ιω
799 5173 934 5247 leges
965 5173 1322 5247 profitebatur,
1347 5169 1483 5244 falsa
1507 5181 1762 5244 ρνιεεερια
1785 5184 2002 5242 pag-inae
2029 5169 2226 5224 ethices
2251 5171 2440 5240 fortius
2469 5173 2796 5241 confutaret;
2839 5185 2898 5222 ac
2932 5167 3088 5224 simul
3116 5167 3272 5222 etiam
3300 5169 3473 5236 palam
3495 5170 3712 5242 faceret,

399 5283 590 5344 quanto
629 5267 904 5326 intervallo
933 5269 1231 5324 christiana:
1275 5267 1620 5322 institutiones
1649 5267 1900 5338 quidquid
1927 5277 2170 5336 umquam
2211 5266 2342 5318 inter
2368 5262 2584 5335 gentiles
2627 5267 2903 5335 perfectius
2935 5265 3062 5332 fuit,
3095 5264 3469 5318 antecederent.
3507 5261 3718 5320 Possim

405 5371 634 5438 explodit
662 5364 866 5422 inanem
895 5365 1042 5421 illatii
1072 5365 1379 5436 eloquentia:
1402 5363 1780 5432 affectationem
1801 5405 1814 5426 ,
1845 5364 1999 5432 quarti
2029 5360 2167 5414 idem
2195 5359 2374 5416 Cicero
2422 5371 2675 5429 nusquam
2706 5376 2806 5412 non
2839 5369 3076 5412 ostentat.
3110 5355 3343 5412 Subinde
3381 5375 3496 5412 vero
3535 5359 3586 5412 in
3616 5359 3717 5414 hac

405 5463 673 5523 incumbit,
706 5471 759 5515 ut
785 5453 1039 5532 quidquid
1064 5459 1395 5532 prazstantius
1427 5459 1480 5511 in
1511 5473 1714 5512 morum
1740 5455 2018 5526 disciplina
2043 5453 2367 5508 tradiderant
2396 5452 2698 5524 philosOphi
2715 5494 2728 5516 ,
2761 5469 2826 5507 ex
2852 5452 3038 5507 nostris
3067 5452 3365 5506 auctoribus
3397 5463 3560 5506 totum
3582 5453 3718 5508 illud

406 5555 734 5624 desumptunt
764 5569 871 5608 esse
899 5554 1038 5607 clare
1064 5553 1395 5606 demonstret.
1428 5547 1695 5619 Imprimis
1725 5557 1895 5602 autem
1923 5545 2156 5616 ejusdem
2189 5543 2344 5598 Tullii
2374 5543 2566 5613 fastum
2597 5543 2794 5607 evertit,
2827 5545 3038 5615 ejusque
3069 5543 3198 5596 scito
3228 5541 3293 5596 de
3337 5543 3534 5596 ultione
3561 5543 3715 5609 atque

401 5647 677 5702 ambitione
705 5645 940 5717 funditiss’
967 5645 1123 5700 tollit.
1151 5643 1258 5700 Sed
1287 5643 1418 5698 illud
1447 5643 1599 5713 caput
1629 5645 1780 5712 longe
1795 5637 2172 5710 gravissimmn,
2203 5654 2235 5690 a
2265 5636 2508 5690 Cicerone
2523 5643 2689 5688 tamen
2719 5635 2803 5688 vix
2833 5637 3134 5698 delibatum,
3162 5652 3366 5690 summa
3391 5637 3720 5692 contentione

403 5742 610 5808 firmare
639 5740 831 5801 studet,
863 5741 1124 5810 praecipua
1155 5752 1334 5807 nempe
1366 5736 1530 5806 oﬂicta
1561 5745 1735 5789 nostra
1767 5729 1933 5785 Deum
1960 5739 2218 5801 spectare,
2251 5739 2297 5782 et
2325 5728 2500 5780 omnia
2530 5737 2706 5780 nostra
2731 5731 2870 5798 facta
2894 5728 3092 5782 dictave
3121 5729 3190 5780 ad
3220 5731 3328 5797 ejus
3357 5731 3578 5802 gloriam
3607 5747 3720 5786 esse

404 5828 672 5904 referenda
704 5847 723 5888 :
753 5832 887 5888 illud
917 5847 1116 5902 quoque
1145 5824 1387 5895 alterum,
1415 5830 1476 5883 de
1503 5843 1602 5896 quo
1635 5843 1697 5880 ne
1725 5833 1813 5894 per
1841 5822 2098 5878 somnium
2133 5821 2338 5889 quidem
2367 5817 2579 5884 Orator,
2609 5821 2760 5872 vitam
2791 5832 3092 5889 prwsentein
3119 5822 3253 5876 viam
3281 5837 3389 5875 esse
3417 5822 3485 5875 ad
3509 5823 3721 5880 immor-

407 5921 590 5998 talem,
620 5925 871 6000 ‘bonisqu'e
897 5922 1136 5998 dperib‘us‘
1157 5923 1284 5980 illuc
1315 5921 1588 5993 perveniri,
1611 5919 1798 5976 obnixe
1827 5919 2028 5989 probat.
2051 5915 2133 5971 Ad
2161 5915 2266 5970 haec
2301 5913 2532 5986 praecipit
2561 5931 2590 5967 a
2617 5915 2832 5972 terrenis
2863 5915 3006 5974 bonis
3031 5917 3262 5972 animum
3289 5915 3718 5996 abstrahendum,
