4078 6306
373 288 434 357 ΞΙ
468 337 473 343 ι
1236 309 1321 364 DE
1360 309 1650 366 OFFlCllS
1691 306 2163 370 MINISTRORUM
2202 312 2388 373 LIBRI
2424 318 2624 375 TRES.
3623 326 3694 381 22

371 420 707 474 coercendam
736 422 982 478 severiori
1012 414 1343 496 castigatione
1374 426 1605 495 corporis
1637 427 1900 480 lasciviam
1922 470 1934 489 ,
1964 429 2334 484 condonandas
2366 433 2592 487 inimicis
2617 432 2928 501 offensiones
2950 450 2996 491 et
3031 437 3287 508 injurias,
3316 444 3519 516 majora
3547 440 3699 497 bene-

372 509 489 575 ficia
520 510 628 566 illis
656 516 980 583 prtestanda,
1008 517 1094 587 qui
1124 534 1216 571 nos
1243 517 1469 571 atrocius
1500 516 1546 572 et
1579 519 1825 591 injustius
1857 521 2176 575 divexavere.

455 601 643 661 Verum
691 620 748 661 ut
794 609 1032 664 curiosus
1074 608 1232 664 lector
1286 612 1492 678 facilius
1539 624 1849 683 cognoscat,
1884 616 2068 682 quibus
2097 619 2150 671 in
2194 620 2348 675 rebus
2379 639 2495 675 cum
2528 622 2774 679 Cicerone
2802 627 3111 691 consentiat,
3142 636 3231 681 aut
3261 620 3324 681 ab
3354 645 3410 681 eo
3443 630 3697 703 discrepet

369 696 668 754 Ambrosius
712 714 885 756 noster
906 745 920 767 ,
951 704 1091 757 locos
1118 720 1291 757 omnes
1338 715 1443 756 tum
1497 702 1795 774 Officiorum
1817 749 1831 771 ,
1868 718 1974 761 tum
2001 708 2225 763 aliorum
2268 730 2482 781 operum
2532 716 2768 787 ejusdem
2816 718 3065 782 auctoris,
3097 735 3223 785 quos
3251 731 3459 774 sanctus
3488 719 3696 775 Praisul

368 789 503 844 visus
528 802 603 846 est
631 794 919 864 respicere,
954 795 1006 848 in
1034 795 1268 865 inferiori
1316 795 1547 868 margine
1577 796 1924 851 exhibuimus.
1960 796 2078 866 Qua
2111 802 2310 854 ratione
2342 805 2516 855 statim
2548 804 2831 859 iunotescet
2879 807 3207 860 Ambrosium
3244 826 3275 861 a
3306 804 3385 864 Μ.
3421 808 3593 863 Tullio
3626 810 3697 865 ibi

365 888 673 949 desciscere,
705 888 1011 958 ubicumque
1057 889 1321 958 utriusque
1359 888 1577 958 afﬁnitas
1624 906 1727 943 non
1775 889 2107 947 subnotatur.
2144 892 2280 948 Ilinc
2328 897 2480 948 etiam
2512 897 2599 966 fiet
2648 908 2968 966 compertum
3021 912 3215 972 quanto
3249 902 3455 974 judicio
3486 905 3692 957 eosdem

365 978 525 1033 libros
555 979 850 1034 utilissimis
881 983 1149 1052 praceptis
1177 985 1394 1052 refertos
1421 997 1531 1035 esse
1556 981 1746 1036 dixerit
1776 982 2097 1054 Augustinus
2129 984 2324 1055 (Epist.
2358 986 2428 1040 b2
2450 1031 2463 1050 ,
2494 988 2563 1040 ad
2600 987 2845 1055 llieron.,
2877 1007 3020 1046 nam.
3053 991 3188 1063 ‘21),
3223 998 3476 1062 quamque
3513 997 3693 1050 merita

360 1070 502 1140 ipsos
530 1072 780 1126 hactenus
805 1073 1033 1128 universi
1061 1074 1114 1127 in
1159 1074 1322 1144 pretio
1354 1072 1663 1140 habuerint,
1697 1076 2135 1146 quemadmodum
2166 1096 2230 1133 ex
2260 1082 2631 1150 manuscriptis
2667 1084 2902 1137 omnium
2929 1095 3138 1138 celatura
3161 1126 3177 1154 ,
3204 1103 3331 1157 quos
3377 1091 3605 1156 reperias
3632 1089 3688 1144 in

360 1159 704 1228 bibliothecis,
738 1164 1069 1235 intelligitur.

439 1255 774 1328 Quapropter
820 1259 934 1329 quis
961 1263 1101 1331 ferre
1146 1260 1308 1328 possit
1337 1257 1691 1315 Christianum
1721 1272 1985 1317 auctorem
2010 1264 2075 1319 de
2102 1264 2245 1320 hisce
2284 1266 2435 1322 libris
2460 1285 2649 1323 ausum
2678 1270 2849 1325 dicere
2872 1287 2891 1324 :
2916 1271 3150 1342 Srripsit
3197 1273 3265 1328 de
3293 1274 3500 1330 Ofﬁciis
3528 1277 3690 1333 etiam

358 1344 425 1399 D.
467 1350 815 1414 Ambrosius,
845 1350 1032 1417 credo,
1067 1358 1125 1405 ut
1171 1352 1352 1420 pueris
1386 1352 1685 1407 inculcaret
1734 1356 2070 1425 religionem.
2102 1357 2300 1413 Verum
2332 1376 2431 1429 ego
2460 1361 2784 1432 religionem
2830 1380 2893 1418 ex
2929 1364 3230 1436 Seriptoris
3257 1369 3457 1424 divinis
3487 1386 3686 1426 censeo

359 1440 720 1498 hauriendam
751 1460 875 1500 esse
898 1486 912 1509 ,
943 1445 1011 1500 de
1041 1446 1291 1502 civilibus
1323 1448 1569 1502 inut-ibus
1599 1450 1780 1503 malim
1827 1434 2017 1507 aitdire
2046 1450 2388 1508 Ciceronem.
2428 1456 2554 1519 ρυω
2584 1460 2835 1512 srntentia
2886 1471 3056 1513 utrum
3105 1461 3377 1517 Ambrosio
3421 1481 3490 1517 an
3529 1468 3693 1519 sacris

362 1539 572 1610 paginis
616 1540 907 1613 grauiorem
953 1541 1126 1596 inurat
1157 1543 1438 1615 injuriam,
1472 1543 1686 1613 definita
1713 1550 1814 1599 non
1861 1547 2016 1616 facile
2061 1557 2155 1600 est.
2193 1547 2391 1602 Etenim
2423 1567 2537 1603 cum
2569 1551 2622 1604 hi
2654 1567 2835 1607 mores
2866 1553 3054 1607 civiles
3077 1597 3091 1620 ,
3126 1573 3226 1609 non
3266 1557 3361 1610 alii
3389 1558 3492 1611 sint
3530 1576 3687 1629 quam

359 1634 575 1688 humani
604 1646 752 1688 actus
781 1651 843 1689 ea:
874 1637 1149 1704 prudentia
1177 1638 1395 1707 aliisque
1420 1638 1695 1691 virtutibus
1722 1640 2071 1694 rardinalibus
2100 1642 2399 1696 instituendi
2428 1686 2441 1707 ,
2473 1661 2642 1698 nonne
2673 1647 2914 1699 immanis
2947 1652 3260 1703 contumelia
3292 1662 3364 1705 est
3408 1658 3688 1725 profanant

356 1730 557 1784 ethicen
604 1746 904 1801 praeponere
948 1731 1054 1785 illis
1084 1732 1355 1804 prmeeptis
1376 1775 1390 1799 ,
1423 1749 1537 1804 qum
1565 1750 1721 1804 super
1745 1733 1845 1787 hac
1892 1750 1949 1789 re
1998 1734 2261 1803 prOphetis
2292 1737 2477 1808 afﬂavit
2507 1750 2715 1793 sanctus
2744 1738 2975 1809 Spiritus
2995 1783 3008 1806 ,
3039 1752 3127 1796 aut
3159 1740 3398 1799 Christus
3449 1747 3561 1816 ipse
3602 1762 3690 1800 ore

358 1826 575 1898 proprio
612 1827 862 1898 apostolis
908 1828 1115 1881 dictauit
1163 1828 1316 1880 suis?
1349 1828 1471 1881 Non
1510 1832 1627 1901 jam
1657 1834 1776 1899 ergo
1823 1832 2051 1895 mirum,
2080 1831 2126 1883 si
2172 1830 2325 1885 libros
2355 1834 2481 1885 istos
2501 1870 2515 1897 ,
2545 1832 2596 1885 in
2625 1834 2806 1903 quibus
2835 1836 3081 1888 moralem
3123 1828 3317 1890 Christi
3355 1837 3692 1906 disciplinam

357 1931 566 1973 sanctus
613 1920 698 1974 hic
738 1918 936 1974 Doctor
979 1920 1348 1990 interpretatur
1394 1922 1606 1992 insuper
1652 1924 1834 1977 habeat
1875 1923 2253 1990 heterodoxus;
2286 1924 2473 1979 talibus
2499 1928 2634 1979 enim
2665 1924 2885 1980 Patrum
2929 1938 3250 1998 contemptus
3279 1930 3554 2000 familiaris
3583 1942 3679 1985 est.

357 2008 613 2065 Caterum
662 2028 843 2065 ansam
887 2012 1157 2067 dubitandi
1195 2031 1261 2067 an
1290 2019 1495 2068 eosdem
1539 2014 1695 2069 libros
1742 2028 1983 2086 umquam
2033 2016 2210 2087 legerit
2233 2061 2247 2083 ,
2280 2019 2389 2084 ipse
2418 2021 2745 2089 suppeditat,
2778 2036 2896 2073 cum
2937 2022 3002 2075 de
3031 2024 3111 2076 his
3150 2025 3324 2077 scribit
3359 2041 3377 2079 :
3407 2024 3586 2080 Credo
3616 2036 3674 2081 ut.

360 2103 548 2173 pueris
580 2105 875 2160 inculcaret
907 2105 1261 2176 religionem;
1293 2124 1393 2160 non
1425 2107 1561 2159 enim
1595 2108 1791 2174 pueris,
1821 2108 1911 2161 sed
1939 2106 2191 2162 Ecclesia:
2218 2111 2462 2162 ministris
2512 2112 2740 2164 omnium
2771 2119 2980 2165 atatum
3010 2113 3292 2169 destinatos
3321 2132 3433 2170 esse
3458 2118 3671 2185 ipsemet

360 2198 659 2253 Ambrosius
704 2217 804 2253 non
854 2200 1035 2272 paucis
1086 2200 1217 2254 locis
1240 2241 1252 2263 ,
1285 2209 1333 2253 et
1358 2201 1531 2268 operis
1562 2200 1835 2272 inscriptio
1865 2200 1918 2254 in
1949 2191 2211 2255 codicibus
2264 2202 2413 2272 longe
2444 2202 2714 2271 plurimis,
2748 2211 2802 2256 ut
2823 2206 2939 2276 jam
2966 2203 3160 2258 dictum
3196 2216 3273 2260 est
3294 2250 3308 2272 ,
3342 2209 3668 2276 testificatur.

369 2290 729 2347 Verumtamen
783 2294 900 2349 licet
944 2296 1156 2348 Auctori
1184 2294 1452 2348 erudiendi
1480 2293 1696 2349 clericos
1719 2292 1997 2348 consilium
2022 2294 2210 2365 fuerit,
2266 2292 2600 2350 nihilominus
2630 2298 2836 2352 cuilibet
2890 2300 3172 2355 conditioni
3225 2304 3319 2356 hoc
3356 2304 3491 2357 idem
3536 2321 3668 2372 opus

354 2385 479 2439 utile
502 2402 610 2440 esse
634 2387 894 2456 inﬁcietur
920 2403 1103 2453 nemo;
1135 2402 1255 2440 nam
1300 2402 1415 2440 cum
1461 2387 1636 2440 clerici
1685 2386 1752 2439 ad
1798 2387 2090 2455 superiores
2116 2386 2300 2451 quibus
2355 2387 2736 2456 obtemperant,
2769 2397 2814 2441 et
2845 2388 3118 2458 inferiores
3163 2408 3290 2461 quos
3315 2392 3416 2460 ipsi
3455 2402 3669 2463 regunt,

354 2480 585 2534 ordinem
612 2480 865 2542 habeant;
896 2481 1018 2535 inde
1044 2484 1236 2551 factum
1266 2490 1341 2534 est
1360 2522 1375 2546 ,
1409 2491 1461 2534 ut
1495 2490 1749 2549 prrccepta
1776 2481 1885 2533 illic
1914 2480 2169 2550 permulta
2200 2480 2577 2543 contineantur,
2611 2484 2873 2537 communi
2903 2484 3138 2538 omnibus
3170 2488 3345 2556 fructu
3373 2486 3580 2556 referta.

432 2576 562 2630 llaec
592 2578 767 2631 eadem
796 2577 995 2630 utilitas
1025 2577 1077 2630 in
1103 2593 1262 2630 causa
1291 2576 1407 2646 fuit,
1442 2592 1533 2629 cur
1560 2575 1717 2629 iidem
1739 2574 1858 2629 libri
1885 2593 1988 2629 non
2015 2576 2184 2629 solum
2221 2577 2366 2629 toties
2407 2577 2605 2630 exarati
2630 2576 2762 2641 sint,
2790 2592 2963 2631 verum
3011 2579 3161 2630 etiam
3201 2594 3231 2630 a
3262 2579 3436 2633 multis
3461 2582 3514 2633 in
3541 2597 3683 2635 rom-

357 2670 530 2739 pendii
556 2681 645 2723 aut
676 2678 1028 2738 cxcerptorum
1055 2668 1275 2737 formam
1303 2668 1514 2721 redacti.
1553 2667 1807 2739 Emerpta
1838 2683 1900 2721 ea:
1925 2667 2031 2722 illis
2060 2677 2260 2721 exstant
2288 2667 2341 2721 in
2373 2684 2474 2721 uno
2504 2668 2857 2734 manuscripto
2892 2660 3133 2738 Lyrensis
3177 2670 3508 2738 monasterii;
3540 2687 3683 2725 com-

356 2766 600 2834 pendium
628 2775 799 2819 autem
830 2766 884 2819 in
931 2780 1035 2817 uno
1078 2765 1252 2817 codice
1299 2761 1549 2816 Ecclesia:
1598 2762 1927 2815 (.arnutcnsis
1948 2804 1962 2825 ,
1995 2762 2397 2815 connexionibus
2443 2779 2502 2814 ac
2544 2760 2934 2815 transitionibus
2960 2774 3079 2833 apte
3109 2763 3501 2827 concinnatum,
3530 2767 3679 2835 cujus

354 2862 707 2931 apographunt
741 2857 808 2910 D.
842 2859 890 2911 le
923 2855 1093 2910 Feron
1117 2856 1347 2930 ejusdem
1378 2855 1597 2924 insignis
1626 2853 1873 2908 Ecclesitc
1900 2854 2179 2907 canonicus
2211 2865 2257 2907 et
2300 2854 2602 2907 sorbonicns
2631 2853 2811 2907 doctor
2840 2869 2965 2907 cura
2992 2872 3088 2907 sua
3116 2854 3429 2925 descriptum
3473 2857 3542 2911 ad
3584 2875 3678 2913 nos

356 2953 658 3009 transmisit.
696 2950 816 3006 Non
846 2952 982 3006 imus
1006 2951 1206 3023 inﬁcias
1226 2992 1241 3017 ,
1271 2951 1394 3022 quin
1428 2948 1678 3020 prodierit
1723 2948 1784 3001 ab
1815 2949 2026 3019 antiqua
2054 2964 2209 3001 manu
2256 2948 2395 3000 istud
2441 2948 2737 3017 exemplar,
2770 2946 2861 3000 sed
2890 2948 2996 3001 alia
3024 2947 3186 3001 multa
3217 2950 3394 3002 eodeni
3425 2950 3517 3005 illo
3545 2953 3681 3004 anti-

353 3049 535 3114 quiora
563 3045 705 3101 nobis
736 3055 1031 3116 suppetunt.
1071 3043 1308 3107 Namque
1348 3054 1403 3097 ut
1454 3042 1830 3113 Benignianum
1857 3058 2111 3095 annorum
2155 3041 2259 3097 δΟΟ
2281 3080 2294 3103 ,
2336 3040 2582 3093 Vaticana
2627 3041 2727 3093 tria
2750 3081 2762 3101 ,
2797 3038 3139 3094 Laudunense
3159 3084 3171 3105 ,
3218 3040 3549 3113 Crespeiense
3574 3087 3588 3109 ,
3616 3062 3680 3099 ac

355 3136 683 3207 Bigotianunt
710 3154 963 3192 annorum
991 3138 1190 3192 circiter
1221 3137 1325 3192 700
1345 3177 1360 3203 ,
1391 3138 1875 3207 pt'cetennittamus,
1909 3135 2076 3188 solum
2101 3134 2472 3199 Colbertiunm,
2504 3134 2633 3188 alias
2684 3132 2982 3187 Thuaneum
3028 3147 3143 3189 ante
3174 3132 3312 3191 1000
3343 3155 3506 3191 minos
3534 3137 3675 3193 haud

352 3230 509 3284 dubie
536 3232 823 3302 confectum
847 3273 863 3298 ,
895 3241 1118 3303 quatuor
1144 3240 1199 3285 ut
1230 3231 1497 3283 minimum
1527 3229 1733 3283 scrculis
1757 3239 1965 3299 superat
2013 3230 2348 3282 Carnutense.
2382 3228 2510 3281 Cum
2547 3244 2699 3300 porro
2727 3229 2779 3282 in
2806 3228 3039 3281 omnibus
3068 3231 3171 3282 illis
3200 3230 3463 3284 codicibus
3495 3231 3677 3301 Ofﬁcia

352 3337 528 3380 nostra
549 3326 603 3380 in
631 3334 729 3381 tres
759 3327 913 3380 libros
940 3326 1312 3379 disribuantur
1336 3368 1350 3389 ,
1378 3325 1431 3376 id
1457 3323 1674 3377 evidenti
1704 3333 2004 3392 argumento
2031 3333 2103 3376 est
2134 3320 2450 3375 Carnulense
2490 3320 2621 3373 nihil
2648 3319 2797 3373 aliud
2824 3336 2933 3373 esse
2961 3320 3058 3373 nisi
3104 3321 3358 3390 epitomen
3388 3338 3405 3374 :
3437 3323 3489 3375 in
3518 3339 3671 3392 quam

352 3419 563 3488 quidem
588 3421 817 3475 contrahi
844 3437 969 3493 opus
998 3420 1129 3474 illud
1158 3418 1301 3473 haud
1325 3434 1460 3488 azyre
1487 3419 1671 3487 potuit,
1703 3415 1837 3469 unde
1864 3416 2095 3486 exempla
2125 3426 2171 3468 et
2202 3416 2526 3470 excursiones
2553 3415 2737 3484 absque
2767 3430 2944 3467 sensus
2975 3414 3163 3468 damno
3192 3414 3308 3468 licet
3337 3416 3575 3469 eximere.

435 3512 677 3580 Quodad
703 3524 898 3569 (etatem
943 3516 1107 3587 ipsius
1147 3516 1348 3584 operis,
1398 3515 1576 3568 volunt
1623 3512 1858 3567 nonnulli
1886 3511 2211 3566 Ambrosium
2257 3521 2486 3564 nostrum
2524 3511 2639 3581 ipso
2670 3510 2996 3580 episcopatus
3046 3511 3125 3563 sui
3170 3511 3380 3563 exordio
3420 3510 3489 3562 ad
3539 3510 3671 3563 illud

354 3608 688 3665 scribendum
716 3627 921 3665 manum
953 3611 1260 3665 admovisse.
1299 3609 1517 3664 Videtur
1541 3607 1747 3677 quidem
1773 3606 2027 3661 Baronius
2057 3606 2178 3659 huic
2208 3606 2472 3659 sententia
2503 3605 2822 3673 patrocinari
2848 3646 2862 3670 ,
2896 3621 3013 3658 cum
3041 3604 3108 3658 ad
3151 3622 3345 3658 annuus
3376 3604 3479 3660 377
3503 3605 3566 3658 de
3587 3623 3674 3660 eo-

353 3705 475 3759 dem
500 3705 574 3759 ita
614 3707 839 3774 loquitur
870 3723 889 3761 :
930 3707 1065 3761 Tres
1096 3708 1220 3760 illos
1264 3705 1435 3761 libros
1465 3703 1712 3775 egregios
1742 3703 1985 3758 scribere
2035 3712 2218 3772 postea
2267 3712 2353 3753 est
2401 3714 2727 3770 aggressus,
2761 3714 2886 3753 cum
2914 3698 3246 3767 aliquamdiu
3282 3701 3536 3770 populum
3569 3699 3671 3753 do-

351 3799 577 3854 cuisset.
624 3797 809 3853 Verum
856 3800 900 3853 si
943 3800 1120 3869 fuisset
1150 3799 1204 3853 in
1233 3799 1329 3852 hac
1355 3798 1594 3871 opinione
1633 3812 1850 3868 magnus
1894 3794 2212 3857 cardinalis,
2240 3809 2411 3847 secum
2458 3793 2569 3862 ipse
2608 3809 2710 3846 non
2755 3793 3137 3857 consensisset;
3168 3793 3358 3862 quippe
3386 3794 3473 3864 qui
3505 3809 3674 3847 annos

353 3888 657 3959 prtcdictum
681 3890 828 3944 illum
855 3890 958 3944 577
984 3905 1086 3944 non
1119 3890 1318 3943 modico
1345 3887 1621 3942 intervallo
1647 3897 1848 3941 secutos
1879 3888 1989 3957 ipse
2014 3886 2281 3958 adjudicat
2312 3885 2462 3955 factis
2487 3887 2814 3955 quihusdam,
2842 3903 3061 3957 quorum
3089 3887 3141 3941 in
3171 3887 3267 3941 hoc
3303 3904 3455 3955 opere
3480 3887 3672 3940 mentio

309 4005 320 4014 ·
354 3991 544 4037 exstat.
576 3980 819 4048 Exempli
843 3983 1012 4053 gratia
1038 3982 1174 4051 quod
1207 3982 1504 4035 Ambrosius
1528 3982 1593 4033 de
1620 3981 1752 4035 vasis
1783 3978 2035 4034 Ecclesia
2064 3980 2117 4032 in
2150 3981 2473 4049 captivorum
2513 3979 2917 4048 redemptionem
2941 3998 2973 4033 a
3000 3997 3052 4034 se
3080 3980 3298 4034 venditis
3325 3981 3393 4035 ibi
3425 3991 3672 4035 memorat

357 4075 499 4146 (Lib.
532 4093 594 4142 II,
623 4094 741 4149 cap.
775 4076 842 4134 15
869 4088 919 4132 et
942 4077 1060 4147 28),
1089 4078 1224 4131 idem
1249 4077 1508 4131 Baronius
1531 4080 1686 4147 refert
1714 4078 1781 4130 ad
1804 4076 1993 4130 bellum
2026 4077 2236 4146 tyranni
2271 4075 2488 4130 Maximi
2515 4091 2652 4129 anno
2680 4075 2785 4129 387
2809 4088 3047 4145 gestum;
3079 4076 3278 4130 tametsi
3308 4076 3452 4130 nobis
3487 4076 3674 4149 proba-

353 4172 511 4228 bilius
561 4171 660 4228 hoc
684 4175 930 4244 pertineat
961 4175 1030 4225 ad
1056 4189 1171 4227 eam
1215 4173 1551 4226 barbarorum
1595 4171 2016 4237 inundationem,
2048 4170 2135 4237 qui
2164 4185 2299 4223 anno
2347 4169 2452 4224 579
2481 4180 2595 4239 post
2634 4166 2867 4220 Valentis
2914 4178 3162 4230 mortem,
3193 4169 3409 4240 direptis
3452 4168 3675 4224 Thracia

352 4276 507 4337 atque
530 4265 746 4339 Illyria,
778 4284 937 4339 usque
962 4269 1014 4322 in
1046 4268 1259 4322 Italiam
1280 4308 1295 4335 ,
1323 4268 1459 4321 unde
1486 4267 1783 4321 innumeros
1814 4265 2042 4336 captivos
2069 4264 2331 4317 abduxere
2357 4305 2371 4323 .
2405 4261 2655 4315 vastando
2699 4273 3060 4329 peruenerunt.
3100 4259 3347 4316 Eumdem
3389 4264 3530 4317 circa
3578 4264 3672 4317 hos

351 4358 508 4413 libros
538 4361 829 4432 opinionem
857 4369 903 4414 et
931 4360 1027 4414 hoc
1052 4360 1277 4430 refellit,
1310 4360 1447 4431 quod
1477 4363 1530 4414 in
1572 4360 1757 4414 iisdem
1796 4359 1923 4414 satis
1949 4358 2218 4430 perspicue
2265 4356 2450 4410 librum
2497 4372 2646 4410 suum
2676 4358 2743 4411 de
2773 4354 2888 4409 Noe
2935 4363 2993 4410 et
3031 4358 3172 4412 Arcu
3193 4398 3207 4423 ,
3260 4373 3398 4411 anno
3437 4356 3575 4425 579,
3615 4369 3674 4413 ut

348 4463 612 4509 ostensum
639 4462 734 4521 est,
760 4456 816 4509 in
843 4456 1009 4509 lucem
1034 4457 1275 4509 emissum
1314 4455 1519 4509 consuli
1534 4453 1702 4528 jubet.
1741 4452 1816 4507 Eo
1856 4451 2053 4506 accedit
2079 4451 2215 4522 quod
2257 4451 2575 4521 frequentius
2618 4450 2727 4504 illic
2768 4450 2951 4522 repetit
2982 4449 3051 4503 ad
3077 4467 3161 4503 eos
3191 4449 3407 4506 clericos
3428 4491 3442 4516 ,
3485 4452 3671 4522 quibus

345 4549 462 4619 ipse
487 4562 669 4603 manus
696 4549 1049 4621 imposuerat,
1079 4549 1231 4604 verba
1256 4564 1309 4602 se
1339 4552 1546 4619 facere;
1589 4548 1723 4599 unde
1765 4546 2090 4616 cognoscitur
2124 4546 2317 4598 clerum
2351 4546 2397 4598 ei
2427 4545 2545 4614 jam
2576 4553 2697 4597 tunc
2728 4544 2890 4614 fuisse
2934 4544 3060 4597 satis
3096 4560 3457 4611 numerosum,
3493 4548 3671 4617 proin-

349 4644 516 4711 deque
558 4659 647 4710 per
674 4658 837 4696 annos
875 4640 1070 4711 aliquot
1094 4639 1375 4695 initiatum.
1412 4635 1612 4693 Deinde
1660 4639 2060 4711 persecutionem
2106 4635 2331 4691 Justince
2368 4653 2531 4690 annos
2584 4637 2735 4689 etiam
2770 4635 3195 4705 aliquammultos
3248 4634 3548 4691 bacchatam
3584 4639 3671 4725 ἐἱ-

346 4737 588 4807 gnificat,
615 4736 699 4789 ubi
724 4752 777 4791 se
806 4746 1015 4806 propter
1053 4737 1324 4789 viduarum
1352 4734 1589 4801 deposita
1613 4732 1813 4786 multos
1842 4731 2052 4801 regales
2084 4733 2314 4800 impetus
2339 4746 2639 4803 perpessum
2672 4733 2797 4786 dicit
2826 4731 2842 4799 (
2859 4730 3023 4798 Ibid.,
3053 4750 3168 4804 cap.
3197 4733 3288 4798 ΞΕ,
3327 4751 3470 4787 num.
3512 4733 3666 4804 l50).

350 4827 479 4884 Non
504 4828 661 4882 aliam
709 4843 907 4899 quoque
946 4828 1374 4899 persecutionem,
1407 4826 1506 4879 nisi
1526 4822 1749 4878 Iustina:
1793 4825 1916 4877 anni
1948 4824 2151 4877 circiter
2195 4822 2301 4879 586
2337 4836 2569 4892 spectare
2615 4825 2813 4879 videtur
2856 4827 3087 4880 narratio
3134 4826 3198 4880 de
3229 4826 3427 4880 duobus
3469 4827 3673 4881 clericis

346 4921 567 4978 Atinam
599 4918 958 4975 infesmtionis
988 4918 1136 4987 (Lib.
1170 4935 1217 4985 ι,
1240 4936 1357 4988 cap.
1397 4918 1493 4981 18,
1529 4936 1651 4973 num
1681 4917 1784 4990 72)
1816 4932 2095 4990 temporea
2139 4919 2243 4988 ﬁde
2264 4920 2443 4987 lapsis.
2496 4919 2743 4987 Queritur
2774 4931 3024 4990 prwterea
3068 4932 3273 4974 sanctus
3319 4923 3543 4975 Antistes
3576 4934 3670 4988 per

346 5017 610 5070 insolitam
631 5031 852 5069 annonae
892 5016 1156 5081 penuriam
1200 5013 1366 5068 Roma
1395 5023 1599 5067 exactos
1626 5030 1736 5068 esse
1781 5031 1956 5068 omnes
1988 5028 2187 5070 exteros
2220 5032 2237 5070 :
2268 5015 2406 5069 hanc
2432 5028 2602 5070 autem
2631 5019 2820 5086 famem
2863 5034 2997 5071 anno
3041 5016 3149 5071 383
3198 5018 3471 5088 contigisse
3499 5015 3669 5070 Baro-

348 5113 469 5165 nius
499 5120 682 5164 auctor
708 5119 801 5167 est.
836 5109 936 5162 Alii
960 5117 1128 5161 tamen
1154 5108 1307 5163 semel
1335 5120 1379 5161 et
1406 5109 1591 5160 iterum
1621 5109 1797 5177 inopia
1827 5111 2074 5179 frumenti
2110 5109 2367 5164 laborasse
2399 5110 2661 5166 llomanos
2688 5112 2887 5174 volunt,
2908 5114 3072 5183 primo
3100 5113 3342 5166 nimirum
3372 5111 3465 5166 sub
3493 5120 3666 5165 extre-

349 5220 489 5257 mam
516 5204 669 5257 uitam
699 5200 913 5254 Damasi
942 5200 1203 5271 pontiﬁcis
1225 5241 1240 5265 ,
1273 5201 1362 5268 qui
1408 5198 1470 5253 ab
1499 5198 1769 5253 Ambrosio
1812 5217 1977 5255 senex
2007 5202 2385 5256 minutissimus
2416 5204 2719 5274 appellatur
2764 5202 2902 5273 (Lib.
2930 5219 3005 5267 Ill,
3038 5220 3156 5272 cap.
3183 5202 3261 5272 '1),
3294 5205 3515 5258 srcundo
3558 5216 3674 5273 post

348 5300 581 5373 ejusdem
607 5299 831 5358 obitum,
862 5296 950 5364 qui
980 5311 1115 5348 anno
1162 5294 1265 5348 384
1318 5295 1530 5362 partitur
1556 5310 1573 5347 :
1600 5291 1885 5348 Baronium
1910 5305 2079 5349 autem
2121 5297 2183 5348 de
2210 5296 2322 5348 sola
2365 5296 2525 5365 priori
2554 5299 2689 5366 fume
2714 5294 2938 5349 locutam
2972 5312 3098 5359 esse,
3125 5313 3240 5348 cum
3283 5307 3555 5365 utramque
3585 5298 3667 5351 in-

348 5394 597 5447 dicaverit
628 5391 924 5444 Ambrosius
957 5399 1149 5443 noster.
1192 5388 1345 5453 Quod
1383 5389 1449 5440 eti
1469 5403 1537 5440 tm
1567 5389 1754 5441 dicitur
1792 5392 1853 5442 de
1881 5387 2167 5443 Ticinensis
2188 5391 2356 5443 vidule
2386 5392 2618 5458 deposito
2654 5391 2783 5444 nulli
2805 5392 2898 5445 alii
2920 5392 3088 5461 aptius
3116 5391 3500 5445 accommodari
3522 5410 3671 5464 posse

353 5486 552 5541 videtur
583 5483 723 5558 (Lib.
753 5500 814 5549 ιι,
845 5501 960 5553 cap.
987 5483 1058 5537 29
1080 5524 1095 5549 ,
1125 5496 1270 5536 num.
1305 5481 1463 5553 150).
1494 5496 1648 5549 quam
1694 5481 1795 5551 legi
1834 5480 2037 5534 cuidam
2076 5498 2108 5534 a
2160 5481 2761 5548 Valentinianoiuniore
2784 5484 2836 5535 in
2870 5482 2991 5535 urbe
3036 5479 3203 5549 Papia
3252 5495 3318 5534 xv
3360 5480 3463 5536 Ital.
3506 5480 3668 5536 Mart.

350 5580 525 5644 datte;
557 5595 621 5633 ea:
649 5579 762 5631 loco
806 5578 975 5640 enim,
1022 5576 1107 5629 abi
1149 5577 1257 5629 lata
1282 5584 1387 5640 est,
1418 5575 1544 5627 satis
1593 5574 1886 5642 colligitur,
1918 5575 2281 5643 imperatorem
2321 5592 2436 5628 cum
2483 5591 2573 5647 per
2618 5591 2727 5629 eam
2760 5577 2936 5628 urbem
2980 5575 3075 5627 iter
3112 5572 3353 5641 haberet,
3399 5591 3429 5628 a
3457 5570 3674 5630 Justina

350 5686 515 5728 matre
560 5672 829 5725 catholicis
871 5671 1127 5741 episcopis
1172 5684 1455 5738 numquam
1501 5685 1600 5721 non
1629 5668 1850 5737 infesta,
1892 5668 2160 5724 inductum
2198 5686 2335 5737 esse,
2360 5681 2415 5724 ut
2444 5680 2643 5724 tantum
2682 5671 2929 5723 nrolestia:
2970 5668 3234 5722 Ticinensi
3257 5672 3468 5740 prresuli
3498 5687 3677 5726 creare

352 5767 620 5822 niteretur.

437 5858 636 5917 lstha’c
662 5857 859 5933 .omnia
885 5872 943 5912 eo
991 5864 1204 5913 mentem
1230 5856 1375 5911 nobis
1417 5852 1711 5928 impellunt,
1745 5866 1801 5910 ut
1833 5855 1985 5912 hosce
2024 5855 2181 5913 libros
2212 5856 2461 5932 nonnnisi
2509 5864 2622 5930 post
2662 5853 2887 5911 Iustina:
2935 5855 3317 5929 infestationes,
3374 5862 3424 5914 et
3466 5854 3688 5914 Maxinli
