4078 6306
439 273 511 330 23
1803 262 2050 324 SANCTI
2088 264 2186 321 AM
2196 262 2418 322 BROSII
3684 262 3764 320 24

440 384 652 457 tyranni
679 383 873 441 bellum
896 400 958 440 ac
1003 385 1302 441 breuissima
1325 384 1495 458 spatio
1517 393 1742 442 secutam
1773 383 1937 455 ipsius
1967 382 2157 438 caedem
2183 382 2453 438 credamus
2481 386 2669 455 factos,
2697 383 2754 438 id
2777 393 2872 451 est,
2891 383 3094 438 circiter
3119 399 3312 438 annum
3339 380 3466 450 591,
3493 398 3594 456 quo
3623 392 3724 438 tem
3740 411 3765 424 -

439 496 564 552 pore
588 481 904 554 pacatiorem
932 477 1182 535 Ecclesia
1212 495 1320 535 stuc
1343 488 1536 535 statum
1561 487 1826 550 expertus,
1855 494 1915 532 ea
1947 486 2205 549 prcecepla
2234 477 2288 530 in
2319 477 2532 547 legitimi
2563 476 2752 547 Operis
2783 493 2970 549 corpus
2999 478 3222 549 digesta,
3254 477 3460 532 clericis
3486 477 3595 532 suis
3623 477 3764 531 assi-

434 573 543 630 dua
567 592 725 629 manu
747 573 994 630 volvenda
1021 574 1228 629 tradere
1269 575 1567 642 constituit,
1591 572 1778 644 quibus
1805 571 2009 627 eosdem
2035 587 2062 625 e
2087 587 2238 626 sacro
2269 571 2470 644 pulpito
2497 571 2680 642 primis
2705 572 2831 644 ipsis
2858 572 3009 626 annis
3035 573 3361 644 episcOpalus
3387 573 3468 628 sui
3498 573 3764 644 informa-

433 675 596 721 ueral.
650 663 851 720 Nullus
894 666 1032 720 enim
1079 674 1154 720 est
1199 663 1683 731 dubidandilocus,
1715 663 1840 734 quin
1884 661 2204 718 sermonibus
2251 661 2452 734 publice
2499 659 2690 716 habitis
2717 663 2996 718 maximam
3027 673 3228 735 partem
3255 673 3488 721 constent
3517 665 3568 718 lii
3597 664 3721 720 libri
3733 685 3761 734 ,-

435 761 851 832 quandoquidem
873 762 929 816 in
959 777 1136 816 eorum
1165 762 1334 834 primo
1363 760 1651 834 Scriptura:
1675 761 1780 817 loci
1803 760 2183 830 edisseruntur,
2216 777 2341 832 quos
2370 762 2424 815 in
2470 763 2656 834 sgnazi
2687 761 2845 817 lectos
2875 761 3041 834 fuisse
3065 761 3175 834 ipse
3199 773 3444 816 memorat
3477 776 3496 816 :
3523 776 3762 831 quosque

425 855 624 912 iterum
654 857 764 912 illic
791 864 1008 912 tractare
1033 860 1213 928 forsan
1236 857 1420 925 voluit,
1439 855 1578 929 quod
1607 872 1724 910 cum
1740 859 1858 930 jam
1883 855 2006 910 olim
2035 865 2200 910 motos
2229 855 2302 909 eis
2332 855 2546 912 vidisset
2573 855 2870 910 auditorum
2897 854 3117 918 animos,
3149 851 3270 908 hinc
3294 869 3496 925 quoque
3515 853 3758 908 eumdem

433 959 662 1022 speraret
687 953 943 1023 fructum,
973 950 1020 1006 si
1050 949 1115 1004 ab
1139 950 1222 1006 his
1248 949 1376 1022 ipsis
1400 966 1505 1005 non
1531 950 1645 1006 sine
1670 950 1947 1006 attentione
1977 951 2384 1023 perlegerentur.

444 1097 3663 1138 Μ

980 1281 1876 1452 SANCTI
2011 1281 3182 1448 AMBROSII

1613 1541 2196 1628 MEDIOLANENSIS
2255 1541 2586 1628 EPISCOPI

675 1725 946 1874 DE
1044 1721 1913 1877 OFFICIIS
1983 1715 3491 1874 ‘MINISTRORUM

1682 1963 1984 2048 LIBRI
2043 1952 2374 2047 usus"
2401 2025 2426 2051 .

1874 2146 2276 2160 *συ-ιι.-

1637 2257 1985 2344 LIBER
2057 2255 2546 2344 PRIMUS.

951 2517 996 2590 ι
1037 2511 1266 2572 CAPUT
1303 2510 1594 2571 panum.

431 2609 685 2684 Episcopi
719 2609 991 2685 praprium
1016 2624 1224 2678 munus,
1252 2607 1438 2662 docere
1467 2621 1486 2662 :
1516 2604 1615 2660 sibi
1637 2613 1812 2660 autem
1842 2603 2019 2659 discen

501 2709 627 2762 dum
646 2722 775 2772 esse,
807 2714 866 2760 ut
905 2704 1126 2769 doceat;
1161 2702 1320 2756 immo
1367 2701 1520 2756 etiam
1563 2697 1855 2756 docendum
1896 2696 2036 2768 quod

501 2817 606 2856 non
654 2797 938 2865 didicerit,
969 2804 1062 2852 aut
1104 2794 1292 2850 saltem
1329 2802 1378 2850 et
1415 2792 1718 2848 discendum
1761 2791 1940 2858 simul,
1986 2799 2034 2846 et

501 2895 811 2950 docendum.

503 2989 530 3044 1
543 3027 558 3040 .
577 2985 698 3042 Non
719 2998 981 3056 arrogans
1007 2982 1182 3040 videri
1197 2982 1458 3050 arbitror,
1477 2981 1526 3038 si
1541 2982 1690 3038 inter
1703 2980 1845 3038 ﬁlios
1863 2981 2039 3038 susci-

431 3079 576 3150 piam
601 3077 860 3134 aﬁ‘ectum
889 3077 1159 3144 docendi;
1191 3091 1314 3132 cum
1339 3077 1456 3146 ipse
1477 3074 1802 3132 humilitatis
1831 3075 2034 3148 magis-

433 3185 516 3230 ter
543 3173 746 3230 dixerit
779 3190 792 3228 :
835 3171 1032 3240 Venite,
1067 3172 1187 3242 ﬁlii,
1217 3171 1394 3227 audite
1421 3187 1536 3240 me;
1565 3171 1799 3226 timorem
1823 3167 2036 3225 Domini

426 3267 624 3323 docebo
652 3283 739 3321 vos
769 3264 948 3339 (Psal.
973 3280 1166 3332 xum,
1202 3263 1320 3334 12).
1354 3263 1412 3319 In
1445 3279 1555 3336 quo
1580 3263 1709 3319 licet
1737 3273 1791 3319 et
1819 3263 2039 3318 humili-

429 3369 595 3416 tatem
615 3358 964 3417 verecundite
983 3359 1103 3429 ejus
1125 3366 1378 3428 spectare
1399 3365 1457 3414 et
1473 3356 1728 3428 gratiam.
1749 3366 1772 3395 ο
1791 3355 2037 3412 Dicendo

435 3458 606 3520 enim,
637 3456 875 3510 timorem
897 3452 1243 3525 Domini,qui
1273 3455 1325 3526 2
1344 3453 1654 3509 communis
1679 3451 1894 3507 videtur
1911 3465 2036 3508 esse

432 3549 721 3617 omnibus,
755 3548 1028 3620 expressit
1079 3547 1294 3618 insigne
1341 3546 1710 3602 verecundiae.
1744 3545 1810 3601 Et
1855 3553 2034 3600 tamen

431 3656 556 3698 cum
601 3643 723 3712 ipse
753 3641 920 3696 timor
950 3638 1164 3695 initium
1203 3639 1487 3708 sapientia:
1530 3639 1625 3703 sit,
1659 3635 1686 3674 ἀ
1715 3647 1770 3694 et
1809 3637 2038 3693 ell‘ector

433 3735 786 3792 beatitudinis
811 3734 1091 3808 (quoniam
1139 3733 1396 3788 timentes
1449 3731 1618 3787 Deum
1667 3731 1812 3787 beati
1861 3731 2033 3804 sunt),

431 3837 833 3902 praeceptorem
849 3842 908 3882 se
923 3825 1208 3898 sapientia:
1232 3823 1548 3890 educenda},
1567 3832 1622 3878 et
1635 3822 2038 3878 demonstrato-

2070 2513 2126 2572 Α
2151 2509 2345 2566 testata
2370 2551 2387 2577 ,
2446 2519 2501 2568 et
2533 2518 2560 2560 κ
2587 2509 2706 2568 visu
2745 2519 3028 2583 comperta
3075 2520 3236 2584 atque
3277 2509 3558 2582 exemplo,
3589 2482 3750 2564 νοῑιίέ

2137 2605 2292 2676 quasi
2325 2603 2519 2660 liberis
2545 2603 2846 2668 tradimus;
2872 2618 2996 2660 cum
3019 2603 3128 2675 jam
3171 2603 3409 2674 ellugere
3433 2615 3538 2657 non
3561 2599 3747 2672 possi-

2137 2714 2262 2756 mus
2282 2699 2523 2754 ofﬁcium
2553 2698 2812 2763 docendi,
2843 2697 2991 2769 quod
3019 2697 3183 2752 nobis
3208 2693 3600 2768 refugientibus
3629 2694 3741 2749 im-

2138 2793 2324 2864 posuit
2379 2791 2675 2848 sacerdotii
2735 2789 3084 2846 necessitudo
3124 2807 3138 2842 :
3184 2786 3344 2843 Dedit
3396 2784 3544 2844 enim
3589 2784 3740 2841 Deus

2136 2887 2389 2957 quosdam
2416 2887 2622 2958 quidem
2651 2885 2936 2957 apostolos,
2957 2884 3206 2956 quosdam
3227 2893 3400 2939 autem
3427 2884 3735 2956 prophetas,

2137 2981 2269 3035 alios
2298 2996 2417 3034 vero
2454 2980 2830 3052 evangelistas,
2853 2979 2988 3034 alios
3015 2987 3186 3033 autent
3219 2988 3448 3050 pastores
3484 2987 3532 3034 et
3554 2978 3740 3032 docto.

2138 3089 2220 3130 res
2251 3073 2469 3147 (Ephes.
2493 3090 2566 3141 tv,
2596 3075 2710 3147 ll).

2211 3168 2265 3224 ὅ.
2297 3167 2415 3223 Νοιι
2447 3167 2611 3240 igitur
2634 3167 2768 3224 mihi
2794 3164 2823 3204 ιι
2851 3167 3225 3238 apostolorum
3246 3166 3475 3240 gloriam
3495 3167 3738 3224 vindico.

2139 3261 2192 3334 3
2221 3263 2356 3330 Quis
2387 3260 2534 3317 enim
2566 3263 2692 3330 hoc,
2723 3261 2828 3318 nisi
2867 3277 3004 3333 quos
3035 3263 3150 3332 ipse
3199 3261 3368 3318 Filius
3409 3261 3576 3333 elegit
3605 3262 3741 3317 Dei?

2138 3355 2254 3412 Non
2287 3357 2673 3428 prophetarum
2712 3357 2962 3429 gratiam,
2992 3371 3098 3412 non
3127 3359 3384 3414 virtutem
3425 3358 3742 3430 evangelis-

2139 3455 2318 3503 t.irum
2341 3489 2356 3516 ,
2398 3463 2504 3504 non
2546 3457 2826 3519 pastorum
2855 3449 3448 3520 circumspectionem:
3479 3449 3576 3506 sed
3618 3457 3744 3506 tan-

2141 3544 2422 3600 tummodo
2446 3543 2809 3602 intentionem
2838 3555 2894 3601 et
2933 3545 3269 3618 diligentiam
3300 3547 3444 3603 circa
3489 3547 3741 3619 Scriptu-

2141 3651 2231 3695 ras
2283 3639 2493 3695 divinas
2549 3649 2683 3710 Opto
2745 3639 2998 3712 assequi,
3052 3657 3214 3712 quam
3265 3641 3511 3698 ultimam
3557 3644 3740 3714 posuit

2141 3732 2438 3802 Apostolus
2465 3734 2606 3789 inter
2631 3733 2808 3790 ofﬁcia
2829 3745 3142 3792 sanctorum
3174 3779 3190 3802 ,
3219 3748 3273 3790 et
3300 3737 3438 3790 hanc
3471 3737 3642 3806 ipsam
3675 3749 3742 3794 ut

2139 3825 2372 3881 docendi
2427 3826 2611 3882 studio
2653 3828 2862 3898 possim
2909 3828 3145 3884 discere.
3172 3825 3326 3884 Unus
3375 3830 3524 3884 enim
3570 3844 3738 3886 verus

436 3939 550 3980 rem
571 3921 925 3979 beatitudinis
937 3919 1364 3992 adipiscendis,e
1380 3918 1668 3976 evidenter
1683 3917 2030 3990 signiﬁcavit.
2063 3907 2110 3969 Β
2140 3921 2398 3991 magister
2415 3928 2525 3990 est,
2556 3920 2647 3992 qui
2665 3921 2814 3977 solus
2847 3937 2954 3976 non
2980 3921 3172 3977 didicit
3197 3919 3213 3958 ί
3255 3921 3397 3992 quod
3419 3936 3612 3979 omnes
3634 3921 3736 3977 do.

507 4017 563 4072 2.
601 4016 667 4071 Et
694 4031 794 4072 nos
835 4031 968 4087 ergo
987 4014 1053 4070 ad
1084 4012 1400 4070 imitandam
1429 4011 1808 4069 verecundiam
1837 4012 2032 4078 seduli,

433 4111 502 4166 ad
527 4109 916 4167 conferendam
949 4110 1183 4181 gratiam
1211 4123 1319 4162 non
1344 4117 1718 4177 usurpatores,
1753 4106 1773 4143 τ
1799 4122 1920 4177 qua:
1957 4107 2035 4162 illi

431 4203 669 4274 Spiritus
692 4202 892 4259 inludit
916 4201 1225 4273 sapientize,
1249 4216 1311 4256 ea
1355 4216 1452 4272 per
1483 4200 1634 4256 illum
1664 4199 1823 4255 nobis
1854 4199 2028 4256 maui-

508 4329 536 4360 ι
566 4319 680 4374 Vox
705 4319 1061 4374 ministrorum
1087 4316 1276 4372 deerat
1306 4315 1360 4370 in
1393 4313 1772 4381 superioribus
1811 4314 1945 4369 edit.
1969 4328 2036 4370 ac

441 4392 849 4456 recentioribus
877 4391 1084 4461 aliquot
1106 4403 1262 4461 mss.)
1295 4402 1396 4461 nos
1425 4401 1560 4442 vero
1577 4401 1698 4461 eam
1725 4401 1790 4442 ex
1813 4385 2037 4461 optimis

437 4467 750 4541 quibusque
793 4478 856 4519 ac
897 4457 1360 4541 frequentissimis
1399 4457 1921 4541 reposuimusaQua
1969 4459 2037 4514 de

436 4529 498 4598 ιτα
521 4537 644 4592 vide
665 4529 794 4605 quae
824 4529 1070 4604 supra'iu
1095 4530 1474 4605 admonitione
1504 4529 1651 4585 dicta
1681 4537 1828 4585 sunt.

509 4611 537 4652 δ
560 4603 758 4676 Scripti
785 4603 918 4660 circ.
953 4621 1042 4660 an.
1076 4603 1204 4676 591.

513 4695 536 4723 c
569 4671 698 4734 Mss;
725 4677 955 4747 aliquot,
979 4675 1210 4732 docendo
1231 4675 1376 4747 enim
1402 4674 1662 4738 timorem,
1705 4682 1812 4747 etc.
1843 4671 2038 4728 Plures

438 4765 622 4810 autem
651 4765 714 4804 ac
747 4745 1009 4816 potiores,
1035 4763 1136 4804 nec
1160 4763 1272 4802 non
1295 4745 1425 4801 edit.
1459 4760 1674 4810 omnes,
1695 4753 1754 4798 ut
1783 4745 1837 4798 in
1861 4751 2032 4800 texto.

440 4827 649 4881 Rursus
691 4821 780 4876 ubi
815 4829 924 4874 vet.
959 4820 1091 4875 edit.
1135 4835 1256 4874 cum
1306 4831 1440 4870 mss.
1493 4817 1793 4882 nonnullis,
1833 4816 2040 4885 insigne

439 4900 806 4953 documentum
835 4891 1200 4956 verecundior;
1247 4887 1442 4944 melius
1490 4886 1651 4942 Rom.
1698 4903 1819 4942 cum
1875 4890 2035 4956 longe

437 4969 677 5024 maxima
729 4972 882 5033 parte
934 4977 1106 5022 mss..
1156 4963 1358 5032 insigne
1401 4959 1746 5033 verecundiae,
1793 4959 1897 5013 hoc
1927 4971 2030 5024 cst,

438 5042 654 5112 signum
679 5031 741 5092 et
763 5035 916 5112 quasi
949 5031 1602 5112 vexillumjerecundiaz.

511 5101 538 5151 Id
572 5111 694 5168 Val.
724 5101 846 5162 cod.
883 5122 1044 5174 unus,
1075 5117 1123 5160 et
1163 5103 1361 5172 c/fectw
1387 5101 1744 5156 beatitudinis.

515 5194 540 5222 ε
569 5184 644 5240 lla
687 5179 817 5236 edit.
851 5187 964 5234 ant.
999 5188 1056 5233 et
1101 5177 1286 5246 scripti
1339 5175 1461 5246 cod.
1503 5189 1698 5246 magno
1751 5187 1980 5246 numero
2017 5189 2032 5228 :

441 5255 601 5311 Rom.
636 5267 768 5309 vero
813 5258 870 5304 ct
919 5249 1104 5317 plures
1151 5264 1223 5304 ex
1265 5245 1470 5302 eisdem
1513 5257 1626 5300 ant.
1659 5245 1710 5299 in
1766 5245 2032 5314 margine,

2141 4021 2333 4070 ceret:
2368 4016 2616 4072 homines
2645 4025 2826 4071 autem
2864 4016 3084 4073 discunt
3112 4015 3264 4088 prius
3289 4017 3438 4089 quod
3476 4017 3736 4086 doceant,

2143 4116 2199 4163 et
2225 4108 2293 4164 ab
2323 4107 2416 4162 illo
2441 4109 2718 4180 accipiunt
2747 4109 2890 4180 quod
2921 4111 3043 4168 aliis
3066 4112 3305 4167 tradant.

2211 4203 2266 4257 4.
2298 4201 2451 4270 Quod
2482 4219 2550 4260 ne
2581 4206 2758 4275 ipsum
2784 4205 3004 4276 quidem
3035 4205 3170 4262 mihi
3196 4207 3416 4263 accidit.
3453 4207 3562 4278 Ego
3586 4207 3736 4264 enim

2142 4315 2464 4391 proﬁtetur?
2506 4318 2601 4374 sed
2630 4319 2767 4384 uisu,
2793 4317 2847 4374 id
2887 4328 2998 4385 est,
3025 4321 3282 4391 legendo,
3315 4331 3617 4388 comperta,-
3647 4323 3735 4378 in-

2141 4389 2285 4464 dicat
2311 4389 2561 4464 videlicet
2587 4391 2834 4464 exempla
2865 4389 3126 4446 virtutum
3168 4408 3292 4462 qua}
3330 4393 3645 4464 consignata
3679 4399 3735 4451 in

2141 4460 2453 4536 Scripturisr
2470 4461 2879 4536 animadvertit,
2903 4477 2964 4517 se
2990 4460 3340 4520 traditurum.
3373 4464 3479 4521 Sed
3491 4460 3732 4536 praeter-

2141 4545 2205 4587 ca
2255 4549 2360 4607 non
2407 4535 2640 4589 obscure
2690 4533 2960 4604 signiﬁcat
2989 4536 3078 4590 vix
3120 4536 3267 4591 aliud
3308 4533 3584 4607 quidpiam
3610 4552 3737 4596 esse

2139 4605 2283 4674 quod
2314 4607 2517 4680 arctius
2562 4607 2872 4680 sanctiusve
2915 4607 3182 4680 astringat
3221 4605 3532 4678 epiScopos,
3567 4623 3732 4680 quam

2139 4675 2627 4750 docendigmunus.
2657 4676 2860 4750 verum
2888 4675 3114 4746 quidem
3144 4690 3228 4734 est
3253 4675 3365 4748 jam
3397 4675 3522 4736 inde
3551 4675 3730 4750 a'pri-

2139 4747 2241 4802 mis
2275 4747 2544 4822 Ecclesiae
2563 4749 2780 4822 saeculis
2804 4749 2944 4804 hanc
2989 4747 3321 4818 provinciam
3349 4765 3378 4804 a
3407 4747 3734 4822 quibusdam

2139 4819 2461 4893 prmsulibus
2512 4819 2893 4893 deniandatam
2943 4823 3108 4876 luisse
3169 4819 3538 4893 presbyteris,
3583 4823 3730 4880 inter

2137 4906 2275 4961 qitos
2329 4891 2462 4946 illud
2496 4891 2754 4964 golﬁcinm
2814 4891 3258 4962 Augustinusiet
3311 4891 3734 4964 Chrysostomus

2138 4971 2290 5035 tanta
2331 4977 2454 5018 cum
2489 4963 2749 5035 Ecclesia:
2779 4965 3012 5035 utilitate
3055 4967 3330 5030 obierunt,
3363 4963 3564 5035 quanta
3606 4981 3730 5023 cum

2137 5033 2383 5102 ejusdem
2409 5035 2645 5104 pernicie
2667 5034 2884 5090 infamis
2918 5035 3114 5092 Arius:
3146 5033 3395 5093 attamen
3411 5037 3468 5092 S.
3498 5037 3734 5094 Ambro-

2137 5105 2252 5158 sius
2276 5105 2372 5180 bas
2399 5107 2744 5180 episcopatus
2772 5108 2852 5160 sui
2886 5114 3069 5180 partes
3097 5109 3212 5177 ipse
3239 5124 3335 5178 per
3351 5123 3413 5164 se
3437 5124 3733 5180 numquam

2139 5190 2249 5230 non
2281 5178 2546 5245 implevit,
2576 5179 2666 5248 qui
2718 5191 2826 5232 non
2874 5179 3052 5234 solum
3107 5180 3363 5243 clericos.
3418 5181 3515 5236 sed
3562 5178 3730 5236 etiam

2138 5248 2397 5323 populum
2440 5263 2594 5323 suum
2637 5249 2962 5323 crudiebat,_
2981 5252 3193 5318 publice
3239 5251 3471 5323 singulis
3498 5253 3732 5307 domini-

439 5329 710 5410 pndenter.
733 5321 1044 5410 signiﬁcavit
1077 5335 1093 5375 :
1132 5319 1538 5410 edit.ﬂu|tint:el
1561 5317 1744 5410 Paris.
1787 5331 1875 5410 acc
1899 5329 2031 5410 ms's‘.
2066 5346 2113 5410 C
2143 5317 2222 5373 cis
2253 5319 2416 5410 verba
2467 5321 2700 5410 faciens;
2737 5317 3072 5404 utConfess.
3113 5323 3205 5378 lib.
3234 5339 3304 5388 Vl,
3328 5317 3450 5394 asp.
3473 5326 3524 5391 5,
3562 5333 3734 5380 testa-

433 5386 543 5456 non
559 5398 734 5468 pauci,
755 5386 1056 5464 prudenter;
1084 5391 1424 5468 unushetia‘m.
1449 5397 1682 5458 potenter
1701 5386 2033 5460 signiﬁcavit.

516 5469 534 5510 ί
560 5462 928 5538 Mssaliquot,
950 5480 1068 5538 quia
1089 5464 1179 5520 ille
1203 5462 1459 5538 Spiritus.

509 5552 535 5590 ε
568 5543 691 5598 Era.
724 5534 934 5609 et‘seq.
965 5537 1097 5612 edit.
1131 5551 1252 5612 cum
1292 5534 1466 5612 tribus
1501 5540 1848 5602 autquatuor
1873 5543 2031 5612 mssz,

438 5628 536 5668 usu
566 5603 1100 5684 contperlattltelius
1144 5605 1368 5684 Amerb.
1417 5619 1541 5658 cum
1588 5619 1720 5684 mss.
1754 5613 1826 5684 [ut
1877 5603 2034 5684 mini-

2147 5400 2256 5466 tum
2311 5391 2532 5466 reliquit
2585 5392 2939 5466 Aug‘usduus,
2984 5399 3042 5446 et
3084 5411 3183 5447 nos
3223 5391 3508 5466 superiore
3559 5407 3729 5464 torno,

2137 5463 2405 5519 admonit.
2445 5464 2497 5518 in
2527 5463 2762 5533 exposit.
2797 5465 3000 5535 Evang.
3039 5479 3151 5522 sec.
3183 5463 3385 5522 Lucam
3415 5463 3734 5522 observavi;

2137 5549 2278 5589 mus.

2208 5605 2236 5644 λι
2263 5605 2519 5682 Nonnulli
2561 5619 2692 5661 mss.
2725 5613 2779 5662 et
2809 5603 2936 5662 Gill.
2983 5607 3036 5662 in
3083 5609 3354 5680 margine,
3402 5609 3730 5682 vigilantiam

441 5700 618 5750 mum,
678 5675 862 5754 viginti
902 5682 1192 5754 quinque,
1243 5678 1358 5754 uisu
1411 5683 1692 5754 comperta.
1747 5675 2032 5754 Quomodo
2132 5679 2511 5754 apostolorum.

440 5758 586 5814 enim
605 5743 866 5820 sibi'usu,
897 5743 952 5807 id
983 5743 1086 5819 est,
1125 5743 1770 5821 eiperientia,_comperta
1796 5743 2028 5821 diceret,

436 5843 506 5883 eo
533 5827 638 5886 loci
659 5840 768 5903 quo
788 5817 861 5883 se
873 5823 1012 5882 adeo
1039 5817 1092 5880 in
1132 5817 1360 5878 scientia
1386 5817 1761 5878 ecclesiastica
1794 5817 2026 5872 tironem

2211 5749 2224 5789 ί
2261 5749 2376 5806 Non
2405 5750 2559 5820 pauci
2587 5762 2744 5814 mss.,
2768 5749 2909 5820 quod
2933 5734 3168 5808 homines
3187 5747 3418 5807 doceret.
