4078 6306
288 330 362 387 95
1369 321 1456 378 DE
1494 315 1788 377 OFFICIIS
1826 312 2312 374 MINISTRORUM
2352 312 2485 370 LIB.
2527 313 2567 369 1.
3544 310 3624 366 26

290 454 485 518 raptus
510 444 583 502 de
613 444 981 501 tribunalibus
1007 451 1166 513 atque
1190 439 1676 496 administtationis
1698 450 1724 476 ιι
1749 438 1889 495 iut‘u-
1916 437 1971 497 A
1994 449 2165 489 meas.
2200 433 2335 487 Alite
2365 440 2493 487 sunt
2518 431 2617 487 vite
2645 445 2782 503 quas
2812 429 3078 485 debemus
3110 428 3295 500 sequi,
3317 427 3449 484 alia:
3470 442 3614 498 quas

289 538 359 595 lis
387 539 457 594 ad
492 537 898 602 sacerdotium,
930 537 1125 591 docere
1154 548 1250 589 vos
1278 532 1439 604 cmpi,
1473 531 1614 603 quod
1643 530 1759 602 ipse
1791 549 1900 588 non

288 631 482 688 didici.
520 631 712 701 Itaque
741 630 941 685 factum
972 637 1056 684 est
1085 636 1144 682 ut
1171 628 1320 697 prius
1342 626 1542 680 docere
1574 626 1898 696 inciperem,

290 742 459 798 quant
511 726 752 781 discere.
799 721 1124 778 Discendum
1177 721 1342 789 igitur
1365 719 1495 773 mihi
1526 718 1688 775 simul
1720 728 1776 773 et
1803 718 1902 774 do-

289 815 533 873 cendum
566 826 688 883 est;
722 814 977 885 quoniam
1003 829 1106 868 non
1138 813 1353 867 vacavit
1377 821 1506 868 ante
1536 809 1563 850 ι’
1594 810 1824 867 discere.

930 905 1159 963 CAPUT
1206 906 1270 962 ll.

292 1003 587 1074 Multiplea:
606 1002 862 1074 loquendo
883 1001 1080 1055 incurri
1107 1000 1421 1070 periculum,
1444 999 1595 1066 cuius
1612 998 1899 1053 remedium

426 1099 708 1172 Scriptura
724 1099 778 1151 in
803 1096 1007 1152 silentio
1039 1095 1356 1150 demonstrat
1380 1109 1489 1149 esse
1512 1094 1760 1165 positum.

363 1196 423 1251 5.
477 1193 622 1262 Quid
677 1201 861 1248 autem
909 1206 1020 1261 pra:
1073 1188 1292 1245 cmteris
1339 1188 1603 1243 debemus
1655 1187 1898 1255 discere,

287 1300 456 1357 quam
481 1292 688 1351 tacere,
706 1291 765 1338 ut
783 1282 1056 1353 possimus
1074 1281 1216 1352 loqui
1234 1299 1247 1333 :
1266 1295 1337 1336 ne
1360 1279 1510 1350 prius
1532 1294 1617 1334 me
1639 1294 1742 1334 vox
1765 1294 1900 1334 con-

288 1379 518 1435 demnet
538 1391 682 1444 mea,
698 1391 856 1448 quam
870 1374 1299 1431 absolvataliena
1317 1390 1332 1439 ;
1347 1373 1605 1443 scriptum
1620 1380 1704 1426 est
1720 1372 1896 1427 enim:

290 1473 380 1530 Ea:
420 1472 586 1529 verbis
618 1472 725 1526 tuis
764 1469 1179 1525 condemnaberis
1217 1467 1435 1539 (Matth.
1467 1483 1575 1534 xtt,
1610 1468 1725 1537 57).
1754 1463 1897 1534 Quid

290 1584 437 1639 opus
464 1576 551 1623 est
572 1567 738 1639 igitur
759 1575 817 1621 ut
840 1579 1102 1637 properes
1129 1564 1427 1635 periculum
1462 1563 1744 1634 suscipere
1766 1577 1898 1619 con-

292 1660 690 1725 demnationis,
743 1657 1047 1730 loquendo;
1096 1672 1219 1712 cum
1270 1655 1503 1712 tacendo
1555 1655 1731 1726 possis
1774 1669 1897 1710 esse

290 1754 510 1809 tutior?
539 1752 906 1822 Quamplures
941 1749 1052 1805 vidi
1100 1749 1379 1820 loquendo
1425 1757 1706 1820 peccatum
1760 1747 1895 1801 inei-

2004 527 2285 582 custodire
2316 543 2328 579 :
2356 526 2507 595 sequi
2535 526 2649 580 vias
2676 523 2909 591 Domini,
2935 521 3211 578 custodire
3251 530 3502 587 nostras;
3531 532 3605 576 ne

2004 620 2057 674 in
2089 619 2304 690 culpam
2334 618 2590 689 dirigant.
2634 616 2797 672 Potes
2837 627 3018 671 autem
3063 614 3363 679 custodire,
3416 614 3461 667 si
3488 628 3598 668 non

2001 718 2112 774 cito
2132 716 2393 787 loquaris.
2418 715 2526 771 Lex
2553 714 2714 769 dicit:
2741 713 2900 777 Audi,
2920 709 3107 778 Israel,
3132 709 3411 763 Dominum
3436 708 3604 763 Deum

2003 824 2148 868 tuum
2191 809 2371 883 (Deut.
2405 824 2479 873 ιἰ,
2512 808 2590 877 5).
2636 806 2754 863 Νοιι
2804 806 2963 873 dixit,
3013 805 3261 872 loquere,
3311 802 3405 858 sed
3455 801 3604 857 audi.

2001 904 2130 959 Ideo
2178 902 2289 958 Eva
2327 902 2474 970 lapsa
2524 910 2631 965 est,
2680 897 2809 969 quia
2840 898 3015 951 locuta
3045 906 3131 950 est
3158 895 3298 962 viro,
3327 891 3472 964 quod
3502 908 3610 949 non

2000 1000 2306 1055 audierata
2351 996 2583 1051 Domino
2613 995 2726 1050 Deo
2777 1007 2899 1048 suo.
2942 991 3122 1046 Prima
3168 1004 3273 1044 vox
3325 987 3420 1042 Dei
3471 985 3606 1042 dicit

2003 1093 2098 1148 tibi
2134 1109 2147 1147 :
2190 1091 2347 1145 Audi.
2385 1088 2487 1146 {Si
2530 1088 2745 1153 audias,
2797 1083 3046 1141 custodis
3094 1085 3210 1136 vias
3265 1093 3428 1136 tuas:
3463 1087 3520 1135 et
3564 1078 3612 1134 si

2002 1186 2182 1255 lapsus
2213 1200 2293 1249 es,
2318 1185 2427 1239 cito
2449 1182 2704 1253 corrigis.
2735 1178 2801 1235 In
2831 1195 2934 1250 quo
2960 1178 3105 1234 enim
3126 1176 3337 1247 corrigit
3366 1173 3601 1242 iuvenior

1999 1280 2134 1333 viam
2172 1295 2337 1341 suam,
2378 1278 2483 1331 nisi
2521 1276 2575 1330 in
2603 1272 2945 1330 custodiendo
2991 1271 3143 1326 verba
3187 1269 3396 1324 Domini
3429 1265 3604 1323 (Psal.

1999 1388 2189 1438 cxvut,
2217 1371 2306 1441 9)?
2333 1370 2477 1427 Tace
2509 1385 2638 1441 ergo
2689 1367 2859 1438 ptius,
2900 1375 2956 1422 et
2992 1366 3141 1432 audi,
3177 1373 3234 1419 ut
3290 1378 3397 1419 non
3434 1361 3609 1417 delin-

1999 1484 2134 1539 quas
2162 1468 2214 1522 in
2240 1467 2424 1536 lingua
2454 1474 2564 1520 tua.

2071 1564 2125 1616 8.
2155 1558 2331 1616 Grave
2368 1558 2570 1614 malum
2594 1563 2655 1611 ut
2696 1555 2891 1627 aliquis
2920 1569 3016 1608 ore
3043 1566 3145 1607 suo
3174 1548 3593 1606 condemnetur.

2000 1655 2212 1711 Etenim
2244 1653 2288 1708 si
2315 1667 2413 1722 pro
2438 1651 2618 1707 otioso
2641 1650 2810 1706 verbo
2828 1646 3019 1704 reddet
3042 1643 3413 1713 unusquisque
3435 1640 3605 1694 ratio-

1999 1765 2122 1806 nem
2157 1748 2368 1819 (.llattlt.
2404 1763 2505 1811 xu,
2537 1746 2627 1818 36)
2650 1788 2666 1812 ,
2696 1752 2899 1816 quanto
2953 1740 3123 1812 magis
3154 1754 3253 1810 pro
3294 1736 3466 1792 verbo
3506 1733 3606 1789 im-

288 1844 468 1909 disse.
498 1845 590 1900 vix
620 1859 947 1916 quemquam
974 1842 1238 1899 tacendo:
1271 1840 1501 1912 ideoque
1526 1848 1709 1896 tacere
1731 1854 1893 1895 nosse
1922 1838 1971 1898 Β
1999 1843 2252 1915 puritatis
2280 1851 2337 1896 et
2372 1839 2758 1911 turpitudinis!
2792 1836 3049 1894 Graviora
3098 1833 3243 1890 enim
3276 1838 3406 1887 sunt
3433 1828 3599 1884 verba

288 1951 464 2008 quam
494 1936 639 2007 loqui
669 1935 950 1992 difﬁcilius
975 1943 1080 1992 est.
1105 1934 1235 1991 Scio
1266 1933 1409 2004 loqui
1442 1934 1745 2004 plerosque.
1769 1947 1891 1987 cum

289 2041 481 2087 tacere
511 2029 776 2087 nesciant.
814 2029 1018 2084 Rarum
1056 2038 1141 2085 est
1174 2038 1357 2085 tacere
1385 2043 1737 2099 quemquam,
1769 2041 1892 2082 cum

288 2124 398 2180 sibi
429 2124 576 2196 loqui
628 2123 767 2180 nihil
817 2123 1013 2193 prosit.
1050 2121 1283 2193 Sapiens
1312 2132 1397 2177 est
1441 2136 1572 2189 ergo
1607 2121 1700 2192 qui
1742 2120 1896 2177 novit

289 2224 499 2273 tacere.
529 2216 771 2286 Denique
795 2213 1077 2288 Sapientia
1136 2214 1229 2270 Dei
1256 2214 1395 2270 dixit
1422 2231 1435 2268 :
1460 2212 1713 2269 Dominus
1754 2213 1897 2267 dedit

286 2312 420 2366 mihi
445 2311 677 2383 linguam
708 2311 1040 2379 eruditionis,
1069 2309 1278 2378 quando
1324 2317 1560 2380 aporteat
1609 2325 1893 2363 sermonem

288 2405 467 2460 dicere
487 2402 658 2472 (Esai.
688 2420 741 2470 ι,
772 2403 849 2475 4).
877 2403 1071 2459 Merito
1101 2418 1233 2474 ergo
1257 2401 1477 2471 sapiens
1499 2402 1639 2472 quia
1663 2401 1895 2457 Domino

288 2494 515 2567 accipit,
538 2510 646 2566 quo
678 2506 924 2564 tempore
954 2495 1060 2551 sibi
1098 2493 1430 2565 loquendum
1455 2494 1546 2547 sit.
1570 2492 1725 2549 Unde
1755 2492 1894 2548 bene

290 2590 371 2645 ait
399 2589 679 2661 Scriptura
706 2606 721 2644 :
758 2588 929 2645 Homo
963 2589 1168 2662 sapiens
1198 2588 1379 2644 tacebit
1407 2604 1566 2660 usque
1592 2587 1661 2642 ad
1693 2595 1894 2661 tempus

292 2681 490 2757 (Eccli.
512 2698 606 2748 xx,
623 2682 704 2755 7).

366 2776 420 2833 6.
452 2776 579 2833 Ideo
605 2775 781 2832 sancti
813 2776 1049 2843 Domini,
1081 2775 1171 2848 qui
1204 2775 1408 2831 scirent
1436 2776 1559 2845 quia
1583 2792 1686 2831 vox
1713 2775 1891 2831 homi-

293 2871 382 2926 nis
414 2871 735 2941 plerumque
769 2881 791 2910 ο
826 2871 1035 2942 peccati
1081 2870 1424 2925 annuntiatio
1453 2880 1559 2937 est,
1592 2879 1646 2925 et
1678 2870 1892 2924 initium

293 2965 497 3019 erroris
529 2964 773 3029 humani,
797 2977 981 3018 sermo
1010 2970 1093 3017 est
1122 2962 1378 3026 hominis,
1408 2961 1664 3016 amabant
1687 2970 1889 3016 tacere.

298 3054 544 3125 Denique
589 3064 814 3110 Sanctus
865 3053 1076 3108 Domini
1121 3055 1199 3107 ait
1234 3070 1246 3107 :
1285 3052 1408 3108 Dixi
1454 3053 1742 3107 custodiam
1784 3052 1893 3106 t-ias

292 3163 456 3214 meas,
496 3157 550 3202 ut
572 3163 673 3202 non
698 3146 993 3217 delinquant
1030 3146 1083 3201 in
1114 3146 1292 3217 lingua
1321 3162 1431 3200 mea
1462 3144 1634 3210 (Psal.
1667 3160 1889 3210 xxxvttt,

1999 1934 2445 2007 principitationis
2491 1947 2654 2004 quam
2704 1931 2899 1985 otiosa.
2951 1928 3117 1997 Ergo,
3171 1924 3216 1980 si
3268 1939 3367 1995 pro
3420 1922 3606 1978 otioso

1998 2029 2168 2083 verbo
2214 2028 2349 2082 ratio
2398 2024 2673 2097 poscitur,
2715 2032 2918 2095 quanto
2976 2019 3145 2091 magis
3198 2031 3296 2088 pro
3347 2028 3604 2072 sermone

1998 2120 2294 2192 impietatis
2324 2133 2483 2191 poena
2510 2117 2847 2175 exsolvitur!

2622 2208 2852 2267 CAPUT
2891 2207 2979 2265 111.

2001 2307 2125 2364 Νοη
2154 2316 2460 2381 perpetuum
2502 2322 2594 2360 nec
2620 2306 2842 2360 otiosum
2868 2319 2978 2359 esse
3018 2302 3200 2357 debere
3227 2300 3534 2357 silentium:
3559 2308 3607 2353 et

2068 2418 2170 2470 quo
2201 2410 2350 2473 pacto
2384 2398 2620 2456 custodia
2644 2398 2790 2452 cordi
2824 2414 2886 2453 ac
2924 2398 3001 2452 ori
3045 2405 3227 2451 contra
3275 2394 3606 2449 inordinatos

2069 2494 2286 2562 a/fectus
2306 2495 2375 2548 ad
2384 2493 2604 2548 hibenda
2631 2494 2717 2547 sit.

2030 2606 2033 2607 ν
2068 2588 2122 2644 9.
2156 2588 2292 2657 Quid
2328 2587 2525 2659 igitur?
2555 2586 2731 2642 Mutus
2768 2600 2867 2640 nos
2910 2599 3032 2641 esse
3072 2583 3329 2655 oportet?
3357 2581 3599 2638 Minime.

1997 2682 2098 2739 Est
2149 2684 2294 2738 enim
2343 2695 2559 2753 tempus
2593 2681 2830 2747 tacendi,
2864 2688 2919 2737 et
2974 2689 3058 2736 est
3091 2691 3304 2750 tempus
3350 2675 3606 2747 loquendi

1998 2778 2226 2852 (liccles.
2258 2793 2341 2841 ut,
2373 2777 2451 2847 7).
2486 2775 2691 2832 Deinde
2719 2776 2765 2831 si
2798 2789 2898 2846 pro
2917 2774 3099 2829 otioso
3125 2774 3293 2830 verbo
3320 2772 3605 2829 reddimus

1997 2873 2293 2935 rationem,
2323 2870 2606 2926 videamus
2631 2885 2698 2923 ne
2727 2868 3018 2923 reddamus
3039 2879 3093 2922 et
3118 2883 3214 2938 pro
3237 2867 3418 2922 otioso
3438 2865 3605 2921 silen-

1998 2966 2093 3021 tio.
2116 2976 2140 3013 ε
2173 2967 2269 3021 Est
2292 2966 2438 3020 enim
2469 2974 2525 3020 et
2552 2964 2895 3033 negotiosum
2929 2963 3238 3026 silentium;
3270 2973 3326 3015 ut
3362 2970 3478 3016 erat
3502 2960 3605 3016 Stt-

1996 3073 2204 3125 sannm,
2232 3075 2356 3130 quae
2387 3060 2510 3130 plus
2531 3058 2643 3129 t-git
2675 3057 2925 3121 tacendo,
2959 3072 3120 3126 quam
3146 3057 3189 3110 si
3234 3065 3384 3112 esset
3424 3056 3602 3111 locuta

1996 3149 2162 3224 (Dan.
2198 3167 2322 3218 xttt,
2356 3150 2436 3222 3).
2478 3149 2735 3206 Tacendo
2759 3150 2903 3204 enim
2938 3148 3077 3217 apud
3113 3147 3387 3213 homines,
3425 3147 3602 3202 locuta

291 3239 380 3312 2).
413 3239 792 3296 Sciebatenim
824 3251 879 3294 et
903 3237 1111 3308 legerat
1140 3237 1337 3293 dit-ina:
1360 3254 1482 3294 esse
1514 3238 1887 3308 protectionis,
1917 3240 1963 3304 C
1995 3255 2081 3300 est
2125 3244 2236 3300 Deo
2267 3266 2279 3300 ε
2312 3259 2410 3299 nec
2452 3244 2622 3299 ullum
2668 3242 2841 3312 majus
2874 3240 3132 3295 indicium
3167 3254 3282 3294 sua:
3332 3239 3604 3296 castitatis

294 3345 357 3389 ut
400 3333 564 3387 homo
590 3349 617 3386 a
659 3333 855 3401 lingua:
884 3347 995 3387 suae
1027 3331 1245 3401 ﬂagello
1293 3330 1748 3396 absconderetur,
1779 3338 1836 3385 et
1863 3344 1893 3384 a

292 3424 649 3481 conscientiae
692 3438 803 3478 sua:
838 3421 1154 3477 testimonio
1182 3421 1325 3494 (Job
1353 3439 1404 3485 v.
1447 3422 1510 3477 2|
1540 3421 1585 3494 ).
1621 3421 1894 3476 Verbera-

295 3532 427 3573 tttttr
454 3517 600 3572 enim
637 3516 801 3569 tacito
837 3515 1185 3586 etigitaliOnis
1228 3525 1433 3570 nostra:
1476 3515 1795 3585 opprobrio;
1838 3522 1895 3570 et

289 3609 508 3682 judicio
537 3609 882 3665 conscientia:
916 3628 929 3663 :
960 3609 1314 3665 verberamur
1357 3609 1520 3664 etiam
1569 3608 1720 3663 vocis
1771 3622 1895 3663 nos-

294 3714 399 3760 tue
422 3704 673 3770 verbere,
700 3718 819 3758 cum
851 3704 1124 3774 lnquimur
1150 3718 1212 3758 ea
1243 3718 1472 3774 quorum
1503 3717 1643 3758 sono
1666 3701 1895 3757 cmditur

294 3799 517 3853 animus
558 3808 761 3860 noster,
796 3806 851 3853 et
892 3812 1047 3852 mens
1089 3796 1497 3852 cons-.tnt-iatur.
1528 3797 1661 3865 Quis
1710 3805 1893 3851 autem

294 3901 384 3946 est
430 3891 521 3964 qni
569 3890 829 3945 mundum
870 3905 967 3945 cor
1006 3906 1035 3944 a
1080 3900 1426 3958 peccatorum
1476 3891 1675 3945 habeat
1718 3890 1895 3945 collu-

295 3983 481 4048 vione,
507 3994 599 4038 aut
626 3997 735 4039 non
764 3983 1043 4054 delinquat
1069 3984 1120 4037 in
1151 3983 1335 4053 lingua
1363 3984 1499 4038 sua?
1529 3983 1594 4037 Et
1616 3983 1737 4039 ideo
1768 3985 1894 4055 quia

296 4077 575 4133 neminem
630 4073 899 4133 videbatd
933 4087 1183 4134 sanetum
1235 4092 1298 4131 os
1343 4092 1567 4132 servare
1621 4092 1779 4148 posse
1826 4080 1895 4132 ab

297 4172 640 4227 immunditia
674 4173 961 4237 sermonis,
990 4172 1111 4244 ipse
1138 4171 1241 4226 sibi
1271 4170 1489 4226 silentio
1521 4172 1690 4243 legent
1723 4173 1895 4243 impo-

296 4266 412 4321 suit
446 4264 809 4332 innocentiae;
841 4263 897 4337 4
934 4276 991 4319 ut
1036 4265 1265 4320 tacendo
1310 4266 1526 4335 culpam
1577 4266 1893 4335 declinaret,

295 4374 462 4430 quam
495 4360 577 4412 vix
607 4357 847 4428 effugere
869 4368 1053 4428 posset
1081 4359 1376 4428 loquendo.

373 4452 427 4505 7.
461 4450 758 4507 Audiamus
783 4466 914 4522 ergo
936 4453 1203 4507 cautionis
1230 4454 1543 4524 magistrum
1572 4470 1584 4507 :
1615 4452 1756 4518 Dixi,
1780 4472 1897 4509 cus-

297 4547 495 4601 todiam
522 4554 631 4601 atas
652 4561 813 4611 meas,
844 4546 868 4575 ⁶
898 4547 1002 4601 huc
1023 4556 1128 4613 est,
1170 4547 1278 4601 dixi
1313 4547 1468 4614 tttihi,
1495 4548 1662 4603 tacito
1683 4549 1892 4619 cogita-

1999 3335 2229 3398 invenit,
2276 3349 2440 3404 quam
2490 3332 2791 3388 silentium.
2849 3330 3193 3387 COItScit'ltlia
3252 3329 3601 3400 loquebatur,

1999 3426 2089 3480 ubi
2118 3442 2216 3480 vox
2267 3442 2375 3481 non
2419 3425 2744 3481 audiebatur
2776 3442 2789 3478 :
2823 3439 2924 3479 nec
2966 3424 3249 3494 qua'rehat
3281 3437 3380 3493 pro
3408 3436 3469 3478 se
3500 3422 3599 3478 hoc

1998 3518 2203 3574 tuinum
2259 3518 2565 3589 judicium,
2610 3533 2732 3589 quze
2779 3515 3014 3570 habebat
3069 3514 3281 3570 Domini
3348 3515 3597 3571 testimo-

1998 3613 2169 3668 nium.
2202 3610 2285 3666 Ab
2335 3611 2428 3666 illo
2472 3610 2635 3682 igitur
2664 3609 2880 3664 volebat
2924 3608 3158 3674 absolvi,
3193 3623 3353 3678 quem
3384 3607 3596 3664 sciebat

1999 3705 2149 3761 nullo
2178 3704 2339 3759 modo
2378 3719 2540 3776 posse
2579 3704 2711 3759 falli.
2759 3704 2880 3775 Ipse
2914 3703 3179 3758 Dominus
3222 3704 3273 3758 in
3308 3703 3605 3773 Evangelio

2001 3797 2217 3867 (Matth.
2249 3813 2397 3860 xxvt,
2440 3795 2533 3868 63)
2582 3805 2769 3852 tacens
2812 3796 3143 3865 operabatttr
3173 3794 3199 3832 ιι
3236 3796 3471 3850 salutem
3504 3796 3603 3849 ho-

1998 3893 2228 3948 minum.
2270 3892 2439 3947 Recte
2464 3907 2594 3961 ergo
2627 3891 2797 3946 David
2828 3906 2934 3946 non
2964 3890 3241 3946 silentium
3268 3890 3369 3947 sibi
3398 3888 3597 3945 indixit

1999 3998 2342 4058 perpetuum,
2374 3987 2470 4044 sed
2500 3987 2825 4043 custodiant.

2071 4082 2160 4137 lt).
2195 4083 2574 4136 tinsmdiamus
2605 4096 2737 4152 ergo
2776 4095 2871 4136 cor
2907 4087 3152 4135 nostrum
3174 4122 3189 4146 ,
3231 4078 3606 4135 custodiamus

1998 4193 2061 4231 os
2094 4186 2372 4243 nostrum;
2407 4187 2695 4247 utrumque
2736 4176 2881 4231 enim
2926 4173 3189 4245 scriptum
3227 4184 3309 4229 est
3343 4192 3355 4228 :
3390 4174 3499 4241 hic,
3548 4183 3606 4229 ut

1999 4287 2061 4326 os
2102 4270 2511 4335 custodiamus,
2565 4270 2695 4325 alibi
2749 4270 2843 4324 tibi
2892 4269 3092 4324 dicitur
3124 4288 3137 4322 :
3167 4269 3322 4323 Omni
3361 4270 3600 4323 custodia

1997 4382 2143 4419 serva
2172 4383 2260 4420 cor
2303 4375 2453 4419 tttttnt
2493 4363 2678 4437 (Prov.
2728 4380 2803 4429 tv,
2833 4363 2950 4435 23).
3004 4364 3060 4419 Si
3118 4364 3464 4419 custodiebat
3505 4365 3603 4418 Da-

1999 4459 2110 4518 vid.
2148 4470 2202 4513 ιιι
2234 4474 2340 4513 non
2384 4459 2701 4513 cnstodies?
2745 4457 2802 4511 Si
2836 4457 3115 4512 immunda
3169 4456 3310 4511 labia
3366 4456 3607 4513 habebat

2003 4551 2210 4613 Esaias,
2243 4553 2332 4623 qui
2363 4550 2501 4607 dixit
2530 4570 2543 4605 :
2578 4550 2622 4604 Ο
2660 4552 2814 4604 miser
2841 4565 2952 4624 ego.
2987 4548 3231 4619 quoniam
3259 4546 3603 4617 compunctus

296 4640 465 4695 tionis
524 4649 798 4710 prteccpto
846 4639 1024 4694 indixi
1077 4639 1232 4705 mihi,
1283 4651 1339 4694 ttt
1395 4641 1725 4697 custodirem
1779 4646 1894 4700 vias
1920 4640 2130 4710 Dsum,
2176 4646 2295 4715 quia
2332 4662 2448 4698 cum
2477 4645 2573 4699 sint
2613 4644 2863 4708 Itomo,et
2908 4641 3178 4698 immunda
3223 4641 3359 4696 labia
3390 4642 3604 4698 habeam

369 4779 594 4837 ﬂlnl'ula
648 4790 769 4836 erat
819 4782 1011 4851 capitis
1057 4790 1439 4837 ornamentum
1485 4797 1515 4837 e
1561 4782 1718 4837 laneo
1770 4783 1887 4843 tilo.

292 4855 444 4924 quod
495 4870 603 4908 non
658 4854 833 4908 solum
885 4854 1289 4923 magistratibus
1346 4854 1739 4916 conveniebat,
1794 4855 1889 4908 sed

294 4928 464 4982 etiam
514 4924 851 4991 supplicibus
901 4926 1244 4988 oratoribus.
1288 4926 1681 4989 Sacerdotibus,
1727 4926 1891 4980 immo

299 5012 439 5052 vero
475 5007 530 5051 et
569 4997 801 5050 \ictintis
841 4996 993 5064 ipsis.
1021 4998 1176 5062 Quod
1226 5013 1390 5066 porro
1420 4998 1738 5052 Ambrosius
1769 5014 1893 5065 rap-

297 5078 413 5122 tum
445 5082 506 5124 se
534 5082 564 5120 a
596 5067 963 5122 tribunalibus
997 5071 1061 5123 ad
1099 5069 1466 5123 sacerdotium
1513 5069 1668 5133 dicit,
1716 5070 1765 5123 id
1810 5068 1892 5123 lu-

296 5140 412 5196 sius
440 5139 679 5207 explicat
722 5138 981 5193 Paulinus
1015 5140 1066 5194 in
1108 5141 1226 5208 ejus
1257 5142 1400 5206 vita;
1455 5142 1597 5196 unde
1643 5141 1892 5196 eamdem

295 5227 417 5269 rem
448 5212 539 5265 alii
575 5221 759 5280 postea
794 5210 1025 5265 mutuati
1057 5221 1207 5267 sunt.

368 5281 400 5321 ι’
427 5286 631 5337 Omnes
662 5283 795 5336 edit.
823 5292 943 5350 post
968 5284 1190 5337 verbum
1209 5283 1426 5344 discere,
1450 5285 1527 5337 sic
1561 5297 1897 5353 prosequun-

298 5364 389 5409 tur
424 5372 438 5408 :
470 5352 536 5406 Et
564 5353 941 5426 quantumlibet
968 5356 1182 5424 quisque
1203 5357 1501 5426 profecerit.
1536 5372 1681 5407 nemo
1712 5365 1787 5409 est
1809 5356 1898 5423 qui

294 5428 474 5481 doceri
496 5442 601 5479 non
640 5434 809 5496 egeat,
838 5424 1121 5481 duntvivit.
1154 5424 1259 5480 seu
1282 5442 1403 5479 cum
1442 5426 1630 5480 istlttec
1672 5428 1895 5481 omnino

295 5499 351 5554 in
388 5513 519 5551 mss.
548 5496 973 5561 desiderentur,
1004 5498 1048 5551 si
1082 5497 1383 5552 Landinntu
1420 5514 1582 5551 unttm
1630 5499 1891 5568 excipias,

293 5583 352 5623 at
374 5571 467 5624 vix
500 5567 635 5623 edit.
669 5568 802 5636 ipsis
825 5568 1206 5638 antiquiorem,
1243 5584 1340 5623 nec
1370 5571 1552 5638 paucis
1600 5567 1897 5638 interpola-

293 5651 412 5696 tnnt
466 5640 704 5710 hujusce
758 5638 904 5692 modi
962 5641 1206 5704 laciniis;
1258 5639 1602 5695 manifestum
1659 5652 1740 5694 est
1787 5655 1892 5694 non

287 5713 441 5769 aliud
476 5711 582 5766 nisi
618 5711 971 5779 marginaletn
1008 5712 1241 5781 aliquant
1276 5721 1459 5766 notam
1488 5726 1633 5779 esse,
1669 5727 1788 5782 qua:
1821 5715 1899 5767 in-

286 5786 611 5858 cogitanter
633 5784 698 5858 _i_n
728 5790 935 5847 textum
962 5782 1178 5858 inducta
1211 5794 1316 5837 cst.

364 5852 387 5896 ἱ
419 5854 537 5911 Vel.
573 5852 696 5910 edit
727 5865 852 5906 cum
879 5867 1009 5908 mss.
1034 5853 1259 5927 aliquot,
1288 5852 1483 5921 peccati
1512 5853 1765 5909 annuntio
1789 5864 1899 5908 est:

1992 4781 2200 4837 caulem
2234 4780 2367 4836 edit.
2393 4783 2446 4836 in
2476 4781 2739 4852 margine,
2770 4795 2832 4835 ac
2858 4779 3018 4835 Rom.
3048 4779 3098 4834 in
3125 4787 3275 4834 textu
3302 4794 3432 4852 cum
3463 4795 3597 4852 mss.

1997 4870 2105 4908 uno
2154 4855 2236 4908 vel
2269 4855 2466 4913 altero.
2502 4851 2710 4923 peccato
2740 4853 2992 4924 adjuncta
3018 4860 3093 4907 est
3118 4868 3137 4907 .'
3166 4852 3258 4907 alii
3299 4851 3460 4907 codd.
3491 4851 3602 4907 fre~

1996 4926 2345 4997 quentissitni
2371 4925 2655 4980 nobiseum
2692 4925 2916 4979 iaciunt.

2068 4997 2093 5035 ιι
2132 4998 2338 5051 Erasnt.
2374 5008 2427 5051 et
2457 5013 2572 5067 seq.
2606 4998 2737 5052 edit.
2772 5013 2894 5051 euut
2918 4996 3103 5066 paucis
3132 5010 3291 5063 mss.,
3318 5004 3517 5050 castum
3542 5011 3599 5050 os

1998 5085 2228 5124 servare.

2075 5152 2098 5178 θ
2127 5141 2341 5195 Emsm.
2376 5150 2429 5195 et
2459 5155 2573 5209 seq.
2603 5140 2765 5205 edit.,
2792 5140 2889 5193 hoc
2919 5149 2998 5193 est
3028 5135 3208 5193 tacito.

2079 5210 2098 5249 τ
2135 5211 2209 5266 Ita
2242 5213 2634 5280 mss.exceptis
2655 5211 2844 5271 tribus,
2868 5227 3096 5279 quorum
3119 5225 3257 5265 unus
3287 5210 3603 5277 legitrusto-

2000 5284 2117 5338 dias
2148 5326 2163 5350 ,
2196 5285 2337 5338 alter
2369 5296 2570 5340 autem.
2593 5284 2694 5335 cito
2725 5284 2976 5352 corrigas.
2998 5283 3130 5335 edit.
3159 5297 3288 5336 vero
3314 5290 3442 5352 cntn
3468 5295 3601 5335 ιιιρδ.

2000 5354 2169 5421 Full.,
2194 5356 2237 5408 si
2263 5355 2439 5418 audis.
2468 5355 2695 5408 custodis
2730 5350 2909 5415 (limit.
2944 5364 2997 5407 et
3033 5353 3197 5424 Filii"
3225 5350 3453 5424 custodi)
3493 5353 3602 5407 uias

1999 5437 2115 5480 tuas
2145 5444 2164 5481 .·
2193 5438 2239 5481 et
2279 5429 2323 5480 si
2350 5427 2527 5492 lapsus
2569 5444 2646 5493 es,
2680 5427 2781 5481 cito
2827 5426 3043 5494 corrige.
3091 5423 3229 5476 intra
3274 5423 3457 5476 autem
3512 5424 3603 5479 tthi

1999 5514 2064 5553 ex
2094 5515 2221 5553 mss.
2258 5497 2371 5553 fere
2403 5499 2657 5552 omnibus
2682 5500 3045 5566 reposuimus.
3078 5504 3133 5546 ut
3166 5509 3267 5566 non
3298 5495 3606 5564 delinquas:

1999 5571 2130 5626 edit.
2165 5586 2289 5626 cum
2324 5572 2512 5639 paucis
2545 5584 2673 5623 tnss.
2706 5563 2912 5638 legunt.
2946 5575 2993 5639 et
3016 5582 3117 5618 non
3148 5563 3438 5635 deliuques.

2073 5651 2097 5687 κ
2126 5641 2253 5698 Gill.
2288 5637 2353 5696 ac
2385 5641 2546 5695 Rom.
2578 5642 2738 5706 edit.,
2770 5637 2856 5694 est
2884 5637 3019 5690 enim
3062 5651 3309 5705 magnum
3360 5647 3406 5690 et
3446 5654 3603 5708 nego-

2005 5713 2215 5766 tiosum.

2076 5730 2215 5767 sum.

2076 5783 2101 5822 ιι
2126 5784 2321 5852 Scripti
2344 5784 2505 5838 codd.
2553 5793 3036 5852 magnornumero,
3074 5776 3297 5852 salutem
3338 5782 3567 5837 omnium
3581 5797 3602 5845 ,-

2001 5854 2169 5927 aliqui
2201 5843 2379 5908 tamen
2413 5863 2466 5907 et
2494 5843 2687 5909 omitch
2709 5851 2869 5919 edit.,
2899 5848 3116 5909 salutem
3140 5843 3433 5906 hominum.
