4078 6306
204 189 256 210 Ἰν

276 318 347 382 93
1367 324 1456 379 DE
1495 320 1788 380 OFFICIIS
1827 324 2298 389 MINISTRORUM
2345 331 2472 387 LIB.
2516 333 2558 388 I.
3543 330 3613 387 Et)

281 442 477 509 cessit,
524 442 596 496 ad
642 440 958 496 violentiam
1004 448 1285 511 provocat,
1325 436 1390 492 ad
1433 437 1670 507 jurgiutn
1711 446 1895 492 vocat:
1928 442 1978 506 Α
2007 443 2189 499 vicia?
2240 444 2350 499 Cur
2392 458 2500 498 non
2548 443 2826 498 imitamur
2878 443 3148 498 dicentem
3196 461 3208 496 :

288 546 421 590 tunc
444 537 741 591 silentium
771 550 1141 599 exerceamus,
1175 542 1299 588 tunc
1343 531 1475 587 muti
1504 530 1620 586 tieri
1645 548 1748 584 non
1777 546 1908 585 eru-

288 629 616 685 bescamus.
654 628 917 683 Peccator
945 637 1026 683 est
1067 626 1212 682 enim
1243 624 1336 696 qui
1371 640 1469 678 nos
1501 632 1781 694 provocat,
1815 621 1910 694 qui

291 723 551 794 injuriam
581 721 740 791 facit,
765 732 821 778 et
860 738 957 776 nos
979 720 1186 776 similes
1216 736 1295 775 SUl
1328 718 1442 774 tieri
1469 719 1764 773 desiderat.

366 818 455 874 18.
494 818 746 889 Denique
767 818 810 871 si
845 829 1043 881 taceas,
1072 817 1116 870 si
1148 813 1486 881 dissimules,
1520 817 1659 869 solet
1683 813 1903 868 dicere:

293 913 433 982 Quid
485 912 676 968 taces?
723 910 995 982 Loquere,
1038 911 1082 965 si
1131 910 1320 965 audes.
1375 906 1481 965 Sed
1537 923 1644 961 non
1691 904 1903 962 audes:

294 1019 480 1062 mutus
508 1022 593 1071 es,
618 1005 892 1077 elinguem
924 1014 974 1060 te
998 1003 1122 1060 feci.
1156 1005 1210 1060 Si
1234 1020 1366 1073 ergo
1391 1015 1593 1068 taceas,
1613 1003 1732 1073 plus
1760 1018 1906 1057 I‘tlltl-

294 1104 443 1172 pitur
471 1120 484 1154 :
512 1101 715 1154 victum
749 1115 870 1155 sese
894 1108 1063 1170 putat,
1088 1100 1329 1162 irrisum,
1350 1098 1716 1168 posthabitam
1736 1108 1901 1168 atque

295 1195 537 1247 illusum.
573 1194 630 1247 Si
672 1191 1028 1261 respondeas,
1057 1193 1395 1262 superiorem
1430 1206 1489 1244 se
1519 1191 1724 1245 factum
1758 1191 1903 1245 arbi-

297 1295 491 1351 tratur,
521 1285 648 1356 quia
678 1302 863 1355 parem
895 1285 1119 1339 invenit.
1152 1284 1209 1339 Si
1240 1288 1384 1339 enim
1415 1295 1618 1347 taceas,
1648 1282 1898 1339 d.cctur:

295 1376 396 1435 Ille
422 1377 765 1433 conviciatus
791 1388 895 1445 est,
930 1378 1072 1432 hunc
1096 1378 1423 1445 contempsit
1459 1379 1578 1433 iste.
1607 1376 1665 1432 Si
1697 1373 1903 1432 referas

294 1471 722 1534 Contumeliam,
761 1468 1008 1525 dicetur:
1043 1469 1215 1524 Atnho
1243 1469 1530 1524 conviciati
1563 1476 1712 1524 sunt.
1738 1466 1902 1524 Uter-

294 1583 401 1634 que
434 1563 864 1628 condemnatur,
903 1578 1066 1617 nemo
1101 1561 1422 1616 absolvitur.
1459 1561 1601 1632 Ergo
1642 1560 1790 1616 illius
1819 1569 1904 1616 est

293 1656 560 1720 studium,
612 1665 670 1709 ut
717 1654 918 1722 irritet,
967 1664 1025 1709 nt
1067 1652 1262 1709 similia
1312 1653 1387 1708 illi
1438 1654 1650 1725 loquar,
1694 1654 1898 1709 similia

297 1766 455 1822 agam
493 1769 505 1805 :
537 1751 671 1821 justi
707 1759 789 1806 est
831 1758 1012 1804 autem
1042 1748 1413 1815 dissimulare,
1447 1749 1578 1802 nihil
1610 1749 1788 1820 loqui,
1820 1758 1898 1803 te-

3269 444 3534 511 0btttttlt:i,
3569 456 3618 501 ρι

2014 536 2321 591 humiliatus
2352 554 2498 599 sum,
2530 546 2577 590 et
2607 538 2729 591 silui
2770 555 2801 589 lt
2846 537 2991 590 bouis
3025 535 3196 609 (I’sal.
3239 554 3480 604 xxxviii,
3513 539 3618 611 δη

2012 627 2093 682 Au
2130 628 2233 684 hoc
2276 629 2409 684 dixit
2452 630 2828 685 tantummodo
2854 673 2867 695 ,
2904 645 3010 684 non
3055 632 3216 684 etiam
3252 630 3377 685 fecit
3412 632 3617 686 David?

2017 722 2185 775 Immo
2230 730 2286 776 et
2335 724 2454 777 lrcit
2488 716 2552 794 (ll
2597 722 2720 793 Reg.
2768 738 2876 783 .\vt.
2920 723 2951 777 6
2984 734 3029 776 et
3062 722 3214 793 seq.).
3252 724 3381 778 Nam
3412 740 3533 778 cum
3567 723 3618 780 ci

2008 815 2408 869 conviciaretur
2437 811 2463 850 (³
2503 814 2680 869 Semel
2716 814 2855 869 lilius
2885 813 3116 880 Jemini,
3146 815 3357 869 tacebat
3396 815 3564 869 David
3598 834 3613 868 ε

2009 920 2063 964 et
2093 909 2345 980 quamvis
2384 918 2573 976 septus
2603 910 2856 972 armatis,
2896 924 3000 961 non
3039 908 3389 974 retorquebat
3424 908 3618 963 eonvi-

2007 1005 2150 1059 cium
2181 1047 2192 1068 ,
2245 1020 2352 1059 non
2403 1003 2664 1057 ultionem
2712 1002 3023 1073 quarebat,
3055 1018 3297 1072 eousque
3335 1016 3387 1056 ttt
3416 1003 3618 1058 dicenti

2007 1100 2107 1154 sibi
2136 1098 2338 1154 Sarvir
2370 1097 2480 1152 filio
2510 1097 2653 1169 quod
2696 1099 2979 1152 vindicare
3011 1098 3063 1152 iii
3104 1114 3230 1153 eum
3264 1098 3467 1164 vellet,
3505 1115 3615 1154 non

2008 1195 2341 1264 permiserit.
2377 1194 2490 1248 Ibat
2518 1210 2646 1263 ergo
2671 1204 2941 1263 tamquam
2977 1204 3156 1247 mutus
3181 1204 3236 1247 ct
3267 1193 3611 1260 humiliatus,

2005 1289 2116 1344 ibat
2167 1298 2387 1353 tacens,
2439 1303 2539 1343 nec
2580 1288 2932 1353 movebatur,
2981 1304 3102 1342 cum
3144 1290 3226 1341 vir
3254 1288 3619 1358 appellaretur

2004 1384 2304 1454 sanguinis,
2338 1383 2428 1453 qui
2462 1393 2580 1436 erat
2605 1384 2859 1437 conscius
2893 1382 3128 1451 propriae
3160 1381 3614 1436 mansuetudinis.

2002 1475 2120 1532 Non
2151 1492 2280 1548 ergo
2324 1475 2647 1531 "IUVL‘balUl‘
2678 1474 2944 1531 conviciis
2965 1516 2979 1542 ,
3014 1484 3036 1511 θ
3067 1476 3153 1529 cui
3183 1474 3492 1529 abundabat
3524 1474 3621 1529 bo-

2006 1586 2200 1625 norum
2234 1585 2460 1639 operum
2488 1567 2844 1623 COII:.CiClt|i:I.

2073 1663 2165 1720 22.
2222 1663 2407 1735 Itaque
2455 1665 2498 1719 is
2540 1663 2629 1733 qui
2674 1665 2782 1718 cito
2823 1663 3017 1733 injuria
3080 1672 3358 1729 movetur,
3401 1662 3525 1719 facit
3556 1679 3616 1721 se

2004 1757 2222 1831 dignum
2250 1758 2418 1813 videri
2450 1759 2802 1826 contumelia,
2831 1757 2959 1812 dum
2986 1759 3095 1815 vult
3119 1774 3179 1813 ea
3206 1758 3457 1823 indignus
3484 1775 3609 1829 pro-

294 1862 432 1902 nere
472 1847 629 1901 bona:
677 1846 912 1900 fructum
956 1844 1344 1909 conscientiae,
1390 1842 1507 1914 plus
1555 1841 1897 1897 eoinmittere

2012 1855 2117 1909 bari
2130 1895 2142 1907 .
2160 1852 2347 1908 Melior
2361 1862 2442 1906 est
2459 1853 2637 1922 itaque
2650 1853 2738 1922 qui
2753 1852 3055 1905 contemnit
3069 1849 3507 1921 iujuriam,quam
3524 1850 3616 1922 qui

294 1940 570 1993 bonorum
607 1937 848 2009 judicio.
883 1953 1044 2007 quam
1093 1938 1434 1991 eritnitiantis
1475 1937 1814 2002 insolentite,
1849 1935 1900 2008 ⁷

292 2044 618 2087 Contentum
666 2046 787 2086 esse
829 2031 1096 2101 gravitate
1139 2045 1350 2085 tnorum
1400 2046 1646 2093 suorum.
1679 2030 1787 2084 lIoe
1816 2038 1902 2085 est

292 2126 440 2183 enim
499 2125 664 2181 silere
708 2140 736 2178 a
774 2123 961 2191 bonis;
1006 2126 1130 2196 quia
1188 2128 1325 2179 bene
1372 2124 1473 2179 sibi
1507 2125 1776 2188 conscius,
1807 2124 1904 2177 lal-

292 2223 374 2275 sis
404 2236 513 2274 non
545 2219 709 2276 debet
737 2219 947 2275 moveri
983 2237 997 2274 :
1049 2234 1151 2274 nec
1180 2229 1455 2274 aestimare
1488 2219 1610 2289 plus
1649 2220 1902 2289 ponderis

294 2313 349 2367 in
382 2313 568 2367 alieno
599 2328 724 2369 esse
748 2311 1020 2380 convicio,
1054 2328 1214 2382 quam
1247 2311 1303 2366 in
1327 2327 1426 2367 suo
1460 2311 1793 2366 testimonio.

374 2404 458 2460 I9.
494 2404 571 2460 Ita
616 2400 677 2460 ﬁt
723 2409 967 2461 utetiam
1000 2404 1363 2459 humilitatem
1393 2404 1686 2459 custodiat.
1712 2404 1768 2459 Si
1801 2421 1901 2460 au-

296 2512 408 2556 tem
458 2501 596 2555 nolit
633 2502 888 2555 butnilior
918 2499 1111 2566 videri,
1148 2502 1272 2555 talia
1304 2508 1520 2565 tractat,
1555 2509 1607 2555 et
1633 2500 1767 2555 dicit
1790 2502 1905 2571 ipse

295 2609 483 2649 secum
520 2612 534 2648 :
577 2604 604 2631 ι
648 2593 747 2650 Hic
787 2610 918 2666 ergo
968 2606 1028 2650 ut
1072 2609 1158 2650 me
1189 2604 1539 2661 contemnat,
1588 2604 1642 2648 ct
1685 2594 1735 2648 itt
1776 2610 1905 2649 con-

295 2700 491 2761 spectu
535 2707 657 2746 meo
690 2692 941 2761 loquatur
970 2690 1094 2745 talia
1126 2690 1416 2744 adversum
1462 2706 1579 2755 tne,
1614 2689 1765 2760 quasi
1795 2706 1903 2744 non

298 2783 504 2853 possim
534 2798 634 2854 ego
660 2783 711 2837 ei
742 2783 957 2852 aperire
982 2797 1043 2836 os
1074 2800 1252 2837 meum
1280 2784 1303 2835 ?
1330 2782 1440 2837 (iur
1473 2799 1579 2837 non
1611 2784 1775 2838 etiam
1804 2796 1904 2851 ego

298 2878 503 2941 dicam,
536 2877 587 2929 in
616 2876 816 2947 quibus
843 2890 966 2930 eum
999 2878 1346 2931 nitestilicare
1379 2875 1621 2946 possim?
1654 2876 1750 2929 llic
1776 2889 1904 2945 ergo

300 2983 359 3025 ut
385 2971 514 3025 mihi
557 2971 778 3041 injurias
808 2970 993 3037 faciat,
1021 2972 1172 3041 quasi
1209 2970 1290 3024 vir
1315 2987 1421 3026 non
1455 2973 1583 3038 sim,
1606 2972 1759 3040 quasi
1790 2970 1906 3024 vin-

296 3065 487 3118 dicare
514 3078 599 3119 me
630 3079 733 3117 non
766 3062 967 3134 poSsim
991 3062 1013 3115 ?
1038 3062 1133 3122 llic
1166 3072 1223 3116 ut
1262 3078 1348 3118 me
1378 3063 1720 3127 criminetur,
1750 3062 1906 3133 quasi

295 3174 403 3229 ego
434 3174 544 3212 non
573 3159 772 3227 possim
795 3160 1049 3229 graviora
1076 3157 1127 3210 in
1152 3174 1274 3212 eum
1307 3156 1671 3229 componere?

2006 1946 2187 2015 dolet;
2212 1949 2301 2018 qui
2334 1947 2476 2001 enim
2497 1947 2821 2012 contemnit,
2847 1946 2999 2014 quasi
3030 1962 3134 1997 non
3168 1946 3393 2010 sentiat,
3427 1945 3495 1998 ita
3527 1944 3622 1999 de-

2005 2041 2163 2114 spicit
2192 2060 2203 2095 :
2236 2042 2323 2111 qui
2349 2052 2530 2096 autem
2559 2041 2732 2108 dolet,
2756 2041 2910 2110 quasi
2947 2039 3211 2105 senserit,
3249 2036 3267 2076 ί
3303 2050 3611 2109 torquetur.

2561 2182 2620 2254 ε
2656 2180 2887 2236 CAPUT
2934 2180 3045 2236 vit.

2009 2296 2172 2365 Quam
2219 2296 2436 2369 pulchre
2476 2297 2711 2366 prooemii
2737 2299 2847 2352 loco
2873 2304 3159 2368 usurpatus
3193 2297 3347 2368 fuerit
3382 2298 3616 2367 psalmus

2078 2407 2286 2447 xxxvnt
2307 2434 2321 2456 ,
2353 2407 2452 2461 quo
2488 2392 2734 2445 inductus
2788 2386 2877 2444 Vir
2906 2400 3114 2446 sanctus
3144 2391 3207 2444 de
3243 2389 3454 2462 Ofﬁciis
3481 2390 3614 2444 scri-

2076 2483 2193 2538 bere
2237 2484 2501 2538 constituit
2536 2499 2554 2538 :
2594 2484 2747 2553 idque
2782 2485 2967 2553 potiori
3010 2485 3129 2552 iure
3167 2499 3323 2552 quam
3360 2484 3484 2538 olim
3523 2482 3613 2537 Ci-

2077 2594 2196 2632 cero
2223 2579 2291 2631 ad
2316 2576 2481 2645 ﬁlium
2506 2622 2520 2643 ,
2555 2585 2602 2631 et
2630 2594 2782 2649 quant
2815 2578 2877 2631 ob
2910 2595 3147 2634 causam.

2077 2689 2168 2745 25.
2202 2689 2383 2761 Neque,
2424 2688 2725 2759 improvide
2757 2688 2822 2743 ad
2853 2705 2946 2743 vos
2980 2688 3121 2744 ﬁlios
3150 2703 3303 2745 meos
3335 2687 3608 2757 scribens,

2008 2782 2167 2853 hujus
2198 2783 2390 2855 psaEmi
2426 2783 2697 2852 protentio
2727 2781 2905 2856 (Psnl.
2950 2799 3174 2849 xxxvut,
3212 2780 3261 2855 i)
3297 2797 3428 2838 usus
3466 2797 3610 2837 sum.

2005 2878 2176 2947 Quem
2220 2879 2483 2942 psalmum
2538 2887 2563 2924 8
2612 2876 2874 2947 propheta
2923 2876 3086 2931 David
3142 2886 3332 2932 sancto
3379 2876 3611 2932 lditbum

2006 2970 2311 3024 cauendum
2344 2968 2511 3027 dedit.
2539 2986 2641 3039 ego
2666 2968 2822 3024 vobis
2851 2969 3143 3024 tenendum
3176 2971 3399 3035 suadeo,
3432 2969 3615 3025 delec-

2008 3074 2152 3119 tatus
2191 3064 2311 3133 ejus
2342 3080 2503 3119 sensn
2550 3064 2821 3136 profundo
2869 3074 2921 3119 et
2964 3066 3160 3121 virtute
3191 3067 3607 3121 sententiarum.

2007 3157 2358 3214 Advenimus
2389 3160 2532 3212 enim
2558 3175 2623 3214 ex
2659 3159 2744 3214 bis
2773 3176 2894 3228 quae
2930 3161 3169 3214 breviter
3212 3160 3523 3225 libavimus,
3558 3171 3614 3216 et

369 3250 462 3307 20.
498 3252 598 3319 Qui
644 3250 768 3306 talia
799 3250 953 3317 dicit,
991 3267 1099 3305 non
1137 3263 1220 3306 est
1265 3253 1413 3306 mitis
1453 3268 1614 3323 atque
1647 3252 1896 3319 humilis,
1926 3241 1971 3304 C
2006 3252 2199 3307 silendi
2225 3253 2561 3322 patientiam,
2595 3262 2647 3306 et
2671 3252 3133 3322 opportunitatem
3164 3253 3519 3322 lnqttentli,ct
3558 3253 3610 3309 in

294 3362 409 3399 non
440 3354 526 3400 est
548 3347 666 3400 sine
689 3346 1009 3401 tentatione.
1045 3346 1305 3401 Tentator
1334 3362 1457 3400 eum
1483 3346 1750 3416 exagitat,
1784 3346 1898 3415 ipse

293 3444 347 3496 ei
399 3440 534 3494 tales
563 3441 844 3509 opiniones
881 3440 1093 3495 inserit.
1130 3440 1462 3511 Plerumque
1492 3437 1519 3477 ι)
1547 3439 1769 3494 adhibet
1803 3440 1899 3492 ho-

295 3535 548 3599 minem,
578 3542 738 3604 atque
761 3551 844 3604 api
866 3535 980 3588 onit
1013 3550 1244 3604 nequam
1276 3534 1525 3603 spiritus,
1559 3531 1648 3603 qui
1679 3530 1794 3587 lucc
1822 3532 1899 3587 illi

294 3630 493 3681 dicat:
539 3626 632 3680 sed
681 3636 733 3679 tu
768 3627 818 3681 itt
862 3637 1013 3699 petra
1046 3624 1212 3681 ﬁxum
1257 3627 1545 3697 vestigium
1595 3636 1736 3681 tene.
1787 3626 1899 3683 Etsi

293 3736 497 3778 servus
529 3722 831 3776 convicium
858 3723 1023 3786 dicat,
1052 3732 1076 3762 ο
1099 3723 1279 3793 justus
1313 3732 1451 3777 tacet
1478 3739 1492 3788 ;
1521 3724 1620 3776 etsi
1655 3725 1899 3781 infirmus

294 3814 690 3870 contumeliam
730 3814 928 3881 faciat,
955 3814 1136 3886 justus
1175 3827 1317 3870 tacet
1351 3834 1362 3868 :
1404 3816 1506 3870 etsi
1553 3831 1761 3886 pauper
1788 3818 1901 3871 cri-

295 3909 766 3978 minetur,justus
795 3925 900 3964 non
930 3910 1247 3978 respondet.
1276 3908 1399 3964 Ilaec
1428 3921 1554 3964 sunt
1575 3910 1897 3980 arniajusti,

296 4012 357 4057 ut
398 4004 643 4059 cedendo
694 4003 892 4059 vincat.
944 4004 1095 4057 Sicut
1146 4005 1301 4073 periti
1334 4004 1609 4073 jarulandi
1642 4003 1900 4059 cedentes

293 4100 477 4154 soleat
506 4098 762 4163 vincere,
808 4108 863 4155 et
907 4097 1173 4169 fugientes
1202 4099 1542 4169 gravioribus
1582 4107 1898 4168 sequentem

295 4191 590 4245 vulnerare
623 4190 838 4246 ictibus.

1192 4283 1276 4337 VI.

1192 4284 1228 4337 ν
1263 4324 1276 4337 .

298 4374 418 4432 Hoc
440 4376 493 4431 iu
525 4386 582 4431 re
606 4374 866 4432 silentium
896 4284 1417 4451 a?tjAtt:‘Ii:ntilitatent
1446 4375 1616 4432 Dauid
1644 4378 1900 4434 imitanda

625 4490 751 4540 esse,
785 4490 848 4528 ne
872 4475 1019 4546 digiti
1060 4470 1325 4528 videamur
1353 4475 1570 4544 injuria.

367 4567 459 4621 21.
482 4566 620 4635 Quid
650 4568 794 4622 enim
822 4583 958 4640 opus
980 4578 1063 4623 est
1085 4569 1314 4635 moveri,
1336 4584 1457 4624 cum
1484 4570 1740 4625 audimus
1763 4585 1893 4626 cou-

370 4723 397 4750 ι
431 4713 568 4768 ltiue
596 4714 727 4769 edit.
758 4714 887 4771 Gill.
915 4730 979 4771 ac
1009 4715 1167 4771 Rom.
1200 4717 1362 4772 unius
1384 4726 1471 4770 aut
1498 4717 1723 4772 alterius
1757 4730 1890 4775 mss.

289 4790 620 4860 auctoritate
642 4788 907 4860 triplicem
941 4791 1259 4860 particulam
1283 4799 1336 4842 ut
1355 4790 1686 4844 sustulerant
1706 4806 1894 4860 :qunm

293 4870 478 4931 tamen
518 4858 650 4931 alia:
674 4859 807 4913 edit.
859 4875 922 4914 ac
949 4875 1078 4913 mss.
1132 4859 1557 4930 frequentissimi
1596 4858 1784 4931 elegan
1817 4867 1897 4918 ius

290 4929 579 4983 exhibent.
615 4930 707 4984 Est
752 4942 933 4986 autem
966 4931 1035 4985 ibi
1063 4929 1310 5000 quaedam
1343 4932 1570 5002 ellypsis
1592 4929 1896 5000 supplenda

293 5016 394 5079 per
418 5002 869 5079 _vi-rhttiii_patio_r,
903 5002 1166 5079 ferendum
1194 5012 1282 5079 est,
1310 5014 1399 5055 aut
1432 5004 1558 5072 quid
1587 5006 1785 5079 simile.

366 5070 395 5109 δ
415 5072 572 5146 ltum.
592 5073 723 5126 edit.
750 5076 886 5137 sola,
904 5070 1111 5128 adhibet
1134 5074 1395 5128 hominem
1418 5070 1634 5138 nequam
1654 5077 1892 5146 spiritus.

370 5154 394 5181 ε
428 5143 553 5197 M55.
606 5160 711 5198 non
764 5146 920 5213 pauci
973 5146 1057 5199 hic
1089 5155 1139 5199 et
1190 5147 1360 5210 inira,
1386 5148 1563 5216 justus
1592 5143 1801 5202 taceat:
1842 5158 1898 5205 et

289 5226 416 5289 post
440 5231 636 5289 pauca,
658 5220 834 5289 justus
864 5233 973 5289 non,
996 5219 1319 5288 respondeat.

364 5283 393 5324 δ
434 5286 574 5358 Mss.
608 5283 714 5341 non
739 5288 915 5355 pauci,
944 5283 1115 5343 Semei
1146 5290 1306 5358 ﬁlius,
1341 5287 1537 5341 tacebat
1568 5287 1777 5354 David;
1807 5292 1896 5348 alii

288 5358 518 5429 aliquot,
549 5357 721 5412 Semei
741 5360 880 5429 ﬁlius
907 5359 1057 5419 Cera.
1091 5357 1286 5415 taeebat
1316 5358 1505 5414 David.
1544 5362 1701 5416 Itoni.
1733 5363 1893 5429 edit.,

290 5428 466 5486 δι’ὼεί
498 5430 638 5497 ﬁlius
663 5428 817 5491 Gei'a,
850 5433 945 5499 [illi
975 5430 1203 5497 Gemmi,
1227 5441 1332 5486 ete.

367 5511 392 5539 θ
419 5501 556 5555 Cod.
614 5501 863 5569 'I‘heod.,
916 5504 1000 5557 cui
1048 5503 1339 5557 abundabat
1388 5504 1551 5557 honor
1595 5516 1641 5557 et
1686 5521 1897 5573 operum

286 5574 626 5627 conscientia.

367 5643 387 5682 ί
422 5645 678 5714 Plerique
716 5659 871 5711 mss.,
903 5656 1022 5714 post
1046 5646 1194 5715 quasi
1221 5647 1436 5700 senserit
1462 5686 1475 5711 ,
1507 5647 1765 5700 omittunt
1793 5656 1897 5701 tor-

282 5727 474 5785 quetur
502 5731 521 5770 :
543 5717 700 5787 cujus
726 5715 842 5769 loco
868 5718 995 5785 legit
1016 5718 1140 5772 ciid.
1163 5717 1357 5783 Laud.,
1387 5728 1459 5770 est
1490 5719 1634 5787 quasi
1659 5719 1892 5773 seruerit.

359 5797 385 5835 ι
431 5786 641 5841 Confer
671 5786 812 5859 hunc
845 5790 1018 5842 lorum
1048 5795 1104 5842 et
1130 5806 1192 5845 ea
1218 5805 1338 5858 quat
1387 5786 1549 5857 priori
1584 5800 1729 5843 tomo
1771 5804 1892 5859 pag.

283 5862 415 5929 841,
452 5874 607 5915 num.
640 5867 661 5916 ι
695 5868 750 5915 et
774 5858 828 5928 Ξ,
858 5859 910 5915 iit
949 5859 1156 5918 titulum
1189 5861 1346 5933 hujus
1378 5861 1548 5932 ipsius
1598 5860 1784 5936 psnlnti
1814 5858 1896 5918 tli-

1922 4620 1976 4681 D

2003 3347 2396 3417 posterioribus
2428 3343 2620 3413 (Ibid..
2651 3346 2706 3414 8)
2733 3355 3104 3415 contemptum
3137 3345 3468 3411 divitiarum,
3490 3361 3614 3413 qua:

2002 3440 2234 3494 maxima
2285 3439 2544 3493 virtutum
2579 3438 2926 3493 fundamenta
2960 3450 3079 3492 sunt
3102 3482 3116 3503 ,
3144 3437 3246 3492 hoc
3277 3437 3486 3508 psalmo
3513 3438 3612 3493 do—

2002 3534 2135 3589 ceri.
2164 3533 2302 3587 Dum
2329 3533 2489 3600 igitur
2519 3531 2663 3586 hunc
2697 3532 2963 3599 psalmum
2992 3530 3306 3598 considero,
3337 3531 3608 3609 successit

2002 3627 2185 3683 animo
2212 3627 2283 3683 de
2312 3624 2518 3681 Ollleiis
2550 3626 2810 3680 scribere.

2072 3721 2165 3775 ‘24.
2215 3716 2289 3775 De
2332 3720 2525 3788 quibus
2576 3717 2791 3771 etiamsi
2830 3716 3052 3788 quidam
3100 3716 3461 3788 Philosopbire
3493 3727 3609 3772 stit-

2001 3812 2191 3868 dentes
2214 3812 2556 3881 scripserint,
2594 3807 2619 3847 ¹ι
2656 3820 2710 3863 ut
2743 3810 3037 3877 Panzetius,
3071 3822 3125 3864 et
3154 3808 3295 3865 lilius
3327 3811 3443 3881 ejus
3466 3810 3605 3881 apud

2002 3906 2246 3974 Gra'cos,
2275 3905 2486 3962 Tullius
2528 3905 2667 3975 apud
2704 3904 2954 3971 Latinos;
2992 3922 3095 3959 non
3137 3906 3375 3960 alienum
3415 3906 3542 3960 duxi
3574 3921 3604 3961 a

2003 4008 2190 4055 nostro
2240 4015 2498 4062 munere.
2546 4008 2604 4053 ut
2650 4000 2812 4052 etiam
2856 3999 2971 4067 ipse
3012 4000 3332 4054 scriberem.
3367 3999 3431 4054 Et
3468 4002 3609 4055 sit-nt

2001 4092 2213 4149 Tullius
2260 4098 2277 4139 ι
2315 4090 2381 4145 atl
2423 4090 2782 4146 erudiendum
2818 4090 3020 4151 lilium,
3056 4090 3129 4144 ita
3163 4107 3265 4160 ego
3295 4106 3511 4161 quoque
3537 4091 3605 4146 ad

2001 4207 2098 4247 Vos
2127 4189 2500 4246 informandus
2535 4190 2673 4243 lilios
2714 4204 2895 4253 meos;
2925 4204 3098 4259 neque
3120 4187 3263 4243 enim
3298 4190 3479 4242 minus
3506 4202 3606 4243 vos

2002 4282 2170 4354 diligo
2194 4297 2327 4354 quos
2354 4282 2406 4337 in
2434 4281 2730 4351 Evangelia
2748 4280 2932 4349 genui,
2957 4294 3117 4347 quam
3139 4280 3181 4334 si
3211 4280 3465 4350 conjugio
3487 4290 3609 4335 sus-

2001 4378 2289 4449 Cepissem.
2332 4375 2448 4432 Non
2494 4376 2639 4431 enim
2689 4371 3069 4428 vehementior
3095 4383 3174 4429 est
3206 4383 3395 4428 natura
3424 4370 3488 4426 ad
3521 4371 3606 4427 di-

2003 4468 2299 4541 ligendum,
2331 4484 2491 4539 quam
2522 4467 2719 4537 gratia.
2754 4465 2887 4521 Plus
2912 4474 3062 4520 certe
3088 4462 3316 4536 diligere
3340 4464 3603 4521 debemus

2001 4578 2138 4634 quos
2185 4570 2448 4634 perpetuo
2501 4561 2783 4617 nobiscum
2831 4570 3083 4631 putamus
3131 4561 3375 4622 futuros.
3436 4570 3598 4631 quam

2000 4730 2235 4785 cuntur,
2289 4728 2343 4775 et
2394 4710 2709 4774 afﬁnitatem
2760 4731 2865 4772 non
2910 4728 3130 4787 parvam
3163 4713 3453 4785 utrobique
3484 4714 3602 4770 ani-

2001 4792 2330 4849 madvertes.

2073 4863 2102 4902 ιι
2135 4865 2451 4923 Panaetium,
2496 4861 2648 4928 cujus
2679 4862 3012 4917 mentionem
3042 4874 3148 4913 non
3188 4874 3295 4911 uno
3323 4857 3443 4911 loro
3470 4856 3604 4910 Tul-

2001 4937 2103 4991 lius
2149 4937 2311 4998 fai-it,
2369 4932 2636 4987 ltliodium
2671 4933 2839 4988 fuisse
2877 4947 2940 4986 ex
2971 4932 3241 4987 Strabone
3266 4929 3433 4984 refert
3468 4929 3603 4984 Vos-

2000 5010 2112 5062 sius
2168 5009 2263 5061 lib.
2298 5008 2360 5060 de
2404 5004 2548 5058 Phil.
2611 5007 2781 5068 sectis.
2818 5019 2936 5070 cap.
2978 5003 3063 5069 I9,
3108 5016 3227 5071 pag.
3266 5002 3389 5063 105.
3436 5018 3598 5067 quem

2000 5080 2243 5134 consule.
2278 5078 2353 5132 De
2387 5076 2496 5129 lilio
2526 5083 2706 5131 autem
2756 5080 2875 5145 ejus
2907 5079 2994 5140 qui
3036 5074 3320 5141 scripserit
3350 5073 3550 5141 aliquid
3580 5114 3596 5137 ,

2002 5160 2200 5221 printer
2248 5148 2594 5205 Ambrosium
2644 5148 2785 5203 forte
2841 5148 3089 5221 reperias
3130 5146 3434 5207 neminem,
3498 5146 3600 5199 nisi

2004 5218 2127 5291 quis
2176 5235 2265 5275 aut
2299 5220 2673 5275 Possidoninm
2708 5221 2823 5286 ejus
2866 5218 3204 5291 discipulum
3229 5225 3280 5291 et
3310 5229 3597 5291 successo-

2006 5287 2117 5348 rem
2149 5295 2432 5361 intelligat,
2464 5292 2530 5344 de
2559 5307 2666 5354 quo
2693 5292 2834 5347 Tull.
2867 5291 2956 5344 lib.
2979 5287 3034 5343 nt
3070 5289 3138 5341 de
3171 5287 3325 5341 Ollic.
3356 5294 3413 5339 et
3434 5288 3596 5361 epist.

2005 5368 2072 5421 ili
2118 5368 2181 5419 ad
2235 5358 2375 5419 Attio
2397 5403 2409 5418 .
2465 5364 2548 5415 vel
2583 5362 2911 5417 Hecatonem
2946 5361 3167 5414 Pantctii
3197 5372 3411 5426 quoque
3443 5358 3599 5413 audi-

2006 5448 2201 5500 torem,
2225 5453 2384 5506 quem
2420 5434 2558 5488 idetn
2592 5434 2729 5488 'I‘ull.
2757 5450 2847 5488 sex
2874 5433 3043 5487 libros
3069 5431 3138 5485 de
3168 5430 3268 5484 boc
3292 5430 3410 5498 ipso
3438 5445 3598 5502 argu-

2005 5518 2188 5563 mento
2210 5507 2495 5576 scripsis~e
2523 5513 2713 5559 auctor
2744 5514 2845 5559 est.

2079 5580 2093 5618 ί
2129 5581 2241 5634 Lib.
2279 5592 2296 5633 t
2326 5572 2395 5632 de
2424 5576 2578 5630 Oflic.
2612 5591 2728 5645 pag.
2768 5576 2896 5637 551,
2936 5572 3166 5645 tuin.IV
3208 5572 3451 5645 ejusdem
3476 5572 3590 5645 Cic.

2001 5662 2225 5722 nperuttt
2283 5651 2517 5703 Gettevzu
2548 5643 2708 5722 apud:
2731 5646 2841 5700 Jer.
2886 5644 2982 5698 des
3014 5643 3302 5722 __i’lam:hes
3333 5658 3420 5722 an.
3453 5644 3596 5722 i£_84

2001 5714 2123 5777 editi
2153 5736 2269 5776 rum
2293 5764 2306 5783 ,
2341 5734 2499 5787 quain
2531 5718 2663 5769 edit.
2699 5719 2748 5769 in
2780 5714 3130 5779 sequentibus
3164 5728 3379 5787 semper
3408 5714 3595 5767 laudas

2004 5795 2179 5849 bimus
2199 5836 2211 5857 ,
2241 5793 2334 5846 litt.
2360 5784 2421 5844 ὃς
2449 5788 2557 5843 Sed
2576 5803 2689 5839 cunt
2708 5787 2997 5840 statuissem
3019 5785 3217 5853 aliquid
3244 5784 3342 5837 hoc
3364 5795 3592 5853 tempore

2002 5868 2069 5920 ad
2094 5877 2140 5922 te
2169 5856 2409 5928 scribere,
2434 5867 2540 5915 etc.
2569 5858 2697 5914 Item
2722 5857 2789 5914 ad
2821 5858 2985 5915 Attic.
3010 5856 3173 5929 epist.
3198 5857 3323 5923 527,
3350 5856 3443 5914 lib.
3469 5871 3557 5912 ιν.
