4078 6306
465 289 532 348 5i
1798 291 2048 350 SANCTI
2086 292 2410 352 AMBROSII
3707 289 3780 347 53

463 423 603 480 quos
633 405 688 464 in
717 409 822 465 hoc
853 415 1064 464 tantum
1087 408 1308 466 saeculo.
1341 408 1422 466 Illi
1445 408 1748 482 degeneres
1772 421 2072 469 nascuntur
2096 417 2147 477 Α
2178 415 2280 470 tria
2308 415 2362 470 in
2392 415 2628 486 quinque
2651 426 2852 482 genera
2882 411 3207 478 diviserunt,
3238 411 3290 466 in
3313 409 3421 466 duo
3449 408 3705 474 honesta,
3729 416 3787 464 et

466 503 803 578 frequenter,
848 506 939 577 qui
984 505 1283 562 dedeceant
1325 517 1576 577 patrem:
1626 523 1724 564 vos
1752 518 1880 564 ante
1907 509 2076 580 elegi-

465 613 612 667 mus,
643 607 700 655 ut
728 597 1042 670 diligamus.
1072 600 1261 672 Itaque
1285 601 1362 656 illi
1397 602 1722 658 necessitate
1749 601 2070 674 diliguntur,

461 707 586 763 quae
627 707 732 749 non
773 694 908 748 satis
957 691 1151 748 idonea
1182 702 1343 766 alque
1373 695 1627 751 diuturna
1669 705 1750 751 cst
1779 697 1844 750 ad
1879 711 2073 768 perpe-

466 787 713 841 tuitatem
758 785 1019 856 diligendi
1058 787 1316 857 magistra
1363 805 1376 842 :
1417 803 1513 844 vos
1553 788 1796 860 judicio,
1826 805 1934 860 quo
1963 806 2078 846 ma-

464 894 632 952 gnum
658 888 684 916 ι
733 881 1019 936 charitatis
1051 880 1261 952 pondus
1288 882 1354 936 ad
1392 884 1496 938 vim
1525 882 1783 955 diligendi
1819 884 2074 956 adjungi-

464 985 576 1047 tur,
606 977 842 1048 probare
871 993 1009 1050 quos
1047 977 1266 1050 diligas,
1299 988 1354 1036 et
1375 979 1606 1052 diligere
1650 996 1789 1053 quos
1816 981 2072 1051 elegeris.

1083 1069 1317 1128 CAPUT
1361 1071 1492 1127 Vlll.

471 1159 679 1217 Nomen
709 1161 913 1235 Ofﬁcii,
943 1180 1047 1219 non
1067 1163 1235 1219 solum
1267 1165 1612 1237 philosophis,
1645 1165 1734 1219 sed
1765 1167 1917 1220 etiam
1940 1167 2075 1221 scri-

545 1255 779 1326 ptoribus
805 1258 970 1312 sacris
988 1259 1235 1313 usitatum
1253 1274 1398 1326 esse;
1416 1267 1463 1313 et
1491 1259 1624 1314 unde
1639 1260 1736 1313 hoc
1759 1259 2080 1316 deductum?

543 1350 635 1404 25.
670 1349 815 1422 Ergo
842 1351 1099 1422 quoniam
1135 1367 1384 1422 persona:
1413 1353 1770 1417 conveniunt,
1800 1353 2078 1412 videamus

469 1450 649 1497 utrum
697 1458 788 1500 res
828 1444 944 1515 ipsa
993 1446 1286 1500 conveniat
1329 1447 1572 1502 scribere
1618 1446 1685 1501 de
1734 1445 1946 1503 Ofﬁciis
1979 1467 1991 1501 :
2023 1456 2079 1504 et

471 1546 654 1592 utrum
685 1536 789 1594 hoc
806 1553 1004 1596 nomen
1024 1539 1470 1612 philosotihorutn
1488 1551 1594 1597 tant
1607 1543 1862 1599 ummodo
1873 1545 2078 1600 scholae

471 1639 658 1701 aptum
701 1631 795 1699 sit,
837 1647 906 1688 an
938 1633 1174 1690 etiamin
1204 1633 1506 1706 Scripturis
1527 1636 1833 1707 reperiatur
1856 1637 2077 1695 divinis.

471 1724 708 1783 Pulchre
765 1728 952 1795 itaque
1004 1727 1133 1784 dum
1193 1729 1429 1801 legimus
1490 1730 1651 1787 hodie
1716 1731 2076 1803 Evangelium

2177 506 2288 561 duo
2319 505 2468 561 utilia
2495 549 2510 574 ,
2563 514 2618 560 et
2667 504 2906 574 eligendi
2944 504 3230 573 judicium.
3279 502 3460 557 Prima
3505 499 3788 572 pertinere

2180 601 2368 657 dicunt
2409 601 2475 656 ad
2519 599 2688 656 decus
2734 601 3186 670 honestatemque
3212 600 3375 665 vitm,
3427 595 3666 653 secunda
3717 594 3787 651 ad

2181 697 2306 751 vita:
2331 695 2618 751 commoda
2648 737 2663 762 ,
2688 695 2896 765 cottias,
2918 709 3048 764 opes
3069 735 3084 759 ,
3129 693 3416 748 facultates
3444 707 3458 747 :
3504 691 3572 747 de
3595 690 3660 746 iis
3685 688 3789 746 eli-

2178 789 2372 861 gendis
2389 789 2616 844 subesse
2641 783 2928 858 judicium.
2962 787 3086 843 [hec
3117 785 3215 840 illi.

2250 883 2343 938 28.
2387 893 2412 931 ts
2460 881 2570 937 Nos
2599 890 2782 936 autem
2813 880 2944 935 nihil
2983 880 3207 935 omnino
3250 879 3352 934 nisi
3402 878 3544 950 quod
3594 877 3792 934 deceat

2179 986 2233 1032 et
2281 975 2569 1029 hunestttnt
2602 975 2712 1039 sit,
2759 971 3061 1027 futuromm
3111 969 3281 1042 magis
3327 985 3489 1040 quam
3543 983 3788 1040 pra'seu-

2181 1072 2314 1126 tium
2346 1069 2599 1124 metimur
2633 1067 2863 1123 formula
2892 1085 2906 1123 :
2957 1065 3204 1136 nihilque
3233 1066 3366 1120 utile
3395 1065 3496 1120 nisi
3539 1063 3686 1136 quod
3718 1063 3790 1119 ad
3835 1107 3941 1164 ί

2179 1163 2304 1216 vitae
2354 1161 2501 1216 illius
2547 1170 2763 1215 aeterna:
2805 1160 2977 1226 prosit
3019 1159 3251 1230 gratiam
3305 1158 3636 1222 deﬁnimus,
3678 1172 3790 1212 non

2180 1255 2323 1325 quod
2351 1254 2416 1308 ad
2445 1251 2864 1308 delectationem
2888 1249 3198 1322 praesentis.
3229 1249 3414 1320 Neque
3435 1249 3614 1320 aliqua
3637 1264 3795 1305 com-

2181 1348 2339 1404 moda
2374 1349 2424 1402 in
2472 1347 2820 1401 facultatibus
2860 1355 2916 1402 et
2961 1345 3134 1416 cepiis
3162 1360 3324 1415 epttm
3357 1344 3788 1399 constituimus:

2181 1444 2275 1500 sed
2322 1441 2664 1498 incounnoda
2716 1441 2831 1495 lucc
2884 1449 3168 1510 putamus,
3215 1439 3398 1494 sinon
3437 1437 3786 1510 rejieiantur;

2184 1533 2210 1572 δ
2239 1550 2408 1606 eaque
2460 1533 2611 1589 oneri
2657 1547 2780 1588 cum
2811 1533 2919 1588 sint
2947 1529 3207 1588 aestimari
3239 1532 3409 1603 magis
3435 1572 3450 1600 ,
3479 1545 3643 1602 quam
3672 1529 3788 1587 dis-

2184 1628 2380 1700 pendio
2408 1643 2532 1683 eum
2557 1634 2874 1698 erogantur.

2251 1725 2340 1778 29.
2385 1721 2502 1778 Non
2543 1721 2875 1793 superﬂuum
2916 1719 3082 1790 igitur
3123 1717 3436 1790 scriptionis
3468 1726 3668 1774 nostra:
3703 1727 3793 1775 est

473 1817 650 1892 (qttasi
679 1818 1070 1876 adhortaretur
1098 1822 1164 1876 ad
1188 1822 1561 1896 scribendum)
1591 1823 1831 1894 Spiritus
1858 1835 2078 1882 sanctus

2201 1830 2340 1886 )pus,
2367 1813 2493 1884 quia
2524 1813 2776 1869 Ofﬁcium
2807 1812 3025 1868 diversa
3058 1813 3392 1866 aestimamus
3422 1810 3607 1882 regula
3629 1818 3793 1880 atque

471 1913 671 1968 obtulit
708 1914 864 1969 nobis
902 1914 1220 1983 lectionem,
1267 1932 1372 1988 qua
1419 1919 1872 1976 eonfirmaremur
1915 1921 2079 1977 etiam

471 2005 526 2061 in
554 2007 714 2062 nobis
743 2007 997 2064 Ofﬁcium
1020 2009 1128 2065 dici
1153 2026 1333 2082 posse.
1367 2010 1498 2068 Nam
1529 2029 1651 2068 cum
1680 2013 1971 2071 Zacharias
1997 2031 2085 2070 sa-

469 2099 668 2155 cerdos
691 2101 1056 2159 obmutuisset
1084 2103 1137 2159 in
1170 2105 1376 2175 templo
1396 2147 1414 2174 ,
1443 2115 1497 2162 et
1520 2107 1668 2177 loqui
1713 2123 1818 2162 non
1847 2118 2034 2176 posset
2065 2125 2080 2164 :

476 2191 701 2249 Factum
736 2205 832 2264 est,
879 2197 1076 2270 inquit,
1101 2208 1156 2254 ut
1177 2199 1377 2270 impleti
1403 2211 1521 2256 sunt
1549 2201 1656 2255 dies
1679 2198 1708 2240 ι’
1739 2200 1922 2273 Ofﬁcii
1949 2203 2082 2274 ejus,

475 2285 603 2342 abiit
629 2289 684 2342 in
724 2287 934 2365 domum
975 2307 1124 2346 suam
1169 2291 1325 2366 (Luc.
1372 2309 1424 2362 t,
1473 2293 1588 2366 25).
1632 2293 1892 2366 Legimus
1922 2296 2088 2368 igitur

475 2379 725 2439 Ofﬁcium
747 2383 855 2440 dici
885 2401 916 2441 a
951 2386 1110 2442 nobis
1141 2401 1323 2457 posse.

549 2474 606 2547 9
658 2475 748 2531 26.
789 2474 902 2532 Nec
958 2479 1098 2534 ratio
1139 2477 1255 2550 ipsa
1295 2479 1586 2552 abhorret,
1643 2482 2086 2554 quandoquidem

485 2573 508 2602 ε
541 2565 792 2621 Ofﬁcium
830 2567 900 2622 ab
927 2569 1219 2626 efﬁciendo
1246 2570 1450 2628 dictum
1480 2586 1752 2646 putamus,
1786 2577 1940 2647 quasi
1969 2576 2089 2633 efﬁ-

479 2658 664 2716 citun:
705 2659 803 2715 sed
834 2673 1056 2733 propter
1082 2662 1336 2720 decorem
1368 2670 1638 2725 sermonis
1666 2685 1770 2725 una
1805 2670 2086 2726 immutata

482 2746 690 2816 littera,
718 2750 957 2808 ofﬁciunt
988 2753 1016 2794 ἀ
1049 2758 1348 2828 nuncupari
1379 2777 1394 2814 :
1425 2759 1512 2814 vel
1541 2769 1691 2818 certe
1712 2802 1727 2829 ,
1755 2769 1812 2816 ut
1841 2777 1904 2818 ea
1934 2777 2086 2834 agas,

481 2859 606 2915 qua:
637 2845 770 2900 nulli
797 2845 1065 2916 ofﬁciant,
1096 2851 1303 2920 prosint
1327 2853 1600 2908 omnibus.

1113 2943 1346 3000 CAPUT
1387 2944 1479 3000 IX.

491 3027 741 3101 Ofﬁcium
763 3032 828 3087 ab
861 3032 1074 3089 honesto
1121 3046 1168 3090 et
1221 3037 1386 3104 utili,
1433 3053 1527 3092 uec
1570 3054 1673 3092 non
1718 3037 1782 3092 ab
1821 3037 2088 3094 amborum

561 3124 695 3178 inter
720 3142 775 3180 se
800 3129 1186 3196 comparatione
1211 3130 1410 3185 desumi
1427 3146 1446 3186 :
1466 3129 1560 3185 sed
1579 3149 1609 3184 η
1634 3130 1941 3187 Christianis
1962 3134 2093 3189 niltil

2188 1910 2262 1966 illi
2317 1910 2742 1964 aestimaverunt.
2805 1905 2890 1962 Illi
2937 1906 3121 1961 sreculi
3187 1905 3473 1961 commoda
3521 1905 3574 1959 in
3633 1904 3793 1959 bonis

2186 2001 2428 2066 ducunt,
2473 2015 2571 2054 nos
2613 1997 2729 2053 haec
2773 1998 2939 2054 etiam
2992 1998 3044 2053 in
3096 1995 3476 2062 detrimentis;
3525 1994 3791 2066 quoniam

2187 2099 2276 2170 qui
2309 2098 2395 2154 hic
2423 2097 2615 2167 recipit
2646 2096 2808 2159 bona,
2843 2104 2902 2148 ut
2930 2095 3020 2150 ille
3042 2093 3226 2160 dives,
3259 2091 3373 2149 illic
3398 2092 3711 2148 cruciatur:
3739 2099 3795 2148 et

2190 2192 2426 2246 Lazarus
2453 2189 2544 2261 qui
2577 2189 2716 2244 mala
2748 2188 2838 2244 hic
2892 2185 3148 2259 pertulit,
3200 2185 3310 2242 illic
3355 2184 3790 2241 consolationem

2190 2284 2570 2356 invenit(l.uc.
2595 2299 2721 2349 xvt,
2750 2281 2866 2354 25).
2916 2281 3122 2338 Deinde
3150 2279 3242 2350 qui
3286 2278 3381 2335 illa
3423 2295 3533 2334 non
3568 2279 3793 2350 legunt,

2192 2388 2372 2435 nostra
2404 2379 2583 2450 legent
2613 2380 2657 2433 si
2681 2378 2905 2433 volent:
2935 2376 3028 2446 qui
3053 2390 3158 2430 non
3190 2389 3501 2430 sermonum
3529 2373 3798 2444 supellec-

2191 2473 2343 2528 tilem
2369 2513 2385 2539 ,
2430 2486 2608 2543 neque
2634 2479 2809 2527 artem
2850 2468 3097 2534 dicendi;
3129 2466 3224 2525 sed
3264 2466 3566 2540 simplicem
3609 2482 3796 2524 rerum

2191 2565 2482 2638 exquirunt
2516 2563 2766 2636 gratiam.

2825 2653 3058 2713 CAPUT
3095 2654 3167 2712 Χ.

2196 2752 2354 2810 Prius
2373 2753 2428 2808 in
2453 2751 2614 2806 sacris
2637 2749 2818 2805 litteris
2847 2749 3091 2804 decorum
3111 2763 3265 2818 quam
3285 2748 3339 2802 in
3365 2744 3803 2821 philosophorum

2265 2849 2410 2903 libris
2454 2851 2833 2919 frequentatum
2877 2860 3032 2900 esse:
3086 2843 3436 2916 Pythagoram
3475 2843 3667 2898 silentii
3712 2844 3803 2898 sui

2264 2943 2424 3015 legem
2452 2950 2744 2996 mutuatum
2761 2957 2793 2994 a
2815 2939 3019 2995 Davide
3040 2960 3056 2994 :
3076 2940 3166 2994 sed
3186 2939 3342 3012 hujus
3364 2948 3531 2994 tamen
3552 2949 3804 3011 praestare

2265 3037 2592 3109 disciplinam
2608 3053 2755 3103 ;cum
2770 3035 2991 3106 primunt
3009 3034 3242 3108 ofﬁcium
3256 3035 3320 3090 sit
3335 3032 3577 3105 loquendi
3591 3032 3800 3090 modus.

2267 3129 2356 3185 50.
2399 3129 2667 3185 Decorum
2701 3126 2718 3166 ί
2749 3136 2928 3183 autem
2961 3129 3015 3182 in
3059 3129 3260 3183 nostris
3301 3126 3598 3198 Scripturis
3624 3127 3805 3197 primo

560 3217 700 3285 quod
727 3218 796 3272 ad
819 3221 1050 3290 futuram
1081 3222 1237 3276 vitam
1277 3238 1380 3277 non
1421 3227 1681 3293 conferat,
1711 3223 1982 3279 honestum
2006 3235 2095 3280 aut
2123 3225 2170 3289 C
2199 3225 2452 3280 constitui
2488 3223 2606 3277 loco
2639 3221 2832 3295 (quod
2864 3220 3056 3277 Grazce
3084 3222 3281 3298 πρέπον
3314 3221 3418 3292 ιο
3453 3218 3674 3288 dicitur)
3713 3219 3800 3274 in-

559 3310 688 3365 utile
707 3314 960 3386 agnosci;
1005 3325 1158 3387 atque
1185 3317 1316 3372 adeo
1345 3333 1446 3372 non
1487 3334 1924 3390 supervacaneum
1975 3323 2088 3392 fore

557 3402 696 3457 hunc
722 3405 786 3459 de
815 3404 1008 3478 Ofﬁcio
1031 3418 1330 3464 tractatum.

557 3493 647 3548 27.
689 3495 876 3552 Ofﬁcia
910 3507 934 3536 θ
965 3511 1147 3554 autem
1179 3502 1248 3556 ab
1279 3501 1516 3558 honesto
1555 3512 1610 3559 et
1639 3503 1754 3560 utili
1782 3503 1908 3560 duci
1939 3506 2086 3561 exis-

489 3587 851 3658 tintaverunt,
880 3591 1030 3648 etde
1080 3595 1148 3649 iis
1175 3595 1388 3652 duobus
1417 3597 1622 3669 eligere
1661 3599 1789 3669 quid
1825 3609 2042 3670 praestet
2074 3619 2086 3656 :

491 3675 513 3714 τ
540 3677 742 3735 deinde
771 3681 1014 3739 incidere
1043 3695 1100 3739 ut
1126 3685 1234 3740 duo
1263 3698 1596 3745 concurrant
1624 3691 1874 3758 honesta,
1905 3702 1959 3748 et
1984 3693 2094 3747 duo

489 3770 682 3839 utilia;
732 3783 786 3829 et
834 3788 1111 3846 qtueratur
1135 3779 1262 3848 quid
1289 3778 1610 3849 honestius,
1653 3784 1858 3854 etquid
1888 3785 2091 3841 utilius.

490 3861 730 3920 Primum
757 3866 920 3938 igitur
947 3869 998 3925 in
1023 3879 1133 3926 tres
1156 3881 1340 3942 partes
1368 3872 1615 3929 Ofﬁciutn
1663 3873 1918 3931 dividitur
1943 3893 1957 3929 :
1991 3875 2094 3932 lto-

489 3971 703 4014 nesutm
726 4001 742 4026 ,
789 3970 846 4017 et
892 3964 1058 4032 utile,
1091 3975 1147 4021 et
1176 3965 1304 4038 quid
1339 3968 1708 4039 praestantius.
1743 3969 1950 4028 Deinde
1981 3969 2096 4028 haec

563 4083 589 4154 ξι
615 4074 738 4154 _Vet.
760 4078 910 4154 edit.
933 4083 1287 4154 eumgpaucis
1319 4098 1450 4140 mss.
1470 4127 1486 4150 ,
1520 4083 1764 4140 charitati
1789 4087 2010 4154 pondus.

527 4144 587 4236 ἰ’
616 4147 690 4235 Ita
708 4149 838 4240 edit.
875 4152 1024 4237 iulg.
1060 4144 1281 4240 Gi'tnt'tls
1319 4144 1500 4212 autem
1531 4144 2088 4240 l.ex.lus,:t:ﬁc.)ttt‘ro~up:

485 4230 605 4290 νίας
633 4230 809 4298 αῑέςόγ,
854 4230 1294 4298 ministratiOnis,
1355 4242 1452 4282 seu
1493 4230 1780 4283 ministerii
1808 4230 1944 4298 ejus.
1977 4230 2086 4286 sed

486 4293 871 4370 cnm_olﬁcittm
888 4295 968 4370 sit
994 4297 1046 4351 id
1071 4297 1216 4368 quod
1243 4293 1438 4370 cuique
1472 4300 1749 4366 convenit,
1779 4293 1924 4356 unde
1950 4301 2087 4356 dici-

491 4367 578 4447 tur
605 4361 795 4447 Graece
840 4361 1104 4447 moneor;
1147 4361 1439 4447 nihilvero
1465 4386 1623 4447 sacro
1650 4361 1902 4447 ministro
1935 4388 2090 4447 ςξεειυθ

489 4440 812 4515 ςοηιξοηῇίη,
848 4440 1179 4515 atqueipsa
1235 4442 1774 4515 tuinistratio;4hinc
1819 4444 2090 4515 intelligas

924 4502 1338 4568 Atnbr'usianam
1370 4514 1508 4570 hanc
1533 4502 1698 4585 ofﬁcii
1719 4502 2088 4584 acceptiorfém
2124 4551 2171 4612 υ

493 4575 710 4633 defendi
742 4595 920 4649 posse.

520 4718 532 4729 .
566 4649 590 4677 °
625 4649 774 4729 lianc
801 4651 986 4729 Ofﬁcii
1007 4655 1394 4729 etymologiam
1446 4658 1650 4729 prohat_
1686 4655 1886 4714 Franc.
1921 4659 2094 4716 Sanc-

496 4719 622 4802 tius,
658 4719 906 4802 Minerva:
933 4725 1030 4802 lib.
1062 4719 1135 4794 iv,
1172 4719 1598 4802 De'AntipI'trasi,
1628 4727 1656 4800 ᾗ
1684 4729 1754 4802 4,
1785 4740 1842 4784 et
1896 4731 2092 4786 Donati

492 4796 1172 4870 auctoritateconﬁrmat:
1219 4796 1513 4856 secundant
1572 4796 1771 4856 refellit
1822 4802 1924 4858 hoc
1973 4801 2092 4870 ipso

499 4859 560 4915 Ι).
595 4861 888 4944 Ambrosii
920 4871 1251 4944 testimonio.
1285 4871 1393 4928 Sed
1421 4873 1602 4940 male,
1637 4886 1760 4927 cum
1805 4859 2094 4944 utramque

497 4934 723 5009 perinde
746 4939 1105 5009 amplectatur
1127 4943 1184 4998 S.
1217 4942 1481 4998 Antistes.

569 5004 1150 5091 singlures'mssudici
1190 5015 1638 5091 existimauerunt,
1673 5031 1778 5091 non
1811 5027 1981 5071 recte.

753 5081 843 5138 lib.
865 5099 881 5136 ι
906 5083 1143 5158 deOl’ﬁc.
1162 5085 1399 5158 pag.551
1423 5104 1434 5140 :
1463 5076 1678 5155 Triplex
1696 5087 1854 5158 igitur
1866 5097 1960 5147 est,
1979 5100 2086 5142 etc.

577 5148 598 5190 ί
619 5151 753 5226 διες.
777 5169 884 5209 non
913 5148 1526 5222 pauci,deindeittdiccre
1539 5148 1819 5226 {quidam
1835 5160 2090 5215 incedere.

571 5223 951 5282 8Sententiam
981 5227 1117 5301 hanc
1140 5246 1244 5282 non
1267 5229 1398 5284 nihil
1425 5223 1822 5298 itnpeditautita
1847 5233 2088 5301 explica:

501 5293 609 5348 Nos
637 5305 820 5352 autem
853 5302 967 5353 sola
1016 5298 1263 5355 decentia
1304 5311 1362 5355 et
1405 5293 1631 5355 honesta
1683 5293 1982 5356 tractamus
2028 5319 2091 5355 ac.

500 5365 822 5437 deﬁnimus,
867 5371 1029 5442 idque
1060 5372 1288 5427 facimus
1318 5373 1489 5438 magis
1522 5373 1706 5444 regula
1739 5372 2048 5429 futurorum
2073 5415 2090 5442 ,

499 5452 658 5510 quam
687 5445 1060 5510 pra‘sentium.

575 5508 599 5547 δ
630 5508 757 5588 Era.
787 5525 843 5571 et
871 5514 1138 5587 seq.edit.
1163 5529 1284 5570 cum
1301 5529 1410 5569 uno
1435 5515 1521 5570 vel
1550 5515 1727 5588 altero,
1749 5531 1909 5582 mss.,
1937 5531 2096 5588 eaque

501 5587 646 5660 oneri
654 5589 828 5660 magis
849 5589 1080 5644 cuntsint
1102 5588 1365 5660 a'stimari,
1387 5605 1562 5660 guunt,
1577 5600 1681 5660 etc.
1711 5587 1816 5644 Sed
1833 5605 1891 5640 ea
1909 5587 2086 5660 trans-

498 5657 700 5783 positio
714 5675 836 5728 qua:
849 5660 1075 5731 reliquis
1089 5676 1218 5716 mss.
1237 5657 1530 5730 etlAuierh.
1548 5658 1679 5713 edit.
1695 5659 1964 5715 contraria
1985 5670 2090 5725 est,

523 5729 606 5783 uci
637 5745 744 5783 non
777 5731 910 5783 tollit
953 5732 1362 5783 obscuritatem.
1396 5731 1543 5783 Hanc
1569 5746 1700 5783 emo
1730 5740 1789 5783 ut
1813 5747 2090 5783 amoveas.

523 5729 606 5784 uci
637 5745 744 5785 non
777 5731 910 5787 tollit
953 5729 1362 5788 obscuritatem.
1396 5731 1543 5787 lianc
1569 5746 1700 5801 ergo
1730 5740 1789 5785 ut
1813 5747 2090 5799 amoveas,

499 5801 850 5874 euhitttclligc
875 5803 1104 5860 verbum
1133 5815 1408 5874 putamus;
1436 5813 1493 5860 et
1532 5807 1896 5874 interpretare
1920 5845 1934 5868 ,
1974 5820 2093 5860 cum

499 5872 634 5936 sint,
662 5875 898 5945 positum
941 5889 1073 5944 pro,
1125 5872 1241 5931 cum
1290 5877 1494 5942 adsint;
1546 5884 1603 5930 ttt
1649 5872 1954 5948 opponatur
2001 5892 2086 5929 se.

424 6086 525 6144 Χ

2192 3319 2451 3373 struimur
2463 3315 2806 3380 etducemur,
2824 3314 3069 3384 legentes
3087 3333 3100 3368 :
3119 3313 3196 3368 Te
3213 3315 3353 3368 decet
3369 3315 3610 3384 hymnus,
3635 3311 3801 3377 Deus,

2193 3412 2248 3466 in
2276 3411 2409 3468 Sion
2442 3409 2614 3478 (Paul.
2647 3424 2800 3472 utv,
2828 3405 2887 3481 ‘2)
2915 3425 2928 3462 :
2963 3407 3046 3464 vel
3077 3407 3292 3474 Graece,
3321 3409 3400 3462 Σθὶ
3427 3407 3616 3483 πρέπει
3643 3405 3802 3477 ὐμνὸς

2196 3501 2236 3560 ὦ
2262 3507 2407 3572 Θεὸς,
2441 3507 2488 3560 ἐν
2514 3507 2652 3562 Σίων.
2687 3503 2754 3558 Et
2777 3505 3071 3573 Apostolus
3087 3501 3160 3557 ait
3187 3520 3198 3555 :
3227 3499 3460 3572 Loquere
3483 3515 3598 3570 qua:
3622 3498 3804 3552 decent

2196 3615 2379 3653 sanam
2405 3598 2689 3651 doctrinam
2719 3594 2849 3669 (Tit.
2877 3610 2948 3660 tt,
2976 3593 3050 3667 l).
3078 3593 3143 3648 Et
3167 3593 3294 3647 alibi
3323 3610 3336 3646 :
3391 3590 3609 3646 Docebat
3631 3599 3802 3643 autent

2196 3706 2310 3744 eum
2335 3706 2424 3758 per
2449 3703 2598 3756 quem
2641 3687 2814 3741 omnia
2835 3728 2851 3752 ,
2905 3695 2955 3742 et
2991 3693 3198 3758 propter
3217 3699 3366 3754 quem
3401 3682 3596 3748 omnia,
3627 3681 3804 3737 multis

2198 3785 2323 3854 ﬁliis
2343 3785 2399 3838 in
2419 3783 2638 3855 gloriam
2662 3782 2923 3848 adductis,
2946 3781 3128 3836 ducem
3157 3779 3340 3835 salutis
3366 3793 3541 3832 eorum
3567 3793 3658 3846 per
3682 3793 3804 3844 pas-

2199 3878 2394 3932 sionem
2417 3877 2762 3931 cousummari
2791 3874 2982 3947 (Hebr.
3012 3890 3053 3931 tt
3075 3917 3090 3941 ,
3125 3873 3236 3945 10).

2275 3972 2365 4027 51.
2408 3969 2676 4042 Numquid
2709 3970 2723 4022 ἱ
2763 3971 2911 4042 prior
2939 3967 3211 4025 Panaetius
3233 4009 3250 4037 ,
3292 3965 3552 4038 numquid
3587 3964 3800 4022 Aristo-

2195 4086 2382 4158 qtteuti
2413 4086 2658 4158 membro
2675 4128 2691 4152 ,
2726 4103 2839 4141 cum
2863 4097 3167 4158 eroyantur.

2275 4155 2290 4194 ί
2328 4157 2445 4212 Lib.
2477 4174 2516 4229 tg
2539 4157 2695 4214 Ofﬁe.
2729 4175 2847 4229 pag.
2880 4155 3026 4214 363:
3069 4157 3189 4212 Hoc
3239 4155 3352 4212 loco
3398 4157 3687 4211 continetur
3706 4155 3796 4222 id,

2195 4229 2333 4302 quod
2361 4229 2465 4283 dici
2489 4227 2674 4284 Latine
2695 4227 2938 4302 decorum
2960 4271 2975 4296 ,
2998 4242 3106 4286 etc.

2272 4313 2286 4352 t
2335 4302 2488 4369 Quod
2522 4301 2845 4358 Aristoteles
2890 4302 3197 4374 disputasse
3237 4299 3309 4356 de
3351 4296 3533 4374 ofﬁcio
3559 4297 3795 4374 dicitur,

2198 4390 2306 4430 tton
2345 4375 2415 4428 ita
2446 4374 2740 4444 accipimus
2785 4378 2934 4441 quasi
2981 4369 3323 4444 peculiarem
3353 4369 3604 4444 sub_hoc
3631 4369 3796 4444 titulo

2196 4445 2428 4502 ediderit
2471 4442 3019 4516 commentationem;
3073 4445 3167 4500 sed
3204 4444 3348 4516 quod
3374 4442 3693 4516 multaquie
3722 4443 3796 4516 ad

2198 4517 2532 4586 singulorum
2554 4515 2740 4571 ofﬁcia
2769 4519 3096 4584 pertineant,
3129 4511 3412 4572 tradiderit
3433 4515 3486 4570 in
3519 4511 3614 4568 lih.
3645 4511 3797 4568 Poli—

2202 4585 2306 4644 tic."
2324 4586 2653 4653 (Econom.,
2683 4589 2919 4643 maxime
2943 4588 3142 4644 veruin
3167 4589 3338 4644 tribus
3356 4585 3636 4642 Moralium
3665 4598 3800 4640 suo-

2197 4676 2317 4715 rum
2351 4659 2872 4728 voluminibus,quat
2903 4660 3152 4716 manibus
3168 4660 3409 4715 omnium
3441 4657 3792 4712 evolvuntur.

2195 4731 2350 4800 Quod
2399 4745 2530 4786 vero
2560 4729 2728 4784 David
2779 4731 2931 4787 hisce
2971 4731 3309 4802 philosophis
3361 4729 3797 4802 asseritur_esse

2195 4799 2490 4872 antiquior,
2521 4802 2572 4856 id
2600 4817 2722 4875 cum
2748 4799 3106 4875 chronologia
3128 4799 3436 4875 consentire
3461 4801 3571 4875 jam
3601 4799 3795 4875 obsero

2197 4871 2444 4946 vavit’uus
2465 4885 2612 4929 tonio
2633 4873 2654 4929 Ι
2675 4915 2689 4937 ,
2718 4888 2841 4946 pag.
2872 4874 2975 4931 766
3003 4871 3058 4930 et
3085 4874 3214 4931 989..
3259 4874 3328 4946 Et
3347 4883 3500 4930 certe
3523 4871 3796 4946 Pangtius

2198 4945 2426 5002 florebat
2457 4955 2664 5000 tantum
2695 4942 2812 5000 an:
2837 4947 2909 5002 ab
2968 4945 3109 5002 Urbe
3137 4945 3356 5002 condita
3400 4946 3535 5002 circ.
3568 4942 3706 5006 6‘25,
3739 4943 3796 4998 id

2195 5028 2278 5073 est
2299 5057 2316 5084 ,
2350 5017 2450 5072 l26
2481 5034 2572 5070 an.
2606 5013 2732 5072 ante
2758 5018 2950 5073 salutis
2981 5017 3417 5088 reparationem;
3470 5013 3796 5088 Aristoteles

2194 5103 2285 5142 an.
2321 5089 2388 5141 ab
2412 5089 2556 5144 Orbe
2580 5088 2798 5144 condito
2818 5091 2950 5146 circ.
2981 5085 3145 5155 5570,
3171 5089 3220 5144 id
3243 5097 3350 5154 cst,
3375 5104 3464 5141 au.
3495 5087 3666 5142 ferme
3689 5085 3797 5144 380

2195 5171 2324 5216 ante
2353 5158 2658 5225 Christum;
2689 5159 2944 5217 Socrates
2971 5178 3117 5215 anno
3147 5160 3331 5216 mundi
3361 5157 3538 5221 559.5;
3587 5156 3794 5228 Pytha-

2195 5246 2356 5300 goras
2386 5233 2618 5300 denique
2644 5241 2772 5287 ante
2803 5233 3038 5301 Virginis
3070 5243 3280 5301 partum
3323 5231 3454 5286 circ.
3501 5229 3611 5286 550
3629 5271 3650 5301 ν,
3692 5228 3797 5301 hoc

2195 5299 2278 5358 est
2299 5345 2313 5368 ,
2343 5320 2429 5358 an.
2464 5299 2570 5360 500
2603 5315 2723 5371 post
2754 5299 3032 5360 Davidetn.
3069 5299 3238 5359 Porro
3282 5303 3372 5373 qtti
3401 5302 3581 5373 plura
3607 5300 3676 5373 d_e
3707 5299 3796 5358 his

2198 5375 2543 5446 pltilOsopltis
2567 5373 2982 5442 desideraverit,
3013 5377 3171 5430 adeat
3191 5376 3259 5429 de
3293 5371 3600 5446 Pythagora
3626 5371 3797 5446 Laer-

2198 5443 2354 5513 tiunt,
2386 5445 2772 5518 Porphyrium,
2799 5449 3144 5518 Anonymum
3177 5446 3321 5517 apud
3338 5443 3644 5518 'ifltotiunt;
3683 5443 3797 5518 Att-

2195 5529 2340 5642 gﬁtst.
2375 5517 2446 5571 De
2471 5512 2624 5571 Ciot't.
2651 5515 2744 5570 Dei
2771 5519 2862 5574 hb.
2897 5512 3052 5579 xv'ttt.
3075 5534 3196 5588 cap.
3216 5512 3322 5585 '57;
3354 5517 3642 5600 Valerium
3668 5512 3797 5597 ,_De

2252 5600 2404 5642 trtute
2427 5605 2744 5642 oaaanorum
2763 5607 2780 5642 :
2809 5600 2859 5642 et
2894 5589 3197 5642 Naudenm.
3240 5590 3492 5642 Aooloata
3513 5587 3793 5641 tllustrtum

2252 5590 2404 5644 irtute
2424 5605 2780 5662 paganorum;
2809 5600 2859 5644 et
2894 5587 3198 5655 Naudeum,
3240 5587 3492 5662 Apologia
3513 5587 3793 5641 illustrium

2203 5659 2448 5715 Virorum
2467 5659 2582 5725 {de
2611 5660 2839 5716 Socrate
2859 5671 3064 5727 autem,
3089 5659 3296 5730 praeter
3313 5661 3552 5730 plurese
3589 5673 3796 5730 mento-

2196 5731 2352 5795 ratis,
2377 5730 2666 5786 Diodorum
2688 5729 2886 5799 Sieu|.,
2917 5729 3209 5788 Aristidem
3231 5731 3451 5795 orat.2,
3476 5729 3792 5798 Eusebium,

2194 5803 2418 5860 Suidatn
2441 5812 2493 5858 et
2524 5801 2684 5862 alios.
2713 5801 2846 5859 Nam
2881 5804 2950 5860 de
2982 5800 3222 5859 Pantetio
3246 5804 3357 5872 jam
3385 5804 3644 5871 quantum
3677 5799 3789 5856 suf—

2196 5874 2372 5938 ﬁciat,
2407 5874 2698 5944 attigimus.
