4078 6306
146 286 214 342 55
1221 290 1310 346 DE
1351 287 1640 346 OFFICIIS
1679 286 2161 349 MINISTRORUM
2201 293 2335 349 LIB.
2379 292 2419 347 Ι.
3396 292 3469 349 34

152 403 310 470 tclcs,
343 405 440 474 qui
469 414 528 461 et
556 408 674 476 ipse
698 405 993 478 disputavit
1012 406 1081 463 de
1108 404 1332 473 Ofﬁcio,
1362 422 1523 479 quam
1553 405 1721 461 David
1749 424 1763 473 ;
1797 412 1841 469 Α
1874 408 2105 464 modus:
2149 417 2234 466 est
2252 410 2416 464 etiam
2447 406 2571 464 facti
2602 410 2817 463 modus.
2876 406 3170 464 Pulchrum
3195 408 3358 480 igitur
3391 419 3471 466 te-

147 510 339 556 cumet
368 500 487 570 ipse
510 500 874 573 Pythagoras,
896 502 987 573 qui
1011 501 1209 572 legitur
1222 502 1444 559 Socrate
1466 502 1762 573 antiquior,

151 594 480 665 prophetam
513 605 740 652 secutus
771 596 939 652 David
993 596 1171 667 (Psal.
1203 612 1406 652 xxxviii
1426 638 1440 662 ,
1467 595 1504 650 Ξ
1531 606 1577 652 et
1605 595 1764 668 seq.),

151 687 328 758 legem
356 687 568 744 silentii
593 687 807 745 dederit
829 690 942 746 suis
961 689 986 744 l
1008 689 1114 746 Sed
1142 689 1231 745 ille
1260 698 1315 744 ut
1347 705 1442 759 per
1462 690 1769 761 quinquen-

154 779 302 835 nium
335 778 625 850 discipulis
656 796 810 837 usum
844 781 1118 838 inhiberet
1141 782 1395 853 loquendi
1428 800 1441 836 :
1473 782 1640 837 David
1671 798 1770 838 au-

154 883 263 929 tem
296 887 404 927 non
427 880 487 928 ut
517 881 724 929 natura:
751 890 950 931 munus
980 875 1355 940 imminueret;
1385 874 1481 931 sed
1503 884 1559 931 ut
1578 885 1766 932 custo-

152 966 303 1021 diam
352 964 675 1036 proferendi
723 968 993 1022 sermonis
1023 966 1267 1023 doceret.
1321 967 1385 1022 Et
1430 966 1769 1039 Pythagoras

152 1059 382 1130 quidem
425 1068 486 1114 ut
526 1073 635 1115 non
694 1059 970 1131 loquendo
1010 1060 1157 1130 loqui
1207 1060 1455 1128 doceret,
1506 1060 1674 1116 David
1712 1070 1772 1117 ut

156 1152 435 1225 loquendo
481 1154 654 1225 magis
696 1152 1035 1211 disceremus
1084 1154 1250 1225 loqui.
1301 1154 1585 1222 Quomodo
1622 1153 1769 1211 enim

154 1250 279 1305 sine
298 1246 568 1305 exercitio
593 1247 843 1304 doctrina
864 1288 881 1316 ,
911 1256 1004 1305 aut
1033 1249 1152 1305 sine
1179 1264 1278 1304 usu
1307 1247 1628 1320 profectus?

228 1374 323 1430 δὲ.
366 1372 469 1442 Qui
496 1371 844 1444 disciplinam
872 1371 1120 1427 bellicam
1154 1372 1271 1428 vult
1303 1373 1522 1444 assequi
1548 1414 1565 1440 ,
1590 1372 1773 1444 quati-

157 1469 252 1525 die
284 1474 580 1524 exercetur
608 1466 799 1532 armis,
827 1476 882 1523 et
914 1475 1187 1537 tamquam
1221 1466 1274 1522 in
1318 1468 1596 1538 procinctu
1624 1465 1774 1538 posi-

158 1572 249 1617 tus
298 1560 556 1631 praeludit
587 1559 871 1631 praelium,
920 1570 973 1616 et
1002 1560 1149 1616 velut
1186 1575 1369 1616 coram
1416 1563 1597 1633 posito
1628 1576 1774 1632 prte-

160 1655 338 1712 tendit
366 1654 527 1710 hoste
551 1670 564 1707 :
615 1661 779 1724 atque
804 1653 869 1709 ad
898 1652 1146 1723 peritiam
1173 1653 1427 1725 viresque
1452 1653 1728 1725 jaculandi
1754 1695 1772 1723 ,

161 1750 248 1805 vel
279 1762 412 1804 suos
438 1746 688 1818 explorat
714 1747 948 1803 lacertos
967 1790 982 1814 ,
1015 1746 1106 1802 vel
1133 1746 1576 1803 adversariorum
1602 1746 1775 1803 decli-

164 1851 256 1898 nat
289 1843 461 1908 ictus,
500 1848 555 1896 et
584 1850 611 1879 ι
649 1839 894 1910 vigilanti
939 1839 1052 1895 exit
1089 1839 1304 1896 obtutu.
1354 1839 1454 1908 Qui
1506 1840 1685 1895 navim
1717 1840 1771 1895 in
1801 1851 1852 1913 Β

164 1935 305 1992 mari
333 1949 529 2006 regere
550 1933 933 2006 gubernaculis
958 1933 1140 1990 studet
1158 1975 1173 1999 ,
1221 1934 1305 1990 vel
1333 1933 1502 1990 remis
1533 1934 1733 1991 ducere
1752 1976 1769 2004 ,

165 2032 325 2102 prius
363 2032 417 2085 in
464 2030 626 2085 fluvio
653 2029 928 2102 praeludit.
976 2028 1080 2097 Qui
1107 2030 1336 2086 canendi
1368 2030 1690 2085 suavitatem
1721 2037 1777 2086 et

168 2124 319 2180 vocis
360 2122 623 2180 aﬂ'ectant
661 2123 1029 2193 praestantiam
1053 2164 1067 2189 ,
1119 2122 1269 2193 prius
1295 2122 1500 2178 sensim
1528 2121 1777 2177 canendo

169 2235 363 2275 vocem
390 2219 655 2275 excitant.
675 2218 743 2274 Et
770 2217 861 2289 qui
892 2217 1101 2274 viribus
1124 2215 1396 2288 corporis,
1427 2216 1779 2287 legitimoque

169 2313 416 2371 luctandi
446 2312 746 2369 certamine
770 2327 1030 2368 coronam
1066 2320 1284 2384 petunt,
1335 2311 1653 2382 quotidiano
1678 2325 1778 2366 usu

172 2411 447 2481 palaestra:
468 2409 727 2466 durantes
759 2409 1004 2466 membra
1027 2450 1042 2477 ,
1086 2409 1392 2465 nutrientcs
1422 2405 1778 2479 patientiam,

175 2503 421 2562 laborem
448 2512 791 2560 assuescunt.

246 2630 338 2687 55.
379 2628 408 2668 ι’
438 2629 565 2684 llzec
592 2629 707 2699 ipsa
737 2635 929 2684 natura
959 2642 1058 2683 nos
1077 2627 1129 2683 in
1165 2625 1408 2698 parvulis
1430 2624 1613 2692 docet,
1637 2622 1784 2696 quod

176 2726 331 2795 prius
359 2739 530 2779 sonos
561 2721 895 2779 meditantur
925 2720 1182 2792 loquendi
1205 2763 1220 2784 ,
1271 2729 1329 2775 ut
1374 2718 1519 2790 loqui
1549 2718 1781 2774 discant.

176 2818 365 2890 Itaque
392 2829 416 2858 ε
449 2833 622 2874 sonus
641 2816 965 2875 exercitatio
991 2816 1240 2887 quasdam
1272 2824 1327 2869 et
1354 2813 1607 2881 palaestra
1637 2811 1787 2867 vocis

177 2923 280 2968 est.
319 2912 397 2968 lta
428 2926 559 2983 ergo
585 2920 639 2967 ct
663 2910 757 2983 qui
784 2910 972 2967 volunt
993 2909 1204 2966 discere
1225 2907 1533 2963 cautionem
1559 2906 1788 2976 loquen-

177 3006 271 3069 di,
317 3006 463 3077 quad
496 3012 709 3061 natura:
751 3012 875 3071 est,
927 3018 1034 3058 non
1082 2999 1489 3073 uegent:quod
1523 2997 1788 3054 custodiae

180 3111 293 3165 cst,
345 3106 673 3166 exerceant;
716 3108 775 3153 ut
803 3097 898 3169 qui
945 3097 998 3152 in
1030 3097 1248 3168 specula
1277 3103 1425 3161 sunt,
1455 3092 1789 3163 speculando

179 3191 465 3248 intendant
487 3233 502 3259 ,
538 3207 646 3247 non
678 3189 1019 3247 dormiendo.
1043 3188 1237 3244 Omnis
1258 3188 1402 3244 cnim
1432 3200 1519 3241 res
1551 3185 1788 3258 propriis

181 3299 245 3341 ac
271 3286 591 3342 domesticis
621 3284 906 3342 exercitiis
938 3293 1184 3356 augetur.

252 3401 344 3457 54.
381 3401 526 3470 Ergo
550 3399 721 3455 David
754 3398 971 3455 tacebat
1004 3414 1110 3454 non
1131 3415 1370 3470 semper,
1404 3406 1500 3458 sed
1531 3416 1631 3473 pro
1654 3408 1792 3455 tem-

184 3511 359 3568 pore:
418 3509 528 3549 non
572 3493 795 3564 iugiter,
851 3508 1027 3565 neque
1076 3494 1366 3562 omnibus;
1414 3496 1511 3553 sed
1556 3492 1789 3552 it-ritanti

182 3589 544 3651 adversario,
577 3588 891 3657 provocanti
942 3589 1219 3658 peccatori
1253 3607 1360 3645 nou
1401 3590 1790 3662 respondebat.

185 3679 274 3747 Et,
310 3680 459 3737 sicut
489 3680 617 3735 alibi
648 3682 720 3735 ait
751 3679 925 3753 (Psal.
956 3698 1167 3747 xxxvii,
1202 3684 1270 3738 15
1295 3725 1308 3748 ,
1356 3682 1478 3750 Mi,
1510 3686 1795 3756 loquentes

186 3775 517 3841 vanitatem,
543 3782 598 3829 et
628 3773 934 3845 cogitantes
964 3775 1150 3830 dolum
1173 3818 1187 3844 ,
1220 3792 1325 3831 non
1350 3777 1608 3833 audiebat
1639 3778 1793 3849 quasi

188 3868 421 3934 surdus,
456 3877 511 3922 ct
536 3869 691 3939 quasi
723 3877 906 3924 mutus
935 3884 1041 3925 non
1073 3870 1358 3939 aperiebat
1385 3872 1493 3927 illis
1515 3888 1577 3927 os
1599 3888 1792 3939 suum;

190 3961 312 4029 quia
361 3968 419 4015 et
456 3960 587 4017 alibi
616 3960 785 4016 habes
811 3980 824 4017 :
854 3959 984 4016 Noli
1025 3966 1339 4034 respondere
1363 3966 1687 4033 imprudenti
1729 3965 1798 4019 ad

190 4054 594 4126 imprudentiam
637 4058 751 4125 eius
776 4096 792 4121 ,
831 4071 894 4115 ne
916 4056 1100 4112 similis
1136 4057 1217 4112 illi
1254 4058 1351 4128 ﬁas
1398 4057 1592 4130 (Prov.
1637 4075 1796 4127 xxvr,

191 4146 290 4219 s).

260 4243 354 4299 55.
398 4243 641 4299 Primum
694 4243 860 4314 igitur
902 4243 1140 4300 ofﬁciunt
1170 4255 1253 4301 est
1299 4246 1553 4317 loquendi
1585 4246 1800 4302 modus.

195 4335 306 4391 Hoc
330 4336 663 4391 sacriﬁcium
690 4335 869 4391 laudis
900 4337 1010 4392 Deo
1044 4336 1398 4409 dependitur,
1438 4341 1538 4411 ιι
1571 4338 1673 4393 hoc
1703 4354 1804 4394 re-

198 4430 440 4485 verentia
470 4428 785 4497 exhibetur,
822 4445 946 4486 cum
975 4430 1272 4501 Scriptum
1297 4432 1497 4487 divinae
1530 4433 1802 4501 leguntur,

201 4522 299 4580 ltoc
340 4524 684 4580 honorantur
724 4533 1003 4595 parentes.
1037 4523 1064 4564 τι
1090 4526 1221 4582 Scio
1268 4527 1416 4597 loqui
1464 4528 1759 4599 plerosque
1784 4570 1801 4597 ,

1801 2982 1869 3021 ι.

1871 516 2004 556 ttcre
2032 517 2340 557 mensuram
2372 501 2556 557 cilicii.

2487 594 2719 652 CAPUT
2758 594 2851 652 XI.

1873 684 2123 759 Ofﬁcium
2148 704 2324 754 omne,
2352 698 2442 743 aut
2471 687 2719 754 medium,
2743 699 2832 744 aut
2855 688 3141 761 perfectum
3177 704 3288 745 esse
3322 688 3475 746 Scri-

1944 790 2113 849 ptura:
2141 781 2445 836 testimoniis
2486 782 2771 837 ostenditur
2796 798 2815 836 :
2858 782 2940 836 cui
2966 782 3299 855 subjungitur
3323 782 3480 838 mise-

1941 872 2182 927 ricordia:
2209 873 2320 928 laus
2334 917 2350 941 ,
2376 883 2529 945 atque
2545 874 2612 928 ad
2633 890 2744 930 eam
2768 875 3074 930 exhortatio.

1944 965 2032 1020 56.
2075 964 2327 1022 Ofﬁcium
2350 974 2535 1022 autem
2568 982 2730 1023 omne
2762 977 2784 1005 ο
2805 975 2897 1022 aut
2929 967 3166 1024 medium
3191 1008 3206 1035 ,
3236 977 3331 1024 aut
3356 982 3478 1038 per-

1871 1059 2072 1115 fectum
2125 1072 2242 1126 est,
2295 1060 2439 1131 quod
2491 1077 2644 1131 aeque
2689 1062 3093 1133 Scripturarum
3148 1063 3477 1120 auctoritate

1873 1152 2109 1222 probare
2154 1168 2467 1223 pnasumus.
2514 1154 2789 1211 Habemus
2838 1156 3039 1211 etenim
3083 1156 3136 1211 iu
3181 1155 3479 1229 Evangelio

1873 1245 2080 1302 dixisse
2113 1246 2399 1302 Dominum
2423 1247 2516 1317 :fSi
2543 1250 2617 1303 vis
2642 1250 2697 1303 in
2714 1251 2870 1303 vitam
2889 1261 3130 1306 cateruam
3153 1250 3343 1315 venire,
3371 1268 3480 1305 ser-

1874 1355 1936 1393 va
1960 1339 2225 1395 mandata.
2263 1341 2406 1396 Dixit
2435 1342 2524 1396 ille
2549 1343 2574 1396 Ρ
2599 1342 2729 1409 Qua:
2750 1344 2773 1397 ?
2797 1343 2952 1399 Iesus
2999 1354 3171 1398 autent
3201 1344 3333 1398 dixit
3357 1344 3435 1398 illi
3461 1360 3481 1399 :

1877 1429 1999 1485 Non
2042 1430 2378 1488 homicidium
2421 1434 2580 1505 facies
2602 1476 2616 1501 ,
2666 1453 2769 1490 non
2798 1435 3154 1506 adulterabis,
3187 1453 3291 1492 non
3320 1436 3479 1506 facies

1873 1522 2093 1594 furtum,
2126 1542 2229 1580 non
2257 1526 2451 1597 falsum
2479 1529 2825 1583 testimonium
2848 1529 2986 1585 dices
3007 1546 3028 1585 :
3055 1530 3255 1584 honora
3281 1540 3482 1602 patrem

1873 1626 1924 1670 et
1951 1629 2207 1673 matrem:
2231 1629 2306 1684 et,
2341 1619 2540 1689 Diliges
2562 1622 2857 1693 proximum
2903 1632 3048 1678 tuum
3077 1622 3210 1677 sicut
3232 1632 3280 1677 te
3309 1622 3482 1692 ipsum

1880 1711 2097 1781 (Matth.
2124 1730 2239 1781 xix,
2274 1715 2395 1770 l7et
2425 1714 2586 1789 seq.).
2616 1716 2744 1773 Haec
2771 1726 2899 1773 sunt
2926 1717 3104 1774 media
3134 1717 3483 1789 oflicia,qui-

1878 1807 1976 1863 bus
2005 1811 2207 1880 aliquid
2235 1811 2410 1867 deest.

1949 1906 2036 1960 57.
2082 1906 2325 1977 Denique
2355 1906 2490 1962 dicit
2520 1907 2598 1962 illi
2620 1907 2979 1965 adolescens:
3016 1908 3206 1964 Omnia
3230 1907 3341 1964 hac
3367 1924 3485 1963 cus-

1876 1999 2035 2053 todivi
2062 2017 2094 2054 a
2117 2001 2382 2069 juventute
2406 2018 2538 2069 mea,
2566 2002 2691 2072 quid
2719 2004 2893 2058 adhuc
2915 2003 3042 2058 mihi
3068 2004 3207 2058 deest
3232 2004 3258 2058 .9
3294 2003 3486 2072 Aitzilli

1877 2091 2033 2146 Iesus
2060 2108 2080 2147 :
2108 2092 2170 2145 Si
2196 2093 2271 2148 vis
2295 2097 2551 2165 perfectus
2576 2110 2687 2150 esse
2705 2137 2720 2164 ,
2752 2096 2881 2151 vade
2903 2138 2919 2161 ,
2953 2096 3115 2152 vende
3152 2097 3327 2151 omnia
3352 2098 3486 2151 bona

1881 2194 1987 2250 tua,
2021 2194 2070 2239 et
2096 2185 2165 2239 da
2190 2187 2506 2257 pauperibus
2524 2228 2538 2253 ,
2564 2197 2611 2243 et
2639 2187 2848 2244 habebis
2878 2188 3180 2245 thesaurum
3226 2190 3281 2244 in
3325 2189 3485 2254 caelo,

1881 2290 1930 2334 et
1962 2281 2094 2346 veni,
2126 2297 2332 2351 sequere
2359 2296 2440 2336 me
2472 2279 2662 2348 (Ibid.,
2695 2298 2785 2348 xx,
2818 2281 2936 2354 21).
2967 2282 3035 2338 Et
3062 2297 3224 2354 supra
3255 2281 3487 2352 (Matth.

1886 2387 1942 2440 v,
1965 2371 2057 2440 ιι,
2088 2371 2198 2444 45)
2230 2373 2301 2428 ita
2327 2383 2410 2430 cst
2437 2374 2724 2444 scriptum,
2756 2375 2845 2430 ubi
2868 2375 3174 2446 diligendus
3203 2374 3486 2443 inimicos,

1884 2479 1938 2525 et
1974 2468 2243 2525 orandum
2267 2468 2399 2525 dicit
2423 2483 2521 2539 pro
2546 2469 3008 2525 calumniantibus
3055 2480 3110 2525 ct
3159 2483 3490 2541 persequen-

1886 2564 2030 2619 tibus
2060 2578 2161 2620 nos
2186 2605 2201 2629 ,
2233 2572 2289 2620 et
2316 2563 2640 2620 benedicere
2669 2564 3096 2631 maledicentes;
3139 2562 3242 2620 hoc
3290 2579 3391 2619 nos
3414 2563 3492 2618 fa-

1886 2670 2012 2712 cere
2033 2656 2332 2722 debemus,
2363 2656 2410 2711 si
2444 2656 2694 2712 volumus
2725 2656 2957 2727 perfecti
2979 2672 3101 2713 esse
3123 2699 3137 2724 ,
3168 2657 3310 2712 sicut
3335 2656 3496 2712 Pater

1888 2761 2076 2805 noster
2122 2750 2214 2822 qui
2262 2750 2316 2805 itt
2358 2750 2503 2807 coelo
2546 2759 2667 2817 est,
2714 2750 2805 2821 qui
2836 2766 2998 2820 super
3037 2750 3210 2806 bonos
3236 2759 3293 2806 ct
3318 2750 3495 2806 malos

1889 2843 2059 2898 solem
2088 2843 2244 2913 jubet
2284 2843 2466 2899 radios
2492 2858 2624 2900 suos
2649 2842 2910 2908 fundere,
2963 2853 3018 2899 et
3060 2842 3245 2915 pluvia
3274 2851 3333 2899 et
3362 2858 3491 2899 rore

1893 2945 2064 2992 terras
2084 2937 2465 2992 universorum
2484 2938 2604 2993 sine
2628 2937 2737 2992 ulla
2756 2936 3088 2993 discretione
3111 2937 3489 3009 pinguescere.

1893 3030 2007 3086 lloc
2037 3039 2123 3086 est
2155 3031 2317 3102 igitur
2347 3030 2647 3101 perfectum
2674 3030 2938 3099 ofﬁcium,
2971 3028 2989 3069 ί
3014 3031 3158 3102 quod
3190 3032 3497 3109 κατόρθωμα

1892 3122 2151 3179 dixerunt
2177 3124 2376 3189 Grmci,
2404 3139 2515 3195 quo
2541 3125 2890 3196 corriguntur
2910 3125 3114 3191 omnia,
3140 3139 3260 3196 qua:
3281 3124 3497 3196 aliquos

1816 3251 1861 3316 Ο
1892 3225 2188 3287 potuerunt
2215 3218 2399 3287 lapsus
2432 3218 2654 3274 habere.

1963 3311 2054 3366 58.
2095 3311 2243 3366 Bona
2275 3312 2436 3366 etiam
2467 3310 2878 3374 misericordia,
2911 3325 3031 3381 qua:
3059 3319 3115 3366 et
3143 3310 3255 3381 ipsa
3283 3307 3498 3379 perfec-

1893 3413 1981 3461 tos
2011 3407 2158 3473 facit,
2192 3407 2312 3476 quia
2345 3407 2587 3461 imitatur
2619 3404 2916 3476 perfectum
2949 3404 3188 3459 Patrem.
3217 3402 3361 3458 Nihil
3384 3411 3492 3458 tam

1893 3498 2238 3554 commendat
2256 3498 2619 3553 Christianam
2651 3498 2885 3554 animam
2909 3512 3072 3567 quam
3097 3494 3492 3552 misericordia.

1897 3594 1921 3631 ε
1947 3585 2187 3641 Primum
2218 3586 2271 3640 itt
2304 3600 2602 3655 pauperes,
2644 3593 2701 3640 ut
2734 3599 3051 3641 communes
3065 3583 3280 3654 judices
3310 3590 3497 3654 partus

1897 3689 2103 3735 natura:
2128 3722 2143 3747 ,
2186 3694 2308 3751 qua:
2329 3679 2583 3735 omnibus
2609 3679 2676 3735 ad
2707 3695 2863 3735 usum
2894 3688 3117 3752 generat
3152 3677 3359 3734 fructus
3388 3684 3497 3732 tcr-

1897 3792 2118 3843 rarum;
2152 3774 2374 3846 utquod
2399 3774 2589 3841 babes,
2619 3775 2865 3846 Iargiaris
2894 3773 3119 3845 pauperi
3145 3814 3159 3838 ,
3187 3780 3241 3828 et
3268 3786 3500 3827 consoro

1900 3879 2083 3926 temet
2116 3869 2454 3925 conformeut
2472 3878 2623 3924 tuum
2642 3868 2997 3941 adjux'es.;Tu
3019 3882 3300 3923 nummum
3333 3865 3501 3937 largi-

1899 3966 1997 4034 ris,
2024 3967 2117 4020 ille
2143 3966 2306 4022 vitam
2325 3967 2550 4037 accipit:
2581 3976 2636 4021 tu
2659 3965 2947 4037 pecuniam
2978 3963 3095 4028 das,
3129 3963 3219 4019 ille
3249 3960 3502 4017 substan-

1903 4059 2031 4117 tiam
2056 4075 2209 4116 suam
2237 4061 2495 4116 aestimat.
2528 4059 2969 4124 Tuusdenaritts,
2997 4073 3195 4116 census
3224 4058 3372 4113 illius
3394 4066 3500 4113 est.

1975 4154 2068 4210 59.
2107 4153 2188 4209 Ad
2221 4153 2338 4209 haec
2367 4153 2487 4223 plus
2513 4152 2606 4209 ille
2634 4153 2726 4209 tibi
2750 4150 3000 4221 confert,
3034 4167 3158 4207 cum
3187 4149 3260 4207 sit
3288 4149 3506 4206 debitor

1904 4246 2115 4303 salutis.
2151 4247 2209 4303 Si
2240 4246 2447 4302 nudum
2472 4246 2694 4314 vestias,
2722 4255 2773 4303 te
2800 4247 2975 4316 ipsum
3008 4245 3187 4301 induis
3214 4244 3503 4316 justitiam.

1904 4338 1962 4394 Si
1984 4340 2330 4409 peregrinum
2359 4339 2462 4395 sub
2485 4347 2683 4395 tectum
2707 4339 2933 4394 inducas
2958 4348 3132 4405 tuum,
3162 4338 3206 4392 si
3239 4334 3507 4406 suscipias

1906 4441 2201 4502 egentem:
2250 4433 2342 4488 ille
2374 4431 2469 4488 tibi
2498 4432 2732 4502 acquirit
2785 4441 3099 4487 sanctorum
3144 4428 3414 4485 amicitias
3456 4436 3513 4484 et

1906 4538 2112 4583 aeterna
2136 4527 2507 4583 tabernacula.
2542 4526 2658 4582 Non
2700 4526 2990 4583 mediocris
3018 4527 3121 4581 ista
3147 4523 3344 4597 gratia.
3374 4522 3510 4580 Cor-

200 4629 314 4671 cutu
350 4627 536 4674 tacere
566 4618 834 4674 nesciant.
868 4618 1070 4673 Rarum
1099 4627 1185 4674 est
1215 4627 1399 4676 tacere
1430 4635 1756 4691 queinquam
1786 4662 1800 4687 ,
1832 4664 1881 4725 Β
1909 4621 2116 4689 poralia
2146 4621 2421 4685 seminas,
2465 4627 2523 4675 et
2562 4620 2766 4690 recipis
2795 4618 3082 4690 spiritalia.
3122 4617 3335 4673 Miraris
3360 4616 3510 4686 judi-

203 4728 317 4769 cum
344 4715 449 4770 sibi
481 4729 590 4769 non
622 4714 792 4784 prosit
821 4713 1239 4785 quui.Sapieus
1260 4714 1607 4785 utloquatur,
1633 4716 1800 4770 multa

207 4807 342 4874 prius
372 4807 719 4871 considerat,
752 4806 879 4876 quid
912 4806 1098 4873 dicat,
1145 4815 1238 4862 aut
1264 4809 1351 4862 cui
1382 4806 1563 4875 dicat,
1598 4823 1707 4879 quo
1748 4809 1800 4863 in

207 4899 346 4965 loco,
376 4910 435 4957 et
466 4912 734 4971 tempore.
787 4900 886 4955 Est
926 4914 1057 4971 ergo
1103 4910 1159 4956 et
1209 4899 1425 4955 tacendi
1453 4909 1508 4955 et
1548 4900 1801 4971 loquendi

274 5023 298 5051 ³
320 5015 393 5071 Ita
426 5025 546 5072 vet.
572 5016 704 5072 edit.
739 5030 801 5071 ac
829 5029 962 5070 mss.
986 5014 1098 5070 fere
1118 5014 1185 5069 ad
1211 5030 1407 5069 unum:
1440 5014 1598 5068 Rom.
1624 5023 1805 5070 autem

210 5084 354 5160 edit.,
382 5089 623 5160 vigilanti
660 5088 847 5157 excipit
869 5088 1069 5141 obtutu.
1096 5086 1227 5160 (Sed
1282 5086 1415 5141 nihil
1452 5086 1802 5160 mutandum.

209 5157 393 5223 Quidni
425 5157 575 5216 cnim
602 5168 750 5215 recte
776 5161 1005 5222 dicatur,
1021 5158 1173 5214 exire
1202 5158 1365 5213 ictum
1383 5158 1467 5212 vel
1485 5158 1633 5213 exire
1651 5167 1805 5213 extra

211 5226 362 5304 ictum
390 5274 404 5295 ,
433 5230 893 5304 quemadmodum
937 5230 1274 5304 econtrario
1303 5228 1534 5285 dicimus
1558 5271 1574 5298 ,
1616 5230 1804 5285 venire

212 5297 339 5356 intra
364 5297 570 5371 jacium
601 5310 696 5357 aut
721 5303 884 5357 ictum
916 5301 1052 5357 teli?

274 5373 301 5411 ι)
340 5375 469 5431 Mss.
500 5375 748 5443 aliquot,
796 5373 905 5429 Nec.
945 5375 1060 5447 ipsa
1092 5384 1322 5440 natura;
1353 5373 1486 5429 edit.
1520 5381 1656 5439 vet.,
1692 5371 1804 5427 Nec

215 5459 308 5499 non
327 5447 439 5513 ipsa
470 5456 682 5501 natura.

283 5526 304 5586 ‘f
344 5518 475 5575 Mss.
500 5518 747 5574 nonnulli
772 5561 787 5586 ,
820 5535 975 5573 sonus
995 5517 1259 5572 excitatio.

279 5584 304 5623 ἀ
344 5588 492 5646 llauc
521 5584 852 5646 sententiam
886 5590 998 5659 jam
1034 5588 1265 5657 legimus
1292 5601 1415 5657 cap.
1462 5586 1520 5653 Ξ,
1552 5600 1701 5641 num.
1724 5585 1770 5659 ,5
1791 5624 1807 5647 .

217 5659 408 5716 eisdem
452 5662 662 5719 verbis.
708 5662 776 5716 Et
811 5658 929 5717 eam
960 5661 1180 5729 quidem
1210 5660 1314 5713 hoc
1346 5660 1467 5713 loco
1508 5673 1614 5712 non
1649 5658 1813 5729 habet

220 5745 312 5787 ius.
357 5734 474 5789 Vat.
504 5747 650 5789 unus
679 5744 733 5787 et
772 5728 1145 5788 Telleriauus:
1196 5745 1384 5785 verum
1432 5744 1553 5783 cum
1584 5728 1638 5782 in
1691 5728 1814 5781 aliis

223 5805 457 5862 omnibus
497 5817 668 5877 atque
709 5804 837 5860 edit.
887 5804 1207 5876 reperiatur,
1240 5802 1412 5872 ipsum
1445 5801 1568 5857 loco
1597 5814 1815 5856 movere

1907 4713 2051 4769 ciutn
2085 4714 2297 4771 Domini
2346 4713 2415 4770 de
2443 4723 2636 4770 sancto
2662 4712 2809 4769 Job?
2838 4711 3036 4769 Mirare
3063 4713 3320 4768 virtutem
3349 4711 3469 4782 ejus
3491 4752 3507 4779 ,

1906 4808 1997 4878 qui
2027 4816 2239 4878 poterat
2264 4808 2487 4863 dicere:
2546 4808 2647 4880 12
2680 4805 2876 4860 Oculus
2912 4822 3055 4861 eram
3084 4821 3338 4861 ca’corum
3362 4845 3379 4872 ,
3425 4820 3514 4875 pes

1909 4902 2238 4957 claudorum.
2296 4899 2407 4972 Ego
2437 4915 2579 4955 eram
2628 4900 2957 4970 inﬁrmorum
3013 4908 3182 4970 pater,
3237 4896 3513 4953 velleribus

1913 5016 2220 5080 noluimus;
2255 5015 2557 5086 prasertim
2581 5029 2702 5070 cum
2727 5012 3020 5070 Ambrosio
3050 5013 3289 5070 insolens
3321 5028 3427 5069 non
3447 5013 3519 5068 sit

1911 5089 2128 5143 easdem
2158 5088 2458 5143 sententias
2485 5087 2715 5142 subinde
2738 5095 3010 5156 repetere.

1987 5172 2009 5195 υ
2046 5159 2159 5213 Cic.
2190 5160 2283 5213 lib.
2314 5157 2513 5215 tOfﬁe.
2551 5174 2671 5229 pag.
2704 5155 2847 5222 551,
2875 5158 2971 5214 lin.
2998 5157 3070 5213 56
3103 5173 3116 5209 :
3173 5155 3519 5229 Atqneetiam

1908 5230 2017 5285 alia
2045 5231 2230 5286 divisio
2256 5240 2331 5286 est
2356 5272 2371 5297 ,
2411 5241 2516 5286 etc.
2546 5227 2789 5285 Adverte
2815 5229 3035 5284 interim
3080 5227 3354 5283 Ambrosii
3383 5228 3516 5282 doc-

1914 5305 2109 5357 trinam
2138 5302 2205 5357 de
2234 5310 2627 5372 praeceptorum
2658 5310 2713 5355 et
2742 5302 3096 5356 consiliorum
3128 5298 3480 5372 distinctione
3499 5339 3516 5365 ,

1912 5390 2033 5443 qum
2063 5384 2170 5428 tam
2206 5368 2558 5457 pertinaciter
2586 5373 2656 5430 ab
2686 5372 3036 5429 beterodosis
3085 5368 3379 5425 neotericis
3418 5370 3523 5425 itn-

1917 5458 2192 5555 pugnulur
2222 5456 2276 5500 ct
2306 5457 2567 5544 rtgtcttuu.
3397 5510 3408 5521 _

2046 5517 2183 5572 Ibid.
2207 5532 2326 5588 pag.
2354 5516 2451 5571 ..51
2479 5557 2492 5583 ,
2518 5516 2733 5572 ltn.37:
2767 5513 3055 5587 Perfectum
3076 5521 3244 5566 autem
3265 5511 3522 5582 ofﬁcium,

1917 5598 2025 5708 mi;
2058 5660 2178 5715 Lib.
2230 5676 2268 5715 ιι
2296 5658 2455 5715 Ofﬁc.
2497 5674 2624 5731 pag.
2664 5658 2811 5728 585,
2855 5656 2952 5715 lin.
2995 5654 3101 5709 l2:
3130 5651 3200 5708 In
3238 5652 3329 5709 illo
3353 5664 3527 5712 autem

1924 5734 2085 5788 altero
2114 5747 2298 5802 genere
2314 5774 2327 5798 ,
2359 5738 2467 5787 etc.
