4078 6306
535 201 606 269 35
1907 202 2154 269 SANCTI
2192 198 2519 271 AMBROSil
3778 196 3853 267 εδ

533 341 786 398 aJnorum
822 340 1054 383 meorum
1082 324 1323 398 calefacti
1363 335 1483 380 sunt
1525 324 1728 380 humeri
1752 339 1948 380 eorum.
1982 321 2141 378 Foris
2167 341 2214 401 Α
2244 322 2380 379 scire
2404 320 2530 377 nolo
2557 318 2751 394 (lbid.,
2785 320 2900 401 14).
2962 317 3109 395 Quid
3139 316 3404 408 prodest,
3454 319 3586 392 quia
3614 319 3852 376 servivi-

532 437 635 476 uou
654 419 918 475 habitabat
934 418 1237 492 peregrinus
1259 434 1279 473 :
1301 418 1492 473 ostium
1512 426 1684 472 autem
1707 430 1875 470 meum
1897 415 2038 470 omni
2054 429 2138 469 ve-

533 514 697 568 nienti
727 511 936 584 patebat
965 511 1091 587 (Job
1122 526 1281 579 xxix,
1317 511 1408 578 i5,
1442 510 1507 567 16
1530 508 1572 583 ).
1608 508 1805 565 Beatus
1833 507 2000 581 plane
2025 549 2040 576 ,
2072 506 2142 563 de

537 607 696 676 cujus
744 605 909 661 domo
956 620 1251 676 numquam
1297 619 1472 660 vacuo
1519 605 1643 658 sinu
1692 617 1899 674 pauper
1937 601 2135 673 exivit;

539 714 718 771 neque
755 699 902 755 enim
933 697 1221 770 quisquam
1275 695 1449 770 magis
1489 695 1680 751 beatus
1706 737 1722 761 ,
1751 710 1911 767 quam
1941 694 2034 765 qui
2063 694 2145 748 in-

536 791 730 864 telligit
750 806 919 862 super
952 791 1207 862 pauperis
1231 790 1615 846 necessitatem
1642 796 1700 843 et
1724 785 1930 843 inﬁrmi
1980 791 2145 855 atque

533 885 715 956 in0pis
741 899 1063 941 terumnam.
1116 883 1176 940 In
1226 883 1315 940 die
1339 881 1532 955 judicii
1580 878 1802 938 habebit
1844 880 2075 936 salutem
2111 892 2146 933 a

537 978 771 1036 Deinin
793 1021 806 1045 ,
836 992 999 1050 quem
1024 975 1249 1033 habebit
1269 992 1382 1057 sua;
1406 974 1707 1031 debitorem
1731 969 2140 1029 misericordiae.

1148 1068 1379 1126 CAPUT
1416 1067 1536 1124 XII.

536 1163 624 1220 Ne
652 1168 767 1234 quis
793 1163 858 1218 ab
882 1161 1175 1220 exercenda
1215 1159 1575 1217 misericordia
1600 1169 1882 1225 revocetur,
1916 1154 2144 1212 ostendi-

608 1268 694 1314 tur
722 1257 887 1315 Deum
916 1273 1103 1314 curare
1128 1267 1275 1313 actus
1297 1255 1565 1310 hominum
1588 1295 1605 1322 ,
1654 1264 1700 1310 et
1747 1250 2017 1326 quemlibet
2042 1251 2143 1305 im-

606 1350 822 1425 probum
846 1353 901 1407 in
930 1351 1048 1424 ipsa
1071 1367 1228 1423 opum
1267 1350 1546 1424 afﬂuentia
1589 1349 1836 1404 miserum
1881 1361 1990 1402 esse
2023 1343 2147 1400 labi

608 1445 911 1500 auctoritate
940 1443 1352 1501 demonstratur.

607 1545 698 1598 to.
740 1540 847 1598 Sed
876 1541 1123 1613 plerique
1154 1547 1485 1596 revocantur
1515 1537 1584 1593 ab
1629 1534 1812 1592 omcio
1853 1533 2144 1605 dispensa-

537 1633 693 1691 trieis
724 1634 1119 1691 misericordia:
1143 1675 1159 1701 ,
1203 1633 1333 1689 dum
1366 1641 1556 1708 putant
1585 1630 1822 1685 hominis
1852 1638 2005 1684 actus
2034 1642 2142 1682 non

2245 431 2369 473 tuus
2391 416 2536 486 ipsi:
2579 424 2673 471 aut
2704 431 2829 489 qua:
2877 414 3081 473 utilitas
3106 454 3125 485 ,
3156 413 3282 489 quia
3323 414 3667 471 occurrimus
3692 412 3799 482 ipsi
3829 412 3854 468 2

2245 510 2304 566 In
2333 510 2586 566 manibus
2610 512 2859 582 ipsorum
2891 509 3075 575 omnia
3103 508 3242 573 bona
3265 549 3282 579 ,
3335 522 3504 583 Opera
3532 516 3718 564 autem
3752 507 3858 563 itu-

2244 603 2459 677 piorum
2489 619 2596 657 non
2631 602 2799 659 videt.

2315 695 2408 754 45.
2453 696 2732 753 Laudatur
2761 696 2814 753 in
2853 704 2877 735 ο
2903 696 3134 757 Platone
3161 737 3176 767 ,
3226 695 3373 769 quod
3415 695 3469 753 in
3510 694 3713 753 Politia
3753 709 3857 752 sua

2249 791 2353 873 ιθ
2384 792 2559 862 posuit
2588 807 2712 847 eum
2738 789 2833 865 qui
2880 800 3073 847 contra
3095 789 3363 868 justitiam
3386 789 3698 863 disputandi
3730 805 3859 862 par-

2249 895 2330 942 tes
2359 888 2680 963 recepisset,
2713 886 2995 958 postulare
3025 888 3238 942 veniam
3281 885 3557 946 dictorum
3587 900 3711 957 qua:
3741 900 3852 944 not

2247 981 2536 1053 probaret.
2567 989 2624 1037 et
2653 980 2765 1036 veri
2797 980 3112 1037 inveniendi
3145 990 3308 1051 atque
3336 978 3719 1037 examinandae
3739 978 3859 1035 dis-

2245 1072 2548 1144 putationis
2596 1074 2808 1145 gratia,
2852 1072 3001 1128 illam
3048 1071 3155 1129 sibi
3202 1070 3514 1145 impositam
3558 1086 3856 1144 personam

2246 1163 2456 1221 dicere.
2503 1163 2657 1233 Quod
2702 1179 2948 1233 eousque
2992 1163 3207 1221 Tullius
3247 1164 3767 1239 probavit,utipse
3796 1163 3855 1220 in

2251 1257 2409 1314 libris
2428 1272 2568 1329 quos
2599 1257 2822 1329 scripsit
2842 1258 2912 1315 de
2940 1256 3264 1330 Republica,
3292 1258 3348 1314 in
3378 1272 3497 1314 eam
3527 1258 3861 1315 sententiam

2245 1351 2539 1410 dicendum
2567 1353 2862 1424 putaverit.

2324 1445 2417 1503 «14.
2462 1444 2482 1491 i
2517 1446 2735 1514 Quanto
2762 1444 3038 1517 antiquior
3062 1444 3171 1502 illis
3209 1443 3336 1513 Job,
3377 1444 3471 1516 qui
3499 1443 3614 1501 bsic
3644 1445 3864 1518 primus

2246 1540 2476 1611 reperit,
2507 1553 2611 1598 nee
2637 1539 2968 1611 eloquentiae
2992 1537 3346 1610 phalerandte
3369 1538 3544 1610 gratia
3567 1580 3583 1605 ,
3623 1543 3719 1595 sed
3765 1553 3865 1595 ve-

2247 1633 2425 1695 ritatis
2456 1632 2775 1705 probandm,
2799 1631 3178 1706 praemittenda
3198 1632 3523 1688 testimavit?
3549 1631 3866 1705 Statimque

533 1743 733 1786 curare
764 1720 1050 1784 Dominum
1083 1769 1100 1796 ,
1148 1736 1239 1783 aut
1271 1727 1485 1782 nescire
1513 1740 1637 1782 eum
1664 1724 1795 1795 quid
1838 1724 1890 1778 in
1913 1720 2146 1778 occultis
2176 1751 2220 1810 Β
2249 1727 2366 1797 ipse
2396 1727 2758 1798 qumstionem
2790 1726 3024 1783 enodem
3078 1725 3356 1794 reddidit,
3387 1725 3685 1796 subiiciens
3711 1725 3865 1798 quod

533 1839 788 1896 geramus
814 1866 830 1892 ,
870 1823 1002 1897 quid
1035 1831 1221 1879 teneat
1253 1832 1434 1877 nostra
1469 1819 1803 1877 conscientia
1836 1834 1849 1873 :
1890 1829 1980 1874 aut
1998 1815 2144 1888 judi-

533 1917 680 1973 cium
707 1918 828 1986 eius
858 1929 1201 1988 nequaquam
1223 1913 1430 1986 justum
1460 1911 1655 1978 videri,
1705 1909 1926 1984 quando
1950 1922 2145 1981 pecca-

539 2019 692 2066 tores
717 2009 924 2066 divitiis
955 2008 1238 2065 abundare
1279 2007 1509 2074 vident,
1539 2005 1779 2078 gaudere
1804 2004 2144 2070 honoribus,

539 2103 798 2169 sanitate,
827 2103 1043 2158 liberis:
1063 2112 1255 2158 contra
1276 2113 1482 2169 autem,
1503 2100 1680 2172 iustos
1708 2099 1900 2171 inopes
1923 2097 2144 2169 degere,

537 2195 870 2262 inhonorus,
897 2197 1018 2251 sine
1040 2193 1261 2262 liberis,
1290 2183 1538 2250 inﬁrmos
1569 2206 1832 2263 corpore,
1863 2191 2013 2247 luctu
2043 2191 2149 2244 tre-

541 2289 752 2362 quenti.

614 2388 706 2445 41.
746 2388 857 2445 Nec
880 2386 1169 2445 mediocris
1198 2401 1261 2444 ea
1286 2387 1545 2458 qumstio,
1575 2382 2017 2458 quandoquidem
2039 2392 2151 2440 tres

543 2484 620 2541 ilti
650 2499 807 2556 reges
829 2483 990 2539 amici
1012 2481 1116 2539 Job
1139 2525 1156 2551 ,
1190 2489 1481 2554 propterea
1508 2495 1635 2536 eum
1655 2487 2000 2552 peccatorem
2030 2491 2156 2548 pro-

542 2579 864 2636 nuntiabant
887 2620 904 2647 ,
937 2577 1062 2650 quia
1092 2562 1313 2648 inopem
1341 2574 1544 2631 factum
1574 2589 1643 2630 ex
1665 2572 1866 2640 divite,
1897 2570 2150 2627 orbatum

540 2670 736 2730 liberis
776 2686 844 2728 ex
896 2668 1130 2727 fecundo
1186 2679 1444 2740 parente,
1498 2665 1776 2738 perfusum
1827 2662 2102 2720 ulceribus
2132 2703 2149 2732 ,

547 2775 576 2806 ι
607 2766 1096 2836 iultorrentemque
1139 2763 1428 2827 vibicibus,
1457 2770 1740 2817 exaratum
1770 2759 2092 2816 vulneribus
2121 2772 2153 2812 a

545 2858 725 2928 capite
749 2872 924 2928 usque
953 2856 1022 2911 ad
1051 2855 1218 2925 pedes
1248 2854 1509 2910 videbant
1539 2850 1688 2924 (Job.
1722 2867 1798 2920 tv,
1830 2852 1864 2908 5
1889 2893 1904 2917 ,
1951 2850 2012 2906 11
2045 2890 2063 2915 ,
2085 2846 2156 2906 t4

545 2962 595 3010 et
616 2950 775 3029 seq.).
811 2951 1018 3021 Quibus
1046 2950 1188 3006 hanc
1217 2958 1438 3005 sanctus
1459 2947 1562 3005 Job
1613 2945 1867 3018 proponit
1897 2943 2159 3001 assertio-

548 3061 714 3102 nem:
765 3043 822 3101 Si
869 3058 970 3115 ego
998 3053 1224 3115 propter
1246 3048 1466 3112 peccata
1510 3054 1629 3095 mea
1671 3037 1788 3094 haec
1816 3037 2017 3108 patior,
2048 3033 2157 3092 Cur

2247 1819 2627 1892 exstinguatur
2668 1819 2890 1876 lucerna
2912 1818 3231 1892 impiorum,
3261 1827 3316 1875 et
3347 1819 3525 1875 futura
3553 1819 3623 1876 sit
3667 1834 3865 1876 eorum

2247 1913 2468 1969 eversio
2509 1910 2636 1982 (Job
2681 1927 2806 1976 xxt,
2836 1907 2986 1984 li):
3033 1926 3143 1967 non
3200 1911 3312 1966 [alii
3368 1910 3538 1967 Deum
3570 1911 3864 1968 doctorem

2248 2006 2539 2074 sapientiae
2582 2013 2637 2060 et
2686 2003 3021 2075 disciplinas,
3068 2002 3165 2061 sed
3191 2015 3318 2062 esse
3350 2004 3600 2062 veritatis
3620 2004 3868 2076 iudicem

2248 2094 2488 2168 (Ibidem
2517 2137 2532 2162 ,
2590 2095 2743 2169 as):
2791 2104 2850 2153 et
2886 2097 3013 2155 ideo
3069 2110 3178 2154 non
3226 2096 3530 2154 secundum
3585 2097 3872 2156 {mensem

2249 2196 2649 2255 abundantiam
2669 2196 3048 2253 asstimandam
3072 2196 3466 2254 beatitudinem
3493 2195 3869 2268 singulorum;

2251 2289 2349 2348 sed
2377 2291 2677 2349 secundum
2706 2289 3027 2347 interiorem
3054 2290 3448 2349 conscientiam
3475 2332 3491 2360 ,
3535 2307 3658 2364 qua:
3707 2292 3873 2348 inno-

2251 2385 2491 2441 centium
2517 2395 2569 2441 et
2593 2384 2987 2456 [legitimorum
3009 2386 3204 2441 merita
3223 2385 3519 2453 discernit,
3546 2401 3677 2442 vera
3700 2397 3876 2459 atque

2252 2477 2570 2548 incorrupta
2616 2493 2902 2551 poenarum
2952 2479 3411 2552 praemiorumque
3461 2479 3698 2538 arbitra.
3749 2480 3877 2539 Ilo-

2251 2571 2392 2629 ritur
2437 2571 2707 2631 innocens
2751 2572 2806 2631 in
2858 2580 3130 2647 potestate
3180 2575 3551 2647 simplicitatis
3601 2592 3750 2645 suae,
3810 2579 3871 2635 in

2251 2667 2589 2727 abundantia
2616 2668 2853 2739 propriae
2881 2669 3203 2737 voluntatis,
3229 2670 3369 2727 sicut
3394 2669 3558 2742 adipe
3585 2671 3869 2741 repletam

2253 2762 2493 2821 auitnam
2515 2777 2716 2835 gerens
2753 2759 2944 2834 (Ibid.,
2972 2761 3046 2820 23
3072 2772 3121 2819 et
3146 2762 3315 2837 seq).
3350 2762 3422 2820 At
3449 2778 3581 2823 vero
3609 2776 3875 2836 peccator

2252 2853 2500 2927 quamvis
2533 2854 2665 2911 foris
2691 2853 2955 2921 abundet,
2980 2853 3199 2925 deliciis
3237 2856 3453 2915 dillluat
3474 2897 3491 2922 .
3516 2865 3576 2915 et
3600 2855 3876 2916 odoribus

2253 2943 2455 3017 fragret
2477 2988 2493 3012 ,
2527 2946 2579 3000 in
2625 2945 2990 3007 amaritudine
3022 2957 3049 2999 Β
3090 2949 3289 3005 animm
3317 2963 3432 3007 sum
3460 2948 3624 3007 vitam
3655 2947 3826 3022 exigit
3849 2991 3872 3018 ,

2204 3104 2209 3108 δ
2255 3045 2313 3095 et
2343 3037 2590 3095 ultimum
2618 3037 2767 3095 diem
2796 3038 3032 3106 claudit,
3082 3038 3217 3107 nihil
3259 3055 3444 3099 secum
3498 3056 3693 3101 eorum
3744 3057 3877 3113 qua

543 3138 692 3213 impii
718 3139 890 3194 vivunt
912 3138 938 3192 .’
957 3135 990 3192 Ι
993 3143 1376 3192 inveteraverunt
1402 3143 1597 3198 autem,
1622 3134 1743 3187 etin
1774 3130 1966 3186 divitiis
1984 3145 2157 3185 semen
2181 3139 2228 3204 ο
2260 3126 2288 3166 ¹³
2303 3131 2550 3203 epulatus
2563 3129 2748 3195 fuerit,
2768 3131 2895 3189 boui
2918 3129 3192 3193 referens:
3216 3131 3350 3195 nihil
3375 3147 3561 3193 secum
3583 3132 3871 3205 auferens,

547 3248 720 3288 eorum
748 3231 1032 3287 secundum
1065 3231 1399 3295 voluntatem,
1433 3226 1534 3298 ﬁlii
1559 3242 1731 3281 eorum
1760 3225 1815 3280 in
1843 3224 2031 3291 oculis,
2062 3225 2158 3278 do-

547 3345 660 3384 mus
687 3328 918 3396 ipsorum
949 3323 1256 3390 abundant,
1309 3324 1461 3377 timor
1501 3330 1673 3376 autem
1695 3333 1990 3391 nusquam:
2019 3315 2157 3372 Fla-

545 3423 736 3494 gellum
766 3430 936 3477 autem
980 3437 1012 3475 a
1055 3418 1283 3474 Domino
1308 3431 1412 3471 non
1436 3426 1509 3470 est
1535 3415 1591 3470 in
1625 3413 1752 3486 ipsis
1782 3410 1925 3485 (Job
1953 3425 2047 3467 xxt
2073 3450 2088 3472 .
2122 3410 2154 3465 7

546 3524 593 3570 et
623 3511 780 3588 seq.).

617 3606 709 3661 42.
755 3606 882 3660 llaec
908 3605 1100 3661 videns
1124 3603 1377 3660 iulirmns
1406 3600 1572 3659 corde
1601 3599 1930 3672 exagitetur,
1959 3607 2014 3654 et
2042 3606 2158 3653 stu-

548 3698 698 3754 dium
741 3699 939 3753 avertit
965 3712 1147 3754 suum.
1198 3695 1367 3765 Cujus
1394 3695 1642 3750 dicturus
1669 3707 1954 3749 sermones
1980 3733 1996 3759 ,
2029 3703 2158 3746 ante

550 3803 773 3848 sanctus
799 3791 1052 3859 permisit
1081 3787 1184 3844 Job
1207 3830 1220 3850 .
1250 3786 1439 3842 dicens
1464 3804 1479 3842 :
1504 3784 1720 3839 Portate
1747 3801 1843 3850 me,
1868 3800 1960 3858 ego
1987 3794 2158 3837 autem

551 3883 754 3956 loquar,
784 3882 973 3939 deinde
993 3880 1153 3936 ridete
1176 3895 1278 3936 me.
1307 3876 1444 3933 Nam
1463 3889 1510 3934 et
1539 3879 1584 3933 si
1596 3892 1808 3949 arguor,
1837 3879 1984 3948 quasi
2004 3876 2158 3930 homo

549 3993 763 4051 arguor.
800 3975 1013 4031 Portate
1035 3990 1158 4048 ergo
1185 3989 1316 4028 onus
1336 3987 1628 4028 sermonum
1655 3986 1879 4026 meorum
1908 3969 2098 4044 (lbid.,
2128 3968 2152 4024 i

551 4079 599 4126 et
619 4069 772 4144 δαίμ).
800 4069 1058 4125 Dicturus
1083 4068 1231 4126 enim
1259 4082 1378 4122 sum
1411 4068 1553 4138 quod
1583 4081 1690 4121 non
1716 4064 1886 4136 probo
1918 4081 1933 4120 :
1970 4064 2064 4122 sed
2088 4063 2156 4119 ad

550 4178 652 4220 vos
679 4163 1090 4234 redarguendos
1143 4161 1415 4232 proferam
1461 4159 1734 4216 sermonis
1782 4159 2016 4233 iniquos.
2048 4158 2160 4214 Aut

549 4271 728 4324 certe;
769 4260 892 4330 quia
926 4259 996 4314 ita
1027 4270 1104 4314 cst
1134 4255 1164 4296 ι)
1196 4270 1404 4310 versus.
1450 4253 1590 4323 Quid
1613 4261 1782 4309 autem
1814 4253 1840 4308 .’
1887 4252 2158 4325 Numquid

551 4353 615 4408 ab
659 4353 864 4408 homine
892 4350 1133 4424 arguor?
1176 4349 1282 4403 hoc
1305 4357 1411 4413 est,
1445 4358 1469 4388 ο
1498 4345 1663 4402 homo
1704 4362 1789 4402 me
1839 4362 1945 4401 non
1979 4355 2159 4418 potest

557 4446 887 4516 redarguere
932 4445 1059 4512 quia
1108 4439 1366 4514 peccavi,
1417 4440 1520 4497 etsi
1571 4441 1721 4512 argui
1758 4438 1953 4511 dignus
1989 4454 2153 4506 sum;

2262 3229 2363 3286 nisi
2391 3230 2658 3286 scelerum
2681 3246 2908 3287 suorum
2927 3231 3123 3302 pretia.

2334 3321 2424 3378 «15.
2452 3322 2577 3378 ibeo
2595 3325 2840 3394 cogitans
2871 3338 3030 3396 nega,
3051 3322 3100 3379 si
3131 3333 3307 3394 potes,
3334 3323 3503 3385 divini
3537 3342 3660 3389 esse
3675 3325 3875 3400 iudicii

2260 3417 2782 3479 remunerationem.
2814 3415 2914 3473 Ille
2943 3431 3046 3472 suo
3070 3416 3270 3475 all‘ectu
3297 3417 3486 3482 beatus
3509 3460 3526 3486 .
3554 3420 3647 3481 hic
3675 3421 3871 3479 miscr:

2259 3509 2351 3565 ille
2394 3523 2496 3563 suo
2533 3507 2741 3577 judicio
2784 3508 3104 3583 absolutus,
3152 3510 3239 3568 hic
3284 3527 3415 3569 reus
3447 3530 3464 3571 :
3500 3513 3593 3573 ille
3626 3513 3684 3570 in
3718 3512 3875 3571 exitu

2259 3601 2420 3657 lamus
2439 3641 2456 3669 ,
2489 3599 2580 3657 hic
2611 3616 2869 3661 moerens.
2899 3601 2997 3660 Cui
3021 3603 3231 3662 absolvi
3277 3613 3462 3677 potest
3481 3649 3494 3673 ,
3518 3607 3611 3678 qui
3637 3621 3740 3665 nec
3759 3605 3870 3665 sibi

2260 3699 2525 3752 innocens
2563 3697 2684 3751 cSt?
2716 3695 2908 3766 Dicite,
2937 3697 3130 3773 inquit,
3167 3698 3302 3755 mihi
3322 3739 3337 3765 ,
3367 3699 3458 3755 ubi
3485 3709 3571 3755 cst
3597 3701 3876 3773 protectio

2259 3789 2740 3846 tabernaculorum
2789 3792 2908 3866 ejus
2940 3789 3083 3867 (Job
3115 3809 3241 3862 xxt,
3290 3791 3438 3867 28)?
3491 3793 3716 3865 Signum
3747 3794 3877 3869 ejus

2261 3900 2368 3939 non
2403 3883 2728 3941 invenietur.
2757 3882 2879 3940 Vita
2907 3887 3111 3943 etenim
3143 3885 3461 3954 facinorosi,
3488 3896 3544 3944 ut
3569 3889 3875 3945 somnium.

2258 3979 2484 4050 Aperuit
2509 3979 2721 4047 oculos,
2757 3980 3007 4037 transivit
3029 3981 3245 4051 requies
3262 3979 3403 4050 ejus,
3433 3980 3662 4039 evanuit
3684 3981 3876 4039 deloco

2257 4073 2430 4129 latio:
2483 4073 2614 4130 licet
2644 4073 2758 4144 ipsa
2806 4089 2928 4144 quae
2971 4073 3208 4141 videtur,
3259 4074 3424 4130 etiam
3471 4074 3604 4131 dum
3636 4075 3871 4151 vivunt,

2259 4163 2548 4234 impiorum
2590 4167 2811 4236 requies
2843 4168 2895 4220 in
2928 4164 3143 4221 inferno
3172 4166 3242 4220 sit
3269 4181 3282 4221 :
3333 4166 3583 4224 viventes
3609 4167 3761 4227 enim
3818 4172 3874 4228 in

2259 4258 2470 4315 inferna
2494 4257 2858 4320 descendunt.

2327 4348 2419 4406 i6.
2462 4349 2626 4407 Vides
2674 4351 2980 4409 convivium
3032 4350 3364 4427 peccatoris,
3395 4350 3679 4427 interroga
3712 4337 3878 4415 Oeen-

2258 4443 2539 4499 scientiam
2571 4443 2712 4512 ejus.
2743 4442 2934 4501 Nonne
2957 4446 3178 4517 gravius
3205 4444 3458 4501 oniuibus
3501 4443 3640 4503 fetet
3681 4451 3881 4520 sepul-

551 4540 676 4611 qnia
701 4556 808 4593 non
841 4553 905 4593 ex
939 4535 1177 4594 evidenti
1199 4536 1357 4605 culpa
1389 4550 1474 4591 me
1503 4533 1725 4606 arguitis
1746 4575 1761 4601 ,
1795 4533 1891 4590 sed
1918 4548 1982 4590 ex
2013 4534 2155 4602 iniu-
2178 4538 2232 4600 Ι)
2256 4535 2404 4592 eris?
2453 4533 2684 4592 Intueris
2709 4535 2952 4593 laetitiam
2980 4538 3119 4609 ejus,
3151 4549 3208 4597 et
3232 4537 3611 4604 salubritatem
3644 4542 3881 4605 miraris

554 4632 652 4687 riis
682 4631 966 4689 aestimatis
995 4630 1186 4685 merita
1221 4627 1574 4683 delictorum.
1607 4625 1809 4682 Videns
1839 4642 1971 4699 ergo
1997 4626 2149 4682 inﬁr-

554 4740 677 4781 mus
703 4725 986 4780 abundare
1009 4721 1037 4761 ἀ
1071 4723 1306 4792 injusms
1347 4720 1696 4776 successibus
1734 4722 2043 4792 prosperis,
2091 4734 2152 4776 se

549 4831 734 4875 autem
779 4818 971 4886 alteri,
1002 4816 1131 4873 dicit
1165 4815 1435 4870 Domino:
1470 4811 1690 4868 Discede
1712 4830 1743 4869 a
1773 4829 1875 4882 me,
1906 4813 2015 4868 vias
2036 4821 2152 4868 tuas

626 4983 652 5012 α
694 4974 821 5031 Mss.
837 4973 1061 5045 aliqum,
1084 4972 1530 5043 inliorrentemque
1551 4968 1641 5025 siti
1663 4968 1774 5025 cibo
1788 4985 1807 5024 :
1829 4968 2144 5045 quidam...

551 5045 847 5102 varicibus:
873 5042 1048 5100 uentri
1074 5046 1206 5101 satis
1231 5044 1556 5111 counnotle,
1610 5056 1710 5097 nec
1749 5042 2005 5115 mutanda
2043 5058 2148 5100 vox

552 5120 778 5183 Auctori
807 5124 995 5175 nostro
1024 5115 1324 5173 initiiltaris.

625 5189 654 5230 ιι
703 5188 893 5247 Versus
943 5189 1046 5245 hoc
1090 5189 1212 5245 loco
1262 5185 1478 5256 ponitur
1508 5198 1606 5255 pro
1644 5200 1951 5254 conversus;
1979 5187 2146 5245 aliam

552 5263 700 5323 enim
743 5261 986 5331 ejusdem
1017 5260 1121 5316 loci
1151 5258 1465 5316 Ambrosius
1489 5295 1506 5324 ,
1539 5265 1596 5313 ut
1633 5257 1761 5314 alibi
1805 5272 1952 5330 saepe
1975 5298 1992 5327 ,
2025 5274 2149 5315 ver-

555 5335 768 5391 sionem
799 5332 1072 5403 prouenit.

633 5419 656 5448 ο
697 5398 832 5463 Coti.
861 5398 1028 5470 'l‘ell.,
1051 5407 1207 5458 homo
1234 5398 1477 5455 mentiens
1503 5415 1609 5475 nou
1635 5408 1798 5475 potest
1819 5401 2142 5475 redarguere.

627 5477 654 5516 ἀ
695 5477 922 5547 Quidam
954 5493 1112 5542 mss.,
1143 5471 1792 5547 irritistossuccessionibus
1828 5471 2110 5543 prosperis.

633 5560 657 5587 θ
700 5543 849 5605 Ῑῗιειω
877 5547 971 5602 lib.
1013 5563 1053 5603 ιι
1088 5548 1157 5603 de
1185 5543 1325 5611 Rep.
1358 5543 1690 5616 Glaucottetn
1723 5544 1778 5599 in
1827 5559 2015 5598 eorum
2056 5546 2151 5616 qui

551 5620 775 5691 iustitia:
794 5620 1181 5691 ρνίιεῐενιῃάςιιιι
1204 5613 1524 5691 iniustitiam
1547 5615 1707 5691 diceb
1722 5613 2146 5690 int,loquentem

561 5686 1304 5762 inducitfatquejinpositum
1332 5686 1432 5762 sibi
1449 5702 1643 5762 munus
1658 5688 1738 5762 ita_
1751 5686 2108 5762 excusantem
2130 5706 2146 5745 ε

556 5752 695 5822 Ἐπεὶ
723 5752 892 5838 ἔμοιγέ
910 5803 926 5828 ,
963 5759 1006 5819 ὦ
1042 5752 1320 5841 idimon-sc,
1342 5756 1421 5814 ἔτι
1439 5760 1499 5815 οὐ
1522 5757 1661 5818 δοκεῖ
1679 5759 1860 5821 οὕτως.
1882 5756 1947 5814 Ει
1969 5761 2106 5816 infra
2132 5778 2147 5817 :

2255 4631 2504 4701 corporis
2545 4632 2777 4687 liliorum
2816 4641 2980 4705 atque
3026 4646 3192 4703 apum
3233 4631 3881 4695 abundantiamzintro-

2257 4723 2409 4795 apice
2440 4724 2620 4780 ulcera
2647 4733 2702 4781 et
2738 4722 2948 4780 vibices
2968 4722 3166 4780 animm
3191 4723 3333 4795 ejus,
3357 4735 3413 4780 et
3434 4723 3622 4781 cordis
3656 4731 3881 4787 moesti-

2263 4815 2530 4875 tudinem.
2579 4816 2711 4877 Nam
2738 4816 2808 4874 de
2832 4818 3028 4890 Opibus
3049 4817 3180 4891 quid
3209 4818 3425 4891 loquar,
3454 4833 3580 4875 cum
3609 4819 3820 4893 legeris
3859 4843 3875 4880 :

2252 4976 2440 5068 Πιξἱέξῦ
2467 4972 2576 5032 οἴου
2590 4976 2793 5068 'ls'ysut:
2823 4972 3327 5068 Σῆκρεοτηζβᾨέ
3345 4978 3470 5040 τοὺς
3494 4978 3841 5049 ἐπαινοῦντας
3854 5025 3875 5055 ,

2253 5048 2357 5124 πρὸ
2376 5045 2698 5110 deuotioniqu
2718 5047 2918 5105 ἀδικίαν
2936 5045 3114 5127 ipsum
3138 5047 3195 5105 δᾶ
3213 5046 3362 5117 τάδε.
3815 5045 3830 5049 ἡ
3844 5045 3874 5084 ί

2332 5116 2498 5202 πιθα)
2553 5121 2879 5202 διτὶνιιιιοιηη
2930 5123 3174 5202 omnium
3220 5117 3637 5202 antiquissimus
3694 5125 3876 5202 νμιερ

2255 5191 2518 5255 creditur,
2550 5201 2815 5261 natusque
2844 5203 2990 5246 anno
3010 5199 3135 5261 post
3161 5192 3349 5247 orbem
3386 5191 3674 5249 conditum
3700 5191 3880 5254 cii-Ei-

2255 5270 2344 5317 ιρι·
2367 5261 2534 5326 2550,
2561 5276 2684 5316 cum
2734 5263 2886 5317 Plato
2915 5263 3003 5317 vix
3043 5271 3167 5318 ante
3193 5277 3393 5318 annum
3419 5261 3571 5326 δδω
3591 5263 3875 5326 ﬂoruerit.

2255 5331 2373 5388 Non
2401 5332 2601 5404 desunt
2629 5342 2809 5388 tamen
2851 5348 2883 5388 a
2909 5333 3106 5404 quibus
3149 5333 3286 5389 liber
3313 5334 3404 5401 qui
3432 5331 3609 5400 ipsius
3638 5341 3880 5400 nomine

2259 5403 2608 5477 inscribitur,
2648 5419 2756 5459 non
2786 5405 2880 5477 ei,
2915 5402 3009 5459 sed
3058 5404 3226 5477 Moysi
3258 5405 3608 5477 attribuatur.
3642 5407 3878 5471 Videam

2256 5473 2377 5530 .lobi
2411 5473 2701 5529 Historiam
2744 5474 2913 5531 multa
2953 5489 3078 5532 cum
3104 5473 3414 5533 eruditione
3457 5491 3490 5532 a
3521 5476 3879 5546 Spanltentio

2257 5545 2652 5599 elucultratam.

2257 5556 2652 5603 elucuttratam.

2331 5625 2356 5687 β
2400 5615 2563 5687 Pauci
2585 5631 2744 5687 mss.,
2766 5616 2954 5673 atrium
2976 5632 3087 5674 sua
3104 5617 3197 5673 illo
3212 5618 3400 5672 victum
3420 5619 3632 5687 πάρει.

2331 5685 2357 5724 ιι
2402 5685 2522 5769 νςῑ.
2550 5686 2684 5742 edit.
2713 5687 3031 5769 etuquidatn
3058 5704 3217 5756 πιθα,
3249 5691 3488 5762 epulatus
3516 5685 3700 5762 fuerit,
3730 5697 3879 5769 πίε.

2256 5773 2413 5814 rens:
2442 5757 2691 5814 bonorum
2720 5757 2856 5814 nihil
2876 5798 2892 5827 ,
2921 5768 3029 5814 etc.
