4078 6306
515 277 587 335 59
1877 284 2082 342 SANC1

2195 285 2254 342 Μ
2263 285 2487 345 BROSII
3753 287 3830 346 ιο

509 388 689 460 operis
715 389 798 445 sui
828 405 956 446 cura
985 406 1091 447 non
1125 392 1450 463 prmterierit
1471 434 1487 459 ,
1539 402 1830 464 przetereat
1857 396 2108 451 scientia.
2139 399 2192 462 Α
2223 404 2350 453 runt
2370 411 2502 469 ergo
2526 397 2783 453 arborum
2810 396 3077 452 occultam
3101 397 3213 452 vim
3231 395 3436 452 caloris
3461 396 3544 454 vel
3577 395 3823 470 frigoris,

511 485 655 556 Ergo
700 485 789 556 qui
838 485 1104 556 plantavit
1153 502 1374 552 aurem.
1419 502 1524 544 non
1570 487 1765 544 audit:
1807 489 1898 560 qui
1953 487 2112 544 finxit

508 579 746 647 oculum,
773 595 881 636 non
919 579 1090 650 videt,
1122 596 1230 638 non
1261 581 1615 637 considerat?

579 670 670 727 52.
719 671 835 727 Non
887 672 1150 742 prmteriit
1195 670 1312 729 haec
1336 689 1473 728 vana
1505 673 1692 745 opinio
1735 681 1956 729 sanctos
1986 689 2112 744 pro-

505 763 720 836 plietas.
755 762 1000 834 Denique
1029 762 1194 819 David
1227 763 1436 820 inducit
1466 779 1562 819 eos
1597 763 1914 836 loquentes,
1968 778 2107 835 quos.

503 857 758 928 superbia
787 855 1008 913 inﬂatos
1039 857 1257 914 asserit.
1303 857 1442 927 Quid
1463 859 1609 914 enim
1639 867 1746 913 tam
1778 858 2071 928 superbum
2090 899 2105 927 ,

505 965 668 1022 quam
699 966 824 1007 cum
854 951 956 1022 ipsi
987 951 1088 1007 sub
1116 960 1338 1022 peccato
1367 951 1498 1018 sint,
1520 951 1657 1006 alios
1685 951 1908 1023 indigne
1931 952 2110 1007 ferant

504 1054 821 1118 peccatores
844 1044 1047 1112 vivere,
1065 1045 1343 1102 dicentes:
1367 1043 1644 1117 Usquequo
1669 1043 2107 1116 peccatores,'Do-

502 1139 661 1204 mine,
685 1154 947 1210 usquequo
961 1147 1249 1212 peccatores
1265 1137 1627 1212 gloriabuntur
1642 1137 1820 1208 (Psal.
1845 1154 1999 1205 xcm,
2021 1139 2109 1211 5)?

504 1230 572 1285 Et
601 1229 742 1286 infra
775 1248 788 1285 :
824 1229 893 1286 Et
921 1231 1184 1286 dixerunt.
1243 1229 1366 1286 Non
1397 1228 1582 1286 videbit
1629 1228 1911 1299 Dominus,
1944 1248 2105 1300 neque

499 1325 754 1396 intelliget
802 1323 945 1380 Deus
992 1323 1178 1379 Jacob.
1217 1324 1424 1392 Quibus
1481 1323 1780 1396 resp-audet
1837 1325 2104 1396 propheta

499 1417 726 1474 dicens:
755 1417 1040 1488 Intelligite
1067 1433 1206 1473 nunc
1226 1418 1527 1488 insipientes
1552 1419 1608 1472 in
1639 1419 1853 1492 populo,
1885 1429 1933 1474 et
1958 1418 2107 1473 stulti

498 1511 780 1583 aliquando
821 1512 1011 1582 sapite.
1043 1509 1148 1577 Qui
1174 1511 1428 1580 plantavit
1458 1527 1638 1566 aurem
1656 1551 1671 1570 .
1701 1527 1804 1566 non
1832 1512 1982 1566 audit
2010 1528 2029 1566 :
2056 1521 2105 1567 et

497 1603 588 1676 qui
607 1604 761 1673 ﬁnxit
781 1603 1009 1673 oculum,
1045 1620 1151 1659 non
1180 1605 1472 1660 considerat
1493 1605 1520 1658 .’
1543 1603 1647 1670 Qui
1668 1606 1880 1675 corripit
1903 1617 2100 1678 gentes,

497 1713 602 1752 non
643 1698 852 1769 arguit,
899 1699 990 1764 qui
1027 1698 1176 1753 docet
1206 1698 1463 1754 hominem
1506 1698 1817 1754 scientiam?
1845 1699 2101 1755 Dominus

2218 489 2355 547 adeo
2385 500 2444 545 ut
2491 489 2706 545 radices
2758 489 3017 545 arborum
3063 497 3160 545 aut
3207 497 3436 546 urantur
3465 489 3684 562 frigore,
3730 499 3830 546 aut

2215 580 2332 637 fotu
2361 581 2496 637 solis
2519 581 2812 637 virescant.
2846 581 3091 653 Denique
3137 579 3233 636 ubi
3256 581 3551 638 clementia
3577 581 3706 640 cmli
3734 596 3828 638 ar-

2213 674 2453 738 riserit,°
2474 673 2656 730 varios
2681 682 2825 729 terra
2856 687 2916 730 se
2947 671 3123 730 fundit
3153 673 3206 728 in
3228 672 3458 731 fructus.

2285 765 2378 824 56.
2406 765 2462 823 Si
2492 767 2655 836 igitur
2686 765 2870 822 radius
2897 765 3030 823 solis
3056 764 3232 822 fundit
3263 766 3446 823 lumen
3477 781 3634 823 suum
3652 781 3824 840 super

2211 874 2431 915 omnem
2458 868 2686 928 terram,
2714 869 2768 915 et
2800 860 2853 914 in
2883 875 2944 916 ea
2971 875 3092 931 qua:
3118 858 3304 916 clausa
3334 869 3484 933 sunt,
3511 876 3571 917 se
3599 860 3818 928 inserit,

2211 965 2313 1006 nec
2339 951 2582 1006 vecnibus
2613 949 2809 1006 ferreis
2851 961 2942 1006 aut
2970 950 3217 1019 gravium
3242 951 3522 1008 valvarum
3544 951 3820 1020 obicibus,

2208 1043 2500 1113 quominus
2533 1052 2801 1112 penetret,
2828 1042 3153 1114 impeditur;
3195 1042 3470 1115 quomodo
3501 1058 3608 1100 non
3636 1053 3821 1115 potest

2210 1136 2571 1210 iutelligihilis
2597 1137 2692 1193 Dei
2743 1137 3010 1208 Splendor
3038 1137 3092 1192 in
3141 1137 3503 1210 cogitationes
3530 1137 3816 1194 hominum

2209 1239 2263 1284 et
2289 1231 2457 1286 corda
2491 1241 2665 1286 semet
2695 1245 2816 1302 quae
2863 1230 2982 1300 ipse
3032 1231 3268 1299 creavit,
3303 1232 3544 1288 inserere
3573 1249 3586 1286 :
3620 1231 3717 1288 sed
3747 1247 3816 1288 ea

2207 1339 2327 1394 quae
2359 1323 2476 1394 ipse
2522 1322 2686 1392 fecit,
2721 1339 2828 1378 non
2858 1322 3035 1391 videt,
3086 1332 3142 1378 et
3181 1321 3308 1378 iecit
3351 1334 3410 1379 ut
3441 1323 3664 1382 meliora
3704 1327 3819 1381 sint

2205 1431 2329 1487 qua:
2358 1414 2499 1472 facta
2531 1425 2694 1482 sunt,
2741 1424 2794 1470 et
2823 1414 3150 1486 potentiora,
3180 1430 3342 1486 quam
3373 1415 3488 1486 ipse
3509 1427 3592 1471 est
3623 1415 3715 1489 qui
3745 1431 3815 1473 ea

2205 1506 2333 1565 fecit
2351 1550 2366 1574 ,
2399 1518 2454 1563 ut
2477 1509 2684 1579 possint
2708 1508 2926 1579 quando
2954 1509 3163 1574 volunt,
3185 1506 3548 1580 cognitionem
3569 1509 3652 1565 sui
3679 1525 3816 1581 ope-

2205 1601 2401 1656 ratoris
2425 1601 2636 1657 latere?
2662 1599 2891 1656 Tantam
2917 1615 3046 1672 ergo
3085 1599 3336 1656 virtutem
3385 1611 3440 1657 et
3481 1609 3811 1674 potestatem

2204 1693 2434 1749 inseruit
2465 1694 2741 1750 mentibus
2771 1694 3012 1760 nostris;
3071 1703 3131 1750 ut
3169 1709 3292 1750 eam
3341 1694 3814 1765 comprehendere

494 1790 592 1846 scit
615 1790 950 1860 cogitationes
975 1789 1264 1857 hominum,
1294 1790 1538 1862 quoniam
1563 1807 1708 1846 name
1727 1800 1847 1846 sunt
1873 1789 2038 1863 (Ibid.
2069 1791 2101 1846 7
2133 1801 2179 1862 Β
2205 1801 2328 1842 cum
2363 1786 2515 1855 velit,
2550 1787 2667 1858 ipse
2697 1801 2805 1842 non
2839 1786 3055 1858 possit?

493 1892 542 1938 et
572 1880 738 1954 seq.).
769 1881 870 1951 Qui
899 1896 963 1939 ea
992 1896 1348 1954 quaecumque
1375 1897 1514 1938 vana
1537 1890 1667 1938 sunt
1694 1881 2092 1955 deprehendit,

493 1991 557 2034 ea
583 1985 612 2014 ει
637 1993 760 2049 quae
787 1985 974 2033 sancta
1004 1985 1164 2046 sunt,
1216 1978 1418 2042 nescit,
1464 1987 1519 2034 et
1566 1978 1782 2050 ignorat
1807 1978 1950 2049 quod
1981 1978 2097 2050 ipse

495 2070 661 2127 fecit?
709 2057 897 2126 Potest
942 2085 1081 2142 opus
1131 2086 1289 2128 suum
1342 2075 1594 2144 ignorare
1648 2072 1872 2130 artifex?
1921 2073 2095 2128 Homo

493 2173 617 2232 est,
663 2171 722 2221 et
769 2165 822 2220 in
858 2180 1027 2237 opere
1057 2180 1158 2222 suo
1185 2168 1408 2223 latentia
1443 2167 1836 2238 deprehendit;
1866 2178 1924 2224 et
1952 2169 2096 2224 Deus

491 2271 630 2328 opus
667 2271 827 2314 suum
855 2257 1065 2313 nescit?
1108 2257 1285 2314 Altius
1313 2274 1446 2329 ergo
1465 2258 1797 2330 profundum
1819 2259 1874 2316 in
1902 2276 2090 2332 opere,

489 2363 652 2419 quam
682 2351 733 2404 in
763 2356 1012 2406 auctore.
1036 2349 1104 2405 Et
1125 2348 1255 2406 fecit
1279 2351 1482 2422 aliquid
1503 2352 1647 2422 quod
1664 2367 1826 2422 supra
1849 2369 1909 2409 se
1925 2362 2093 2420 esset,

490 2442 650 2514 cujus
681 2444 935 2500 meritum
963 2444 1241 2516 ignoraret
1270 2455 1482 2512 auctor,
1535 2448 1690 2519 cujus
1717 2447 1970 2506 affectum
1997 2465 2094 2506 nc-

491 2538 663 2596 sciret
685 2539 934 2597 arbiter?
960 2539 1094 2598 Haec
1123 2539 1255 2597 illis.

565 2633 657 2690 55.
691 2633 962 2691 Caeterum
1005 2633 1161 2692 nobis
1195 2635 1330 2691 satis
1357 2645 1440 2692 est
1470 2636 1640 2707 ipsius
1681 2637 2088 2704 testimonium,

485 2725 579 2796 qui
603 2727 710 2782 ait:
738 2725 850 2798 Ego
871 2743 986 2782 sum
1019 2736 1258 2784 scrutatis
1279 2729 1438 2785 corda
1458 2739 1505 2786 et
1527 2747 1673 2786 renes
1701 2729 1921 2804 (larem.
1955 2747 2087 2798 xvn,

488 2820 600 2890 l0).
638 2821 705 2875 Et
734 2821 786 2876 in
811 2821 1104 2893 Evangelio
1130 2822 1209 2879 ait
1238 2823 1500 2880 Dominus
1529 2823 1689 2880 Jesus
1717 2843 1730 2880 :
1766 2824 1908 2892 Quid
1944 2825 2090 2896 cogi-

484 2911 607 2965 tatis
635 2910 774 2965 mala
817 2912 871 2966 in
901 2910 1141 2968 cordibus
1173 2915 1353 2969 uestris
1401 2912 1554 2987 (Luc.
1584 2929 1637 2978 v,
1671 2912 1812 2985 22)?
1869 2913 2104 2980 Sciebat

485 3003 629 3059 enim
671 3003 816 3075 quod
873 3005 1180 3078 cogitarent
1231 3008 1394 3062 mala.
1447 3007 1692 3078 Denique
1737 3005 2086 3080 Evangelista

483 3106 714 3154 testatur
741 3098 928 3155 dicens
951 3116 966 3154 :
991 3098 1202 3157 Sciebat
1225 3100 1360 3156 enim
1377 3097 1531 3156 Iesus
1549 3100 1886 3172 cogitationes
1908 3117 2086 3157 eorum

488 3193 508 3264 (
534 3190 663 3247 Luc.
699 3207 752 3247 vt
773 3233 788 3260 ,
818 3193 899 3264 8).

553 3289 647 3345 54.
687 3289 928 3357 Quorum
982 3304 1090 3346 non
1135 3290 1336 3362 poterit
1363 3291 1496 3346 satis
1523 3305 1746 3348 movere
1766 3291 1988 3362 opinio,
2033 3291 2082 3346 si

478 3381 620 3441 facta
657 3399 848 3440 eorum
879 3384 1312 3441 consideremus.
1339 3383 1539 3440 Nolunt
1578 3399 1742 3456 supra
1768 3401 1828 3441 se
1855 3399 1978 3441 esse
1994 3386 2082 3456 ju-

478 3475 680 3543 dicem,
711 3491 873 3547 quem
905 3477 1041 3532 nihil
1072 3477 1256 3532 fallat:
1297 3477 1491 3532 nolunt
1517 3476 1564 3532 ei
1588 3475 1720 3532 dare
1739 3477 2078 3532 occultorum

476 3567 790 3632 scientiam,
819 3567 912 3638 qui
943 3576 1188 3623 metuunt
1207 3569 1418 3624 occulta
1448 3583 1543 3624 sua
1572 3567 1751 3638 prodi.
1776 3568 1884 3625 Sed
1913 3570 2077 3624 etiam

478 3660 742 3718 Dominus
769 3660 954 3716 sciens
990 3675 1157 3731 Opera
1206 3676 1421 3728 eorum,
1453 3660 1678 3717 tradidit
1701 3677 1796 3718 eos
1825 3663 1877 3718 in
1930 3673 2078 3720 tene-

475 3757 624 3814 bras.
655 3755 723 3812 ln
747 3767 921 3824 nocte,
965 3755 1174 3828 inquit,
1230 3757 1326 3812 erit
1367 3761 1476 3828 fur.
1530 3757 1596 3810 Et
1641 3759 1824 3812 oculus
1853 3758 2079 3814 adulteri

473 3848 694 3905 servabit
721 3849 976 3914 tenebras,
1001 3847 1176 3904 dicens
1193 3863 1212 3902 :
1245 3845 1369 3902 Non
1393 3847 1736 3904 considerabit
1767 3865 1846 3904 me
1873 3851 2076 3906 oculus:

471 3953 519 3997 et
547 3941 820 3997 latibulum
845 3957 1075 4012 persona:
1102 3941 1272 4013 posuit
1294 3957 1403 3996 sure
1433 3940 1554 4014 (Job
1586 3942 1952 4017 xxw,lb,15).
1973 3945 2077 4018 ιθ

473 4035 666 4093 Omnis
690 4036 835 4092 enim
863 4033 890 4075 δ
919 4035 1009 4106 qui
1037 4035 1214 4091 lucem
1247 4036 1400 4107 fugit,
1431 4033 1608 4108 diligit
1651 4037 1925 4105 tenebras,
1959 4048 2076 4093 stu-

469 4129 608 4186 dens
637 4129 826 4198 latere,
870 4144 992 4184 cum
1023 4129 1190 4184 Deum
1223 4127 1395 4184 latere
1425 4143 1528 4198 non
1555 4129 1762 4201 possit,
1795 4130 1886 4200 qui
1931 4131 2069 4185 intra

2805 1927 3040 1986 CAPUT
3090 1926 3206 1983 XV.

2202 2043 2404 2112 Quibus
2434 2043 2670 2114 displicet
2693 2043 2831 2114 quod
2861 2042 3005 2097 bonis
3029 2043 3184 2106 male,
3209 2049 3259 2098 et
3281 2041 3436 2097 malis
3463 2041 3591 2098 bene
3620 2043 3707 2108 sit,
3734 2044 3812 2099 eis

2270 2136 2460 2191 Lasari
2489 2136 2724 2206 exemplo
2754 2145 2802 2190 et
2847 2134 3006 2190 Pauli
3035 2136 3341 2191 auctoritate
3365 2135 3657 2192 ostenditur
3688 2147 3812 2207 post

2269 2230 2426 2284 vitam
2449 2245 2624 2301 pinnas
2648 2245 2710 2282 ac
2739 2229 2953 2300 praemia
2975 2228 3246 2284 reservari.

2269 2323 2359 2380 57.
2405 2323 2517 2378 Duo
2533 2323 2871 2378 absolvimus
2898 2329 2974 2388 et,
3002 2332 3062 2378 ut
3091 2322 3439 2388 arbitramur,
3474 2338 3581 2377 non
3612 2321 3808 2378 incon-

2192 2432 2326 2488 grue
2375 2418 2531 2474 uobis
2578 2417 2886 2488 hujusmodi
2929 2417 3130 2474 cecidit
3181 2390 3500 2488 disputatio.
3549 2416 3804 2474 Tertium

2193 2527 2366 2584 genus
2402 2513 2721 2583 quzestionis
2747 2512 2950 2569 residet
2977 2511 3320 2584 hujusmodi:
3347 2528 3447 2570 cur
3475 2522 3802 2585 peccatores

2193 2603 2470 2660 abundent
2499 2604 2691 2674 opibus
2724 2613 2780 2660 et
2816 2603 3042 2672 divitiis,
3090 2605 3379 2676 epuleutur
3405 2604 3638 2677 ‘iugiter,
3668 2607 3798 2662 sine

2192 2714 2449 2766 mmrore,
2479 2700 2598 2754 sine
2626 2701 2809 2766 luctu;
2831 2698 2964 2770 justi
2991 2708 3172 2754 autem
3203 2709 3420 2771 egeant,
3469 2709 3524 2754 et
3551 2699 3798 2756 allician-

2193 2802 2282 2848 tnr
2303 2804 2396 2848 aut
2423 2791 2712 2864 conjugum
2742 2791 3072 2860 amissione,
3103 2800 3198 2846 aut
3224 2790 3559 2847 liberorum?
3583 2791 3800 2860 Quibus

2193 2887 2508 2942 satisfacere
2537 2885 2723 2942 debuit
2749 2885 2840 2941 illa
2863 2885 3142 2956 Evangelii
3164 2885 3442 2956 parabola,
3476 2885 3617 2956 quod
3639 2884 3799 2942 dives

2191 2979 2354 3049 bysso
2375 2987 2432 3034 et
2459 2992 2696 3048 purpura
2726 2977 3078 3046 induebatur,
3124 2987 3180 3034 et
3201 2977 3394 3049 epulas
3422 2978 3674 3048 copio.~as
3698 2992 3799 3035 ex-

2188 3071 2412 3128 hibebat
2437 3072 2677 3144 quotidie
2708 3088 2722 3126 :
2769 3087 2976 3143 pauper
2999 3083 3180 3128 autem
3226 3071 3420 3143 plenus
3453 3072 3698 3128 ulcerum
3724 3073 3796 3130 de

2109 3203 2156 3265 Β
2189 3181 2376 3222 mensa
2415 3165 2533 3234 ejus
2557 3165 2846 3236 colligebat
2901 3167 3181 3236 reliquias.
3237 3166 3365 3222 Post
3417 3165 3624 3222 obitum
3657 3181 3794 3224 vero

2187 3260 2490 3331 utriusque,
2518 3274 2723 3330 pauper
2750 3267 2871 3314 erat
2899 3259 2950 3314 iu
2976 3261 3097 3315 sinu
3125 3258 3361 3315 Abraha:
3409 3259 3653 3331 requiem
3685 3260 3789 3315 lia-

2185 3352 2341 3419 heus,
2368 3352 2523 3408 dives
2542 3352 2595 3406 in
2613 3351 2904 3422 suppliciis
2923 3350 3326 3424 (Luc.xvt,‘25).
3351 3350 3541 3408 Nonne
3561 3351 3793 3408 evidens

2182 3454 2266 3502 est
2288 3445 2608 3502 meritorum
2633 3453 2727 3500 aut
2748 3443 2971 3516 praemia
2995 3451 3090 3500 aut
3113 3443 3380 3516 supplicia
3405 3452 3527 3514 post
3551 3450 3786 3500 mortem

2183 3542 2444 3598 manere?

2253 3636 2345 3692 58.
2391 3635 2460 3690 Et
2505 3645 2656 3691 recte
2681 3676 2696 3702 ,
2747 3634 2870 3706 quia
2902 3633 2956 3692 in
3001 3637 3298 3693 certamine
3328 3634 3482 3691 labor
3507 3643 3626 3704 est,
3661 3643 3790 3705 post

2178 3740 2454 3785 certamen
2487 3729 2611 3784 aliis
2662 3728 2922 3796 victoria,
2972 3730 3093 3784 aliis
3141 3728 3458 3800 ignominia.
3501 3728 3784 3800 Numquid
3888 3805 3897 3810 _

2179 3823 2493 3894 priusquam
2512 3838 2712 3878 cursus
2741 3822 3082 3891 conﬁciatur,
3109 3823 3286 3892 palma
3315 3819 3567 3892 cuiquam
3595 3821 3782 3890 datur,
3814 3848 3834 3890 χ

2175 3924 2271 3971 aut
2313 3915 2555 3972 defertur
2581 3917 2827 3973 corona?
2866 3916 3060 3972 Merito
3087 3916 3285 3971 Paulus
3317 3931 3330 3968 :
3361 3913 3662 3979 Certamen,
3698 3916 3786 3972 in-

2174 4011 2294 4081 quit
2315 4050 2328 4072 ,
2359 4012 2550 4064 bonum
2576 4011 2798 4078 certaui,
2839 4024 3053 4063 cursum
3083 4007 3454 4073 consummavi,
3481 4007 3636 4078 ﬁdem
3663 4024 3782 4062 ser-

2173 4101 2332 4156 vavi:
2381 4101 2519 4172 quod
2568 4101 2825 4170 reliquum
2877 4110 2980 4166 est,
3035 4101 3264 4172 reposita
3305 4108 3375 4154 est
3427 4097 3554 4152 milii
3584 4115 3784 4155 corona

469 4222 795 4294 profundum
828 4219 1046 4295 abyssi,
1094 4229 1149 4277 et
1180 4221 1318 4276 intra
1367 4220 1649 4278 hominum
1700 4229 1910 4278 mentes
1963 4239 2068 4278 non

2199 4196 2419 4263 ustitiaa,
2459 4211 2614 4266 quam
2643 4193 2821 4249 reddet
2868 4192 2994 4248 mihi
3038 4190 3294 4247 Dominus
3327 4192 3426 4264 17
3452 4191 3506 4246 in
3535 4191 3628 4246 illa
3666 4192 3780 4261 die,

469 4317 645 4372 solum
715 4323 986 4383 tractata,
1048 4313 1143 4370 sed
1199 4314 1362 4370 etiam
1425 4313 1695 4370 volvenda
1764 4319 2067 4387 cognoscit.

468 4411 712 4484 Denique
739 4421 792 4468 et
818 4410 916 4468 ille
943 4411 1034 4482 qui
1067 4410 1200 4466 dicit
1220 4410 1272 4464 in
1302 4409 1687 4466 Ecclesiastico
1714 4426 1728 4462 :
1764 4411 1892 4477 Quis
1935 4411 2070 4468 videt

469 4507 587 4563 me?
633 4506 700 4562 Et
749 4505 968 4563 tenebrae
1007 4505 1309 4578 coaperiunt
1356 4521 1478 4571 me,
1524 4517 1575 4560 et
1615 4508 1870 4576 parietes.
1912 4526 2064 4581 quem

465 4617 638 4658 vereor
663 4602 683 4672 (
709 4598 876 4655 Eccli.
905 4615 1060 4666 mn,

463 4693 670 4766 positus
697 4692 814 4750 hinc
857 4693 1082 4765 cogitet,
1116 4692 1205 4749 ubi
1237 4708 1342 4748 non
1370 4693 1674 4763 putaverit,
1702 4696 2066 4763 comprehen-

461 4788 630 4845 ditur.
660 4787 726 4842 Et
757 4787 882 4852 erit,
937 4787 1131 4857 inquit,
1166 4786 1408 4852 dedecus,
1457 4786 1598 4859 quod
1624 4803 1728 4842 non
1757 4787 2062 4844 intellexerit

461 4882 696 4937 timorem
719 4877 818 4935 Dei
843 4877 1010 4950 (Ibid.
1041 4877 1180 4954 ὧι).

529 4972 618 5030 55.
662 4969 806 5040 Quid
827 4980 1006 5026 autem
1040 4977 1149 5026 tam
1179 4970 1460 5037 stolidum,
1491 4987 1654 5043 quam
1679 4982 1871 5044 putare
1911 4974 2054 5044 quod

462 5067 635 5125 Deum
664 5064 960 5137 quidquam
1013 5075 1334 5136 praetereat;
1390 5079 1512 5121 cum
1557 5065 1639 5122 sol
1669 5066 1758 5136 qui
1809 5065 2056 5123 minister

452 5158 673 5216 luminis
699 5167 806 5225 est,
837 5159 1003 5214 etiam
1033 5155 1216 5214 abdita
1245 5165 1518 5228 penetret,
1542 5169 1595 5214 et
1622 5161 1676 5214 in
1702 5157 2052 5217 fundamenta

451 5249 648 5308 domus
667 5250 752 5306 vel
778 5255 993 5306 secreta
1016 5247 1296 5304 conclavia
1327 5249 1407 5306 vis
1451 5249 1650 5306 caloris
1693 5251 1809 5320 ejus
1856 5252 2053 5306 irrum-

454 5343 579 5411 pat?
628 5341 760 5410 Quis
787 5348 950 5412 neget
1005 5355 1176 5396 verna
1224 5341 1486 5411 temperie
1517 5341 1757 5412 tepefieri
1789 5342 2049 5400 interiora

450 5439 742 5500 terrarum,
789 5445 924 5503 quas
951 5429 1156 5503 glacies
1186 5430 1414 5486 hiberna
1454 5432 1887 5488 constrinxerit?
1937 5433 2047 5489 No-

453 5568 524 5626 de
559 5570 670 5642 diis,
702 5567 930 5642 indigna
957 5565 1271 5642 fabulantes
1303 5581 1459 5642 negat
1487 5569 1804 5635 audiendos,
1833 5586 2052 5628 eorum-

454 5655 562 5714 que
605 5638 838 5714 fabulas:
861 5639 1060 5714 ibidem
1112 5638 1204 5696 lib.
1238 5657 1344 5706 Juv,
1375 5638 1511 5711 'cap.
1537 5643 1604 5710 8,
1648 5644 1881 5714 exagitat
1909 5662 1922 5700 :
1952 5644 2050 5700 sed

453 5709 559 5768 hoc
585 5711 756 5768 multo
777 5709 998 5765 uberius
1018 5719 1304 5784 tractatum
1335 5709 1573 5784 reperias
1592 5709 1734 5784 apud
1755 5709 2047 5772 Platonem

452 5800 574 5872 cum
594 5784 737 5872 'i‘ll‘lglil
764 5823 780 5849 ,
803 5783 1242 5872 ututttmpraucipue
1273 5783 1426 5872 libris
1466 5803 1536 5872 ιιζ
1558 5783 1644 5872 ut,
1669 5797 1725 5872 et
1757 5787 1892 5872 χιιιξὶ
1911 5787 2047 5872 Ιὶςρ.

525 5865 565 5899 ⁸·
589 5854 736 5919 Edit.
768 5869 890 5912 cum
926 5867 1058 5910 mss.
1106 5857 1345 5930 aliquot,
1369 5873 1483 5930 qua:
1508 5863 1644 5932 facta
1673 5867 1826 5916 sunt.
1859 5857 1967 5918 Sed
1992 5854 2048 5917 in

2160 4291 2340 4363 justus
2360 4289 2530 4362 judea:
2555 4306 2575 4345 :
2606 4307 2710 4345 non
2737 4289 2907 4346 solum
2933 4299 3105 4343 autem
3127 4288 3274 4355 mihi,
3297 4290 3386 4344 sed
3403 4287 3557 4344 etiam
3582 4287 3662 4341 his
3685 4288 3779 4356 qui

2170 4383 2395 4454 diligunt
2441 4383 2717 4438 adventum
2757 4386 2869 4456 ejus
2919 4381 2999 4454 (11
3025 4381 3162 4436 Tim.
3196 4396 3274 4448 tv,
3308 4381 3339 4435 7
3363 4422 3378 4448 ,
3409 4379 3500 4452 8).
3534 4377 3599 4434 In
3646 4366 3776 4445 illa,
3815 4362 3837 4493 ἐ

2171 4477 2368 4547 inquit,
2398 4477 2484 4532 die
2512 4478 2708 4544 reddet,
2742 4492 2852 4533 non
2882 4477 2988 4532 hic.
3028 4477 3124 4532 llic
3165 4485 3346 4532 autem
3376 4475 3430 4530 in
3463 4472 3773 4540 laboribus,

1110 4565 1204 4666 '25,
1243 4597 1377 4668 26)?
1403 4565 1657 4670 qu'amvi's
1689 4598 1741 4654 in
1782 4565 1945 4672 106⁷ωὲ
1965 4617 2064 4658 suo
2091 4593 2143 4652 ι)
2169 4567 2224 4623 in
2255 4569 2636 4672 periculispin
2679 4568 3008 4672 naufragiis,
3034 4571 3193 4672 quasi
3221 4569 3428 4672 athleta
3467 4568 3643 4672 bonus
3673 4565 3774 4672 de-

2167 4663 2441 4728 certabat;
2488 4663 2611 4733 quia
2642 4664 2854 4720 sciebat
2883 4663 3140 4734 quoniam
3177 4679 3272 4734 per
3319 4663 3514 4718 multas
3545 4659 3776 4717 tribula-

2168 4756 2345 4814 tiones
2370 4767 2585 4827 oportet
2610 4773 2710 4814 nos
2739 4757 2968 4814 introire
2999 4757 3052 4813 in
3084 4773 3310 4830 regnum
3345 4757 3461 4813 Dei.
3493 4755 3636 4826 Ergo
3657 4771 3770 4812 non

2162 4860 2343 4922 petest
2383 4851 2506 4922 quis
2534 4852 2818 4922 praemium
2849 4850 3119 4922 accipere,
3149 4849 3270 4920 ,nisi
3319 4848 3560 4920 legitime
3587 4858 3774 4904 certa-

2159 4947 2327 5014 verit;
2353 4961 2454 5003 nec
2485 4957 2570 5002 est
2600 4946 2834 5018 gloriosa
2865 4946 3110 5014 victoria,
3147 4943 3251 5000 nisi
3282 4945 3371 5001 ubi
3394 4941 3769 5001 fuerintlabo-

2161 5042 2307 5098 riosa
2336 5043 2659 5098 certamina.

2752 5153 2980 5211 CAPUT
3020 5153 3165 5210 XVI.

2159 5268 2476 5342 Conﬁrmata
2501 5271 2640 5342 quod
2665 5287 2823 5342 supra
2851 5271 2915 5324 de
2937 5269 3165 5342 praemiis
3181 5279 3229 5324 et
3249 5268 3412 5342 poenis
3433 5269 3626 5323 dictum
3649 5271 3767 5340 [ue-

2226 5372 2330 5432 rat,
2362 5363 2694 5438 subjungitur
2721 5365 3038 5432 nonfmirum
3061 5380 3172 5420 esse
3199 5364 3243 5418 si
3277 5364 3460 5434 quibus
3489 5379 3680 5418 merces
3706 5363 3765 5420 in

2227 5462 2404 5530 futuro
2444 5475 2548 5513 non
2595 5459 2914 5526 destinatur,
2942 5458 3027 5512 hic
3063 5457 3144 5513 illi
3190 5474 3292 5513 non
3339 5456 3567 5512 laborent
3599 5473 3766 5528 neque

2153 5575 2400 5645 plurimis
2435 5589 2498 5629 ac
2523 5573 2922 5643 probatissimis
2951 5573 3150 5645 legitur
3173 5590 3290 5646 qua:
3315 5581 3494 5628 sancta
3521 5583 3663 5628 sunt.
3700 5573 3760 5631 In

2149 5661 2254 5718 qua
2277 5647 2513 5718 lectione
2541 5647 2682 5700 inest
2705 5646 2997 5718 antithesis
3027 5661 3134 5702 non
3165 5647 3464 5715 inelegans.

2225 5716 2253 5756 δ
2279 5717 2439 5771 Rom.
2467 5718 2599 5771 edit.
2625 5717 2714 5785 qui
2737 5717 2870 5770 male
2899 5717 3026 5786 agit,
3054 5718 3220 5770 lucem
3249 5718 3402 5787 fugit,
3433 5725 3539 5770 etc.

2231 5801 2253 5828 ε
2293 5789 2419 5846 Mss.
2448 5790 2678 5860 aliquot,
2709 5788 2878 5844 rarios
2910 5800 3074 5845 terras
3103 5787 3320 5856 etfundit
3351 5789 3406 5842 in
3431 5789 3653 5858 fructus.
