4078 6306
241 271 301 327 Μ
1313 275 1404 334 DE
1441 276 1733 339 OFFICIIS
1771 281 2256 348 MINISTRORUM
2294 289 2424 347 LIB.
2471 291 2512 347 Ι.
3495 301 3572 358 ιιι

313 392 609 490 conﬂigant
711 397 1021 469 additurque
1058 402 1173 458 ideo
1209 408 1516 476 temporalia
1563 407 1696 462 bona
1733 410 1861 479 ipsis
1886 424 1936 485 Α
1966 415 2148 486 loqui,
2182 426 2238 472 ut
2286 416 2543 489 parvulus
2583 417 2860 490 cogitare,
2895 426 2956 474 ttt
2982 421 3246 487 parvulus
3287 422 3571 482 vindicare

311 488 556 556 concedi,
590 507 655 544 ne
677 508 781 556 qua
805 493 1128 564 relinquatur
1157 499 1439 554 excusatio.

315 600 410 657 59.
453 601 654 660 Nonne
685 606 918 678 injustus
948 616 1034 665 est
1053 651 1070 677 ,
1097 611 1189 680 qui
1218 621 1243 648 α
1265 621 1392 668 ante
1412 613 1504 669 dat
1535 616 1812 684 prtemium
1833 659 1849 685 ,

243 709 405 765 quam
435 706 721 755 certamen
755 699 920 757 fuerit
948 702 1298 759 absolutum?
1323 705 1562 779 Ideoque
1590 709 1853 765 Dominus

243 787 294 845 in
328 789 630 862 Evangelio
651 795 765 849 ait:
799 795 948 852 Beati
975 815 1226 869 pauperes
1247 801 1436 872 spiritu
1455 845 1470 867 ,
1503 805 1746 870 quoniam
1770 805 1852 875 ip-

243 898 422 938 sorum
450 895 530 940 est
556 902 769 958 regnum
796 889 1044 946 caelorum
1070 891 1303 967 (Matth.
1334 909 1384 962 v,
1415 892 1491 967 ὃ).
1522 894 1644 951 Non
1674 896 1811 951 dixit
1834 913 1849 950 :

245 979 396 1034 Beati
425 979 660 1048 divites,
707 983 804 1040 sed
838 1001 1132 1057 pauperes.
1165 987 1296 1044 Inde
1335 989 1528 1061 incipit
1567 990 1852 1047 beatitudo

238 1070 451 1143 judicio
471 1072 660 1131 divino
675 1117 690 1142 ,
714 1077 805 1134 ubi
827 1095 1071 1136 :erumna
1091 1081 1398 1137 aestimatur
1419 1082 1676 1138 humana.
1700 1084 1852 1140 Beati

240 1164 326 1230 qui
359 1165 595 1220 esuriant
619 1208 635 1234 ,
663 1167 784 1238 quia
810 1169 912 1242 ipsi
938 1172 1327 1227 saturabnnlur.
1351 1171 1500 1226 Beati
1529 1174 1618 1242 qui
1640 1175 1848 1245 lugent,

239 1259 488 1327 quoniam
515 1259 615 1328 ipsi
643 1261 1045 1317 consolationem
1075 1264 1350 1319 habebunt.
1380 1263 1531 1319 Beati
1560 1266 1850 1320 misericor-

239 1351 367 1414 des,
417 1351 663 1422 quoniam
704 1353 832 1422 ipsis
876 1357 1200 1412 miserebitur
1242 1357 1402 1413 Deus.
1455 1357 1612 1414 Beati
1655 1360 1850 1415 mundo

238 1443 428 1510 corde,
465 1446 711 1516 quoniam
739 1447 841 1518 ipsi
872 1447 1038 1504 Deum
1072 1451 1327 1507 videbunt.
1362 1451 1510 1507 Beati
1539 1456 1627 1524 qui
1671 1470 1846 1527 perse-

238 1537 498 1591 cutionem
527 1539 796 1608 patiuntur
818 1552 1030 1613 propter
1040 1544 1326 1616 justitiam,
1356 1547 1597 1614 quoniam
1615 1549 1846 1619 ipsorum

236 1637 308 1683 est
355 1646 575 1702 regnum
624 1633 889 1688 caelorum.
939 1632 1089 1690 Beati
1141 1637 1292 1704 estis,
1324 1654 1441 1691 cum
1493 1639 1633 1694 vobis
1688 1639 1847 1693 male-

238 1723 450 1791 dicent,
478 1734 526 1780 et
553 1739 922 1798 persequentur
944 1773 958 1797 ,
992 1740 1040 1785 et
1067 1731 1234 1785 dicent
1263 1749 1411 1786 omne
1443 1734 1637 1788 malum
1667 1735 1848 1789 adver-

1956 521 2020 561 ea
2047 524 2167 577 qua:
2197 519 2322 563 sunt
2355 509 2680 578 posterioris
2711 511 2908 566 aetatis.
2945 510 3314 569 Perfectorum
3347 526 3431 572 est
3469 533 3564 573 co-

1957 593 2110 634 rona.
2137 579 2406 650 Exspecta
2428 622 2443 645 ,
2469 591 2527 636 ut
2550 583 2737 636 veniat
2761 581 2904 652 quod
2929 583 3228 653 perfectum
3255 595 3337 642 est
3355 628 3370 654 ,
3393 604 3567 658 quan-

1955 670 2026 726 do
2047 687 2154 727 non
2185 687 2282 742 per
2307 674 2547 744 speciem
2576 673 2629 729 in
2652 674 2973 746 mnigmate,
2999 676 3094 731 sed
3119 675 3257 733 facie
3277 679 3342 732 ad
3369 679 3564 734 faciem

1954 763 2186 820 formam
2219 767 2390 836 ipsam
2423 767 2732 838 redoperta:
2757 768 3008 824 veritatis
3039 771 3216 839 possis
3244 787 3559 843 agnoscere.

1956 855 2107 912 Tunc
2135 873 2239 929 qua
2268 873 2432 914 causa
2461 859 2554 915 ille
2581 861 2736 916 dives
2763 861 2965 927 fuerit,
2998 863 3088 932 qui
3119 874 3238 919 erat
3282 865 3567 935 improbus

1952 957 2009 1003 et
2037 957 2223 1019 raptor
2250 950 2412 1006 alieni
2434 992 2448 1018 ,
2481 968 2586 1022 qua
2617 968 2778 1008 causa
2828 962 3024 1022 potens
3071 955 3238 1022 alius,
3272 973 3374 1028 qua
3400 974 3564 1015 causa

1953 1042 2050 1099 ille
2079 1044 2435 1102 abundaverit
2467 1046 2688 1116 liberis,
2721 1046 2815 1103 ille
2837 1047 3008 1104 fultus
3033 1047 3332 1107 honoribus
3353 1094 3368 1120 ,
3399 1068 3564 1111 reve-

1953 1136 2179 1192 labitur.

2024 1232 2114 1287 65.
2155 1234 2415 1291 Fortasse
2446 1245 2506 1292 nt
2533 1236 2750 1294 dicatur
2779 1238 2991 1308 raptori
3017 1255 3029 1292 :
3066 1239 3232 1296 Dives
3257 1255 3382 1295 eras
3407 1283 3421 1307 ,
3456 1256 3563 1311 qua

1951 1343 2114 1384 causa
2141 1329 2320 1386 aliena
2351 1332 2645 1400 rapiebas?
2693 1334 2922 1402 Egestas
2953 1350 3062 1389 non
3105 1335 3409 1406 compulit,
3442 1335 3563 1392 ino-

1951 1422 2039 1492 pia
2070 1437 2176 1478 non
2203 1425 2402 1496 coegit.
2432 1425 2625 1482 Nonne
2652 1427 2775 1482 ideo
2807 1437 2858 1483 te
2887 1427 3111 1483 divitem
3143 1427 3245 1483 feci
3270 1470 3284 1494 ,
3316 1437 3375 1482 ut
3399 1443 3568 1484 excu-

1949 1517 2217 1573 sationem
2245 1517 2450 1574 habere
2476 1536 2583 1574 non
2618 1520 2832 1591 possis?
2861 1521 3084 1577 Dicatur
3110 1523 3274 1576 etiam
3311 1523 3521 1592 potenti
3547 1539 3561 1574 :

1947 1606 2060 1664 Cur
2104 1625 2211 1664 non
2243 1610 2468 1666 adfuisti
2509 1613 2688 1668 viduas
2709 1656 2724 1680 ,
2755 1612 3022 1683 orphauis
3051 1629 3270 1684 quoque
3313 1614 3562 1683 injuriam

1952 1703 2326 1773 patientibus?
2360 1703 2634 1776 Numquid
2676 1717 2731 1761 tu
2783 1706 3036 1762 infirmus
3081 1708 3245 1762 eras?
3288 1707 3562 1777 Numquid

235 1833 350 1872 sum
381 1834 469 1873 eos
489 1860 506 1885 ,
546 1831 756 1890 propter
775 1822 1059 1893 justitiam.
1091 1823 1325 1880 Gaudete
1353 1837 1400 1882 et
1431 1828 1685 1882 exsultate
1713 1845 1844 1896 quo-
1875 1828 1924 1888 B
1949 1812 2062 1854 non
2093 1808 2317 1896 Poieras
2363 1799 2703 1854 subveuire?
2734 1800 2862 1856 meo
2905 1810 2957 1855 te
2998 1799 3103 1856 [eoi
3147 1808 3460 1896 muniem’

237 1912 386 1964 niam
413 1928 604 1968 merces
634 1924 802 1970 uestra
824 1911 1036 1987 copiosa
1048 1926 1122 1971 est
1136 1917 1191 1972 in
1204 1918 1333 1972 cwlo
1353 1918 1547 1992 (lbid.,
1574 1921 1608 1976 5
1625 1929 1671 1974 et
1687 1920 1841 1990 seq.).

237 2002 538 2074 Futurum,
581 2021 687 2061 non
736 2017 1098 2078 praesentem:
1131 2010 1186 2065 in
1233 2011 1415 2080 coelo,
1450 2029 1558 2068 non
1600 2014 1652 2068 in
1699 2025 1843 2068 terra

238 2097 555 2154 mercedem
587 2100 836 2170 promisit
866 2116 990 2157 esse
1021 2102 1379 2160 reddendam.
1410 2105 1552 2174 Quid
1582 2106 1712 2162 alibi
1742 2122 1841 2176 po-

236 2190 377 2256 scis,
409 2190 555 2261 quod
581 2191 708 2248 alibi
735 2192 1013 2251 debetur?
1039 2197 1169 2267 quid
1203 2213 1552 2269 prmpropere
1581 2214 1840 2255 coronam

235 2283 442 2356 exigis,
472 2296 764 2357 antequam
794 2289 1016 2344 vincas?
1045 2291 1172 2362 quid
1202 2291 1488 2364 detergere
1515 2295 1842 2366 pulverem?

235 2379 366 2451 quid
398 2384 746 2452 requiescere
773 2385 975 2455 cupis?
1001 2386 1129 2456 quid
1169 2388 1380 2458 epulari
1422 2389 1627 2460 gestis,
1677 2398 1838 2445 ante-

235 2489 399 2545 quam
448 2477 687 2533 stadium
731 2479 1016 2549 solvatur)
1069 2481 1264 2539 Adhuc
1313 2485 1546 2554 pepulus
1585 2493 1836 2556 spectat,

235 2569 414 2627 adhuc
440 2572 662 2630 athletze
685 2573 714 2614 δ
739 2574 793 2631 in
826 2587 1126 2636 scammate
1154 2588 1311 2646 sunt,
1351 2589 1407 2636 et
1440 2589 1496 2636 tu
1519 2579 1636 2652 jam
1665 2583 1838 2640 otium

234 2664 396 2734 petis.

304 2756 398 2814 60.
440 2757 548 2815 Sed
589 2760 733 2818 forte
782 2761 974 2820 dicas:
1029 2764 1139 2821 Cur
1187 2765 1340 2837 impii
1388 2765 1690 2824 laetantur?
1739 2783 1840 2826 cur

231 2850 626 2911 luxuriantur?
656 2872 755 2913 cur
783 2859 946 2914 etiam
984 2859 1087 2932 ipsi
1129 2877 1237 2917 non
1278 2877 1492 2918 meeum
1549 2864 1839 2920 laborant?

231 2945 504 3014 Quoniam
531 2949 623 3019 qui
669 2965 776 3005 non
819 2951 1244 3024 subscripserint
1273 2955 1339 3012 ad
1369 2970 1630 3012 coronam
1657 2997 1674 3024 ,
1725 2972 1836 3012 non

231 3049 490 3099 tenentur
515 3045 581 3100 ad
610 3045 852 3102 laborem
874 3050 1194 3106 certaminis
1219 3067 1234 3105 :
1266 3051 1356 3122 qui
1386 3051 1439 3106 in
1464 3051 1696 3107 stadium
1726 3067 1834 3109 non

229 3134 656 3205 descenderint,
701 3154 813 3196 non
861 3155 922 3196 se
970 3141 1302 3212 perfundunt
1348 3145 1510 3212 oleo,
1545 3161 1653 3200 non
1690 3145 1832 3201 obli-

1948 1909 2056 1949 non
2104 1893 2340 1950 inferres
2378 1895 2696 1950 violentiam
2724 1939 2738 1962 ,
2784 1897 2880 1950 sed
2935 1895 3253 1962 repelleres.
3306 1893 3422 1950 Non
3465 1892 3566 1948 tibi

1947 1991 2213 2060 scriptum
2245 1998 2369 2043 est:
2401 1987 2566 2058 Eripe
2591 1988 2843 2062 injuriam
2871 1987 3212 2060 accipientem
3238 1985 3432 2058 (Eccli.
3468 2001 3560 2053 tv,

1945 2087 2040 2157 9)?
2071 2085 2187 2141 Non
2219 2086 2314 2143 tibi
2358 2085 2623 2155 scriptum
2655 2095 2743 2140 est
2770 2102 2782 2139 :
2816 2083 3112 2154 Pauperem
3133 2125 3148 2149 ,
3178 2092 3226 2136 et
3250 2099 3469 2153 egenum
3499 2083 3564 2136 de

1944 2198 2103 2236 manu
2146 2180 2436 2254 peccatoris
2482 2178 2696 2235 liberate
2745 2176 2935 2253 (Psal.
2969 2193 3157 2242 um,
3184 2174 3290 2246 4)?
3340 2175 3564 2230 Dicatur

1941 2275 2105 2331 etiam
2156 2273 2497 2330 abundanti:
2546 2272 2801 2337 Liberis,
2831 2282 2887 2327 et
2937 2270 3238 2326 honoribus
3280 2269 3558 2325 cumulavi

1944 2376 2034 2435 te,
2084 2366 2466 2423 salubritatem
2520 2365 2772 2435 c0rporis
2821 2363 3070 2420 concessi
3123 2363 3261 2429 tibi;
3306 2378 3404 2417 cur
3454 2376 3565 2416 non

1943 2469 2165 2517 secutus
2195 2476 2256 2517 es
2283 2468 2562 2532 praecepta
2617 2458 2778 2513 mea?
2808 2456 3033 2512 Famulc
3063 2471 3220 2510 meus
3239 2499 3254 2521 ,
3282 2455 3412 2526 quid
3459 2453 3564 2509 feci

1944 2553 2080 2622 tibi,
2120 2563 2215 2608 aut
2242 2553 2373 2625 quid
2403 2551 2728 2608 contristavi
2763 2550 2855 2606 te?
2897 2549 3087 2604 Nonne
3124 2564 3229 2618 ego
3275 2546 3370 2602 tibi
3419 2546 3559 2602 libe-

1941 2662 2032 2704 ros
2080 2647 2243 2712 dedi,
2295 2647 2539 2703 honores
2592 2645 2837 2710 contuli,
2889 2644 3123 2698 salutem
3169 2641 3406 2706 donavi;
3457 2655 3561 2696 cur

1943 2758 2032 2798 me
2049 2742 2286 2814 negabas
2305 2742 2329 2796 Ἰ
2355 2742 2466 2798 Cur
2482 2741 2793 2797 {estimabas
2815 2738 2958 2808 quod
2987 2740 3053 2792 ad
3075 2738 3358 2794 scientiam
3384 2751 3557 2790 meam

1939 2851 2062 2908 quae
2105 2850 2328 2907 gereres
2359 2851 2466 2890 non
2520 2833 2879 2906 pervenirent
2925 2850 2937 2885 :
2987 2847 3088 2886 cur
3133 2831 3361 2886 tenebas
3415 2829 3557 2884 dona

1941 2946 2061 2986 mea
2081 2972 2096 2997 ,
2125 2929 2468 2999 despiciebas
2497 2927 2750 2984 mandata
2783 2942 2900 2981 mea
2929 2925 3118 2996 (Miclt.
3147 2941 3198 2979 vt
3219 2965 3234 2989 ,
3264 2924 3299 2978 5
3319 2933 3368 2978 et
3397 2922 3556 2994 δρψ).

2011 3024 2100 3080 64.
2144 3024 2385 3094 Denique
2425 3023 2495 3078 de
2532 3023 2672 3078 Juda
2713 3021 3000 3089 proditore
3030 3019 3148 3076 haec
3195 3019 3459 3089 colligere
3484 3018 3561 3073 li-

1937 3127 2061 3186 cet,
2103 3118 2193 3189 qui
2226 3126 2283 3174 et
2319 3116 2602 3188 apostolus
2645 3116 2785 3170 inter
2829 3114 3121 3169 duodecim
3168 3112 3380 3169 electus
3430 3118 3516 3168 est
3544 3153 3561 3180 ,

230 3240 366 3284 nunt
395 3234 642 3301 pulvere.
671 3231 821 3301 Quos
852 3245 1036 3292 manet
1064 3238 1238 3308 gloria
1261 3281 1275 3305 ,
1305 3249 1587 3308 ex5pectat
1615 3239 1830 3310 injuria.

1949 3223 1995 3270 et
2033 3213 2244 3268 loculos
2287 3211 2645 3284 pecuniarum
2694 3225 2828 3281 quas
2876 3209 3211 3280 pauperibus
3261 3216 3558 3279 erogaret,

232 3332 256 3361 ο
297 3321 635 3394 Unguentati
677 3337 928 3398 spectare
970 3330 1184 3399 solent,
1225 3349 1335 3388 non
1367 3333 1692 3390 decertare:
1727 3351 1836 3391 non

227 3416 447 3485 solem,
495 3428 697 3487 aestus,
749 3423 1068 3494 pulverem,
1111 3425 1422 3497 imbresque
1463 3425 1695 3496 perpeti.
1739 3427 1834 3482 Di-

226 3519 366 3564 cant
394 3524 528 3582 ergo
555 3521 612 3568 et
638 3512 769 3582 ipsis
807 3515 1026 3573 athleta:
1057 3533 1071 3571 :
1105 3515 1300 3573 Venite
1322 3558 1336 3583 ,
1371 3518 1655 3575 nobiscum
1686 3519 1839 3575 labo-

227 3610 373 3658 rate.
417 3601 528 3660 Sed
571 3605 978 3678 respondebunt
1025 3617 1408 3680 spectatores:
1443 3610 1552 3666 Nos
1581 3612 1669 3667 hic
1700 3612 1839 3669 inte-

226 3694 334 3751 rim
368 3694 443 3752 de
469 3697 627 3754 vobis
650 3699 997 3771 judicamus:
1029 3719 1128 3760 vos
1157 3715 1337 3760 autem
1384 3706 1505 3762 sine
1543 3706 1700 3764 nobis
1745 3721 1840 3763 co-

229 3802 408 3856 rene,
438 3789 484 3844 si
511 3788 755 3849 viceritis
775 3835 791 3860 ,
820 3795 1052 3866 gloriam
1079 3797 1458 3854 vindicabitis.

296 3883 394 3940 61.
433 3883 528 3940 Isti
572 3885 740 3958 igitur
767 3889 858 3960 qui
904 3890 962 3945 in
993 3891 1228 3961 deliciis,
1261 3894 1353 3966 qui
1385 3895 1440 3951 in
1473 3894 1711 3966 luxuria,
1752 3912 1842 3953 ra-

226 3977 407 4049 pinis,
439 3983 774 4052 quaestibus,
805 3983 1136 4055 honoribus,
1165 3988 1343 4044 studia
1373 4002 1675 4061 posuerunt
1703 4006 1838 4063 sua,

190 4109 194 4112 ~
228 4085 576 4145 spectatores
613 4079 789 4150 magis
842 4089 970 4136 sunt
1021 4097 1186 4153 quam
1221 4086 1583 4153 przeliatores.
1629 4087 1845 4144 [labent

227 4164 254 4203 ἀ
281 4169 495 4226 lucrum
521 4171 749 4242 laboris,
781 4173 1020 4231 fructum
1059 4176 1279 4232 virtutis
1311 4180 1416 4251 18
1460 4195 1566 4235 non
1615 4181 1836 4237 habent.

228 4261 439 4320 Fovent
467 4253 637 4322 otium
658 4308 676 4334 ,
707 4270 907 4324 astutia
934 4277 991 4326 et
1017 4270 1372 4341 improbitate
1397 4283 1660 4344 aggerant
1703 4275 1842 4332 divi-

229 4354 429 4410 tiarum
453 4371 682 4415 acervos
710 4376 725 4412 :
754 4360 850 4416 sed
879 4363 1169 4420 exsolverat
1188 4402 1205 4430 ,
1237 4378 1416 4420 seram
1446 4364 1575 4421 licet
1595 4406 1610 4430 ,
1644 4367 1842 4437 nequi-

226 4448 316 4504 tia:
359 4464 474 4505 sua:
520 4466 760 4522 pinnam.
801 4452 1008 4510 Horum
1055 4457 1274 4528 requies
1323 4457 1377 4513 in
1427 4457 1702 4527 infernis,
1751 4469 1841 4515 tua

226 4554 358 4597 vero
388 4543 442 4599 in
490 4545 677 4601 ctelo:
727 4547 924 4603 horum
971 4549 1167 4607 domus
1211 4550 1266 4606 in
1301 4552 1594 4622 sepulcro,
1642 4561 1733 4607 tua
1785 4552 1840 4608 in

227 4636 506 4703 paradiso.
546 4637 702 4696 Unde
744 4641 976 4710 pulchre
1009 4642 1239 4712 vigilare
1265 4658 1364 4700 eos
1406 4645 1460 4700 in
1496 4646 1706 4702 tumulo
1735 4645 1839 4702 Job

226 4726 364 4783 dixit
401 4727 550 4800 (Job.
593 4747 726 4799 ut,
757 4733 885 4807 32);
918 4736 1045 4807 quia
1082 4751 1338 4808 soporem
1383 4740 1584 4811 quietis
1633 4740 1840 4798 habere

227 4838 334 4878 non
365 4835 622 4894 possunt,
654 4843 816 4898 quem
849 4829 944 4885 ille
970 4829 1267 4898 dormivit,
1299 4833 1391 4905 qui
1423 4835 1748 4890 resurrexit.

297 4915 391 4972 62.
423 4916 550 4975 Noli
601 4920 765 4991 igitur
804 4930 865 4978 ut
908 4925 1168 4995 parvulus
1206 4941 1438 4998 sapere,
1477 4938 1536 4984 ut
1581 4928 1842 5000 parvulus

297 5063 325 5092 ιι
354 5054 480 5136 Era.
507 5065 563 5111 et
583 5067 874 5128 sequentes
894 5059 1165 5136 edit.,_qui
1186 5072 1301 5136 ante
1322 5072 1518 5132 quaerat
1539 5063 1828 5136 praemium.

226 5126 451 5202 Amerb.
481 5137 537 5182 et
566 5126 699 5184 mss.
726 5145 915 5202 omnes
937 5172 953 5198 ,
979 5133 1068 5201 qui
1088 5126 1215 5188 ante
1243 5126 1345 5187 dat'
1383 5126 1672 5202 praemium.
1716 5136 1832 5192 Non

229 5199 404 5272 male;
444 5209 740 5272 utrumque
766 5201 912 5258 enim
937 5199 1216 5272 iniustitia:
1243 5199 1441 5261 ascribi
1473 5207 1659 5262 debet.

293 5269 321 5309 δ
353 5275 486 5345 Ant.
514 5269 665 5328 editi
684 5290 807 5329 cum
843 5269 1030 5345 paucis
1052 5292 1182 5331 mss.
1205 5318 1222 5343 ,
1244 5279 1298 5330 in
1329 5288 1598 5332 stemmate
1623 5295 1642 5334 :
1667 5278 1831 5333 Rom.

227 5356 348 5398 cum
398 5344 523 5400 aliis
568 5344 858 5416 pluribus,
892 5347 946 5400 in
998 5358 1296 5403 scammate.
1344 5349 1482 5417 Quid
1532 5351 1602 5404 sit
1648 5361 1834 5406 autem

226 5431 474 5480 scamma,
506 5417 711 5472 dictum
741 5429 826 5473 est
854 5417 920 5473 ad
961 5419 1057 5476 lib.
1087 5421 1156 5474 de
1200 5421 1319 5475 Elia
1358 5433 1413 5476 et
1447 5422 1679 5492 jejunio,
1710 5437 1833 5492 cap.

232 5485 324 5538 13.
356 5503 483 5538 nae.
517 5489 644 5538 550.

264 5487 324 5552 3,
356 5503 483 5557 pag.
517 5489 644 5545 550.

1939 3307 2267 3363 commissos
2298 3307 2574 3374 habebat,
2607 3322 2678 3362 ne
2722 3306 3007 3360 videretur
3051 3315 3144 3358 aut
3192 3305 3347 3374 quasi
3397 3303 3557 3359 inito-

1940 3415 2150 3469 norus,
2184 3411 2278 3456 aut
2324 3400 2481 3471 quasi
2515 3414 2722 3472 egenus
2773 3397 3065 3454 Dominum
3115 3395 3447 3468 prodidisse.
3489 3395 3562 3450 Et

1935 3496 2062 3554 ideo
2092 3505 2151 3552 ut
2191 3496 2583 3566 justiﬁcaretur
2613 3497 2665 3549 in
2701 3510 2770 3550 eo
2809 3491 3114 3558 Dominus,
3150 3491 3268 3547 haec
3316 3489 3371 3547 ei
3418 3504 3553 3546 con-

1940 3591 2102 3657 tulit;
2132 3599 2192 3645 ut
2220 3605 2327 3645 non
2367 3589 2523 3660 quasi
2566 3587 2762 3659 injuria
2809 3593 3209 3655 exasperatus,
3255 3583 3350 3638 sed
3391 3583 3551 3654 quasi

1939 3685 2330 3757 praevaricatus
2349 3683 2601 3755 gratiam,
2621 3680 2818 3753 majori
2840 3689 2988 3736 esset
3002 3678 3226 3735 otl'ensa:
3257 3677 3550 3735 obnoxius.

2515 3795 2749 3854 CAPUT
2799 3795 2965 3852 XVII.

1944 3893 2298 3951 Adolescentis
2321 3894 2500 3966 ofﬁcia
2517 3933 2532 3959 ,
2562 3901 2608 3946 et
2632 3891 2874 3962 exempla
2901 3891 3065 3947 eidem
3093 3891 3234 3948 tutati
3257 3906 3559 3947 accommo-

2499 3985 2567 4040 da
2594 3995 2980 4056 praponunlur.

2015 4083 2104 4140 65.
2146 4081 2414 4152 Quoniam
2466 4080 2632 4150 igitur
2683 4087 2740 4134 et
2799 4092 3016 4150 poenam
3071 4077 3454 4150 improbitati,
3500 4088 3560 4136 et

1941 4177 2133 4233 virtuti
2167 4176 2282 4232 fore
2329 4175 2611 4247 praemium
2643 4174 2778 4229 satis
2822 4174 3062 4238 claruit,
3093 4173 3163 4229 de
3198 4173 3413 4231 Officiis
3458 4190 3556 4246 ag-

1943 4269 2258 4341 grediamur
2286 4270 2506 4336 dicere;
2539 4278 2562 4306 θ
2593 4284 2715 4338 qua:
2743 4267 2902 4323 nobis
2928 4267 2998 4323 ab
3023 4265 3393 4323 adolescentia
3424 4284 3553 4338 spe-

1943 4364 2142 4421 ctanda
2175 4373 2305 4419 sunt
2327 4406 2344 4432 ,
2375 4373 2437 4420 ut
2477 4379 2600 4419 cum
2632 4372 2792 4418 :ctate
2830 4359 3199 4419 accrescantf
3235 4362 3422 4418 simul.
3454 4362 3556 4418 Est

1945 4457 2115 4530 igitur
2150 4458 2423 4514 bonorum
2445 4456 2879 4513 adolescentium
2909 4456 3164 4512 timorem
3189 4455 3285 4512 Dei
3315 4455 3551 4523 habere,

1944 4553 2161 4610 deferre
2211 4553 2530 4626 parentibus
2559 4595 2574 4619 ,
2622 4552 2890 4608 honorem
2944 4550 3151 4607 habere
3197 4549 3549 4617 senioribus,

1947 4648 2254 4703 castitatem
2301 4650 2479 4712 tueri,
2518 4646 2623 4720 ιθ
2664 4662 2772 4701 non
2819 4645 3107 4716 aspernari
3149 4645 3554 4712 humilitatem,

1947 4742 2176 4813 diligere
2203 4741 2548 4797 clementiam
2572 4755 2636 4795 ac
2666 4739 3050 4796 verecundiam
3069 4781 3084 4806 ,
3117 4755 3239 4809 quae
3265 4754 3556 4795 ornamen-

1948 4845 2006 4892 to
2042 4844 2172 4892 sunt
2209 4835 2409 4891 minori
2459 4835 2630 4891 aetati.
2673 4833 2744 4892 Ut
2796 4836 2942 4891 enim
2992 4836 3046 4890 in
3095 4835 3322 4891 senibus
3371 4834 3553 4906 gravi-

1950 4939 2074 4998 tas,
2117 4927 2170 4983 in
2212 4927 2502 4997 juvenibus
2549 4928 2846 4995 alacritas;
2895 4929 2970 4984 ita
3020 4929 3076 4984 in
3114 4928 3557 4987 adolescentibus

1935 5063 2103 5135 ofﬁcia
2130 5079 2231 5117 non
2258 5062 2438 5117 eadem
2478 5064 2776 5132 disparibus
2801 5065 3042 5121 tetatibus
3067 5066 3388 5135 tribuuntur,
3416 5068 3554 5123 alia-

1936 5153 2034 5208 que
2061 5144 2178 5208 sunt
2195 5138 2452 5208 juvenum
2477 5176 2492 5199 ,
2522 5146 2632 5208 etc.

2016 5205 2034 5244 ί
2069 5205 2271 5262 Omnes
2295 5208 2427 5262 edit.
2446 5248 2460 5270 ,
2485 5207 2642 5261 simul
2681 5209 2854 5262 studia
2883 5210 3137 5265 bonorum
3166 5220 3374 5265 actuum
3403 5227 3421 5264 :
3449 5211 3548 5268 sed

1938 5294 2058 5351 qua:
2089 5278 2460 5351 resecavimus
2481 5320 2497 5344 ,
2526 5294 2556 5331 a
2599 5294 2730 5334 mss.
2756 5281 2985 5346 absunt,
3012 5298 3112 5337 nec
3142 5282 3396 5336 videntur
3424 5297 3555 5338 sen-

1939 5349 2022 5407 sui
2055 5350 2168 5423 ullo
2200 5349 2361 5404 modo
2412 5353 2744 5406 necessaria.
2774 5351 2985 5409 Rursus
3010 5355 3142 5410 edit.
3171 5363 3226 5407 et
3263 5353 3418 5423 pauci
3460 5368 3550 5410 re-

1939 5422 2323 5491 centioresque
2346 5436 2504 5486 mss.,
2519 5422 2722 5494 deferre
2736 5426 3032 5491 parentibus
3062 5422 3334 5488 honorem,
3362 5425 3549 5483 habere

1929 5495 2218 5549 senioribus
2243 5497 2584 5550 reverentiam
2612 5498 2822 5563 :plures
2850 5506 3031 5550 autem
3056 5511 3119 5549 ac
3147 5499 3385 5562 potiores
3413 5513 3547 5554 mss.

301 5570 321 5596 ε
354 5559 616 5614 Nonnulli
649 5577 812 5637 mss.-,
847 5561 1162 5637 Unguenlati
1193 5573 1504 5632 spectatores
1542 5564 1731 5619 solent.
1759 5562 1830 5619 Et
1927 5566 2168 5637 iugulata
2215 5581 2349 5621 voce
2388 5559 2760 5631 reverentiam,
2803 5568 3024 5621 verbum
3069 5559 3273 5636 deferre
3299 5568 3548 5626 absolute

226 5634 487 5703 continuo
516 5641 640 5699 post
666 5634 886 5703 quidam
912 5635 1034 5702 alii,
1067 5654 1171 5691 non
1201 5637 1362 5691 solent
1387 5647 1576 5702 (estus,
1606 5645 1714 5692 etc.

292 5701 318 5740 ἀ
355 5701 584 5758 Lucrum
611 5701 803 5760 laboris
823 5747 838 5772 ,
869 5707 924 5761 id
969 5701 1054 5762 est
1075 5750 1089 5772 ,
1135 5711 1532 5762 immunitatem
1563 5701 1784 5764 laboris
1810 5722 1825 5771 ;

227 5789 330 5831 non
361 5777 736 5850 verolurcrum
752 5779 902 5850 quod
930 5794 996 5833 ex
1032 5781 1219 5835 labore
1243 5780 1503 5850 gignitur.

297 5857 319 5885 ε
350 5846 473 5903 Cic.
502 5845 660 5903 Oftic.
705 5845 804 5902 lib'.
832 5865 884 5914 ι,
916 5866 1034 5922 pag.
1064 5851 1205 5919 568,
1239 5845 1336 5907 lin.
1363 5853 1434 5907 ις
1467 5849 1539 5907 Et
1585 5849 1829 5922 quoniam

666 5941 944 6002 ΡΑτιιοι..
993 5943 1164 6006 XVI.

1935 5647 2160 5706 ponunt;
2186 5652 2285 5692 nec
2314 5655 2418 5692 non
2442 5650 2496 5692 et
2519 5637 2659 5691 infra
2681 5637 2891 5692 duobus
2911 5639 3067 5704 locis,
3085 5640 3549 5708 quorumeprimo

1933 5722 2247 5777 expungnnt
2272 5725 2462 5765 vocem
2491 5709 2754 5767 honorem.
2786 5722 2910 5775 qua}
2954 5709 3011 5763 in
3060 5709 3190 5763 edit.
3227 5711 3397 5776 posita
3430 5721 3551 5766 erat

1931 5793 2079 5853 ante,
2102 5782 2375 5853 deferens:
2409 5784 2462 5836 in
2489 5784 2662 5835 altero
2686 5786 2865 5831 autem
2891 5779 3138 5853 scribunt
3165 5782 3351 5853 sedulo
3375 5791 3547 5837 tamen

1935 5849 2205 5922 obsequio,
2249 5868 2350 5920 pro
2393 5853 2630 5907 sedulum
2656 5859 2826 5905 tamen
2857 5849 3179 5921 obsequium,
3223 5851 3551 5908 editionum.

2951 5940 2990 5998 2
