4078 6306
439 186 512 244 45
1811 179 2061 242 8ΔΝοΤ1

2180 178 2423 239 18110511
3686 175 3758 232 ﬂ

433 301 766 366 verecundia
792 343 808 369 ,
839 301 990 360 velut
1035 300 1270 374 quadam
1315 298 1444 357 dote
1485 296 1899 358 commendatur
1939 312 2038 354 na-
2067 315 2118 378 Α
2147 295 2388 369 fugiebat
2415 311 2513 353 ora
2563 295 2766 356 intueri
2796 295 3074 362 virorum;
3105 306 3190 352 est
3217 295 3363 353 enim
3395 295 3537 354 etin
3579 296 3758 352 oculis

443 405 604 456 turre.

510 489 602 546 66.
643 489 771 546 Erat
810 489 960 546 lsaac
1003 487 1298 546 Dominum
1331 486 1528 542 timens
1554 527 1570 554 ,
1601 493 1788 557 utpote
1813 481 2049 540 Abraba

439 580 690 649 indoles,
722 580 978 638 deferens
1007 580 1147 651 patri
1172 594 1346 651 usque
1373 578 1512 635 adeo
1533 621 1549 644 ,
1580 576 1932 646 utadversus
1959 590 2052 645 pa-

445 685 657 734 ternam
681 675 1018 732 voluntatem
1040 689 1143 731 nec
1166 683 1398 729 mortem
1426 679 1704 727 recusaret
1725 669 1881 742 (Gen.
1903 682 2017 724 xm
2033 709 2048 734 ,

453 766 488 826 9
515 774 562 822 et
584 764 738 838 aeq).
759 765 964 837 Joseph
990 781 1208 838 quoque
1230 781 1354 820 cum
1381 763 1706 818 somniasset
1727 760 1874 833 quod
1894 759 1978 815 sol
1998 769 2054 814 et

445 861 572 920 luna
593 873 650 919 et
675 862 854 920 stella:
874 861 1166 918 adorarent
1191 875 1338 926 eum,
1369 858 1564 915 sedulo
1587 868 1767 912 tamen
1787 853 2054 924 obsequio

444 953 727 1014 deferebat
775 955 914 1024 patri
957 952 1112 1028 (Gen.
1157 967 1343 1008 xxxvn
1363 992 1378 1016 .
1406 950 1442 1007 6
1469 961 1516 1006 et
1546 949 1681 1020 seq.)
1717 967 1731 1004 :
1761 958 1950 1004 castus
1979 947 2050 1000 ita

445 1055 506 1101 ut
552 1062 620 1102 ne
668 1061 984 1103 sermonem
1023 1045 1242 1117 quidem
1292 1043 1487 1100 audire
1524 1041 1691 1098 vellet
1741 1040 1846 1096 nisi
1893 1037 2055 1110 pudi-

444 1155 568 1200 cum
598 1159 612 1196 :
643 1141 865 1198 humilis
894 1155 1070 1212 usque
1093 1139 1162 1196 ad
1191 1138 1520 1195 servitutem
1542 1178 1558 1204 ,
1591 1133 1937 1191 verecundus
1964 1146 2056 1187 us-

2153 390 2482 446 verccundia
2506 431 2522 456 ,
2552 399 2612 448 ttt
2641 405 2744 448 nec
2768 390 2955 447 videre
2991 391 3140 447 viros
3171 391 3371 449 femina
3391 433 3407 460 ,
3441 405 3545 448 nec
3571 389 3756 447 videri

2151 484 2308 540 velit.

2223 575 2312 632 69.
2351 575 2542 650 Neque
2571 592 2703 636 vero
2725 577 3010 651 quisquam
3037 579 3211 636 solius
3236 579 3378 638 hanc
3401 577 3620 636 laudem
3646 579 3758 652 ao

2153 669 2418 728 castitatis
2466 680 2636 743 putet.
2664 673 2761 730 Est
2799 673 2944 730 enim
2976 673 3303 732 verecundia
3349 674 3626 745 pudicitia:
3663 687 3760 729 co-

2154 777 2272 818 mes
2292 804 2308 834 ,
2333 764 2490 834 cujus
2520 767 2787 824 societate
2830 768 3059 830 castitas
3099 767 3215 838 ipsa
3244 768 3412 826 tutior
3439 777 3543 826 est.
3575 768 3759 824 Bonus

2153 856 2303 914 enim
2333 857 2586 930 regenda:
2615 859 2888 918 castitatis
2919 859 3095 930 pudor
3123 868 3209 918 est
3251 876 3440 923 comes
3471 877 3488 916 :
3519 872 3540 904 ι
3588 860 3682 931 qui
3711 858 3760 915 si

2154 963 2214 1006 se
2261 949 2566 1022 praetendat
2625 951 2694 1010 ad
2749 968 2812 1010 ea
2871 969 2994 1024 quae
3054 955 3229 1026 prima
3293 954 3532 1030 pericula
3589 962 3761 1020 sunt,

2157 1045 2470 1116 pudicitiam
2507 1048 2762 1106 temerari
2795 1063 2904 1106 non
2949 1049 3112 1108 sinat.
3149 1049 3247 1108 Hic
3289 1050 3498 1124 primus
3541 1049 3595 1104 in
3645 1047 3765 1118 ipso

2155 1139 2482 1210 cognitionis
2539 1141 2829 1212 ingressu,
2881 1141 3096 1198 Domini
3138 1151 3370 1198 matrem
3416 1139 3769 1198 commendat

446 1249 554 1306 que
575 1234 644 1298 ad
671 1234 850 1310 fugam
871 1275 884 1301 ,
911 1234 1124 1305 patiens
1154 1248 1329 1304 usque
1361 1231 1428 1288 ad
1451 1245 1758 1296 carcerem,
1793 1227 2058 1284 remissor
2158 1229 2494 1302 legentibus,
2525 1241 2582 1288 et
2611 1241 2886 1304 tamquam
2918 1236 3070 1292 testis
3097 1233 3371 1306 locuples,
3397 1233 3617 1304 dignam
3641 1247 3768 1304 quae

447 1328 664 1399 injurite
693 1344 862 1401 usque
887 1329 956 1386 ad
985 1327 1512 1386 remunerationem.
1540 1323 1710 1395 Cujus
1729 1333 1881 1380 tanta
1900 1337 2059 1378 vere-
2159 1325 2227 1380 ad
2258 1326 2363 1382 tale
2393 1341 2589 1382 munus
2618 1326 2944 1398 eligeretur.
2967 1328 3164 1384 astruit
3195 1343 3210 1382 :
3257 1325 3400 1398 quod
3446 1328 3500 1384 in
3542 1325 3770 1382 cubicu-

449 1421 649 1484 cundia
689 1421 831 1487 fuit,
883 1429 942 1478 ιιι
983 1421 1418 1492 comprehensus
1458 1436 1490 1475 a
1536 1417 1806 1484 muliere,
1849 1424 2056 1471 vestem
2160 1417 2252 1484 lo,
2281 1417 2424 1490 quod
2455 1418 2607 1485 sola,
2654 1421 2800 1488 quod
2853 1419 3094 1476 salutata
3139 1421 3210 1476 ab
3238 1419 3433 1492 angelo
3481 1427 3665 1484 tacet,
3713 1427 3774 1473 et

451 1515 506 1574 in
546 1517 802 1575 manibus
842 1514 962 1586 ejus
1007 1514 1226 1586 fugiens
1266 1513 1455 1572 tttallet
1496 1513 1808 1580 relinquere
1833 1550 1848 1576 ,
1895 1521 2059 1579 quam
2161 1521 2308 1569 mota
2329 1522 2417 1570 est
2445 1515 2496 1568 in
2524 1513 2748 1570 introitu
2772 1514 2924 1584 ejus,
2951 1514 3094 1586 quod
3122 1514 3191 1572 ad
3216 1514 3388 1572 virilis
3407 1508 3621 1571 sexusd
3643 1527 3774 1584 spo-

448 1607 836 1668 verecnndiam
863 1607 1144 1679 deponere
1175 1605 1330 1678 (Gen.
1363 1621 1560 1672 nux,
1587 1603 1621 1660 8
1648 1612 1694 1657 et
1721 1601 1878 1674 σαψ).
1912 1599 2060 1671 Moy-
2161 1605 2303 1664 ciem
2336 1609 2677 1679 peregrinam
2709 1610 2960 1668 turbatur
2985 1621 3241 1682 aSpectns
3262 1609 3504 1681 Virginis
3524 1607 3688 1682 (Luc.
3716 1623 3771 1675 ι,

446 1715 538 1764 ses
559 1716 780 1771 quoque
801 1709 857 1758 et
881 1700 1187 1758 Hieremias
1211 1699 1368 1757 electi
1395 1714 1426 1754 a
1457 1696 1687 1754 Domino
1706 1737 1722 1764 ,
1755 1705 1818 1752 ut
1840 1693 2058 1751 oracula
2088 1717 2138 1780 Β
2162 1699 2234 1756 29
2255 1710 2304 1756 ει
2332 1701 2486 1774 δαίμ).
2511 1702 2695 1775 Itaque
2719 1704 2968 1775 quamvis
2995 1713 3146 1762 esset
3175 1705 3395 1764 bmnilis
3419 1746 3436 1772 ,
3471 1719 3583 1774 prta
3610 1717 3777 1759 vere-

447 1792 544 1857 Dei
571 1793 936 1864 praedicarent
959 1793 1190 1864 populo,
1219 1791 1366 1864 quod
1387 1795 1645 1863 poterant
1667 1805 1765 1861 per
1789 1790 2020 1858 gratiam
2035 1827 2052 1854 ,

447 1889 787 1950 excusabant
829 1901 927 1958 per
953 1886 1343 1946 verecundiam
1369 1884 1584 1960 (Exod.
1611 1898 1697 1950 tv,
1728 1881 1826 1948 i0;
1854 1877 2050 1938 lenm.

453 1995 512 2044 ”
546 1979 626 2160 6?.
1025 2069 1256 2131 carm
1289 2069 1481 2130 xvm.

456 2162 536 2226 De
567 2162 800 2234 partibus
826 2163 1146 2222 uerecundiae
1168 2178 1188 2217 :
1216 2159 1658 2234 quemadmodum
1685 2171 1971 2216 sermonem
2001 2172 2062 2210 ac

527 2257 794 2314 silentium
840 2265 1122 2330 temperet,
1170 2255 1475 2327 pudicitiam
1521 2251 1796 2312 comitetur
1819 2291 1836 2319 ,
1887 2265 2063 2320 precer

527 2361 732 2413 nostras
761 2350 872 2408 Dea
903 2348 1253 2413 commendet,
1283 2346 1506 2404 motibus
1536 2345 1800 2418 corporeis
1832 2343 2066 2404 modere-

531 2454 652 2510 tur;
680 2442 769 2498 ubi
811 2443 1033 2512 refertur
1060 2440 1283 2496 historia
1310 2439 1375 2494 de
1415 2437 1616 2494 duabus
1664 2435 1864 2496 clericis
1893 2434 2067 2492 obter-

529 2546 652 2592 uatu
693 2535 903 2593 minime
931 2534 1149 2606 indigna
1175 2549 1193 2588 :
1220 2542 1330 2591 tum
1372 2530 1696 2588 subnectitur
1722 2545 1824 2600 qua
1863 2527 2067 2586 ratione

531 2629 920 2702 componendus
959 2645 1022 2688 ea:
1063 2627 1244 2688 eadem
1288 2627 1479 2686 uirtute
1526 2625 1788 2690 incestus,
1817 2632 2068 2693 quantove

531 2727 702 2784 cautio
747 2742 811 2787 ne
853 2725 981 2796 quid
1029 2722 1430 2782 inverecundum
1475 2737 1564 2776 ore
1613 2719 1947 2791 proferatur,
1977 2727 2070 2774 aut

531 2820 805 2892 delegatur
833 2817 889 2882 in
918 2833 1166 2886 corpore,
1197 2813 1496 2872 adhibenda
1523 2814 1634 2870 sit:
1663 2822 1710 2872 et
1740 2812 1848 2869 licet:
1895 2812 2071 2870 omnia

541 2913 794 2984 exemplis
821 2908 1222 2982 appositissintia
1249 2909 1601 2964 illustrantur.

534 3005 626 3063 67.
667 3004 899 3062 Pulchra
929 3003 1095 3074 igitur
1121 3011 1148 3044 δι
1179 3001 1356 3058 virtus
1405 3009 1493 3060 est
1519 2997 1547 3038 ι)
1579 2995 1933 3058 verecundia:
1953 3037 1970 3062 ,
2017 3004 2072 3052 et

2161 1793 2359 1854 cundia
2383 1802 2566 1852 tamen
2595 1795 2925 1856 salutantem
2950 1811 3058 1854 non
3087 1795 3402 1856 resalutavit
3421 1837 3438 1862 ,
3468 1810 3574 1852 nec
3598 1782 3778 1850 ullum

2163 1903 2486 1960 responsum
2533 1891 2758 1959 retulit,
2793 1892 2896 1949 nisi
2925 1892 3018 1950 ubi
3056 1891 3128 1950 de
3172 1891 3522 1962 suscipienda
3551 1889 3782 1946 Domini

2162 1982 2523 2053 generatione
2557 1986 2854 2055 cognovit;
2887 1995 2946 2042 ut
2975 1985 3296 2056 qualitatem
3337 1983 3569 2044 edoctus
3595 1983 3785 2040 disce-

2163 2083 2287 2140 ret,
2320 2088 2430 2130 non
2460 2081 2521 2131 ut
2547 2089 2862 2132 sermonem
2893 2079 3143 2136 referret.

2238 2166 2331 2224 70.
2369 2165 2433 2228 In
2474 2167 2591 2238 ipsa
2622 2169 2874 2228 oratione
2922 2179 3109 2228 nostra
3156 2171 3390 2228 multum
3437 2167 3784 2230 verecundia

2166 2259 2387 2332 placet,
2447 2261 2682 2320 multum
2725 2263 2987 2320 conciliat
3036 2265 3224 2334 gratiae
3272 2262 3418 2335 apud
3458 2263 3636 2322 Deum
3681 2252 3787 2320 no—

2168 2360 2366 2410 strum.
2388 2352 2576 2410 Nonne
2606 2354 2721 2412 hac
2747 2356 3388 2427 praetulitPublicanunt,
3416 2364 3473 2414 et
3496 2370 3790 2412 commen-

2169 2443 2325 2502 davit
2354 2462 2479 2511 eum
2511 2447 2604 2518 qui
2631 2464 2733 2504 nec
2759 2449 2953 2506 oculos
2973 2464 3100 2506 suos
3127 2449 3365 2508 audebat
3385 2448 3454 2506 ad
3479 2449 3680 2508 celum
3705 2449 3789 2506 le-

2169 2539 2336 2596 vare?
2367 2541 2492 2595 Ideo
2517 2541 2848 2611 iustiﬁcetur
2879 2544 3050 2614 magis
3097 2543 3307 2598 Domini
3333 2541 3542 2613 judicio
3563 2584 3578 2606 ,
3616 2558 3790 2614 quam

2172 2633 2265 2688 ille
2295 2633 2637 2697 Phariszeus,
2676 2650 2837 2706 quem
2869 2634 3196 2692 deformavit
3225 2635 3583 2706 praesumptio
3615 2633 3788 2703 (Luc.

2172 2741 2328 2794 xvru,
2357 2727 2446 2794 15,
2473 2725 2582 2802 Η).
2599 2725 2842 2800 Ideoque
2861 2741 3084 2786 oremus
3109 2728 3162 2784 in
3185 2727 3598 2796 incorruptione
3613 2725 3792 2797 quieti

2176 2829 2231 2879 ct
2282 2818 2518 2878 modesti
2570 2819 2833 2888 spiritus,
2875 2820 3090 2893 quiest
3137 2825 3268 2875 ante
3300 2820 3469 2876 Deum
3499 2818 3796 2889 locuples,

2172 2920 2233 2967 ut
2259 2912 2334 2966 ait
2360 2911 2551 2969 Petrus
2577 2911 2623 2984 (1
2649 2909 2795 2970 Petr.
2822 2927 2881 2967 ιιι
2899 2953 2915 2978 ,
2937 2910 3023 2986 4).
3053 2909 3243 2986 Magna
3273 2909 3444 2984 igitur
3470 2909 3784 2976 modestia,

2172 3019 2296 3077 quae
2324 3019 2447 3066 cum
2499 3005 2571 3062 sit
2611 3005 2780 3062 etiam
2827 3006 2914 3066 sui
2954 3004 3098 3078 juris
3148 3003 3466 3069 remissior,
3494 3001 3634 3060 nihil
3681 3001 3795 3081 sibi

463 3099 646 3162 suavis
673 3097 850 3168 aratis
870 3139 884 3167 ι
916 3113 1038 3168 quia
1070 3111 1181 3152 non
1209 3093 1390 3154 solum
1425 3093 1482 3152 in
1531 3092 1728 3188 factis,
1767 3089 1865 3152 sed
1897 3089 2064 3146 etiam
2095 3119 2144 3188 ε
2177 3112 2476 3174 usurpans,
2506 3097 2644 3154 nihil
2674 3096 2992 3166 vindicans,
3017 3105 3072 3154 et
3099 3093 3506 3170 quodammodo
3539 3094 3682 3150 intra
3711 3093 3802 3148 vi-

461 3192 518 3250 in
567 3192 704 3265 ipsis
749 3197 1028 3264 spectatur
1055 3187 1450 3252 sermonibus;
1483 3201 1552 3248 ne
1592 3181 1816 3244 modum
1846 3193 2072 3254 progre-
2103 3181 2143 3188 Γ
2175 3207 2264 3250 res
2293 3206 2418 3246 suas
2455 3192 2822 3255 contractior,
2853 3189 3008 3252 dives
3049 3200 3136 3248 est
3181 3188 3326 3262 apud
3375 3189 3591 3257 Deum,
3641 3187 3796 3261 apud

461 3287 628 3346 diaris
658 3285 918 3358 loquendi
941 3299 1071 3354 ,.ne
1098 3281 1232 3356 quid
1260 3281 1582 3342 indecorum
1629 3294 1816 3340 sermo
1848 3283 2074 3336 resonet

461 3393 606 3442 tuus.
649 3381 944 3454 Speculum
973 3379 1122 3441 enim
1168 3377 1368 3436 mentis
1419 3375 1738 3448 plerumque
1784 3372 1839 3428 in
1886 3369 2072 3430 verbis

464 3477 719 3546 refulget.
761 3474 943 3550 Ipsum
999 3469 1153 3533 vocis
1204 3483 1397 3547 sonum
1442 3467 1608 3524 librat
1653 3464 1922 3542 modestia
1948 3504 1964 3532 ,
2003 3477 2074 3518 ne

464 3567 784 3640 cujusquam
828 3563 1072 3631 offendat
1113 3575 1305 3620 autem
1341 3574 1448 3619 vox
1495 3557 1711 3616 fortior.
1743 3555 1990 3630 Denique
2017 3554 2073 3610 in

465 3661 586 3732 ipso
609 3659 838 3716 canendi
865 3670 1068 3728 genere
1095 3655 1270 3725 prima
1291 3652 1576 3723 disciplina
1605 3648 1928 3705 verecundia
1952 3658 2037 3703 est
2057 3663 2072 3702 :

467 3759 635 3832 immo
666 3757 831 3811 etiam
861 3754 914 3808 in
946 3750 1095 3832 omni
1129 3764 1232 3822 usu
1259 3737 1514 3823 loquendi
1541 3761 1556 3812 ;
1601 3757 1658 3806 ut
1703 3743 1908 3800 sensim
1954 3741 2076 3812 quis

470 3823 564 3909 aut
593 3851 862 3924 psallere,
907 3856 1006 3903 aut
1028 3823 1231 3901 canere
1258 3883 1272 3910 ,
1303 3849 1398 3896 aut
1440 3849 1718 3914 postremo
1747 3836 1898 3907 loqui
1941 3834 2076 3890 inci-

471 3945 614 4021 piat;
663 3950 722 3999 ut
755 3937 1064 4000 verecunda
1117 3935 1382 4013 principia
1416 3930 1808 4004 commendent
1851 3941 2072 4000 proces-

473 4053 612 4096 sum.

545 4133 632 4189 68.
675 4129 963 4192 Silentium
995 4139 1214 4201 quoque
1257 4123 1471 4194 ipsum,
1503 4120 1556 4174 in
1596 4133 1706 4192 quo
1730 4128 1814 4172 est
1845 4115 2078 4184 reliqua-

475 4245 598 4285 rum
639 4227 896 4285 virtutum
949 4223 1158 4295 otium,
1215 4218 1489 4272 maximus
1537 4221 1688 4268 actus
1733 4209 2076 4268 verecundiae

473 4327 577 4376 est.
614 4317 854 4391 Denique
896 4313 943 4370 si
970 4322 1062 4368 aut
1103 4308 1350 4367 infantia:
1383 4317 1606 4378 putatur
1633 4313 1726 4360 aut
1766 4302 2072 4375 superbiae,

467 4413 672 4485 probro
698 4411 858 4467 datur
883 4428 896 4462 :
923 4409 970 4483 si,
992 4402 1339 4463 verecundiae
1357 4443 1372 4470 ,
1403 4399 1552 4456 laudi
1581 4398 1815 4458 ducitur.
1839 4396 2078 4452 Tacebat

471 4505 526 4562 in
556 4501 814 4580 periculis
843 4502 1148 4565 Solantia,
1167 4495 1470 4574 et'gravius
1501 4491 1843 4550 verecundiae
1863 4531 1880 4558 ,
1911 4504 2072 4563 quam

2172 3299 2336 3356 quem
2382 3299 2542 3344 nemo
2569 3282 2746 3342 dives.
2775 3283 2938 3338 Dives
2974 3291 3060 3341 est
3089 3281 3362 3344 modestia
3384 3322 3401 3348 ,
3433 3282 3560 3353 quia
3608 3283 3799 3352 portio

2171 3377 2268 3433 Dei
2297 3384 2401 3436 est.
2443 3377 2644 3434 Paulus
2688 3391 2905 3448 quoque
2949 3377 3259 3438 orationem
3287 3376 3492 3438 deferri
3523 3379 3800 3450 praecepit

2173 3487 2296 3530 cum
2325 3473 2654 3534 verecundia
2680 3479 2738 3528 et
2764 3471 3088 3528 sobrietate.
3118 3471 3360 3528 Primam
3384 3471 3530 3531 hanc
3555 3482 3612 3528 et
3634 3471 3798 3542 quasi

2174 3564 2432 3634 praevium
2464 3563 2577 3620 vult
2619 3579 2743 3620 esse
2770 3565 3043 3622 orationis
3074 3565 3304 3632 futuras,
3334 3573 3396 3628 ιιι
3423 3581 3538 3626 non
3581 3565 3799 3637 glorie-

2177 3667 2267 3713 tur
2317 3659 2620 3728 peccatoris
2659 3661 2836 3720 oratio
2879 3679 2894 3714 :
2943 3661 3040 3720 sed
3083 3660 3236 3732 quasi
3283 3667 3307 3697 ο
3335 3658 3524 3720 colore
3571 3659 3800 3728 pudoris

2175 3750 2410 3806 obducta
2433 3791 2448 3817 ,
2481 3767 2590 3824 quo
2620 3754 2738 3822 plus
2768 3752 2946 3812 defert
2977 3751 3329 3812 verecundiae
3355 3751 3428 3815 de
3453 3752 3802 3810 recordatio-

2178 3856 2250 3898 ne
2293 3843 2516 3914 delicti,
2547 3843 2652 3900 boc
2695 3845 3010 3907 uberiorem
3041 3853 3316 3904 mereatur
3341 3844 3576 3918 gratiam
3607 3843 3787 3918 (Tim.

2177 3949 2248 4004 ιι,
2283 3933 2366 4008 9).

2251 4029 2339 4085 7t.
2382 4029 2482 4088 Est
2517 4033 2682 4092 etiam
2713 4030 2731 4071 τ
2763 4034 2817 4088 in
2848 4033 2968 4102 ipso
2999 4040 3187 4096 motu,
3219 4038 3382 4104 gestu
3403 4071 3420 4098 ,
3451 4029 3680 4091 incessu
3712 4038 3798 4086 te-

2177 4121 2356 4180 nenda
2387 4125 2734 4182 verecundia.
2772 4125 3000 4187 Habitus
3044 4125 3192 4184 enim
3220 4123 3424 4182 mentis
3455 4123 3509 4180 in
3541 4125 3801 4196 corporis

2177 4227 2322 4274 statu
2351 4220 2616 4276 cernitur.
2647 4221 2782 4280 llinc
2831 4220 2998 4278 homo
3041 4221 3224 4278 cordis
3276 4220 3452 4278 nostri
3494 4218 3801 4278 abscondi-

2179 4320 2267 4368 tus
2289 4353 2304 4379 ,
2333 4323 2428 4368 aut
2459 4315 2631 4370 levior
2658 4357 2675 4386 ,
2707 4324 2802 4374 aut
2845 4313 3176 4386 iactantior,
3209 4323 3305 4369 aut
3351 4313 3627 4373 turbidior
3655 4330 3671 4367 :
3703 4323 3805 4370 aut

2178 4413 2370 4462 contra
2397 4407 2652 4477 gravior,
2679 4418 2736 4462 et
2775 4407 3146 4473 couStantior,
3176 4415 3234 4464 et
3259 4407 3480 4481 purior,
3523 4414 3580 4462 et
3609 4413 3801 4462 matu-

2180 4497 2294 4556 rior
2324 4499 2644 4560 aestimatur.
2677 4500 2862 4574 Itaque
2893 4515 2998 4558 vox
3023 4499 3274 4574 quaedam
3301 4509 3390 4560 est
3430 4500 3636 4568 animi,
3670 4515 3806 4558 cor-

471 4573 597 4656 vitac
617 4598 877 4672 damnum
907 4573 1288 4665 putabat,.nec
1316 4587 1685 4644 arbitrabatur
1711 4583 1954 4656 periculo
1981 4597 2080 4652 pu-
2101 4573 2158 4645 Β
2183 4587 2336 4670 poris
2364 4603 2568 4650 ιηοιυε,

475 4693 626 4765 doris
655 4688 912 4746 tuendam
953 4685 1209 4746 salutem.
1240 4683 1352 4744 Deo
1393 4680 1496 4736 soli
1541 4678 1864 4750 loquebatur
1893 4676 2073 4748 (Dan.

473 4801 604 4852 xm,
633 4783 728 4856 55)
753 4825 768 4851 ,
796 4781 882 4840 cui
931 4789 1145 4854 poterat
1191 4783 1340 4835 casta
1373 4771 1700 4830 verecundia
1732 4769 1915 4845 eloqui
1942 4788 1956 4826 :
1990 4786 2078 4826 re-

547 4948 573 4978 ιι
611 4933 868 4998 Nonnulli
895 4947 1056 4997 mss.,
1089 4929 1248 4987 virtus
1287 4936 1360 4990 est
1388 4923 1757 4982 misericordiae
1792 4933 1840 4984 et
1877 4923 2072 4991 ζειιαυὶδ

592 5028 673 5064 ιω.

472 5021 728 5137 ρι’ῗιιίέἷρ.
759 5076 917 5134 Ome.
960 5074 1054 5128 lib.
1080 5089 1132 5136 ι’
1167 5086 1290 5140 ωε,
1322 5067 1427 5124 569
1449 5109 1464 5136 ,
1511 5067 1742 5140 linrdl’i:
1773 5064 1840 5120 In
1888 5069 2071 5140 primis

470 5152 742 5228 provident
768 5191 783 5218 ,
810 5166 875 5224 ne
900 5153 1066 5208 εειιιιιο
1096 5138 1274 5201 vitium
1299 5140 1512 5229 aliquod
1540 5138 1732 5194 indicet
1761 5138 1930 5206 inesse
1960 5157 2071 5199 nta-

468 5229 614 5281 ribus
633 5268 646 5281 .
675 5232 782 5280 etc.
1041 5233 1048 5239 '
1802 5249 1806 5252 ~

501 5227 838 5353 'bcmliaei‘ﬁit.
865 5306 928 5360 ac
958 5300 1090 5350 mss.
1134 5283 1392 5360 perpauci
1421 5299 1432 5335 :
1461 5267 1554 5338 alii
1600 5281 2024 5360 frequentissimi
2050 5323 2064 5346 ,

473 5372 560 5443 qui
584 5372 626 5424 si
664 5355 984 5443 praetendat,
1011 5369 1057 5413 et
1083 5355 1199 5443 qua:
1239 5355 1476 5443 prima...
1503 5355 1688 5434 tentari
1739 5371 1840 5410 non
1882 5355 2014 5443 sinat
2045 5369 2083 5408 :-

474 5425 766 5514 ﬁnusjqui
795 5435 892 5514 sibi
921 5425 1205 5514 νέωεεηααι
1225 5425 1252 5488 ί
1269 5436 1328 5514 ει.
1343 5425 1860 5514 9,“.‘5P31‘fi‘f’13‘fi-z
1889 5425 2064 5494 θιίιιεν

473 5495 933 5580 quitsi'pi-wtendnt
955 5547 970 5571 ,
1002 5513 1108 5580 etc.
1129 5543 1144 5566 ,
1173 5495 1480 5580 ιιιιίυηκξριὶι)
1505 5495 1636 5580 satis
1663 5495 1887 5580 arridet.

501 5573 503 5576 ⁴
547 5579 572 5618 d
605 5567 733 5636 M'ss.
757 5595 856 5642 uec
885 5567 1070 5647 pauci,
1101 5567 1205 5628 nec
1227 5567 1497 5650 inferioris
1530 5576 1699 5627 notae,
1730 5569 1948 5635 Speciem
1977 5583 2067 5694 pe-

501 5653 785 5694 'pnrinrrlur,
831 5647 1074 5694 nnidztm.
1133 5648 1509 5694 nerearmatus.
1565 5646 1824 5694 asnectus.
1851 5647 1956 5694 etc.
2009 5654 2067 5694 ιι-

477 5641 789 5722 regrinamr,
831 5641 1074 5722 quidam,
1133 5641 1509 5722 peregrinatus,
1565 5646 1824 5707 aspectus,
1844 5647 1956 5722 etc.
1982 5641 2072 5722 ln-

475 5705 717 5788 trivit-.5
748 5705 833 5779 ubi
851 5705 994 5778 'edit.
1021 5705 1084 5773 ac
1109 5705 1275 5793 pauci
1293 5725 1427 5770 mss.
1467 5705 1753 5767 sermonem
1778 5705 2033 5780 refelleret,
2047 5723 2070 5782 ε

2257 4685 2348 4739 72.
2393 4694 2418 4732 ε
2448 4685 2768 4748 Meministis
2787 4727 2801 4753 ,
2830 4685 2926 4740 iilii
2950 4726 2965 4752 ,
2995 4684 3286 4758 quemdam
3334 4685 3575 4744 amicum
3603 4725 3620 4754 ,
3666 4701 3806 4746 cum

2185 4777 2390 4835 sedulis
2417 4793 2478 4836 se
2504 4779 2779 4836 videretur
2821 4777 3208 4837 commendare
3251 4777 3494 4848 officiis;
3528 4777 3635 4836 hoc
3675 4778 3808 4834 solo

2181 4931 2379 5006 reliqui
2405 4931 2593 5006 legunt
2634 4931 2829 5006 partim
2849 4972 2865 4996 ,
2897 4947 3186 5006 sermonem
3230 4933 3504 5006 μναῖαι-ιιι
3529 4973 3546 5000 ,
3579 4933 3800 5006 aliqui,

2179 5003 2475 5076 proferret;
2509 5005 2739 5072 partim,
2769 5019 3058 5076 sermonem
3079 5003 3323 5071 referret,
3347 5003 3502 5076 quod
3534 5003 3804 5061 ultimum

2178 5075 2360 5128 sensui
2393 5074 2606 5128 videtur
2636 5089 2760 5130 esse
2789 5074 2960 5144 magis
2989 5083 3310 5143 congruum.

2255 5153 2277 5181 °
2315 5146 2440 5200 Mss.
2477 5144 2620 5200 haud
2647 5145 2804 5212 pauci
2827 5185 2840 5205 ,
2873 5143 3102 5199 Colorem
3128 5145 3342 5206 pudoris
3373 5145 3619 5202 obducat.

2257 5213 2276 5252 ι’
2311 5215 2422 5270 Cic.
2455 5217 2548 5287 lib.
2575 5232 2591 5271 ι
2617 5215 2774 5287 Oftic.
2796 5255 2810 5280 ,
2839 5229 2961 5284 pag.
2985 5215 3110 5287 3b8.
3145 5213 3244 5272 litt.
3265 5216 3372 5272 ‘28:
3403 5217 3512 5274 Sed
3537 5218 3808 5287 quoniam

2177 5289 2424 5343 decorum
2448 5285 2583 5340 illud
2619 5285 2676 5339 in
2713 5285 3125 5361 omnibusfactia
3162 5297 3209 5340 et
3239 5288 3431 5356 dictis,
3457 5289 3516 5343 in
3550 5285 3806 5361 corporis

2171 5361 2390 5428 denique
2423 5366 2560 5410 motu
2584 5366 2631 5409 et
2657 5359 3070 5428 statuicernitur.

2245 5440 2272 5480 ις
2303 5426 2502 5484 Mirare
2526 5438 2780 5496 quantam
2805 5427 2856 5480 in
2883 5441 3148 5494 corporeo
3177 5428 3295 5494 ipso
3314 5426 3668 5485 Clericornm
3697 5431 3807 5486 lia-

2172 5503 2286 5557 bitu
2317 5496 2708 5568 perfectionem
2731 5497 3044 5566 requirebat
3065 5508 3286 5568 sanctus
3309 5499 3554 5566 Praesul;
3580 5508 3640 5556 et
3667 5503 3810 5560 hinc

2170 5567 2370 5639 collige
2397 5584 2530 5639 quas
2560 5577 2616 5626 et
2641 5577 2875 5637 quantas
2907 5569 2958 5620 in
2991 5567 3200 5624 eisdem
3229 5569 3401 5627 animi
3429 5574 3668 5628 virtutes
3701 5587 3810 5630 ex-

2175 5653 2414 5715 petebat.
