4078 6306
245 252 320 309 ΑΒ
1315 267 1406 324 DE
1444 268 1737 329 OFFICHS
1774 270 2254 337 HINISTROBUM
2298 276 2435 337 LIB.
2476 281 2519 338 l.
3485 298 3560 357 ll!

246 374 523 485 tamen.in
550 377 762 434 clerum
788 394 819 435 a
860 395 946 436 me
974 394 1083 437 non
1124 392 1400 452 receptum
1427 422 1442 449 ,
1474 382 1620 454 quod
1661 395 1855 455 gestus
1880 395 1936 460 Α
1954 388 2189 460 justuodi
2227 395 2474 463 praebere
2500 396 2701 455 dictis:
2742 400 2884 457 sicut
2918 402 3123 470 Joseph
3155 421 3225 464 ne
3261 410 3558 485 incongrua

245 463 368 535 ejus
400 466 698 537 plurimum
728 472 1018 531 dedeceret
1049 491 1065 530 :
1096 478 1329 533 alterum
1378 493 1595 549 quoque
1634 494 1756 535 cum
1800 482 1853 535 in

244 558 400 613 clero
446 564 775 632 reperissem
796 607 813 634 ,
838 567 1072 637 jussisse
1117 585 1205 625 me
1248 586 1318 628 ne
1347 587 1602 643 umquam
1635 574 1856 644 praeiret

246 651 417 720 mihi;
448 655 575 726 quia
606 659 751 714 velut
775 662 1009 729 quodam
1035 661 1319 720 insolentis
1347 664 1591 722 incessus
1621 667 1853 725 verbere

241 745 439 801 oculos
489 745 681 805 feriret
730 765 899 807 meos.
950 752 1116 822 quue
1162 754 1309 824 dixi,
1360 773 1485 814 cum
1533 758 1853 817 redderetur

243 848 371 907 post
398 838 668 897 offensam
693 845 930 900 muneri.
962 845 1077 903 Hoc
1102 848 1278 904 solum
1302 850 1528 922 excepi,
1560 866 1663 909 nec
1695 851 1853 910 fefel-

239 931 302 987 lit
330 933 643 1003 sententia;
673 947 901 1009 uterque
927 939 1072 995 enim
1104 941 1174 996 ab
1204 942 1449 998 Ecclesia
1479 944 1710 1001 recessit
1734 987 1747 1010 ,
1793 956 1852 1003 ut

238 1025 424 1096 qualis
465 1028 679 1084 incessu
727 1029 1091 1101 prodebatur,
1127 1034 1249 1090 talis
1293 1035 1516 1105 perfidia
1544 1038 1712 1093 animi
1753 1038 1851 1096 de-

239 1127 670 1174 monstraretur.
720 1119 965 1193 Namque
1024 1125 1167 1182 alter
1215 1128 1434 1183 Arianze
1482 1127 1850 1189 infestationis

238 1217 524 1280 tempore.
560 1211 721 1268 fidem
753 1213 1035 1272 deseruit:
1065 1217 1201 1273 alter
1247 1222 1492 1290 pecunia:
1520 1222 1700 1278 studio
1721 1265 1735 1289 ,
1781 1240 1850 1280 ne

231 1301 507 1374 judicium
539 1315 565 1344 λ
595 1307 805 1365 subiret
830 1310 1173 1369 sacerdotale
1192 1354 1208 1381 ,
1238 1328 1298 1369 se
1333 1323 1579 1372 nostrum
1608 1318 1843 1389 negavit.

236 1400 347 1475 αι
370 1398 617 1459 Lucebat
638 1401 695 1460 in
722 1402 939 1465 illorum
968 1405 1188 1464 incessu
1218 1407 1398 1482 imago
1423 1409 1698 1479 levitatis,
1722 1428 1849 1486 spe-

233 1492 357 1549 cies
384 1493 633 1565 quasdam
658 1510 971 1556 scurrarum
1005 1504 1464 1571 percursantium.

313 1587 405 1645 73.
439 1587 578 1647 Sunt
606 1592 768 1647 etiam
794 1593 885 1665 qui
916 1591 944 1631 δ
963 1595 1170 1651 sensim
1200 1596 1532 1656 ambulando
1567 1598 1849 1658 imitantur

236 1681 591 1740 histrionicas
612 1693 822 1757 gestus,
850 1695 906 1742 et
928 1688 1083 1760 quasi
1102 1689 1353 1760 quaedam
1388 1691 1590 1748 fercula
1622 1707 1849 1765 pompa-

234 1790 393 1843 rum,
422 1788 479 1832 et
507 1786 805 1833 statuarum
835 1791 1012 1835 motus
1039 1782 1343 1836 nutantium
1362 1823 1378 1849 ,
1401 1793 1458 1838 ut
1480 1784 1848 1853 quotiescum-

229 1884 350 1940 que
380 1869 606 1943 gradum
638 1870 1002 1940 transferunt,
1036 1874 1289 1933 modulos
1325 1877 1593 1950 quosdam
1622 1893 1847 1937 servare

230 1962 550 2021 videantur.

314 2056 387 2113 74
436 2057 547 2116 Nec
572 2060 773 2116 cursim
802 2061 1084 2119 ambulare
1116 2063 1408 2120 honestum
1433 2064 1670 2122 arbitror
1693 2107 1708 2131 .
1741 2067 1845 2125 nisi

228 2168 362 2208 etim
390 2167 554 2209 causa
582 2154 749 2226 exigit
777 2154 1005 2229 alicujus
1034 2158 1284 2227 periculi.
1317 2170 1339 2199 ο
1372 2159 1458 2216 vel
1481 2158 1626 2230 justa
1651 2176 1842 2219 neces.

228 2246 393 2302 sitas.
432 2244 569 2303 Nam
609 2246 930 2319 plerumque
970 2248 1290 2307 festinantes
1333 2251 1563 2308 anhelos
1599 2253 1846 2310 videmus

230 2350 498 2414 torquere
528 2357 623 2399 ora
644 2384 660 2411 ,
689 2342 886 2414 quibus
915 2344 960 2400 si
990 2359 1154 2401 causa
1185 2345 1328 2402 desit
1354 2345 1719 2403 festinationis
1748 2364 1846 2404 ne-

226 2437 491 2494 cessaria:
513 2478 528 2504 ,
570 2452 757 2494 naevus
801 2445 886 2494 est
921 2437 1087 2510 justas
1121 2438 1461 2497 oﬂ'ensionis.
1488 2440 1595 2498 Sed
1627 2457 1735 2497 non
1775 2441 1845 2499 de

227 2530 325 2589 his
350 2531 475 2587 dico
498 2574 513 2600 ,
554 2533 752 2607 quibus
778 2548 899 2591 rara
932 2536 1242 2604 properatio
1268 2551 1334 2592 ex
1366 2551 1530 2592 causa
1559 2542 1841 2594 nascitur:

226 2623 331 2682 sed
378 2624 577 2695 quibus
614 2625 762 2698 jugis
806 2636 859 2683 et
900 2628 1158 2684 continua
1210 2628 1263 2683 in
1303 2639 1550 2685 naturam
1590 2631 1841 2687 vertitur.

223 2717 347 2776 Nec
375 2719 428 2776 in
457 2718 567 2777 illis
593 2734 699 2791 ego
731 2728 1007 2790 tamquam
1033 2721 1456 2780 simulacrorum
1480 2722 1692 2795 efﬁgies
1718 2739 1843 2796 pro-

224 2813 323 2879 ho,
358 2830 460 2871 nec
492 2816 544 2871 in
577 2815 698 2872 istis
720 2824 990 2888 tamquam
1019 2832 1377 2875 excusserum
1407 2819 1612 2875 ruinas.

303 2907 395 2963 75.
426 2906 519 2962 Est
549 2908 711 2963 etiam
732 2923 951 2979 gressus
977 2909 1297 2979 probabilis,
1326 2912 1378 2966 in
1404 2927 1513 2983 quo
1543 2912 1611 2966 sit
1632 2911 1842 2982 species

224 3000 595 3069 auctoritatis,
629 3001 1015 3073 gravitatisque
1051 3003 1285 3075 pondus,
1310 3005 1721 3076 tranquillitatis
1748 3021 1842 3063 ve-

221 3096 451 3169 stigium
477 3113 492 3163 ;
523 3096 597 3152 ita
625 3107 804 3153 tamen
836 3098 881 3154 sl
909 3099 1148 3156 studium
1185 3100 1329 3158 desit
1360 3111 1521 3175 atque
1544 3102 1835 3170 affectatio,

222 3190 327 3249 sed
356 3200 536 3248 motus
564 3193 634 3248 sit
663 3207 830 3264 purus
866 3208 931 3249 ac
955 3194 1222 3264 simplex;
1258 3196 1391 3252 nihil
1420 3173 1567 3253 enim
1601 3198 1835 3255 fucatnm
1861 3173 1907 3237 (δ

222 3287 430 3357 placet.
447 3285 653 3341 [lotum
678 3292 867 3340 natura
900 3286 1173 3343 informet.
1192 3287 1252 3344 Si
1271 3290 1398 3358 quid
1411 3305 1543 3346 sane
1567 3291 1619 3346 in
1642 3300 1835 3347 natura

221 3376 346 3432 vitii
369 3387 457 3432 est
477 3418 493 3442 ,
526 3376 788 3433 industria
818 3376 1110 3446 emendet;
1146 3387 1203 3435 ut
1232 3394 1322 3436 ars
1349 3379 1529 3449 desit,
1563 3397 1667 3437 non
1695 3380 1840 3439 desit

220 3466 529 3523 correctio.

302 3562 398 3619 76.
427 3561 586 3631 Quod
625 3563 671 3620 si
709 3565 868 3621 etiam
912 3568 1015 3623 ista
1045 3577 1362 3638 spectantur
1398 3569 1589 3636 altius,
1632 3579 1839 3641 quanto

221 3657 404 3730 magis
443 3657 745 3714 cavendum
781 3669 862 3716 est
897 3677 965 3719 ne
1004 3663 1131 3734 quid
1182 3673 1338 3734 turpe
1377 3680 1470 3720 ore
1507 3675 1696 3728 exeat;
1733 3666 1835 3723 hoc

218 3754 374 3811 enim
415 3753 654 3831 graviter
677 3756 993 3828 coinquinat
1020 3759 1317 3816 hominem.
1350 3757 1466 3815 Non
1497 3759 1642 3816 enim
1679 3760 1835 3816 cibus

219 3848 574 3918 coinquinat,
628 3850 723 3906 sed
771 3852 973 3922 injusta
1017 3853 1346 3911 obtrectatio
1368 3893 1384 3921 ,
1415 3853 1510 3909 sed
1542 3854 1833 3910 verborum

222 3939 251 3978 ἀ
274 3942 631 3999 obscmuitas.
659 3942 785 3999 llaec
807 3946 966 4000 etiam
994 3947 1154 4021 vulgo
1179 3948 1368 4018 pudori
1391 3957 1540 4003 sunt.
1563 3947 1617 4003 In
1649 3957 1837 4004 nostro

222 4051 359 4092 vero
399 4035 579 4093 officio
609 4036 816 4094 nullum
858 4038 1083 4097 verbum
1124 4039 1266 4112 quod
1307 4040 1592 4098 inhoneste
1630 4042 1829 4110 cadat,

222 4146 337 4189 non
367 4131 597 4189 incutiat
614 4132 1020 4190 verecundiam.
1050 4134 1117 4191 Et
1137 4151 1245 4191 non
1270 4135 1445 4191 solum
1471 4135 1603 4191 nihil
1626 4135 1728 4206 ipsi
1749 4136 1831 4191 iu-

222 4223 488 4281 decorum
516 4224 662 4298 loqui
689 4268 704 4293 ,
732 4225 828 4280 sed
874 4241 942 4281 ne
971 4241 1157 4282 aurem
1187 4227 1407 4297 quidem
1438 4226 1700 4282 debemus
1731 4226 1830 4281 htt-

1955 500 2070 542 sute
2122 488 2338 544 audiret
2378 493 2748 562 verecundiae,
2797 507 2952 553 veste
2998 498 3133 571 fugit
3176 504 3366 562 relicta
3397 510 3559 579 (Gen.

1955 593 2140 648 xxxix,
2172 581 2303 655 12);
2342 586 2597 655 quoniam
2619 603 2779 659 quem
2812 589 3049 648 delectat
3085 595 3295 665 audire,
3325 600 3557 660 alterum

1953 670 2101 741 loqui
2126 685 2397 744 provocat.

2025 767 2114 823 77.
2144 769 2451 843 Intelligere
2479 788 2696 845 quoque
2721 777 2867 846 quod
2897 788 3054 850 turpe
3078 782 3186 850 sit,
3218 785 3414 855 pudori
3440 806 3557 846 ma-

1954 862 2102 919 ximo
2127 872 2231 920 est.
2262 864 2525 935 Spectare
2559 883 2689 925 vero
2727 870 2773 926 si
2812 872 2941 942 quid
2983 873 3291 944 huiusmodi
3332 880 3558 939 fortuitu

1951 956 2192 1025 accidat,
2223 961 2413 1029 quanti
2444 962 2688 1019 horroris
2717 967 2829 1022 est!
2861 966 3020 1036 Quod
3049 985 3181 1041 ergo
3209 973 3263 1028 in
3294 975 3418 1032 aliis
3445 978 3558 1034 dis-

1954 1051 2137 1121 plicet,
2171 1055 2429 1125 numquid
2460 1066 2638 1126 potest
2664 1057 2718 1113 in
2746 1074 2805 1114 se
2828 1059 2946 1129 ipso
2971 1062 3233 1133 placere?
3264 1077 3287 1105 θ
3314 1084 3415 1124 nec
3441 1070 3556 1141 ipsa

1951 1155 2144 1201 natura
2164 1160 2263 1201 nos
2277 1146 2476 1204 docet?
2500 1165 2623 1218 quas
2648 1152 2890 1221 perfecte
2908 1156 3126 1225 quidem
3153 1172 3345 1216 omnes
3375 1173 3558 1232 partes

1952 1238 2124 1293 nosui
2163 1241 2412 1310 corporis
2436 1243 2762 1313 explicavit;
2792 1256 2850 1303 ut
2886 1258 2940 1303 et
2967 1251 3280 1309 necessitati
3308 1263 3557 1314 consule—

1949 1340 2055 1398 ret,
2080 1339 2137 1388 et
2159 1333 2388 1402 gratiam
2421 1345 2755 1395 venustaret.
2788 1340 2895 1397 Sed
2922 1351 3101 1399 tamen
3128 1360 3224 1401 eas
3245 1364 3367 1417 qua:
3394 1350 3559 1407 deco-

1952 1440 2027 1480 rte
2051 1426 2118 1481 ad
2146 1437 2425 1497 aspectum
2452 1429 2655 1497 forent,
2687 1432 2739 1487 in
2766 1434 2964 1504 quibus
3002 1436 3193 1494 formae
3214 1454 3357 1511 apex
3397 1445 3554 1512 quasi

1948 1517 2004 1573 in
2026 1533 2152 1577 arce
2173 1521 2406 1591 quadam
2430 1523 2661 1594 locatus,
2684 1527 2938 1599 etﬂgum
2953 1532 3217 1600 suavitas,
3233 1545 3285 1590 et
3307 1537 3415 1609 32
3439 1539 3559 1592 vul-

1952 1620 2038 1667 tus
2052 1616 2234 1682 specie
2249 1614 2569 1685 semineret,
2593 1618 2967 1691 aperandique
2991 1636 3120 1678 usus
3131 1636 3278 1680 esset
3293 1629 3555 1697 paratior,

1950 1705 2141 1762 obvias
2165 1718 2327 1777 atque
2349 1721 2567 1778 apertas
2593 1711 2842 1784 reliquit:
2872 1729 2966 1771 cas
2991 1731 3124 1773 vero
3149 1719 3202 1772 in
3239 1720 3436 1790 quibus
3465 1738 3556 1779 es-

1875 1781 1923 1842 Β
1950 1805 2034 1851 set
2058 1799 2322 1855 naturalis
2345 1801 2668 1872 obsequium
2699 1781 3072 1876 necessitatis,
3102 1825 3171 1867 ne
3195 1781 3443 1870 deforme
3471 1818 3557 1872 sui

1951 1890 2255 1959 praeberent
2298 1897 2674 1965 spectaculum
2701 1938 2717 1964 ,
2768 1904 2965 1970 partim
3018 1910 3294 1973 tamquam
3342 1908 3397 1962 in
3436 1908 3555 1978 ipso

1948 1986 2259 2044 amandavit
2288 1996 2450 2060 atque
2476 1990 2763 2049 abscondit
2784 2008 3038 2066 corpore,
3067 2000 3265 2069 partim
3285 1999 3478 2057 docuit
3501 2013 3560 2060 et

1949 2084 2125 2137 suasit
2152 2083 2433 2152 tegendas.

2019 2173 2108 2229 78.
2134 2174 2326 2231 Nonne
2348 2176 2511 2247 igitur
2538 2178 2658 2250 ipsa
2686 2189 2875 2237 natura
2897 2194 2981 2239 est
3006 2186 3262 2261 magistra
3288 2203 3559 2247 verecun-

1947 2265 2285 2339 diae?Cujus
2322 2272 2578 2342 exemplo
2610 2279 2630 2319 ι
2663 2273 2932 2332 modestia
2966 2272 3249 2336 hominum
3291 2284 3479 2352 (quam
3526 2301 3557 2341 a

1948 2359 2111 2414 modo
2139 2360 2387 2417 scientia:
2413 2363 2541 2433 quid
2569 2363 2789 2422 deceret
2823 2368 3155 2439 appellatam
3181 2356 3457 2450 arbitror)
3500 2380 3555 2434 id

1946 2453 2089 2523 quod
2120 2454 2171 2508 in
2200 2454 2302 2510 hac
2327 2459 2497 2512 nostri
2528 2459 2777 2530 corporis
2803 2460 3010 2519 fabrica
3035 2464 3280 2523 abditum
3308 2474 3513 2542 reperit
3537 2515 3554 2542 ,

1945 2549 2164 2617 operuit
2195 2556 2250 2603 et
2283 2551 2454 2617 texit;
2483 2558 2544 2606 nt
2567 2554 2767 2609 ostium
2798 2555 2930 2612 illud
2963 2560 3109 2629 quod
3138 2577 3206 2618 ex
3241 2572 3555 2624 transverso

1948 2638 2253 2695 faciendum
2287 2640 2343 2696 in
2373 2657 2498 2696 arca
2528 2643 2620 2698 illa
2650 2644 2765 2702 Noe
2782 2647 2931 2717 justo
2957 2651 3160 2707 dictum
3187 2666 3271 2710 est
3294 2655 3466 2727 (Gen.
3496 2661 3552 2721 ϐ.

1948 2731 2080 2803 lli);
2115 2733 2164 2787 in
2196 2750 2302 2806 qua
2330 2736 2413 2790 vel
2446 2736 2741 2805 Ecclesia,
2769 2741 2853 2798 vel
2895 2746 3066 2801 nostri
3098 2746 3269 2818 ﬁgura
3311 2761 3397 2807 est
3432 2768 3555 2810 cor-

1946 2825 2095 2893 poris
2119 2842 2133 2880 :
2161 2840 2256 2896 per
2283 2828 2428 2899 quod
2456 2833 2658 2886 ostium
2687 2844 2982 2904 egeruntur
3006 2836 3257 2909 reliquias
3280 2843 3547 2902 ciborum.

1946 2916 2090 2988 Ergo
2132 2930 2343 2976 natura:
2373 2922 2553 2993 opifex
2593 2926 2672 2981 sic
2700 2938 2900 2982 nostra:
2929 2929 3136 2985 studuit
3166 2938 3508 2994 verecundia:
3533 2984 3549 3008 ,

1944 3011 2021 3064 sic
2057 3011 2317 3069 decorum
2360 3015 2492 3071 illud
2535 3026 2592 3073 et
2636 3018 2922 3075 honestum
2956 3021 3008 3076 in
3046 3032 3237 3080 nostro
3260 3031 3554 3089 custodivit

1926 3106 2199 3175 oorpore,
2231 3116 2286 3163 ut
2312 3118 2337 3156 ε
2361 3107 2557 3167 ductus
2588 3110 2849 3181 quosdam
2874 3124 3039 3187 atque
3060 3116 3240 3174 exitus
3269 3122 3553 3181 cuniculo-

1941 3216 2061 3256 rum
2091 3211 2401 3258 nostrorutn
2433 3214 2556 3272 post
2587 3214 2794 3276 tergum
2833 3208 3131 3277 relegaret,
3162 3219 3328 3281 atque
3355 3216 3427 3272 ab
3461 3232 3551 3274 as-

1942 3300 2101 3363 pectu
2147 3301 2335 3349 nostro
2365 3304 2674 3362 averteret,
2707 3311 2774 3351 ne
2816 3299 3068 3370 purgatio
3114 3304 3322 3358 ventris
3368 3306 3544 3364 visum

1940 3386 2221 3443 oculorum
2249 3387 2572 3444 offenderet.
2602 3389 2675 3445 De
2715 3406 2825 3461 quo
2864 3391 3087 3462 pulchre
3110 3392 3406 3464 Apostolus
3431 3401 3507 3457 ait
3533 3421 3545 3458 :

1945 3479 2075 3547 Quot
2098 3480 2365 3546 videntur,
2393 3480 2583 3552 inquit,
2615 3483 2838 3537 membra
2862 3488 3092 3557 corporis
3115 3488 3429 3559 inﬁrmiora,
3457 3510 3549 3551 ne-

1941 3573 2230 3627 cessariora
2252 3582 2371 3628 sunt
2397 3587 2415 3628 :
2439 3582 2487 3628 et
2510 3588 2625 3644 qua
2649 3585 2890 3647 putamus
2915 3578 3226 3647 ignobiliora
3245 3597 3358 3640 esse
3383 3602 3545 3642 mem-

1940 3665 2030 3720 bra
2069 3666 2300 3736 corporis
2323 3707 2339 3731 ,
2379 3666 2459 3721 Itis
2505 3668 2936 3724 abundantiorem
2966 3670 3214 3730 honorem
3253 3677 3547 3736 circumda-

1938 3773 2049 3812 mus
2076 3774 2094 3811 :
2120 3767 2167 3814 et
2197 3773 2315 3829 qua:
2338 3759 2609 3814 inhonesta
2634 3771 2754 3816 sunt
2784 3772 2959 3817 nostra
2976 3805 2990 3829 .
3022 3762 3347 3823 honestatem
3374 3774 3545 3828 abun-

1938 3854 2226 3908 dantiorem
2253 3852 2440 3908 habent
2467 3854 2511 3926 (Ι
2535 3853 2655 3909 Cor.
2684 3870 2758 3910 xtt
2779 3896 2792 3920 ,
2815 3857 2928 3929 35).
2960 3856 3177 3929 Etenim
3228 3862 3534 3923 imitatione

1937 3956 2148 4003 naturae
2177 3945 2447 4001 industria
2468 3946 2617 4000 auxit
2645 3948 2893 4017 gratiam.
2918 3948 3073 4017 Quod
3099 3952 3204 4008 alio
3229 3953 3351 4011 loco
3371 3958 3539 4015 etiam

1935 4039 2098 4095 altius
2141 4039 2485 4111 interpretati
2540 4056 2724 4096 sumus
2775 4039 2912 4112 (Lib.
2962 4044 3071 4101 ide
3116 4045 3232 4104 Noe
3280 4061 3329 4107 et
3380 4053 3537 4122 Area,

1939 4149 2055 4204 cap.
2080 4130 2165 4203 8),
2189 4140 2247 4186 ut
2276 4146 2382 4187 non
2406 4132 2581 4187 solum
2610 4132 3009 4191 absoondamus
3029 4137 3098 4193 ab
3118 4141 3312 4212 oculis,
3346 4160 3537 4204 verum

1937 4223 2102 4279 etiam
2142 4239 2264 4296 qua:
2306 4224 2691 4282 abscondenda
2730 4228 3073 4300 accepimus,
3104 4247 3292 4290 eorum
3333 4237 3532 4297 indicia

299 4376 325 4404 ⁸
360 4364 454 4421 Sic
477 4378 610 4419 mss.
634 4380 832 4455 magno
860 4381 1129 4455 consensu
1148 4409 1163 4431 ,
1193 4365 1239 4455 si
1260 4364 1407 4450 'duos
1446 4365 1688 4455 excipias
1734 4366 1823 4436 qni
1850 4368 1904 4431 D
1927 4364 2087 4421 detur
2114 4362 2393 4455 declarare
2422 4364 2877 4455 ilnlsequentihus.
2906 4368 3173 4455 Caeterum
3204 4377 3272 4433 ab
3299 4379 3415 4438 istis
3438 4399 3538 4455 pa.

224 4436 456 4509 perinde
480 4450 547 4491 ac
575 4449 684 4509 vet.
713 4438 850 4492 edit.
890 4437 1124 4493 habent:
1158 4437 1382 4502 subiret,
1412 4438 1730 4492 sacerdotem
1769 4454 1823 4493 se

223 4506 481 4572 nostrum,
513 4518 618 4564 etc.
656 4506 783 4565 Sola
810 4509 942 4566 edit.
971 4509 1153 4574 Rom.,
1184 4509 1379 4564 subiret
1401 4510 1746 4577 sacerdotum,
1774 4527 1828 4565 se

222 4590 465 4635 nostrum
489 4622 505 4646 ,
533 4589 673 4648 etc.,
714 4595 879 4635 sensu
905 4598 933 4635 a
966 4581 1200 4637 lectione
1245 4590 1426 4636 nostra
1476 4596 1581 4635 non
1624 4581 1820 4637 alieno.

222 4651 458 4707 Videtur
485 4663 666 4707 autem
695 4653 782 4707 hic
812 4663 1052 4724 accepta}
1075 4653 1569 4708 administrationis
1595 4663 1687 4707 aut
1712 4651 1826 4706 fur-

222 4724 269 4795 ti
309 4724 617 4795 cujuspiam
651 4726 917 4779 rationem
966 4724 1200 4781 reddere
1239 4724 1557 4795 defugiens,
1588 4724 1825 4779 transfu-

219 4794 371 4863 gisse
411 4794 479 4849 ad
530 4795 789 4852 Arianos.
822 4795 992 4852 Porro
1012 4796 1080 4852 de
1130 4796 1346 4866 iudiciis
1378 4794 1781 4851 ecclesiasticis
1806 4839 1821 4860 .

220 4880 289 4921 ac
329 4866 597 4921 bonorum
646 4866 901 4923 Ecclesia;
939 4869 1241 4925 oeconomia
1293 4867 1401 4922 alio
1444 4866 1564 4923 loco
1610 4866 1826 4923 dicetur

219 4936 590 4993 commodius.

292 5007 321 5048 δ
346 5007 461 5063 Cic.
496 5010 587 5063 Iih.
636 5025 650 5062 l
677 5007 831 5081 Ollio.
865 5025 987 5081 pag.
1018 5010 1125 5067 369
1147 5011 1288 5081 ,_lin.
1318 5009 1385 5064 8:
1421 5008 1559 5064 Nam
1586 5019 1632 5064 et
1658 5008 1825 5079 pulte-

217 5081 363 5135 strici
392 5089 583 5141 motus,
612 5089 718 5135 etc.
752 5079 820 5135 Et
843 5079 978 5136 infra
1006 5085 1073 5139 ﬂ
1099 5099 1113 5136 :
1143 5079 1439 5137 Cavendum
1465 5091 1539 5136 est
1566 5092 1739 5136 autem
1763 5096 1827 5135 ne

217 5162 313 5206 aut
363 5152 735 5219 tarditatibus,
787 5163 892 5209 etc.
947 5154 1094 5209 Varii
1148 5154 1363 5223 generis
1416 5162 1571 5208 erant
1619 5152 1821 5207 fercula

214 5225 361 5294 apud
384 5225 643 5293 antiquos
661 5265 675 5287 ,
706 5224 811 5278 alia
836 5227 981 5281 enim
1011 5228 1061 5280 in
1085 5226 1373 5293 triumphis
1400 5225 1820 5294 usurpabantnr,

214 5309 340 5349 cum
373 5296 718 5367 devictarum
746 5300 985 5367 gentium
1019 5298 1222 5365 spolia,
1253 5308 1458 5351 vestem
1487 5298 1777 5366 pretiosam
1805 5335 1821 5359 ,

214 5379 408 5421 aurum
455 5366 576 5421 sive
605 5366 801 5420 factum
841 5370 955 5423 sive
984 5369 1254 5439 signatum
1278 5409 1293 5433 ,
1326 5383 1558 5422 coronas
1585 5409 1597 5429 .
1628 5381 1777 5439 arma
1806 5405 1820 5427 ,

214 5439 532 5509 machinas,
566 5439 710 5502 ipsas
741 5440 975 5509 denique
1005 5438 1218 5494 urbium
1248 5447 1524 5505 captarum
1558 5438 1823 5508 imagines

212 5507 271 5562 in
305 5511 568 5581 plaustris
586 5518 715 5565 ante
735 5507 951 5566 currunt
982 5511 1421 5581 triumphantium
1443 5507 1820 5581 portabantur:

211 5580 319 5635 alia
348 5589 515 5636 erant
544 5580 794 5636 ludorum
834 5598 897 5638 ac
930 5580 1359 5653 spectaculorum
1384 5623 1398 5644 ,
1452 5596 1559 5635 non
1591 5580 1820 5653 multum

212 5654 498 5734 prioribus
529 5654 641 5734 illis
670 5652 934 5734 absimilia
964 5649 980 5707 Ξ
1012 5655 1126 5734 alia_
1147 5653 1385 5734 denique
1415 5667 1736 5734 sacrorum,
1767 5649 1822 5733 in

210 5725 420 5805 quibus
439 5724 803 5805 gestabantur
833 5726 1054 5805 deorum
1085 5724 1407 5805 sitttttlacra;
1437 5732 1493 5805 et
1517 5723 1823 5805 dqultimis

212 5793 363 5851 hisce
394 5793 629 5852 ferculis
660 5796 893 5853 maxime
919 5797 1010 5853 hic
1038 5795 1182 5866 loqui
1209 5794 1557 5851 Ambrosium
1597 5796 1714 5864 ipse
1742 5793 1823 5847 vi.

1932 4453 2050 4492 rum
2080 4436 2371 4524 admodum
2394 4436 2750 4524 abhorrqisse
2776 4450 2994 4524 censuit
3006 4442 3257 4524 funerum
3279 4436 3537 4524 gestanti.

1932 4525 2021 4585 Μ’
2050 4506 2512 4585 (“ibus-defuncti
2543 4512 2777 4585 Cadaver
2798 4512 2923 4567 dum
2968 4506 3528 4585 eﬂ‘ert‘etnrfavo—r'tint

1929 4582 2049 4657 ejus
2082 4580 2549 4648 νηηηίιιείιιιηιιιι·
2579 4582 2858 4657 imagines.
2889 4586 3024 4652 Quae
3051 4591 3229 4647 onmia
3257 4580 3529 4657 cum-non

1928 4653 2047 4729 sine
2078 4665 2268 4729 miigna
2298 4659 2565 4729 gravitate
2596 4653 2928 4729 veherentur
2965 4665 3127 4729 atque
3154 4664 3397 4723 incessus
3424 4653 3533 4727 is};

1926 4723 2117 4806 ditate,
2141 4724 2467 4810 lqc‘t‘nnndare
2486 4725 2864 4784 Ambrosianw
2884 4723 3362 4810 CiCeronianmqtte

1929 4794 2195 4866 paratioui
2220 4793 2379 4848 facile
2410 4808 2725 4863 potuerunt.

2002 4876 2024 4940 ς
2055 4864 2189 4940 Mss.
2219 4867 2441 4940 aliquot,
2476 4870 2553 4922 cel
2574 4868 2732 4940 justw
2759 4876 3095 4933 necessitatis.

1997 4934 2023 4974 ἀ
2047 4937 2273 5025 Cic.lib.
2294 4955 2308 4992 ι
2330 4939 2511 5005 υῐῐὶο.,
2530 4934 2653 5025 pag.
2673 4942 2798 5008 568,
2824 4944 2897 5025 lin
2923 4948 3024 5003 59:
3051 4952 3378 5023 Quarnmque
3404 4974 3530 5025 par.

1929 5008 2302 5095 tium'corporis
2319 5026 2453 5095 usus
2473 5008 2593 5095 sunt
2610 5008 2897 5095 necessarii
2923 5035 3010 5072 eas
3024 5008 3187 5095 usque
3206 5008 3524 5095 partesfele.

2003 5090 2025 5117 θ
2054 5081 2189 5163 Ibid.
2209 5125 2224 5145 ,
2261 5082 2456 5168 lin.‘52
2498 5097 2529 5168 ε,
2551 5080 2815 5168 Principio
2841 5092 3075 5168 corporis
3101 5080 3262 5149 'nost'rt'
3284 5080 3527 5168 magnoin

1924 5153 2483 5229 natura_ipsa__oidetur
2509 5154 2748 5229 habuisse
2768 5153 3055 5227 ration-ent,
3085 5173 3190 5219 etc.
3226 5166 3323 5221 Hic
3346 5153 3525 5229 ἡμέέῆ

1926 5225 1979 5304 in
2012 5223 2286 5304 Ambrosii
2316 5237 2587 5304 contextu
2610 5226 2735 5280 Era.
2763 5238 2819 5283 et
2866 5246 2982 5301 seq.
3018 5223 3147 5292 edit.
3185 5223 3525 5304 praeferunt";

1928 5295 2197 5381 chjpsa
2220 5307 2403 5351 natura
2431 5314 2525 5383 nos
2553 5299 2721 5383 docet,
2747 5316 2878 5356 mss.
2897 5295 3039 5383 sero
3063 5295 3528 5383 constantissime,

1926 5385 2016 5444 nec
2056 5369 2167 5444 ipsa
2200 5379 2422 5444 natura,
2452 5368 2675 5423 Amerh.
2705 5411 2722 5444 ,
2758 5388 2849 5425 nec
2888 5375 2983 5429 hoc
3005 5376 3119 5442 ipsa
3158 5388 3379 5444 natura,
3420 5368 3530 5442 etc:

1926 5439 2042 5514 Non
2058 5440 2223 5514 male;
2245 5441 2483 5514 estenint
2498 5450 2694 5514 empta:
2712 5439 3150 5514 interrogationis
3167 5439 3528 5514 continuatio;

2002 5509 2194 5587 f_lhi_tl.
2218 5551 2233 5575 ,
2267 5526 2386 5581 pag.
2421 5510 2528 5565 372
2552 5554 2565 5578 ,
2606 5513 2701 5567 lin.
2738 5514 2807 5568 47
2836 5530 2848 5567 :
2879 5509 3065 5586 Itaque
3100 5528 3153 5572 ut
3181 5522 3410 5579 eamdem
3437 5509 3532 5587 nos

1925 5581 2231 5635 modestiam
2248 5624 2262 5646 ,
2291 5593 2397 5637 etc.

1999 5662 2025 5700 8
2043 5652 2164 5708 Edit
2178 5691 2216 5719 .,
2236 5653 2448 5727 utuelut
2477 5654 2663 5709 ductus
2682 5655 2933 5724 quosdam
2952 5672 3120 5727 aqua’,
3141 5662 3308 5716 exitus
3324 5670 3537 5725 cunicu-

1894 5758 1899 5763 -
1927 5723 2120 5792 lorum,
2146 5735 2254 5780 etc.
2285 5724 2410 5780 Mss.
2437 5741 2566 5781 vero
2587 5723 2757 5799 prope
2785 5727 2855 5782 ad
2879 5723 3044 5783 unum
3075 5740 3134 5785 ut
3153 5746 3255 5790 nos
3282 5735 3333 5792 in
3356 5723 3529 5797 textu.
