4078 6306
243 345 310 402 ιθ
1307 350 1393 406 DE
1433 349 1728 411 OFFICIIS
1763 353 2240 417 MINISTBORUM
2281 360 2413 418 LIB.
2457 362 2499 420 l.
3491 372 3564 432 50

243 466 658 535 communibus;
693 477 752 524 ut
769 468 1039 526 honestati
1065 468 1149 524 vel
1180 469 1490 525 necessitati
1520 469 1655 528 nihil
1679 471 1842 544 desit,
1870 485 1928 547 Α
1949 477 2282 547 senioribus,
2316 478 2418 536 hoc
2445 489 2552 548 est,
2586 482 2668 538 vel
2696 499 2817 540 cum
2841 486 3122 557 episcopo,
3157 488 3244 544 vel
3267 488 3312 544 si
3344 490 3564 560 gravior

245 560 377 616 nihil
405 562 634 617 accedat
663 565 850 619 nitori.

312 651 425 726 24
443 653 537 708 84.
573 654 814 725 Voxipsa
840 671 946 711 non
971 655 1220 722 remissa,
1246 671 1355 712 non
1386 657 1580 725 fracta,
1606 659 1741 716 nihil
1770 660 1850 717 fe-

243 746 483 802 mineum
507 761 735 814 sonans,
751 749 968 819 qualem
993 749 1142 804 multi
1163 750 1450 820 gravitatis
1472 753 1655 823 specie
1677 753 1848 809 simu-

243 840 357 896 lare
376 851 733 905 consuerunt,
759 842 855 898 sed
880 841 1106 897 formam
1129 843 1414 912 quamdam
1439 855 1494 900 et
1519 845 1756 916 regulam
1781 862 1846 904 ac

241 949 464 990 succum
492 934 704 990 virilem
736 951 1040 990 reservans.
1071 935 1183 992 Hoc
1205 947 1288 992 cst
1312 939 1457 993 enim
1489 940 1848 1008 pulchritudi-

241 1043 367 1086 nem
405 1028 626 1085 vivendi
663 1039 883 1096 tenere,
929 1031 1307 1086 convenientia
1353 1033 1550 1101 cuique
1593 1035 1746 1088 sexui
1790 1042 1846 1090 et

237 1136 487 1193 persona:
505 1121 758 1178 reddere.
787 1121 885 1178 llic
901 1121 1036 1178 ordo
1057 1133 1329 1194 gestorum
1357 1125 1616 1194 optimus,
1647 1126 1734 1182 hic
1755 1141 1845 1182 or-

235 1225 398 1270 natus
423 1213 491 1270 ad
512 1230 734 1272 omnem
757 1216 1026 1272 actionem
1053 1218 1455 1274 accommodus.
1481 1219 1588 1274 Sed
1619 1229 1679 1274 ut
1705 1220 1844 1275 mol-

233 1309 460 1364 liculum
489 1317 545 1364 et
586 1307 875 1364 infractum
912 1318 1007 1364 aut
1036 1313 1185 1365 vocis
1214 1325 1407 1365 sonum
1433 1352 1449 1378 ,
1492 1320 1586 1366 ant
1625 1323 1840 1382 gestum

233 1403 487 1472 corporis
516 1417 625 1457 non
649 1403 842 1472 probo;
868 1402 940 1457 ita
972 1418 1149 1473 neque
1174 1413 1441 1474 agrestem
1468 1419 1529 1459 ac
1551 1405 1838 1462 ruaticum.

235 1496 498 1554 Naturam
521 1499 799 1553 imitemur
823 1515 837 1552 :
867 1499 986 1569 ejus
1008 1497 1238 1570 elﬁgies,
1265 1497 1495 1555 formula
1515 1500 1836 1572 disciplinae,

236 1592 412 1648 forma
443 1591 747 1648 honestatis
776 1600 881 1648 est.

839 1683 1067 1742 CAPUT
1107 1684 1236 1756 xx.

235 1781 313 1836 Ad
352 1780 760 1836 conseruandam
787 1781 1151 1836 verecundiam
1180 1781 1634 1853 intentperantium
1669 1781 1838 1837 homi-

1948 581 2034 626 est
2060 587 2220 628 causa
2248 616 2263 639 ,
2294 590 2416 630 cum
2451 578 2805 650 presbyteris.
2829 579 2967 650 Quid
2998 597 3224 638 necesse
3247 592 3330 639 est
3355 591 3413 638 ut
3456 585 3558 640 de-

1949 681 2073 721 mus
2115 668 2468 725 saecularibus
2519 671 2860 728 obtrectandi
2906 675 3118 729 locum?
3147 674 3285 744 Quid
3314 690 3451 746 Opus
3475 686 3562 733 est

1948 768 2007 815 ut
2038 761 2144 817 illas
2173 779 2391 835 quoque
2422 765 2760 822 visitationes
2789 766 2995 822 crebra:
3023 769 3293 838 accipiant
3318 769 3562 824 auctori-

1945 855 2158 908 tatem?
2202 857 2344 923 Quid
2386 859 2432 913 si
2477 858 2657 930 aliqua
2704 860 2917 914 illarum
2976 858 3116 915 forte
3160 860 3421 915 labatur?
3464 876 3565 916 cur

1946 945 2106 1002 alieni
2158 947 2342 1018 lapsus
2380 951 2577 1006 subeas
2617 950 2916 1006 invidiam?
2946 951 3118 1020 Quam
3158 951 3360 1007 multos
3392 951 3560 1007 etiam

1947 1041 2118 1094 fortes
2141 1040 2395 1096 illecebra
2427 1043 2684 1114 decepit!
2720 1043 2921 1112 Quanti
2953 1060 3062 1099 non
3089 1043 3362 1100 dederunt
3382 1043 3560 1100 errori

1944 1131 2147 1200 locum,
2179 1144 2232 1190 et
2259 1135 2532 1193 dederunt
2563 1138 2861 1210 suspicioni
2886 1142 2899 1193 !

2015 1226 2104 1282 88.
2146 1226 2256 1281 Cur
2284 1244 2387 1282 non
2419 1229 2506 1283 illa
2533 1241 2801 1301 tempora,
2836 1231 3032 1302 quibus
3069 1231 3140 1285 ab
3174 1231 3422 1288 Ecclesia
3453 1246 3555 1286 va-

1942 1335 2057 1385 cas,
2091 1321 2310 1376 lectioni
2365 1322 2688 1393 impendas?
2730 1324 2838 1379 Cur
2864 1340 2971 1379 non
3000 1323 3282 1380 Christum
3317 1325 3557 1389 revisas,

1940 1410 2223 1468 Christum
2269 1413 2593 1485 alloquaris,
2636 1415 2916 1472 Christum
2949 1416 3176 1470 audias?
3227 1416 3384 1472 Illum
3416 1415 3558 1471 alio.

1941 1507 2161 1578 quimnr
2209 1521 2332 1562 cum
2395 1523 2640 1574 oramus,
2684 1509 2834 1563 illum
2887 1507 3139 1564 audimus
3190 1523 3313 1562 cum
3371 1507 3563 1563 divina

1939 1601 2170 1671 legimus
2199 1601 2439 1658 oracula.
2475 1601 2616 1671 Quid
2657 1603 2816 1660 nobis
2866 1618 2991 1658 cum
3033 1601 3234 1657 alienis
3262 1601 3562 1657 domibus?

1943 1693 2059 1751 Una
2089 1703 2174 1750 est
2201 1695 2418 1762 domus,
2454 1712 2575 1768 qua:
2609 1711 2804 1752 omnes
2836 1697 3000 1768 capit.
3035 1696 3116 1752 illi
3147 1697 3328 1766 potius
3357 1695 3424 1750 ad
3459 1709 3559 1750 nos

1940 1790 2180 1853 veniant,
2225 1791 2314 1858 qui
2365 1805 2466 1846 nos
2514 1791 2818 1862 requirnnt.
2853 1789 2992 1859 Quid
3026 1789 3186 1845 nobis
3238 1803 3363 1845 cum
3403 1787 3556 1844 fabu-

303 1890 430 1928 num
456 1876 747 1939 consortia,
782 1873 1016 1928 conuiuia
1043 1883 1408 1928 extraneorum
1429 1917 1446 1942 ,
1471 1891 1532 1928 ac
1563 1876 1838 1930 mulierum
1874 1893 1916 1954 η
1947 1881 2052 1939 lis?
2101 1883 2465 1939 Ministcrium
2520 1883 2789 1940 altaribus
2832 1881 3060 1950 Christi,
3092 1898 3199 1938 non
3229 1881 3559 1953 obsequium

304 1969 610 2022 commercia
638 1967 848 2021 vitanda
872 1985 890 2022 :
918 1966 1008 2022 sed
1031 1967 1191 2022 otium
1220 1974 1456 2021 nostrum
1483 1967 1624 2022 domi
1653 1968 1706 2022 in
1736 1969 1836 2040 piis

304 2060 630 2132 honestisque
657 2061 846 2116 studiis
872 2061 1254 2118 insumendum.

300 2150 390 2207 85.
427 2151 604 2208 Habet
656 2167 788 2208 sane
831 2168 959 2208 suos
1009 2153 1266 2223 scopulos
1309 2153 1635 2210 verecundia
1664 2197 1680 2221 ,
1727 2170 1835 2212 non

232 2257 368 2314 quos
391 2244 505 2316 ipsa
531 2244 774 2311 invehit,
805 2246 901 2302 sed
932 2262 1068 2318 quos
1094 2262 1242 2318 saepe
1271 2247 1528 2315 incurrit;
1561 2248 1609 2304 si
1640 2249 1839 2305 intem-

234 2339 538 2408 perantium
576 2339 878 2394 incidamus
921 2344 1195 2394 consortia
1218 2381 1232 2406 ,
1277 2340 1368 2412 qui
1399 2343 1500 2397 sub
1534 2343 1714 2412 specie
1751 2342 1839 2412 ju-

232 2432 526 2489 cunditatis
557 2449 823 2491 venenum
873 2435 1162 2492 infundunt
1205 2435 1382 2492 bonis.
1433 2438 1497 2493 lli
1542 2439 1589 2494 si
1635 2439 1837 2496 assidui

230 2536 375 2592 sunt,
403 2538 462 2584 et
484 2530 721 2585 maxime
751 2530 804 2584 in
836 2530 1117 2594 convivio,
1152 2529 1278 2584 ludo
1307 2546 1370 2586 ac
1388 2531 1544 2601 joco,
1578 2541 1840 2588 enervant

233 2623 558 2690 gravitatem
589 2623 735 2679 illam
765 2624 997 2680 virilem.
1028 2622 1334 2680 Caveamus
1374 2625 1556 2694 itaque
1595 2642 1665 2682 ne
1708 2626 1837 2682 dum

235 2713 479 2790 relaxare
499 2716 744 2771 animttm
775 2717 1048 2782 volumus,
1072 2717 1353 2773 solvamus
1374 2734 1594 2774 onmem
1620 2719 1840 2775 harmo-

235 2807 397 2875 niam,
428 2809 585 2879 quasi
615 2821 940 2865 concentum
971 2809 1259 2882 quemdam
1291 2811 1557 2867 bonorum
1587 2827 1834 2882 operum;

233 2917 361 2958 usus
391 2903 538 2958 enim
570 2904 682 2960 cito
710 2904 937 2961 inﬂectit
968 2916 1237 2962 naturam.

299 2997 390 3052 86.
422 3006 449 3036 ⁸
480 2996 634 3054 Unde
657 3013 819 3070 quam
846 2999 1137 3070 prudenter
1157 3000 1318 3056 factis
1339 3001 1636 3058 convenire
1661 3003 1841 3058 eccle-

230 3091 468 3150 siasticis
492 3136 508 3161 ,
538 3105 593 3151 et
637 3099 873 3153 maxime
918 3098 1290 3153 ministrorum
1334 3097 1530 3154 ofﬁciis
1560 3098 1797 3154 arbitror
1819 3140 1837 3168 ,

227 3183 506 3243 declinare
530 3197 916 3244 extraneorum
939 3189 1183 3245 convivia
1212 3209 1224 3244 :
1259 3191 1345 3246 vel
1373 3200 1432 3246 ut
1459 3192 1561 3260 ipsi
1595 3190 1840 3262 hospita-

1945 1981 2259 2036 hominibus
2285 1980 2639 2036 deferendum
2665 1981 2996 2050 recepimus.

2010 2073 2103 2128 89.
2139 2073 2387 2130 Hutniles
2440 2089 2540 2130 nos
2585 2089 2712 2130 esse
2762 2074 2944 2140 decet,
2976 2073 3161 2140 mites,
3213 2081 3557 2140 mansuetos,

1939 2182 2156 2238 graves,
2205 2168 2500 2238 patientes,
2543 2167 2767 2222 modum
2809 2179 2998 2223 tenere
3041 2167 3095 2222 in
3153 2167 3444 2231 omnibus;
3498 2175 3561 2222 ut

1942 2259 2147 2314 nullum
2177 2260 2368 2315 vitium
2404 2275 2525 2316 esse
2551 2261 2603 2316 in
2634 2259 2880 2316 moribus
2909 2260 2991 2315 vel
3023 2262 3218 2315 tacitus
3241 2259 3444 2330 vultus,
3467 2256 3558 2315 vel

1942 2367 2130 2409 sermo
2157 2353 2459 2410 annuntiet.

2540 2448 2771 2506 CAPUT
2810 2448 2955 2506 XXI.

1943 2541 2275 2597 Iracundiam
2307 2544 2611 2616 priusquam
2637 2544 2866 2608 oriatur,
2911 2545 3344 2614 prwcavendam;
3383 2542 3429 2598 si
3457 2543 3551 2596 ob-

2013 2647 2125 2692 orta
2169 2639 2346 2710 fuerit,
2395 2639 2777 2710 reprimendum
2823 2654 2885 2692 ac
2925 2637 3264 2710 mitigandam
3305 2653 3325 2692 :
3370 2637 3416 2691 si
3456 2653 3552 2690 nec

2012 2732 2068 2786 id
2093 2733 2298 2802 assequi
2315 2732 2629 2786 voluerimus
2652 2731 2883 2803 linguam
2907 2731 3086 2785 saltem
3103 2747 3134 2785 a
3155 2730 3400 2785 conviciis
3412 2744 3559 2783 coer-

2013 2825 2229 2878 cendam
2254 2841 2273 2890 ;
2303 2833 2358 2878 ut
2393 2825 2494 2878 sint
2533 2834 2700 2878 ntotus
2739 2823 2900 2878 nostri
2940 2823 3215 2894 puerilium
3253 2821 3559 2876 commotio—

2013 2935 2137 2973 num
2163 2919 2378 2973 similes.
2429 2917 2642 2973 Dictum
2678 2917 2906 2972 Arcltitte
2951 2929 3286 2982 memoratur,
3327 2915 3560 2970 ostendi-

2011 3023 2194 3083 turque
2239 3011 2492 3067 Davidem
2537 3012 2640 3082 ipsi
2681 3012 2780 3066 hac
2827 3013 2882 3066 in
2931 3027 2988 3067 re
3034 3011 3189 3081 factis
3240 3019 3290 3065 et
3339 3010 3551 3081 scriptis

2015 3107 2298 3176 prteivt'sse.

2016 3200 2104 3256 90.
2133 3199 2406 3255 Caveatur
2440 3197 2466 3236 δ
2509 3198 2811 3260 iracundia.
2864 3206 2955 3253 aut
3003 3199 3048 3253 si
3100 3197 3401 3270 prmcaveri
3447 3211 3556 3254 non

227 3278 306 3335 les
332 3280 456 3336 sitis
488 3283 982 3352 peregrinantibus,
1012 3283 1097 3339 vel
1125 3294 1180 3338 ut
1203 3299 1264 3339 ea
1286 3285 1538 3342 cautione
1563 3286 1745 3342 nullus
1769 3287 1840 3342 sit
1865 3297 1910 3360 ο
1944 3301 2145 3363 pntest,
2172 3292 2528 3359 cohibeatur;
2551 3301 2575 3330 ε
2595 3291 2735 3346 mala
2755 3292 2900 3346 enim
2921 3291 3046 3346 illex
3063 3290 3272 3362 peccati
3302 3289 3554 3361 indigna-

224 3373 528 3443 opprobrio
557 3375 728 3430 locus.
752 3375 1008 3432 Convivia
1038 3378 1237 3447 quippe
1259 3387 1649 3434 extraneorum
1674 3394 1839 3436 occu-

223 3467 484 3537 potiones
514 3469 756 3535 habent,
789 3478 901 3524 tum
931 3469 1096 3524 etiam
1124 3467 1152 3507 δ
1180 3471 1436 3540 epulandi
1468 3472 1705 3541 produnt
1742 3489 1841 3529 cu-

223 3561 539 3632 piditatem.
594 3561 903 3632 Subrepnnt
950 3563 1113 3618 etiam
1158 3563 1355 3619 fabulae
1404 3564 1717 3634 frequenter
1767 3567 1836 3623 de

220 3655 429 3712 saeculo
463 3671 529 3711 ac
559 3656 926 3726 voluptatibus
956 3673 972 3712 :
1005 3657 1261 3713 claudere
1291 3673 1453 3714 aures
1495 3675 1603 3715 non
1637 3671 1790 3730 potes
1815 3702 1830 3728 ,

219 3746 524 3816 prohibere
547 3789 562 3813 ,
597 3758 814 3818 putatur
835 3748 1126 3820 superbiae.
1151 3748 1466 3818 Subrepnnt
1494 3751 1656 3807 etiam
1691 3769 1830 3822 prte-

222 3848 305 3896 ter
334 3841 676 3897 voluntatem
718 3843 930 3913 pocula.
965 3841 1158 3897 Melius
1185 3853 1268 3898 est
1297 3853 1402 3898 tua:
1432 3844 1616 3899 domui
1654 3847 1823 3902 semel

218 3949 472 4002 excuses,
503 3951 665 4004 quam
695 3937 888 3990 aliena:
914 3935 1270 4005 frequenter:
1303 3946 1358 3992 et
1388 3948 1446 3992 ut
1473 3938 1588 4008 ipse
1611 3939 1830 3994 sobrius

214 4042 408 4100 surgas
433 4069 450 4095 ,
486 4038 672 4084 tamen
702 4045 769 4084 ex
807 4029 982 4085 aliena
1015 4029 1306 4086 insolentia
1335 4030 1688 4088 condemnari
1717 4048 1824 4090 non

216 4119 378 4176 debet
405 4122 701 4191 praesentia
729 4131 843 4176 tua.

284 4214 377 4270 87.
411 4223 437 4255 ο
472 4213 774 4270 Viduarum
806 4229 870 4270 ac
891 4215 1159 4286 virginum
1191 4217 1406 4284 domos,
1439 4217 1542 4272 nisi
1570 4219 1826 4276 visitandi

214 4307 386 4376 gratia
409 4346 424 4372 ,
454 4307 567 4380 25
593 4305 838 4376 juniores
869 4307 1020 4362 adire
1047 4322 1154 4363 non
1179 4318 1261 4364 est
1287 4323 1422 4380 opus
1451 4329 1466 4366 :
1495 4320 1550 4366 et
1580 4311 1682 4368 hoc
1700 4328 1823 4368 cum

1945 3385 2021 3438 tio
2052 3394 2173 3438 est:
2206 3401 2328 3454 quae
2374 3384 2448 3438 ita
2490 3383 2730 3438 animum
2763 3382 3064 3452 perturbat,
3100 3390 3160 3436 ut
3195 3381 3402 3437 rationi
3441 3394 3551 3437 non

1943 3476 2215 3547 relinquat
2247 3475 2446 3530 locum.
2491 3474 2730 3530 Primum
2759 3486 2842 3530 est
2875 3473 3064 3544 igitur,
3100 3474 3147 3529 si
3189 3473 3308 3528 ﬁeri
3347 3481 3550 3543 potest,

1941 3580 2000 3625 ut
2048 3585 2259 3624 morum
2293 3567 2662 3640 tranquillitas
2702 3583 2802 3622 usu
2856 3568 3117 3638 quodam,
3167 3564 3186 3605 ί
3235 3566 3550 3636 aﬁ‘cctione,

1939 3662 2242 3734 proposito,
2277 3661 2331 3716 in
2363 3671 2611 3716 naturam
2638 3671 2907 3716 vertatur.
2940 3659 3146 3716 Deinde
3175 3661 3434 3731 quoniam
3473 3660 3551 3717 ita

1938 3756 2260 3826 plerumque
2291 3761 2474 3810 motus
2505 3752 2709 3808 inﬁxus
2737 3759 2824 3808 est
2852 3763 3066 3808 natura:
3095 3767 3160 3808 ac
3191 3750 3456 3818 moribus,
3489 3760 3552 3807 ut

1932 3850 2094 3906 evelli
2125 3859 2149 3897 δ
2193 3860 2357 3918 atque
2393 3846 2588 3903 evitari
2640 3861 2746 3902 non
2776 3854 2943 3917 queat
2975 3863 2990 3900 :
3042 3846 3088 3901 si
3128 3844 3416 3915 prmvideri
3447 3858 3552 3914 po-

1937 3943 2123 4011 tuerit,
2159 3939 2372 3996 ratione
2413 3939 2766 4010 reprimatur.
2810 3938 2918 3992 Ant
2963 3937 3007 3992 si
3058 3937 3208 4008 prius
3249 3942 3549 4007 occupatus

1934 4037 2098 4092 luerit
2125 4035 2339 4090 animus
2355 4033 2426 4090 ab
2445 4032 2842 4102 indignatione,
2858 4046 3022 4101 quam
3053 4028 3288 4087 consilio
3306 4027 3546 4100 prospici

1933 4143 1999 4184 ac
2049 4127 2324 4199 provideri
2379 4123 2640 4197 potuerit,
2695 4139 2766 4179 ne
2816 4133 3233 4194 occuparetur:
3277 4121 3547 4179 meditare

1930 4221 2205 4294 quomodo
2236 4230 2443 4277 motum
2477 4219 2642 4274 animi
2670 4219 2746 4273 tui
2777 4218 2986 4280 vincas,
3029 4216 3362 4273 iracundiam
3399 4225 3545 4271 tem-

1933 4329 2115 4387 peres.
2171 4313 2391 4369 Resiste
2441 4313 2561 4380 irae,
2609 4311 2653 4365 si
2685 4319 2887 4380 potes:
2919 4308 3076 4376 cede,
3107 4308 3152 4363 si
3200 4322 3311 4364 non
3355 4317 3544 4380 potes;

213 4472 385 4526 minus
410 4479 608 4542 coacta
659 4467 904 4542 videatur
935 4468 1151 4542 Baronii
1175 4469 1470 4542 expositio,
1500 4480 1706 4542 certum
1739 4480 1819 4526 ta-
1849 4477 1903 4537 D
1928 4473 2006 4527 uel
2031 4472 2449 4529 sanctintoniales
2471 4472 2775 4526 clericorum
2802 4469 3247 4542 familiaritatibus
3259 4469 3544 4542 subjiciun-

215 4559 332 4598 nten
357 4552 441 4596 cst
474 4544 546 4595 ab
569 4541 864 4594 Ambrosio
893 4539 994 4594 hoc
1022 4539 1283 4594 locialind
1300 4541 1429 4595 nihil
1457 4541 1678 4596 clericis
1699 4559 1823 4612 pro-

213 4612 404 4672 hiberi.
443 4613 552 4668 nisi
586 4613 880 4667 candorem
928 4613 1158 4666 vestium
1213 4612 1519 4667 aﬁectatnm
1567 4628 1632 4667 ac
1662 4614 1822 4668 nimis

214 4688 482 4741 lucentem
515 4701 529 4748 ;
566 4694 627 4737 ut
673 4699 794 4752 qua:
829 4693 1131 4750 sequuntur
1177 4683 1308 4738 satis
1339 4685 1657 4747 ostendunt,
1689 4687 1822 4740 nihil

211 4759 415 4810 accedat
447 4756 639 4811 nitori.
673 4756 738 4810 Et
761 4754 863 4808 hoc
894 4759 1137 4825 proiecto
1164 4757 1390 4810 miriﬁce
1410 4756 1673 4810 convenit
1696 4772 1819 4810 eum

213 4829 276 4883 iis
307 4845 427 4898 quze
457 4827 699 4882 Basilius
722 4828 883 4895 epist.
915 4842 955 4890 ι,
982 4827 1046 4878 ad
1076 4825 1397 4898 Gregorium
1424 4827 1822 4898 Nazian.,pr:e-

209 4897 353 4970 cipit.
387 4900 496 4954 Sed
534 4900 690 4951 illam
716 4897 832 4967 ipse
854 4898 1109 4952 consulas
1133 4897 1280 4952 liCct.

279 4983 304 5008 ιι
326 4971 399 5027 lta
431 4970 666 5026 edit.ac
700 4985 829 5022 mss.
853 4971 1098 5023 nonnulli
1125 4986 1138 5022 :
1169 4972 1258 5024 alii
1282 4984 1412 5024 vero
1437 4971 1656 5039 partim,
1689 4969 1826 5024 unde

215 5040 709 5124 prudenterrfacilis
757 5043 1070 5124 convenire;
1122 5042 1340 5123 partim,
1368 5042 1504 5095 unde
1533 5041 1672 5112 quod
1698 5057 1826 5112 pru-

213 5114 382 5169 denter
397 5113 584 5184 agitis,
610 5115 905 5174 convenire,
926 5123 1057 5184 etc.,
1092 5127 1198 5165 non
1220 5113 1534 5181 incongrue.

281 5186 306 5226 δ
337 5183 464 5242 lissi.
495 5185 739 5252 aliquot,
767 5183 1014 5253 epulandi
1038 5184 1324 5250 producunt
1351 5184 1712 5251 cupiditatem.

281 5269 303 5298 ο
334 5261 586 5328 Magnam
641 5267 865 5322 semper
892 5255 1060 5324 gessit
1116 5254 1356 5328 Ecclesia
1406 5255 1827 5328 existimationis

215 5325 590 5385 ministrorum
619 5339 850 5380 suorum
879 5341 1085 5380 curam.
1123 5325 1256 5379 Hinc
1285 5335 1370 5382 est
1420 5328 1563 5397 quod
1588 5327 1824 5383 Ambro-

216 5403 318 5458 sius
347 5405 450 5458 hoc
502 5402 634 5454 loco
669 5404 753 5450 tot
788 5397 1196 5451 conditionibus
1241 5397 1562 5452 clericorum
1614 5399 1828 5454 adoles-

213 5476 508 5530 centiorum
539 5483 674 5526 cum
702 5466 880 5540 viduis
909 5481 986 5540 iac
1026 5467 1198 5540 sacris
1225 5469 1525 5539 virginibus
1568 5485 1830 5540 congres-

215 5557 324 5601 sum
394 5537 840 5609 circumscribit.
889 5539 1002 5605 Qua
1071 5539 1234 5593 etiam
1290 5537 1572 5609 prudentia
1625 5537 1827 5596 inducti

218 5627 410 5687 quarta
442 5612 646 5689 synodi
695 5607 1168 5689 Carthaginiensis
1190 5682 1198 5689 _
1211 5607 1507 5689 antistites,
1539 5623 1594 5666 ut
1625 5612 1831 5689 signiﬁ-

221 5679 400 5744 carent
443 5679 674 5742 o'rnnem
711 5679 1022 5748 hujusmodi
1076 5680 1458 5736 familiaritatis
1485 5679 1832 5738 occasionem

225 5761 509 5818 tollendam
533 5773 566 5813 e
592 5751 810 5813 medio,
842 5751 1169 5807 deﬁnierunt
1195 5768 1317 5807 cau.
1355 5752 1490 5810 102:
1525 5755 1605 5807 Ad
1630 5763 1830 5808 reatum

227 5835 436 5904 episcopi
484 5828 876 5904 pertinere“...
929 5824 974 5904 s_i
1011 5824 1360 5904 sustentanda:
1403 5825 1521 5880 uitta
1566 5825 1830 5904 praesentis

228 5892 524 5976 causatqn'a
555 5910 753 5956 tamen
786 5893 871 5947 vix
911 5895 1013 5949 ala
1044 5895 1240 5965 iustior
1264 5910 1385 5951 esse
1417 5892 1620 5966 potest)
1663 5895 1831 5949 vidua:

1930 4555 2035 4598 tur.
2063 4543 2198 4599 Cum
2232 4555 2419 4598 autem
2446 4557 2550 4612 qua
2579 4541 2845 4596 ratione’a
2866 4541 3424 4612 clericisghujustnoui
3459 4542 3540 4596 fe-

1934 4617 2097 4670 mina:
2128 4611 2820 4682 accedentesexcipiendae
2850 4615 2980 4675 sint,
3005 4613 3062 4668 S.
3095 4611 3296 4667 Ductor
3337 4626 3541 4680 nequa-

1902 4699 2095 4756 'quam
2122 4689 2403 4757 prmcipiat
2433 4702 2447 4751 ;
2477 4685 2603 4757 inde
2653 4683 2918 4757 conjicias
2950 4683 3090 4738 haud
3125 4686 3194 4737 ita
3225 4683 3543 4744 frequenter

1931 4755 2024 4811 eas
2046 4759 2207 4812 domo
2234 4755 2420 4827 egredi
2475 4755 2541 4810 ad
2594 4756 2940 4827 invisendum
2965 4757 3276 4824 quempiam
3308 4769 3542 4810 consue-

1931 4830 2096 4883 visse.
2123 4829 2206 4884 Ab
2236 4826 2482 4883 Ecclesia
2549 4837 2728 4882 tamen
2783 4826 3076 4880 IlanPI‘SlIII
3133 4827 3410 4894 provisum
3445 4840 3534 4882 re-

1933 4901 2212 4971 perimus,
2265 4916 2335 4954 ne
2392 4899 2745 4971 muliergsine
2792 4897 3095 4953 diaconissa
3144 4896 3212 4952 ad
3232 4897 3536 4971 diaconum

1930 4968 2129 5026 debeat
2148 4971 2430 5026 accedere.
2457 4969 2610 5036 Quod
2659 4971 2707 5025 si
2733 4978 2880 5023 tanta
2929 4971 3182 5024 cautione
3212 4969 3279 5023 de
3302 4968 3543 5036 simplici

1933 5043 2150 5097 femina:
2179 5043 2246 5097 ad
2277 5043 2566 5097 diaconum
2598 5042 2748 5095 aditu
2779 5044 3132 5096 constitutum
3168 5039 3261 5099 sit.
3293 5041 3416 5105 quis
3435 5042 3539 5094 mi-

1931 5124 2085 5170 retur
2114 5115 2566 5184 presbyterorum
2585 5126 2708 5166 cum
2741 5112 3064 5167 mulieribus
3117 5110 3541 5168 contubernium

1933 5196 2008 5241 tot
2033 5182 2336 5240 canonibus
2365 5182 2725 5253 proscriptqu
2753 5198 2875 5238 esse
2903 5184 2928 5238 τ

2001 5254 2027 5292 δ
2055 5256 2172 5312 Cic.
2207 5257 2304 5311 lib.
2335 5251 2543 5310 t’Ol‘lic.
2579 5251 2703 5325 pag.
2729 5253 2858 5319 365,
2889 5255 2986 5309 lin.
3033 5253 3102 5308 12
3135 5271 3150 5309 :
3196 5251 3536 5307 Prohibenda

1931 5329 2157 5382 maxime
2183 5325 2527 5393 ira,etc.ﬂic
2555 5341 2718 5396 porro
2748 5327 2976 5381 dissidet
2999 5340 3028 5378 a
3057 5325 3323 5379 Cicerone
3351 5331 3540 5396 noster

1932 5400 2289 5463 Ambrosius;
2319 5394 2760 5468 quandoquidem
2799 5399 3172 5468 illervirtntem
3203 5410 3354 5468 more
3385 5394 3537 5468 Stoi-

1933 5485 2120 5526 corum
2153 5473 2205 5524 in
2233 5462 2526 5524 allectuum
2553 5462 2843 5530 (unitate,
2865 5467 2950 5522 hic
2978 5474 3158 5519 autem
3185 5479 3254 5520 ex
3273 5462 3541 5521 Christia-

1932 5557 2127 5596 norum
2157 5542 2312 5596 scitis
2341 5540 2394 5594 in
2426 5540 2799 5595 moderatione
2828 5535 3128 5592 constituit.

2009 5623 2032 5650 θ
2061 5614 2182 5670 Vet.
2213 5612 2347 5669 edit.
2390 5626 2455 5666 ac
2493 5627 2628 5667 mss.
2683 5611 2906 5680 aliquot,
2951 5605 3092 5661 mala
3137 5607 3273 5660 enim
3296 5607 3382 5664 lea:
3419 5627 3540 5681 ρος.

1931 5685 2054 5738 cati.

2011 5754 2032 5793 τ
2060 5755 2290 5823 Quidam
2309 5771 2465 5819 mss.,
2481 5753 2753 5822 affectione
2763 5747 3079 5823 prepositiin
3092 5757 3332 5806 naturam
3352 5763 3536 5810 vertat.

2011 5768 2027 5793 ³
2060 5768 2290 5823 Quidam
2309 5771 2465 5819 mss.,
2481 5768 2753 5822 affectione
2748 5768 3079 5876 groposmm
3092 5768 3332 5806 naturam
3352 5768 3536 5810 vertat.

2009 5837 2034 5873 ε
2065 5827 2319 5882 Nonnulli
2349 5840 2478 5881 mss.
2505 5834 2561 5880 et
2587 5825 2720 5879 edit.
2801 5822 2876 5876 Ill.
2907 5821 2961 5876 in
2991 5833 3166 5888 marg.
3195 5837 3258 5879 ac
3289 5823 3450 5880 Rom.
3480 5826 3538 5880 in

1933 5913 2112 5969 corp.,
2141 5909 2297 5964 atque
2322 5897 2484 5953 euinci
2515 5911 2616 5948 non
2647 5903 2817 5960 queat.
