4078 6306
200 6094 479 6153 [ἡ

491 340 555 409 lii

1826 343 2077 405 MNG'I‘I
2114 345 2449 405 AMBROSII

3733 344 3812 405 53

490 461 613 533 quia
644 460 915 532 scriptum
944 468 1071 527 est:
1102 460 1238 521 Date
1265 461 1437 523 locuti
1477 461 1573 517 ira
1615 459 1797 533 (Rom.
1831 476 1934 527 ait,
1978 460 2092 533 i9).
2122 471 2175 537 Α
2272 463 2362 521 Μ.
2394 464 2597 520 Ferunt
2615 466 2867 537 gentiles,
2899 473 2956 520 ut
2988 464 3042 522 in
3065 466 3242 537 majus
3270 466 3453 523 omnia
3487 467 3671 523 verbis
3710 485 3811 525 ex-

560 556 650 621 91.
680 555 850 619 lason
877 553 1032 617 fratri
1064 555 1368 627 indignanti
1398 555 1482 626 pie
1524 556 1688 611 cessit
1729 554 1884 627 (Ceu.
1917 570 2090 622 xxvn,

489 648 562 705 4‘2
589 658 636 711 et
666 643 825 720 δρψ),
857 658 911 709 et
944 646 1231 716 Rebeccae,
1265 647 1318 704 id
1348 656 1454 714 est,
1487 647 1759 718 patientia:
1796 647 2094 707 instructus

492 744 745 811 consilio,
772 744 968 809 abesse
996 746 1185 805 maluit
1213 755 1269 802 et
1294 746 1826 817 peregrinari,qttam
1853 745 2095 801 excitare

489 835 681 893 fratris
710 838 1175 911 indignationem;
1219 851 1274 897 et
1312 850 1438 897 tunc
1469 839 1669 906 redire,
1694 853 1820 894 cum
1869 837 2094 894 fratrem

492 933 798 1003 mitigatum
839 942 1073 1004 putaret.
1105 934 1177 995 Et
1203 933 1328 993 ideo
1350 941 1553 989 tantam
1579 933 1720 1004 apud
1741 931 1912 988 Deum
1938 930 2094 987 inve-

486 1027 567 1085 nit
592 1028 847 1097 gratiam.
878 1027 1090 1097 Quibus
1111 1027 1312 1090 deinde
1334 1027 1639 1099 obsequiis,
1664 1026 1881 1099 quantis
1906 1040 2097 1082 amne-

489 1118 642 1175 ribus
678 1119 900 1176 fratrem
932 1122 1109 1193 ipsum
1138 1121 1514 1187 reconciliavit
1556 1121 1693 1187 sibi;
1725 1129 1782 1177 ut
1833 1119 1927 1178 ille
1954 1134 2095 1190 pm-

490 1221 661 1281 repta:
718 1213 1116 1277 benedictionis
1167 1230 1276 1277 non
1326 1214 1705 1279 meminisset,
1759 1213 2099 1271 meminisset

491 1305 688 1367 delatae
715 1306 1104 1371 satisfactionis
1133 1306 1289 1382 (Gen.
1322 1322 1497 1372 xxxii,
1526 1306 1561 1363 5
1583 1314 1629 1363 et
1649 1307 1815 1377 seq.)l

564 1396 656 1454 9'3.
691 1398 834 1470 Ergo
864 1400 910 1454 si
938 1399 1271 1471 prmvetterit
1295 1408 1353 1456 et
1374 1399 1840 1470 praeoccupaverit
1863 1405 2099 1457 mentem

494 1500 640 1549 tuam
657 1491 1020 1558 iracundia,et
1033 1493 1343 1551 ascenderit
1360 1494 1412 1553 in
1428 1504 1617 1556 tc.non
1631 1493 1909 1563 relinquas
1921 1493 2102 1551 locum

491 1591 669 1641 tuum.
686 1583 863 1647 Locus
882 1594 1008 1649 tuus
1022 1586 1284 1657 patientia
1296 1586 1682 1661 estﬂﬂlocus
1700 1595 1823 1647 tuus
1837 1586 2100 1657 sapientia

493 1675 757 1742 est,locus
779 1686 900 1737 tuus
916 1679 1056 1739 ratio
1072 1678 1334 1746 est,locus
1349 1688 1475 1735 tuus
1490 1677 1703 1735 sedatio
1717 1677 2106 1749 indignationis

494 1776 597 1822 est.
638 1773 747 1825 Aut
794 1768 844 1825 si
883 1778 938 1825 te
977 1770 1322 1835 contumacia
1353 1769 1739 1840 reSpondentis
1767 1768 2016 1834 tttoverit,
2049 1776 2106 1824 et

2199 558 2392 615 tollere
2422 560 2598 615 solent
2618 572 2639 599 ε
2669 560 2907 615 Archita:
2925 560 3203 616 Tarentini
3234 563 3438 618 dictum
3466 563 3808 635 philosophi,

2195 655 2340 723 quod
2364 655 2430 709 ad
2456 654 2695 710 villicum
2722 670 2882 710 suum
2907 654 3108 712 dixerit
3135 674 3150 711 ι
3174 657 3221 713 0
3243 666 3297 715 te
3322 657 3623 726 infelicem,
3640 676 3810 732 quem

2196 748 2541 814 alﬂictarem,
2576 750 2677 804 nisi
2710 749 2887 806 iratus
2910 765 3089 807 essem
3118 751 3132 805 ι
3165 750 3275 809 Sed
3297 754 3409 823 jam
3446 752 3614 809 David
3641 764 3699 810 et
3718 771 3814 810 ar-

2197 853 2396 897 matam
2410 842 2690 899 dexteram
2713 844 2766 898 in
2784 843 3161 917 indignatione
3177 857 3585 918 compresserat
3599 847 3647 921 (l
3668 848 3806 923 Reg.

2197 951 2327 1001 xxv,
2373 934 2488 1007 53).
2537 935 2601 990 Et
2653 946 2857 1006 quanto
2905 937 3026 1007 plus
3070 947 3155 993 est
3218 954 3329 993 non
3384 939 3808 1006 remaledicere,

2196 1042 2359 1098 quam
2405 1043 2514 1083 non
2546 1028 2857 1085 vindicare?
2889 1030 2955 1085 Et
3001 1029 3298 1087 bellatores
3339 1032 3606 1089 adversus
3635 1032 3809 1089 Nabal

2198 1122 2266 1176 ad
2297 1122 2557 1177 ultionem
2604 1132 2846 1194 paratos.
2892 1123 3105 1195 Abigail
3145 1124 3532 1193 deprecatione
3575 1142 3810 1184 revoca-

2201 1224 2372 1270 verat.
2396 1214 2549 1271 Unde
2570 1215 2912 1273 advertimus
2939 1218 3277 1289 tempestivis
3298 1234 3517 1289 quoque
3543 1220 3814 1277 interces-

2200 1308 2448 1363 sionibus
2490 1323 2598 1364 non
2641 1310 2822 1365 solum
2854 1310 3055 1367 cedere
3078 1326 3199 1379 nos,
3232 1312 3328 1367 sed
3349 1313 3516 1368 etiam
3543 1313 3811 1369 delectari

2202 1413 2474 1474 oportere.
2511 1404 2590 1460 Eo
2612 1420 2783 1477 usque
2822 1415 3002 1462 autem
3031 1404 3336 1463 delectatus
3353 1416 3460 1474 est,
3493 1417 3551 1462 ut
3583 1407 3813 1463 benedi-

2202 1503 2354 1551 ceret
2376 1495 2856 1563 intervenientem,
2885 1497 3027 1568 quod
3059 1499 3130 1553 ab
3158 1497 3345 1554 studio
3371 1498 3630 1555 vindicta:
3650 1513 3816 1555 revo—

2204 1600 2360 1645 catus
2386 1591 2548 1646 foret.

2276 1683 2365 1739 95.
2391 1683 2508 1739 lam
2535 1684 2745 1741 dixerat
2790 1683 2861 1741 de
2888 1685 3122 1741 inimicis
3150 1686 3265 1742 suis
3297 1704 3311 1741 :
3350 1686 3613 1754 Quoniam
3640 1685 3814 1741 decli-

2206 1788 2456 1833 naverunt
2476 1779 2531 1832 in
2561 1795 2641 1833 ms
2658 1780 3005 1848 iniquitatem,
3027 1789 3076 1834 et
3102 1781 3155 1833 iu
3180 1780 3262 1833 ira
3290 1780 3495 1834 molesti
3513 1788 3659 1833 aut
3682 1779 3818 1833 mihi

491 1864 822 1929 perversitas
839 1861 1204 1932 iuipuleritad
1227 1861 1756 1934 indignationemzsi
1785 1877 1892 1919 non
1910 1872 2101 1933 potuc-
2128 1864 2177 1925 B
2206 1870 2380 1941 (Psat.
2416 1886 2526 1938 uv,
2559 1872 2637 1942 t).
2689 1871 2989 1927 Audiamus
3018 1872 3266 1928 turbatus
3310 1872 3362 1926 in
3391 1874 3470 1926 ira
3495 1870 3626 1941 quid
3650 1869 3817 1927 dixe—

492 1955 569 2009 ris
614 1956 863 2027 mitigare
894 1965 1155 2024 mentem.
1210 1956 1449 2028 reprime
1497 1957 1737 2027 linguam
1779 1963 1948 2010 tuam.
2008 1954 2099 2011 Sic

493 2048 639 2109 enim
666 2048 934 2120 scriptum
956 2059 1079 2109 est:
1115 2048 1307 2107 Cohibe
1336 2049 1567 2121 linguam
1610 2057 1753 2113 tuam
1794 2064 1827 2101 a
1856 2047 2015 2113 male,
2051 2056 2100 2101 et

498 2140 637 2197 labia
659 2152 751 2207 tua
776 2157 845 2207 ne
869 2142 1150 2213 loquantur
1180 2142 1378 2201 dolum.
1429 2140 1639 2199 Deinde
1662 2141 1865 2213 inquire
1897 2155 2097 2212 peccat,

496 2244 549 2299 et
599 2251 809 2307 aequare
858 2252 971 2301 eaut
1010 2234 1186 2307 (Psal.
1216 2249 1404 2301 xxxiii,
1436 2234 1527 2304 M,
1560 2232 1671 2307 15).
1722 2232 1920 2289 Pacem
1952 2235 2099 2289 illam

496 2330 712 2384 sanctiﬂ
739 2328 912 2385 Jacob
940 2328 1084 2396 vide,
1112 2344 1217 2400 qua
1253 2339 1305 2383 tu
1334 2331 1565 2399 primum
1595 2328 1787 2387 sedato
1814 2331 2054 2389 animum
2082 2349 2097 2385 :

497 2425 542 2478 si
593 2440 699 2478 non
752 2425 1129 2495 praevalueris,l
1176 2424 1359 2494 frenos
1415 2425 1612 2497 lingua:
1669 2428 1890 2495 impone
1933 2436 2039 2481 tua:
2081 2446 2095 2482 :

494 2517 695 2587 deinde
743 2518 1204 2585 reconciliationis
1247 2518 1486 2587 studium
1536 2534 1645 2589 non
1692 2520 2095 2592 praetermittas.

496 2609 625 2665 Haec
652 2619 899 2677 oratores
925 2610 1113 2680 saeculi
1142 2610 1214 2669 de
1242 2613 1448 2679 nostris
1479 2624 1738 2683 usurpata
1775 2612 1829 2673 itt
1858 2614 1973 2669 suis
1999 2627 2097 2682 po-

494 2719 657 2769 sucre
686 2705 838 2771 libris
871 2723 884 2759 :
930 2705 1026 2763 sed
1071 2705 1167 2773 ille
1208 2722 1406 2775 sensus
1437 2709 1599 2774 hujus
1641 2709 1807 2777 habet
1842 2708 2097 2780 gratiam,

496 2801 588 2870 qui
618 2802 769 2871 titius
800 2801 960 2865 dixit.

573 2896 664 2955 95.
701 2897 947 2959 Vitomus
986 2914 1137 2971 ergo,
1171 2909 1268 2963 aut
1315 2910 1682 2970 temperemus
1721 2899 2099 2966 iracundiam;

500 3006 572 3049 ne
601 2992 673 3051 sit
719 2998 838 3060 ejus
869 3003 961 3049 aut
1004 2994 1061 3055 in
1108 2994 1358 3055 laudibus
1395 2994 1666 3065 exceptio,
1715 3004 1810 3053 ant
1858 2993 1914 3051 in
1960 2995 2105 3051 vitiis

498 3089 865 3157 exaggeratio.
900 3087 1018 3144 Non
1044 3090 1322 3145 mediocre
1349 3102 1432 3145 εει
1463 3092 1710 3161 mitigare
1733 3091 2101 3149 iracundiam:

2202 1966 2273 2019 rit
2307 1983 2323 2020 :
2355 1966 2483 2031 Quis
2508 1964 2653 2020 dabit
2680 1966 2810 2021 milti
2836 1983 3033 2037 pennas
3060 1966 3198 2020 sicut
3225 1964 3502 2031 columba,
3532 1975 3581 2022 st
3602 1964 3815 2033 volabo,

2201 2070 2248 2114 et
2274 2062 2590 2129 requiescam
2616 2059 2805 2131 (Ibid.,
2832 2060 2927 2132 7)?
2957 2060 3039 2115 Illi
3072 2060 3141 2116 ad
3172 2060 3507 2115 iracundiam
3549 2073 3820 2130 provoca-

2203 2153 2355 2219 bant,
2393 2153 2483 2209 hic
2505 2154 2954 2225 tranquillitatem
2987 2154 3246 2225 eligebat.

2273 2247 2365 2305 96.
2415 2246 2536 2303 Jam
2583 2247 2800 2303 dixerat
2845 2265 2862 2303 :
2911 2246 3233 2314 lrascimini,
3288 2258 3339 2302 et
3389 2246 3549 2302 nolite
3595 2262 3820 2319 peccare

2200 2340 2478 2409 (Psal.tv,
2508 2342 2588 2412 ὅ).
2636 2341 2859 2398 Moralis
2902 2342 3180 2413 magister,
3229 2341 3325 2412 qtti
3376 2340 3677 2397 naturalem
3731 2340 3815 2397 af-

2200 2432 2399 2491 fectum
2439 2434 2827 2491 inllectendum
2865 2435 3036 2505 magis
3077 2436 3291 2491 ratione
3328 2435 3613 2502 doctrinas,
3646 2451 3815 2506 quam

2199 2528 2584 2600 extirpandum
2625 2529 2732 2601 a7
2763 2537 3009 2595 noverat,
3052 2530 3277 2583 moralia
3312 2527 3503 2594 docet;
3553 2529 3659 2583 hoc
3685 2537 3812 2595 est,

2202 2620 2501 2677 lrascimini
2530 2623 2622 2676 ubi
2666 2621 2823 2692 culpa
2852 2630 2957 2689 est,
2990 2622 3081 2678 cui
3111 2622 3269 2677 irasci
3315 2621 3582 2677 debeatis.
3614 2617 3643 2659 ἀ
3686 2621 3823 2678 Non

2206 2726 2383 2787 potest
2416 2719 2563 2772 enim
2591 2716 2732 2782 ﬁeri,
2775 2728 2833 2771 ut
2865 2732 2974 2771 non
3002 2732 3184 2772 rerum
3226 2716 3550 2787 indignitate
3587 2729 3814 2771 movea-

2204 2826 2363 2865 mur:
2396 2809 2634 2879 alioquin
2667 2825 2773 2865 non
2804 2810 2995 2874 virtus,
3033 2819 3056 2850 °
3086 2809 3181 2865 sed
3219 2808 3488 2865 lentitudo
3527 2817 3584 2865 et
3615 2809 3814 2865 remis-

2204 2903 2287 2957 sio
2309 2901 2607 2973 judicatur.
2651 2901 2951 2957 lrascimini
2986 2916 3123 2971 ergo
3165 2902 3261 2967 ita,
3294 2912 3406 2956 uta
3439 2902 3596 2971 culpa
3639 2900 3815 2955 absti-

2206 2998 2403 3051 neatis.
2440 2997 2536 3052 Vel
2557 2997 2639 3051 sic
2677 3014 2690 3051 :
2736 2998 2791 3051 Si
2821 2996 3144 3060 irascimini,
3193 2996 3362 3051 nolite
3410 3009 3658 3066 peccare,
3710 2995 3811 3050 sed

2210 3090 2410 3146 vincite
2438 3088 2650 3145 ratione
2677 3089 3037 3145 iracundiam.
3070 3089 3166 3144 Vel
3192 3099 3343 3145 certe
3379 3090 3500 3144 sic:
3531 3088 3589 3145 Si
3619 3089 3816 3144 irasci-

502 3195 611 3237 nou
665 3181 895 3239 inferius
942 3198 1104 3251 quam
1163 3184 1391 3245 omnino,
1436 3201 1541 3243 non
1587 3186 1942 3243 commoveri.
1991 3185 2106 3242 Hoc
2147 3247 2179 3252 _
2211 3182 2364 3243 mini.
2397 3184 2552 3237 vobis
2581 3182 2912 3245 irascamini,
2946 3182 3072 3252 quia
3104 3182 3363 3237 commoti
3406 3183 3560 3248 estis,
3593 3191 3651 3238 et
3697 3197 3812 3237 non

502 3286 748 3337 nostrum
781 3288 886 3345 est,
921 3247 1130 3339 naturae
1153 3278 1306 3337 illud.
1356 3280 1594 3351 Denique
1619 3282 2020 3339 commotiones
2053 3285 2106 3336 in
2135 3247 2181 3317 C
2212 3276 2531 3348 peccabitis.
2559 3277 2663 3344 Qui
2690 3277 2840 3332 enim
2861 3247 3269 3344 sibivirascitus,
3293 3276 3417 3347 quia
3438 3247 3817 3333 citocommo-

503 3373 687 3441 pneris
715 3373 956 3431 innoxia:
986 3382 1134 3436 sunt.
1164 3389 1287 3445 qua:
1318 3373 1442 3444 plus
1470 3375 1675 3431 habent
1697 3374 1908 3445 gratiae,
1949 3392 2107 3446 quam

503 3467 903 3522 antaritudints.
946 3466 1015 3521 Et
1036 3468 1083 3521 si
1111 3466 1224 3527 cito
1251 3468 1404 3536 pueri
1436 3468 1577 3524 inter
1606 3483 1666 3523 se
1693 3477 1996 3529 moventur,
2030 3467 2111 3523 fa-

504 3561 612 3614 cile
661 3559 941 3623 sedantur,
987 3568 1043 3616 et
1087 3559 1283 3630 majori
1326 3562 1593 3616 suavitate
1624 3561 1679 3615 in
1707 3577 1769 3618 se
1799 3571 2104 3617 recurrunt.

503 3652 767 3708 Nesciunt
805 3667 867 3721 se
914 3650 1155 3708 subdole
1197 3650 1604 3723 artiﬁcioseque
1647 3662 1899 3708 tractare.
1933 3653 2111 3713 Nolite

506 3746 607 3799 bos
653 3754 1007 3801 contemnere
1055 3759 1277 3814 pueros,
1324 3745 1395 3799 de
1436 3746 1635 3815 quibus
1683 3747 1944 3802 Dominus
1994 3749 2107 3803 ait:

510 3837 635 3893 Nisi
669 3839 903 3894 conversi
941 3840 1165 3909 familia,
1210 3848 1258 3899 ct
1298 3838 1605 3908 efﬁciamini
1659 3841 1794 3897 sicut
1837 3858 1964 3911 puer
1991 3844 2109 3910 iste,

507 3947 613 3987 non
647 3931 904 3986 intrabitis
949 3933 1003 3989 in
1045 3946 1267 4002 regnum
1304 3931 1551 3986 caelorum
1581 3930 1797 4005 (Matth.
1840 3949 1998 4001 xvm,
2029 3934 2107 4007 5).

508 4026 696 4096 Itaque
725 4035 782 4080 et
816 4024 933 4096 ipse
980 4024 1259 4087 Dominus,
1298 4023 1403 4079 hoc
1432 4034 1539 4090 est,
1592 4025 1685 4080 Dei
1729 4027 1928 4094 virtus,
1972 4028 2115 4085 sicut

515 4134 666 4189 puer,
719 4132 842 4173 cum
898 4116 1338 4181 malediceretur,
1391 4132 1500 4172 non
1550 4117 1889 4174 remaledixit
1929 4137 1942 4174 :
1989 4135 2112 4177 cum

517 4220 890 4283 percuteretur
936 4224 1049 4266 non
1104 4209 1439 4280 repercussit
1493 4210 1534 4281 (I
1578 4207 1724 4265 Patr.
1771 4225 1832 4275 ll,
1859 4210 1975 4284 35).
2037 4213 2113 4272 Ita

513 4320 645 4376 ergo
664 4315 719 4359 te
745 4317 1022 4373 compara,
1053 4311 1113 4356 ut
1133 4302 1289 4372 quasi
1317 4315 1451 4371 puer
1480 4300 1733 4371 injuriam
1757 4318 1863 4358 non
1897 4313 2110 4375 teneas,

516 4397 775 4454 malitiam
824 4413 931 4450 non
972 4410 1240 4451 exerceas
1289 4412 1302 4449 :
1358 4396 1540 4450 omnia
1605 4411 1639 4475 a
1688 4405 1741 4451 te
1793 4397 2115 4454 innocenter

516 4490 951 4565 proficiscantur.
1020 4487 1137 4544 Non
1185 4486 1505 4544 consideres
1548 4487 1679 4567 quid
1726 4491 1795 4545 ab
1840 4491 2011 4548 aliisb
2058 4492 2112 4550 in

517 4595 570 4645 te
625 4590 948 4649 revertatur.
1004 4581 1207 4653 Locum
1264 4591 1415 4645 tuum
1478 4596 1657 4657 serva,
1708 4584 2196 4677 simplicitatem!)

513 4686 570 4731 et
597 4675 887 4746 puritatem
935 4674 1012 4730 tui
1049 4674 1289 4745 pecteris
1327 4675 1563 4731 custodi.
1614 4675 1733 4733 Noli
1779 4681 2115 4748 respondere

516 4769 656 4824 irato
684 4768 748 4823 ad
782 4768 1115 4823 iracundiam
1144 4768 1287 4839 ejus,
1316 4768 1430 4823 sive
1459 4770 1785 4840 imprudenti
1817 4772 1883 4829 ad
1911 4772 2120 4845 impru-

520 4862 778 4921 dentiam.
809 4861 931 4923 Cito
957 4864 1113 4934 culpa
1147 4864 1361 4934 culpam
1378 4865 1604 4923 excutit.
1633 4864 1690 4921 Si
1725 4865 1932 4937 lapides
1949 4877 2114 4936 teras,

521 4972 703 5013 nonne
726 4957 865 5028 ignis
886 4955 1157 5026 erumpit?

590 5109 617 5141 ει
645 5098 802 5154 Rom.
833 5096 976 5168 edit.
997 5095 1135 5160 sola,
1157 5094 1332 5168 ,Jacob
1362 5095 1496 5151 ride.
1532 5095 1739 5163 Quanta
1764 5099 1991 5168 primum
2033 5116 2112 5153 ιο-

520 5170 661 5225 datio
707 5169 889 5222 animi.
936 5167 1060 5223 Vel.
1104 5167 1234 5227 edit.
1281 5180 1335 5225 et
1380 5169 1533 5236 pauci
1577 5184 1733 5234 mss,
1766 5167 1946 5231 ςιαωιυ
2001 5170 2116 5226 vide

518 5259 623 5305 qua
668 5243 893 5311 primum
942 5239 1119 5295 sedata
1166 5238 1397 5301 animum
1425 5255 1443 5293 :
1474 5240 1567 5295 alii
1620 5241 1887 5306 nonnulli,
1926 5239 2111 5308 Iacob,

531 5312 657 5369 Vide
682 5319 878 5383 quanta
915 5326 933 5364 :
979 5311 1226 5382 primum.
1283 5314 1655 5383 etc.:cteteri
1693 5312 1928 5381 denique
1971 5325 2029 5371 ut
2061 5315 2113 5368 in

520 5393 693 5452 textu,
722 5386 825 5438 nisi
858 5384 1001 5453 quod
1033 5398 1150 5453 pro,
1186 5398 1287 5452 qua
1319 5395 1393 5448 tu,
1437 5382 1624 5454 legunt
1666 5385 1857 5453 aliqui,
1878 5393 2072 5454 quanto
2098 5399 2117 5437 :

524 5470 940 5608 μίῗξέἶῖιὲᾱῑιπ
970 5540 1034 5583 ao
1061 5539 1200 5608 mss.
1225 5524 1490 5608 nonnulli,
1520 5525 1574 5608 in
1606 5533 1653 5579 te
1670 5528 1960 5608 referatur,

596 5606 617 5636 ε
649 5597 765 5653 Val.
792 5598 1054 5655 Maximus
1104 5596 1294 5661 eadem
1327 5594 1494 5655 refert
1541 5595 1611 5653 de
1657 5594 1881 5656 Archita
1919 5595 2014 5649 lib.
2043 5611 2118 5663 ιν,

521 5683 640 5735 cap.
677 5668 726 5743 i.
775 5671 924 5724 Ilunc
973 5676 1154 5743 autem
1198 5667 1379 5743 luisse
1432 5675 1649 5720 constat
1700 5665 1906 5743 Davide
1951 5668 2135 5743 multo‘

526 5740 915 5807 posteriorem;
964 5740 1085 5808 eius
1124 5739 1267 5808 enim
1311 5746 1708 5808 praeceptorem
1755 5736 2116 5808 Pythagoram

526 5751 915 5807 poetcrtorem;
964 5754 1085 5808 eius
1124 5753 1267 5803 οιιιψ
1311 5751 1488 5805 praeco
1533 5751 1707 5795 torem
1755 5751 2114 5808 Pythagoram

525 5811 729 5867 vixisse.
768 5827 911 5877 anno
946 5809 1174 5877 domum
1222 5805 1365 5865 3589
1394 5751 1528 5877 pos?
1546 5805 1805 5877 mundum
1833 5808 2114 5865 conditum

521 5881 861 5935 communior
904 5875 1666 5951 chronologornnt'cslculus
1725 5877 1935 5944 sancit;
1992 5892 2114 5936 cum

2211 3380 2297 3427 tus
2323 3380 2426 3434 est,
2459 3371 2661 3426 desinit
2688 3371 2849 3429 irasci
2895 3370 3054 3425 alteri
3097 3389 3111 3423 :
3167 3371 3257 3440 qui
3299 3380 3478 3425 autem
3511 3370 3629 3425 vult
3667 3370 3810 3425 irant

2211 3480 2363 3522 suam
2386 3464 2589 3536 justam
2639 3464 2890 3534 probare,
2938 3463 3058 3533 plus
3101 3463 3489 3531 inﬂammatur,
3525 3474 3580 3518 et
3601 3465 3714 3518 cito
3756 3465 3811 3523 in

2209 3560 2425 3626 culpam
2468 3557 2633 3613 cadit.
2670 3556 2858 3612 Melior
2893 3567 2979 3612 est
3020 3565 3202 3612 autem
3231 3558 3532 3617 secundum
3562 3558 3813 3615 Salonio.

2211 3666 2336 3709 nem
2369 3648 2555 3722 (Prov.
2583 3666 2694 3717 xvi,
2718 3649 2836 3719 52),
2865 3649 2958 3721 qui
2989 3649 3322 3705 iracundiam
3344 3653 3608 3716 continet,
3647 3668 3811 3724 quam

2212 3743 2303 3812 qui
2336 3743 2525 3797 urbem
2556 3742 2733 3811 capit;
2757 3741 2880 3813 quia
2915 3742 2996 3798 ira
3037 3743 3201 3797 etiam
3233 3741 3404 3797 fortes
3428 3743 3652 3814 decipit.

2284 3834 2373 3891 97.
2406 3833 2611 3890 Cavere
2642 3836 2806 3905 igitur
2835 3835 3121 3902 debemus,
3164 3850 3233 3890 ne
3273 3837 3325 3891 iu
3366 3836 3808 3905 perturbationes

2213 3928 2363 3999 prius
2387 3927 2711 3994 incidamus,
2741 3942 2902 3998 quam
2931 3927 3146 3983 animos
3180 3938 3396 3984 nostros
3422 3928 3562 3985 ratio
3591 3944 3818 4001 compo-

2217 4030 2340 4089 nat;
2369 4022 2644 4078 exanimat
2673 4022 2819 4077 enim
2847 4032 3083 4077 mentem
3113 4022 3436 4093 plerumque
3459 4030 3552 4077 aut
3579 4022 3684 4090 ira,
3722 4032 3817 4080 aut

2216 4114 2391 4181 dolor,
2434 4124 2527 4169 aut
2578 4113 2813 4169 formido
2862 4114 3073 4178 mortis,
3124 4122 3182 4169 et
3226 4113 3522 4183 improviso
3564 4114 3819 4183 percellit

2217 4211 2345 4267 ictu.
2379 4210 2505 4266 Ideo
2530 4210 2835 4282 praevenire
2877 4208 3161 4280 pulchrum
3194 4218 3279 4265 est
3311 4209 3663 4280 cogitatione,
3695 4226 3818 4278 quas

2217 4301 2486 4360 volvendo
2515 4314 2753 4358 mentem
2782 4312 3069 4367 exerceat;
3102 4316 3169 4355 ne
3210 4303 3511 4371 repentinis
3549 4302 3819 4359 excitetur

2215 4398 2692 4461 commotionibus,
2722 4396 2817 4451 sed
2840 4395 2970 4467 jugo
2985 4394 3221 4467 quodam
3251 4395 3481 4451 rationis
3506 4407 3562 4451 et
3591 4395 3821 4453 habenis

2217 4493 2434 4549 astricta
2464 4492 2735 4547 mitescat.

2802 4581 3034 4640 CAPUT
3072 4580 3239 4638 XXII.

2223 4681 2299 4737 De
2327 4678 2748 4753 cogitationibus,
2775 4686 2823 4732 et
2850 4678 3086 4745 appetitu
3107 4693 3126 4731 :
3155 4676 3316 4747 deque
3353 4676 3540 4733 decoro
3569 4680 3824 4735 sermonis

2365 4775 2420 4827 in
2452 4770 2886 4844 confabulatione,
2917 4785 2980 4823 ac
3011 4769 3376 4842 disceptatione
3399 4771 3671 4826 servando.

2293 4866 2383 4923 98.
2416 4866 2553 4920 Sunt
2591 4873 2772 4918 autem
2814 4862 3014 4937 gemini
3048 4871 3248 4925 motus,
3282 4862 3387 4919 hoc
3427 4872 3532 4930 est,
3567 4863 3586 4901 τ
3615 4865 3830 4936 cogita-

2223 4960 2430 5017 tionum
2454 4966 2513 5015 et
2543 4957 2816 5028 appetitus
2844 4972 2856 5009 :
2906 4955 3065 5015 alteri
3091 4955 3509 5026 cogitationum,
3540 4956 3695 5012 alteri
3727 4974 3831 5029 ap.

2220 5098 2389 5154 David
2433 5098 2543 5168 jam
2575 5095 2703 5153 inde
2742 5096 2811 5151 ab
2841 5110 2985 5151 anno
3010 5094 3447 5168 28877lloruerit.
3492 5099 3599 5154 Alii
3641 5112 3833 5163 tamen

2221 5171 2344 5224 aliis
2369 5167 2485 5229 haec
2516 5170 2628 5236 ipsa
2658 5169 3044 5229 attribuerunt,
3076 5179 3132 5223 ut
3161 5167 3409 5224 Laertius
3434 5170 3669 5237 Platoni,
3694 5174 3833 5231 Plu-

2223 5241 2443 5296 tarchus
2466 5238 2727 5299 Cbarillo,
2761 5237 3040 5295 Theanoni
3065 5237 3337 5295 Stobzeus.

2295 5309 2323 5351 ἀ
2351 5312 2465 5371 Cic.
2502 5312 2598 5365 lib.
2629 5326 2646 5362 ι
2678 5308 2837 5385 Ultio.
2872 5325 2993 5385 pag.
3018 5309 3145 5374 5‘20,
3178 5309 3270 5365 lin.
3304 5312 3379 5366 ιε
3419 5311 3833 5385 Obiurgationes

2222 5385 2378 5443 etiam
2404 5397 2789 5451 nonnumquam
2820 5381 3056 5435 incidunt
3081 5385 3407 5445 accesserim,
3440 5381 3547 5439 etc.

2300 5465 2323 5493 ο
2354 5458 2479 5509 Ant.
2507 5452 2637 5508 edit.
2664 5467 2788 5506 cum
2813 5462 2964 5519 parte
2986 5466 3141 5517 mss.,
3174 5452 3265 5507 sed
3288 5454 3520 5509 lenitudo
3548 5472 3567 5509 :
3604 5454 3737 5512 Gill.
3771 5462 3833 5518 in

2226 5540 2397 5595 marg.
2413 5538 2477 5595 ac
2504 5522 2663 5580 Rom.
2684 5522 2739 5577 in
2771 5532 3087 5595 textu,_cum
3105 5522 3229 5578 aliis
3249 5539 3407 5595 mss.,
3424 5526 3514 5580 sed
3530 5526 3796 5587 lentitudo
3810 5550 3832 5589 :

2221 5592 2596 5658 commodius;
2634 5599 2749 5648 tunc
2777 5593 3046 5661 siquidem
3076 5595 3127 5647 in
3149 5593 3293 5649 vitiis
3321 5606 3439 5651 est:
3471 5607 3525 5653 at
3550 5612 3656 5652 non
3689 5602 3828 5660 alia.

2299 5665 2315 5704 ί
2346 5663 2463 5721 Cic.
2494 5666 2586 5718 lib.
2618 5679 2658 5729 ι,
2693 5680 2813 5733 pag.
2851 5665 2978 5729 569,
3014 5665 3109 5718 lin.
3147 5662 3253 5718 l9:
3287 5664 3461 5723 Motus
3498 5679 3668 5724 autem
3699 5675 3833 5728 ani-

2220 5752 2425 5813 utorum
2452 5736 2687 5804 duplices
2734 5745 2873 5799 sunt,
2905 5736 3058 5793 alteri
3084 5735 3414 5805 cognitionis,
3464 5739 3611 5795 alteri
3659 5757 3835 5813 αρρο-

2218 5809 2365 5875 titus,
2407 5814 2512 5865 etc.
