4078 6306
216 318 287 377 85

215 532 449 585 lationes
494 545 686 587 verum
720 531 1028 601 exquirere,
1070 538 1097 567 ⁸
1128 537 1184 584 et
1227 528 1380 597 quasi
1430 527 1671 583 etnolere
1711 544 1829 583 mu-

217 624 364 678 neris
396 623 635 679 habent:
658 626 935 695 appetitus
964 622 1029 677 ad
1058 621 1262 692 aliquid
1296 622 1533 692 impellit
1559 622 1827 693 agendum

216 725 381 785 atque
408 715 638 771 excitat.
668 714 855 784 Itaque
881 715 997 784 ipso
1025 728 1224 785 genere
1261 722 1471 769 natura:
1502 729 1615 768 sua:
1644 724 1699 767 et
1732 729 1826 767 co-

217 808 517 879 gitationes
545 807 990 880 tranquillitatem
1013 805 1316 863 sedationis
1340 805 1649 871 infundunt,
1667 814 1723 862 et
1741 822 1830 876 ap-

220 898 427 968 petitus
455 908 665 957 motum
687 899 885 970 agendi
912 899 1141 955 excutit.
1186 897 1264 955 ita
1291 914 1422 968 ergo
1446 898 1723 955 informati
1756 898 1832 954 si-

218 1008 365 1061 mus,
418 1002 477 1048 ut
506 992 770 1049 bonarum
801 1006 985 1049 rerum
1024 992 1216 1047 subeat
1251 991 1494 1048 animum
1532 992 1826 1063 cogitatio:

218 1085 494 1156 appetitus
520 1084 720 1143 rationi
742 1085 1082 1155 obtemperet
1103 1084 1171 1156 (si
1196 1099 1323 1140 vere
1342 1094 1399 1139 ut
1416 1083 1551 1140 illud
1570 1084 1826 1140 decorum

217 1177 613 1244 custodiamus,
655 1177 896 1233 animum
927 1178 1178 1233 volumus
1210 1177 1518 1249 intendere)
1559 1192 1631 1233 ne
1658 1178 1828 1233 ratio-

218 1286 343 1325 nem
390 1270 648 1327 excludat
700 1268 782 1325 rei
812 1267 1049 1340 alicujus
1096 1268 1488 1325 aﬂ'ectus:sed
1520 1270 1663 1325 ratio
1699 1268 1828 1340 quid

219 1362 500 1418 honestati
531 1362 847 1429 conveniat,
866 1362 1164 1416 examinet.

289 1454 383 1510 99.
405 1452 434 1492 δ
452 1452 782 1524 thuoniam
800 1452 866 1507 ad
886 1453 1359 1509 conservationem
1374 1451 1560 1507 decori
1582 1452 1694 1525 28
1707 1467 1830 1522 spe-

216 1557 372 1604 ctare
393 1548 651 1612 diximus,
677 1554 736 1602 ut
756 1547 996 1603 sciamus
1026 1547 1078 1601 in
1113 1546 1268 1605 factis
1304 1547 1531 1603 dictisve
1565 1549 1689 1618 quis
1715 1561 1831 1602 mo-

217 1644 323 1700 dus
354 1662 369 1697 :
412 1643 567 1714 prior
592 1653 773 1698 autem
801 1642 939 1698 ordo
970 1643 1225 1713 loquendi
1253 1658 1415 1715 quam
1454 1642 1688 1699 faciendi
1711 1654 1826 1708 est;

218 1751 407 1793 sermo
436 1737 490 1792 iu
518 1735 627 1799 duo
669 1735 950 1802 dividitur,
994 1734 1047 1791 iu
1087 1736 1418 1807 colloquium
1453 1736 1745 1803 familiare,
1774 1744 1833 1791 et

217 1832 274 1887 in
308 1840 620 1897 tractatum,
652 1828 1219 1900 disceptationemque
1246 1828 1372 1885 ﬁdei
1396 1838 1557 1901 atque
1576 1830 1824 1900 iustitiae.
1857 1839 1907 1901 Β

216 1921 276 1977 In
318 1931 558 1993 utroque
599 1920 953 1988 servandum,
996 1936 1065 1977 ne
1112 1922 1186 1976 sit
1228 1922 1408 1991 aliqua
1441 1923 1821 1993 perturbatio:

215 2015 319 2071 sed
348 2025 622 2085 tamquam
649 2011 797 2068 mitis
825 2022 880 2069 et
904 2013 1172 2083 placidus,
1201 2022 1257 2069 et
1285 2013 1681 2069 benevolentia:
1711 2014 1824 2084 ple-

213 2123 324 2163 nus
350 2114 408 2163 et
432 2107 639 2177 gratiae,
678 2105 797 2161 sine
825 2106 936 2160 ulla
975 2121 1157 2162 sermo
1201 2106 1433 2161 ducatur
1471 2107 1823 2163 contumelia.

214 2201 380 2258 Absit
433 2202 685 2272 pertinax
750 2199 807 2257 in
873 2199 1125 2257 familiari
1188 2215 1444 2257 sermone
1509 2203 1824 2268 contentio;

217 2297 557 2369 quaestiones
590 2297 735 2352 enim
763 2296 937 2365 magis
970 2297 1213 2353 excitare
1247 2296 1452 2364 inanes,
1485 2311 1644 2366 quam
1685 2297 1832 2352 utili-

220 2389 350 2445 tatis
380 2389 581 2460 aliquid
612 2387 809 2445 all'erre
839 2388 999 2443 solet.
1049 2388 1381 2458 Disceptatio
1414 2387 1534 2443 sine
1560 2389 1661 2456 ira,
1706 2405 1832 2447 sua-

217 2484 366 2541 vitas
412 2486 532 2540 sine
573 2483 942 2538 amaritudine
969 2483 1061 2548 sit,
1092 2481 1323 2537 monitio
1352 2482 1470 2538 sine
1513 2485 1829 2553 asperitate,

220 2578 464 2632 hortatio
519 2578 639 2631 sine
694 2573 1019 2632 olIeusioue.
1086 2574 1154 2628 Et
1206 2557 1358 2629 sicut.
1394 2575 1449 2631 in
1501 2575 1651 2630 omni
1705 2585 1832 2632 actu

219 2670 348 2724 vita:
393 2667 445 2724 id
489 2683 684 2724 cavere
729 2667 1013 2735 debemus,
1057 2681 1126 2722 ne
1173 2669 1437 2723 rationem
1471 2669 1673 2724 nimius
1717 2672 1833 2724 ani.

222 2763 298 2818 mi
331 2772 512 2818 motus
560 2761 846 2829 excludat,
872 2761 969 2818 sed
1025 2771 1310 2818 teneamus
1361 2763 1577 2818 consilii
1607 2763 1786 2819 locum
1819 2782 1831 2818 :

224 2858 300 2913 ita
352 2859 519 2914 etiam
565 2857 621 2913 iu
658 2871 910 2915 sermone
964 2856 1253 2913 formulam
1304 2871 1427 2912 eam
1478 2858 1650 2913 teneri
1697 2872 1834 2913 con-

226 2952 401 3015 venit,
457 2966 526 3005 ne
579 2959 675 3006 aut
715 2948 797 3005 ira
843 2949 1135 3014 excitetur,
1191 2958 1285 3004 aut
1329 2949 1537 3015 odium,
1592 2959 1689 3005 aut
1738 2965 1834 3005 cu-

227 3044 480 3115 piditatis
524 3053 767 3110 nostrae,
814 3051 907 3100 aut
944 3043 1175 3117 ignavias
1222 3044 1401 3115 aliqua
1455 3045 1831 3117 exprimamus

228 3140 454 3197 indicia.

702 376 707 377 ,
1276 318 1363 377 DE
1401 318 1692 379 omcus
1729 319 2213 383 Μηοιιυιι
2247 324 2378 383 LIB.
2421 324 2464 384 1.

216 436 419 507 petitus
444 452 459 490 :
484 449 598 492 non
629 434 866 500 confusi.
894 435 991 494 sed
1018 435 1239 492 discreti
1266 444 1324 491 et
1345 435 1611 505 dispares.
1661 434 1820 506 Cogi-
1849 445 1904 504 Α
1925 436 2231 508 disciplina:
2257 438 2525 495 custodia.
2562 438 2770 495 Habeat
2800 449 2822 479 ι·
2845 448 3009 508 caput
3038 439 3161 510 ejus
3184 440 3451 498 rationem
3475 453 3531 499 et

3453 331 3522 389 54

1931 527 2053 581 linis
2104 528 2344 583 modum.
2396 528 2590 585 Sermo
2641 531 2786 585 enim
2823 529 3077 585 taediosus
3122 531 3258 586 iram
3302 536 3525 590 excitat.

1930 621 2102 688 Quam
2132 634 2260 675 vero
2300 620 2644 688 indecorum,
2679 632 2739 677 ut
2782 637 2906 677 cum
2944 624 3124 678 omnis
3162 624 3529 683 confabulatio

1932 714 2132 769 habere
2183 715 2359 770 soleat
2401 716 2796 772 incrementum
2824 717 3036 788 gratias,
3073 716 3269 773 habeat
3315 735 3528 774 mevqu

1930 804 2249 860 offensionis
2272 806 2296 858 τ

2002 897 2129 953 101.
2159 897 2444 956 Tractatus
2470 916 2686 973 quoque
2731 900 2799 956 de
2830 899 3079 957 doctrina
3122 900 3271 969 ﬁdei,
3306 903 3375 959 de
3418 918 3536 958 ma.

1929 991 2156 1063 gisterio
2194 994 2566 1063 continentite,
2612 995 2681 1051 de
2721 995 3386 1067 disoeptationejustitiai,
3432 998 3532 1051 ad-

1933 1087 2241 1141 hortatione
2277 1088 2598 1159 diligi-mite,
2629 1105 2734 1144 non
2777 1104 2920 1144 unus
2946 1104 3183 1159 semper,
3228 1090 3325 1145 sed
3374 1101 3431 1145 ut
3474 1106 3535 1147 se

1931 1166 2146 1236 dederit
2178 1182 2358 1248 lectio,
2388 1184 2547 1237 nobis
2567 1193 2621 1238 et
2647 1183 2993 1255 arripiendus
3018 1194 3124 1252 est,
3147 1195 3204 1239 et
3226 1194 3384 1255 prout
3411 1201 3538 1257 pos-

1930 1290 2146 1343 sumus,
2178 1277 2593 1347 prosequendus
2622 1296 2636 1332 :
2672 1294 2851 1348 neque
2884 1279 3110 1333 nimium
3139 1278 3408 1350 prolixus,
3439 1295 3536 1335 ne-

1932 1384 2037 1439 que
2082 1370 2191 1425 cito
2222 1371 2590 1441 interruptus;
2632 1386 2702 1427 ne
2740 1371 2825 1426 vel
2866 1369 3140 1425 lastidium
3173 1370 3535 1442 derelinquat,

1930 1461 2018 1516 vel
2059 1460 2323 1517 desidiam
2366 1462 2562 1533 prodat
2599 1471 2764 1532 atque
2806 1463 3096 1519 incuriam.
3145 1462 3334 1519 Oratio
3381 1479 3537 1534 pura,

1930 1554 2187 1624 simplex,
2210 1554 2470 1621 dilucida,
2498 1564 2663 1626 atque
2704 1556 3012 1623 manifesta,
3065 1555 3222 1626 plena
3251 1557 3536 1628 gravitatis

1932 1658 1987 1704 et
2021 1648 2318 1720 ponderis:
2351 1666 2462 1706 non
2481 1650 2733 1707 affectata
2764 1650 3057 1723 elegantia,
3100 1651 3196 1707 sed
3232 1666 3341 1707 non
3368 1652 3538 1707 inter-

1938 1743 2104 1798 missa
2136 1743 2330 1812 gratia.

2504 1858 2735 1918 CAPUT
2774 1859 2965 1916 XXIII.

1925 1976 2087 2029 .Iocos
2122 1975 2217 2028 etsi
2245 1990 2634 2044 nonnumquam
2678 1973 2881 2028 honesti
2918 1973 3042 2038 sint,
3088 1983 3257 2029 tamen
3293 1972 3351 2027 in
3379 1971 3544 2027 eccle-

1997 2067 2225 2121 siasticis
2255 2068 2377 2120 viris
2406 2067 2617 2121 omnino
2647 2066 3045 2137 proscribendos
3091 2083 3109 2120 :
3147 2083 3321 2122 vocem
3366 2077 3539 2121 autent

2006 2178 2194 2231 puram
2236 2178 2298 2216 ac
2324 2161 2612 2231 simplicem
2637 2177 2747 2216 esse
2774 2171 3032 2234 Oportere.

2003 2292 2171 2352 102.d
2190 2295 2357 2351 Multa
2385 2304 2653 2367 praeterea
2682 2295 2752 2351 de
2777 2296 2988 2351 ratione
3008 2295 3226 2352 dicendi
3249 2295 3381 2352 dant
3400 2310 3545 2367 prte-

1931 2398 2088 2461 cepta
2112 2389 2404 2444 saeculares
2432 2389 2556 2453 viri,
2585 2404 2709 2458 qua:
2757 2389 2916 2443 nobis
2962 2388 3343 2457 pretereunda
3396 2390 3546 2445 arbi-

1933 2491 2069 2548 tror,
2089 2490 2110 2517 θ
2132 2488 2191 2536 ut
2206 2480 2271 2536 de
2284 2480 2507 2550 jocandi
2521 2479 2828 2549 disciplina.
2847 2481 2956 2553 29
2970 2480 3101 2537 Nam
3117 2481 3242 2537 licet
3268 2480 3544 2541 interdum

1934 2573 2161 2627 honesta
2200 2572 2325 2643 joca
2355 2587 2417 2626 ac
2457 2572 2640 2627 suavia
2666 2572 2798 2652 sint,
2847 2581 3029 2629 tamen
3057 2572 3129 2627 ab
3173 2573 3543 2635 ecclesiastica

1934 2668 2230 2723 abhorrent
2253 2665 2477 2736 regula;
2504 2665 2763 2736 quoniam
2789 2680 2908 2735 quae
2937 2666 2989 2720 in
3017 2664 3317 2736 Scripturis
3341 2669 3545 2725 sanctis

1935 2775 2044 2815 non
2088 2764 2415 2831 reperimus,
2469 2776 2532 2816 ea
2582 2761 3041 2833 quemadmodum
3094 2777 3363 2833 usurpare
3412 2780 3541 2834 pos-

1937 2855 2166 2911 sumus?

2013 2947 2137 3003 l05.
2183 2945 2434 3003 Cavenda
2492 2948 2639 3004 enim
2687 2947 2852 3003 etiam
2900 2948 2955 3003 in
3004 2946 3235 3016 fabulis,
3283 2964 3354 3007 ne
3383 2949 3544 3008 inﬂe-

1939 3047 2088 3094 ctaut
2128 3039 2449 3111 gravitatem
2498 3039 2792 3096 severioris
2820 3040 3105 3111 propositi.
3144 3038 3234 3099 Var
3261 3041 3427 3110 vobis,
3449 3044 3540 3114 qui

1942 3133 2145 3200 ridetis,
2185 3135 2308 3204 quin
2353 3132 2545 3202 ﬂebitis
2575 3132 2735 3202 (Luc.
2766 3148 2843 3200 vn,
2873 3130 2969 3203 21)
2996 3134 3010 3187 t
3043 3134 3117 3188 ait
3150 3132 3412 3190 Dominus
3443 3154 3456 3189 :
3490 3147 3546 3193 et

308 3238 435 3295 100.
483 3237 568 3294 Sit
613 3237 777 3308 igitur
815 3251 997 3294 sermo
1052 3236 1360 3307 hujusmodi
1412 3238 1482 3294 de
1538 3239 1833 3309 Scriptum
1861 3219 1908 3281 C
1944 3242 2045 3282 nos
2101 3224 2316 3281 ridendi
2365 3224 2649 3280 materiam
2698 3225 3071 3294 requirimus,
3128 3232 3187 3279 ut
3241 3224 3328 3280 hic
3354 3224 3544 3283 ridea—

227 3331 493 3387 maxime.
546 3331 686 3400 Quid
717 3330 861 3385 enim
891 3330 1062 3402 magis
1096 3345 1194 3385 nos
1216 3340 1435 3401 Oportet
1467 3332 1638 3402 loqui,
1666 3348 1832 3403 quam

230 3424 305 3493 de
334 3424 748 3480 conversatione
764 3424 988 3496 optima,
1006 3422 1383 3480 adhortatione
1409 3424 1829 3492 observationis,

313 3576 344 3607 ι
374 3563 767 3636 Μεεηειὶίῳιθι,
798 3574 845 3619 et
872 3565 1023 3636 quasi
1051 3565 1273 3618 emoliri.

310 3637 343 3679 ι
372 3634 779 3692 Οἰαιίιωοιῖἰε.
800 3634 1060 3763 rag.569,
1075 3636 1282 3691 lin.25:
1306 3634 1371 3690 Et
1390 3638 1633 3700 quoniam
1653 3656 1843 3712 magna

310 3730 316 3763 ς
357 3708 628 3763 orationis.
664 3717 766 3763 etc.
827 3715 942 3763 nlra
977 3707 1160 3763 etiam.
1193 3708 1288 3763 lin.
1325 3708 1395 3762 59
1421 3727 1433 3763 :
1464 3707 1547 3763 Sit
1574 3712 1733 3763 initur
1763 3714 1843 3763 hic

234 3712 316 3767 eis
357 3708 628 3770 orationis,
664 3717 766 3763 etc.
800 3707 942 3763 ltilra
977 3707 1160 3769 etiam,
1193 3708 1288 3763 lin.
1325 3708 1395 3762 59
1421 3727 1433 3763 :
1464 3707 1547 3764 Sit
1574 3707 1844 3770 igitur-hic

236 3796 434 3839 sermo.
468 3781 521 3833 in
546 3795 646 3847 quo
675 3779 925 3834 Socratici
971 3782 1247 3840 excellunt,
1278 3780 1426 3843 lenis,
1456 3791 1558 3835 etc.
1591 3779 1721 3837 Item
1744 3784 1840 3840 lin.

237 3853 344 3910 40:
375 3851 482 3907 Sed
501 3852 738 3920 quoniam
765 3853 818 3904 in
846 3852 985 3904 omni
1009 3852 1136 3914 vita,
1161 3859 1266 3905 etc.
1298 3850 1617 3906 Universam
1662 3863 1841 3910 autent

239 3925 572 3980 concinnum
607 3922 1098 3977 ecclesiasticarum
1132 3928 1417 3976 materiam
1435 3923 1650 3979 duobus
1675 3942 1846 3980 mem-

243 3996 361 4056 bris
387 3994 841 4061 comprehensam
870 3994 1123 4063 proponit
1144 3994 1463 4049 Ambrosius
1480 4010 1494 4057 ;
1513 4007 1603 4049 aut
1621 3999 1765 4052 enim
1780 4014 1841 4052 ea

242 4068 390 4137 circa
418 4064 578 4137 ﬁdem
596 4074 862 4125 versatur,
884 4075 977 4137 aut
998 4068 1337 4120 circamores
1353 4066 1464 4118 sive
1489 4069 1720 4123 morales
1740 4071 1846 4124 vir-

245 4135 430 4193 tu'tes:
459 4136 556 4190 has
583 4146 762 4189 autem
796 4137 894 4189 sub
920 4135 1147 4205 justitia,
1168 4139 1363 4190 virtute
1394 4138 1598 4191 scilicet
1631 4142 1844 4193 univer-

244 4208 787 4276 sali,complectitur.
824 4207 916 4264 Sic
943 4209 1058 4276 ipse
1082 4206 1331 4260 Christus
1368 4207 1433 4260 ad
1458 4206 1721 4264 Joannem
1747 4212 1846 4266 Ba-

246 4280 496 4349 ptistam,
525 4289 727 4347 oportet
754 4295 849 4333 nos
886 4279 1103 4347 implere
1127 4295 1326 4332 omnem
1358 4281 1637 4348 justitiam.
1662 4282 1715 4336 id
1739 4293 1846 4349 est,

247 4366 471 4425 omnem
489 4352 775 4425 virtutem;
800 4360 854 4404 et
877 4361 1098 4425 sanctus
1114 4351 1307 4420 praesul
1323 4350 1845 4425 eauideiiijustitiatn

246 4422 562 4492 generalem
592 4422 726 4475 inira
754 4423 906 4492 quasi
944 4423 994 4475 in
1035 4424 1249 4491 propria
1282 4422 1523 4475 membra
1550 4423 1845 4486 distribuit,

1939 3330 2046 3387 tes,
2084 3319 2194 3374 illic
2227 3316 2495 3373 ﬂeamus?
2528 3316 2643 3372 Non
2700 3316 2876 3372 solum
2932 3315 3207 3386 profusos.
3226 3317 3322 3374 sed
3351 3333 3544 3377 omnes

1936 3416 2100 3470 etiam
2121 3417 2278 3486 jocos
2316 3410 2668 3466 declinandos
2720 3408 2987 3475 arbitror;
3022 3409 3127 3466 nisi
3175 3408 3317 3468 forte
3352 3408 3371 3449 ι
3420 3412 3535 3483 me-

1948 3567 2050 3623 nisi
2067 3565 2222 3633 jocos
2245 3549 2878 3633 christianisoratoribus
2894 3550 3316 3633 populosacram
3341 3550 3545 3633 doctri-

1949 3623 2482 3705 υθηῖεπροηρμιίδιιε
2500 3623 2839 3705 abjicieudos
2850 3637 2994 3705 esse.
3008 3624 3080 3676 At
3094 3624 3233 3705 bona
3247 3636 3371 3705 cum
3386 3626 3546 3679 venia

1948 3693 2081 3766 tanti
2101 3693 2367 3764 doctoris,
2380 3705 2535 3768 iocos
2556 3693 2624 3750 ab
2644 3693 3019 3768 ecclesiastica
3051 3696 3231 3768 regula
3253 3694 3552 3768 abhorrere

1951 3765 2057 3837 nou
2088 3781 2229 3834 idem
2265 3765 2478 3827 videtur
2504 3783 2566 3822 ac
2602 3768 2743 3837 jocis
2780 3765 3160 3819 abstinendum
3195 3766 3247 3820 in
3289 3767 3548 3829 tradenda

1950 3869 2103 3909 sacra
2133 3847 2401 3905 doctrina,
2433 3840 2528 3896 sed
2559 3839 2758 3892 nullam
2788 3852 2911 3892 esse
2938 3838 2989 3889 in
3012 3838 3190 3909 sacris
3219 3840 3429 3906 paginis
3455 3849 3548 3892 ειυι

1950 3908 2253 3980 canonihus
2271 3915 2640 3984 regulam,qua
2653 3910 2823 3978 jocari
2837 3908 3051 3984 clericis
3065 3909 3547 3984 permittatur.Sed

1953 3979 2010 4050 ut
2051 3994 2282 4049 maxime
2325 3979 2393 4040 de
2442 3979 2696 4037 tradi-uda
2733 3980 2931 4048 pupqu
2961 3979 3207 4033 doctrina
3242 3984 3549 4035 Ultristiana

1954 4056 2606 4134 intelligaturliic__|ocus,
2625 4067 2733 4107 non
2764 4059 2944 4134 tamen
2974 4054 3079 4134 vim
3099 4053 3263 4134 solvit
3291 4052 3551 4134 objectio-

1954 4142 2067 4201 nis;
2102 4122 2201 4190 sibi
2220 4131 2363 4188 enim
2386 4127 2479 4201 ille
2500 4132 2833 4201 opposuerat
2860 4122 3365 4201 ejusdenidoctoris
3388 4126 3550 4201 verba

1953 4225 2019 4265 ex
2049 4192 2195 4262 imm.
2229 4218 2345 4271 seq.
2385 4199 2473 4252 tibi
2506 4192 2587 4251 de,
2611 4195 2909 4271 fabulis,_itl
2940 4203 3044 4271 est,
3068 4192 3554 4271 ‘l’amiliarieonia-

1957 4262 2231 4335 bulatioue
2256 4262 2446 4342 agens,
2481 4268 2756 4338 proposita
2782 4262 2982 4342 (ibriin
3015 4266 3281 4319 adversus
3311 4266 3553 4342 ridentes

1955 4335 2403 4411 omnminatiiine,
2434 4335 2644 4394 nullum
2676 4335 3114 4411 otnninojocuui
3153 4350 3259 4390 non
3304 4339 3550 4411 damnat.

1956 4408 2141 4492 Neque
2168 4434 2299 4474 vero
2338 4414 2531 4469 mirum
2562 4418 2647 4465 est
2670 4408 3019 4492 Ambrosium
3047 4410 3301 4492 joeoruni
3322 4424 3417 4489 usu
3442 4409 3555 4492 cle-

251 4478 510 4548 iiimirum
534 4494 585 4546 in
609 4478 998 4548 continentiam
1031 4478 1152 4559 im;
1176 4494 1241 4567 ad
1278 4506 1377 4545 nos
1412 4492 1583 4567 ipSos,
1616 4496 1667 4547 in
1692 4478 1851 4567 justi;
1876 4506 1931 4567 1)
1955 4478 2084 4567 rit-is
2131 4492 2391 4567 indicere,
2421 4499 2563 4567 cum
2593 4478 3558 4567 ﬁliiflfrsiy‘qucte_I10IQiI{imC|g_rj-

252 4568 387 4627 tiam
420 4566 801 4631 particularem
831 4579 952 4634 qua:
979 4567 1045 4619 ad
1069 4566 1399 4631 proximum,
1424 4564 1663 4633 denique
1688 4571 1739 4620 iu
1769 4566 1851 4621 di-

253 4636 538 4706 ligentiam
578 4651 698 4702 qua:
748 4639 985 4691 maxime
1024 4636 1089 4689 ad
1127 4635 1224 4689 Dvi
1256 4638 1460 4689 cultum
1499 4644 1664 4703 atque
1694 4639 1855 4692 obse-

252 4710 443 4781 quium
469 4710 720 4774 pertinet.
746 4706 901 4773 Quod
920 4720 1100 4781 autem
1126 4708 1441 4781 subilitnon
1465 4723 1628 4781 unum
1658 4720 1847 4763 tra«~ta-

258 4778 528 4841 tum'es~e
570 4787 848 4846 uporlere,
878 4778 976 4832 sed
1006 4788 1164 4847 prout
1204 4792 1263 4831 se
1303 4778 1516 4832 dederit
1543 4792 1758 4847 peracta
1803 4782 1854 4833 in

261 4850 526 4906 Ecclesia
570 4858 842 4905 conventu
899 4850 1079 4914 lectio,
1140 4849 1553 4917 arripiendum;
1614 4853 1861 4920 praeipit

259 4924 487 4991 quidem
526 4921 687 4976 aliter
715 4936 1023 4976 sermonem
1070 4938 1189 4976 cum
1221 4920 1271 4975 in
1313 4920 1591 4987 Scriptura
1632 4922 1701 4978 de
1730 4939 1861 4977 con-

262 4990 487 5047 tinentia
518 4994 718 5062 agitur,
749 4991 909 5048 aliter
949 5010 1070 5046 cum
1102 4991 1169 5045 de
1196 4991 1402 5056 justitia
1434 4996 1513 5045 vel
1549 4992 1615 5045 de
1663 4995 1863 5062 pietate

263 5064 659 5117 instituendum
691 5081 704 5116 :
734 5080 841 5118 non
871 5076 1048 5118 tamen
1086 5063 1496 5117 meditatioiietii
1530 5079 1625 5118 seu
1656 5082 1867 5134 pra-pa-

266 5138 536 5189 rationem
569 5148 845 5201 removet;
898 5137 1064 5189 immo
1094 5135 1275 5202 potius
1321 5148 1443 5186 eam
1489 5135 1736 5201 requirit,
1773 5137 1864 5189 ubi

266 5205 573 5279 oratiqnem
600 5222 759 5274 :equo
781 5207 1084 5261 breviorem
1111 5214 1296 5279 vetans
1318 5206 1456 5269 ﬁeri,
1485 5220 1703 5279 causam
1730 5208 1868 5279 hanc

272 5274 474 5340 reddit,
598 5278 848 5330 desidiam
885 5279 1073 5349 prodat
1103 5288 1251 5340 atque
1281 5277 1555 5349 inciti-ium.
1592 5277 1697 5332 Sed
1728 5277 1870 5333 forte

271 5350 470 5402 iterum
505 5348 605 5401 hac
634 5351 702 5403 de
732 5365 789 5401 re
812 5348 1026 5403 dicendi
1062 5357 1314 5402 nascetur
1336 5348 1506 5400 locus.

350 5430 371 5458 ε
396 5418 561 5482 Ibid.,
586 5419 687 5491 lin.
712 5419 782 5475 49
809 5438 822 5474 :
852 5419 919 5474 Et
948 5429 1002 5473 nt
1033 5419 1311 5479 incipiendi
1345 5419 1482 5471 ratio
1504 5420 1684 5491 fuerit,
1713 5420 1785 5472 ita
1808 5420 1873 5472 sit

277 5493 543 5553 desinendi
571 5490 774 5547 modus.
1620 5520 1647 5545 ρ

350 5558 378 5598 ἀ
405 5564 603 5630 Supra,
649 5564 743 5615 lin.
775 5562 849 5619 25
875 5580 888 5615 :
919 5562 1274 5616 Contentionis
1308 5571 1563 5634 praecepta
1593 5560 1879 5615 thetornm

280 5642 401 5688 sunt
434 5634 620 5687 multa.
649 5644 756 5687 etc.

363 5715 387 5777 τε
418 5704 563 5777 Pag.
588 5704 717 5766 565,
750 5705 849 5777 Ιίιιἶ
880 5705 948 5759 15
982 5723 996 5762 :
1039 5704 1188 5760 Ludo
1227 5715 1397 5759 autent
1437 5713 1482 5759 et
1504 5706 1644 5777 ⁸θοις)Δ
1663 5707 1739 5755 uti
1775 5700 1881 5777 illis

290 5776 495 5845 quidem
517 5775 664 5845 ticet.
690 5784 797 5831 etc.
828 5776 885 5832 S.
909 5777 1147 5834 Thomas
1172 5777 1296 5836 2-2:,
1326 5773 1523 5844 quam;
1552 5773 1673 5839 168,
1692 5784 1799 5845 art.
1825 5776 1878 5845 2,

292 5842 358 5901 ad
402 5846 452 5900 l.
497 5843 774 5905 Ambrosii
819 5848 996 5903 verbis
1051 5847 1182 5902 nihil
1230 5842 1374 5902 aliud
1417 5846 1529 5901 vult
1567 5842 1880 5914 signiﬁcari,

1957 4566 2134 4618 sliano
2164 4563 2244 4617 fas
2264 4574 2386 4613 esse
2410 4564 2571 4624 neget
2594 4552 2828 4606 Basilius
2847 4549 2979 4624 Reg.
2996 4550 3233 4624 brevior.
3268 4549 3433 4605 Inter.
3459 4552 3552 4624 51.

1958 4636 2116 4691 Hunc
2140 4637 2303 4689 etiam
2331 4621 2552 4683 consule
2579 4627 2738 4693 epist.
2763 4623 2890 4685 Ml,
2920 4634 2975 4676 et
2997 4621 3553 4693 Constitamunastic.

1959 4690 2078 4777 cap.
2114 4705 2201 4769 12,
2231 4716 2391 4773 (ιυιιιιι
2422 4690 2847 4777 inultae—quoque
2870 4694 3115 4777 doctrina
3146 4690 3557 4777 S._Beuedictus

1961 4763 2321 4847 Βιῗειιιίε’δι”,ω
2342 4786 2462 4833 cap.
2481 4770 2514 4821 ti
2535 4776 2619 4821 est
2649 4763 2909 4847 imitatus.
2935 4764 3066 4847 Qua:
3092 4763 3308 4847 quidem
3338 4765 3406 4847 ita
3426 4780 3559 4847 Per.

1962 4837 2135 4903 tiueiit
2158 4847 2225 4901 ad
2258 4854 2489 4902 ascetas,
2523 4848 2581 4890 ut
2616 4843 2780 4891 etiam
2818 4841 3070 4889 omnibus
3095 4845 3362 4905 quotquot
3390 4837 3560 4890 virtu-

1962 4922 2031 4975 tis
2062 4918 2293 4974 studiosi
2318 4913 2538 4975 iuerint,
2570 4910 2918 4967 conveniant,
2955 4917 3011 4961 et
3040 4910 3275 4962 maxime
3302 4910 3556 4962 sacerdo-

1967 4992 2130 5054 tibus,
2162 4990 2229 5043 de
2258 4985 2455 5056 quibus
2487 4997 2615 5056 vere
2650 4979 2804 5056 juxta
2834 4992 2896 5031 ac
2921 4980 3005 5056 pie
3042 4977 3354 5056 Bernartius
3392 4978 3485 5031 lib.
3521 4994 3559 5033 lt

1967 5064 2034 5116 de
2057 5049 2290 5115 consiti:
2328 5072 2447 5123 cap.
2496 5053 2563 5107 15
2594 5070 2606 5105 :
2639 5049 2786 5103 Inter
2814 5050 3105 5123 swculai‘es,
3154 5049 3564 5123 inquittnugm,

1969 5149 2120 5197 nan
2141 5143 2258 5185 sunt
2286 5148 2305 5183 .-
2336 5118 2410 5180 ὑπ’
2436 5140 2523 5197 ore
2552 5122 2863 5197 auctrdotis.
2897 5118 3251 5197 blasphemiae
3278 5118 3380 5197 Adi
3412 5118 3569 5197 siini—

1972 5191 2095 5259 liter
2121 5204 2303 5258 Tract.
2349 5200 2414 5251 de
2455 5195 2658 5251 Ordine
2685 5191 2808 5246 \ita:
2842 5199 2901 5246 et
2944 5207 3156 5244 morum
3200 5191 3375 5245 lustit.
3426 5194 3567 5246 inter

1972 5291 2133 5344 opt-ra
2173 5277 2225 5328 δ,
2261 5269 2539 5327 Βιινιιξιηιθ
2580 5264 2719 5343 male
2746 5274 3003 5344 ascripta,
3045 5261 3133 5344 ubi
3162 5276 3283 5331 cap.
3320 5263 3353 5314 5
3376 5270 3565 5344 textus

1975 5332 2272 5410 A'tubrosii,
2329 5356 2438 5411 quo
2477 5344 2544 5391 de
2564 5339 2806 5411 agimus,
2847 5341 2911 5385 ad
2953 5333 3173 5411 verbum
3216 5332 3561 5411 exscribitur.

1973 5420 2238 5471 [Lauerunt
2262 5401 2536 5468 latendum
2562 5401 2742 5460 itthc
2763 5418 2961 5471 genere
2981 5401 3223 5455 omnium
3246 5404 3568 5469 gravissime

1976 5503 2202 5557 Peccal‘e
2230 5503 2347 5550 θυδν
2376 5486 2467 5552 (μη
2493 5481 2784 5557 ιὶιείςιξηιιβδ
2808 5476 3027 5554 lauetias
3057 5472 3355 5557 adsacru'm
3388 5482 3569 5557 trans-

1978 5543 2161 5613 I‘erunt
2182 5543 2515 5627 suggestum.
2530 5548 2915 5627 et‘liistrihoniea
2940 5546 3259 5627 scurrilique
3279 5543 3571 5604 dicacitate

2019 5618 2310 5683 γενηθείιῖιῖ
2361 5618 3007 5687 eVangelicam‘sulvuiij
3062 5623 3118 5666 εί
3183 5629 3571 5687 consumam-

2019 5646 2302 5683 ravitatcm
2361 5646 2733 5687 evangelica...
2789 5646 3007 5666 rusvuue
3062 5646 3118 5666 ω
3183 5646 3570 5684 ιυιιδνυιιαιιι·

1979 5646 2117 5754 ξηιιε
2143 5696 2440 5753 Μιώὶιιυιιίἱ
2475 5701 2644 5746 nostri
2677 5694 2857 5739 notam
2883 5684 2947 5735 ad
2973 5683 3233 5737 Bernardi
3271 5685 3448 5741 locum
3482 5704 3570 5744 su.

1984 5754 3229 5843 ιπῆἑξυάέιιμιιινι·β·.Τ¹¹ίς¹’ῗθιί³¹.¹Ρ9ἓτη,μη
3300 5842 3303 5843 ,
3423 5829 3456 5843 ._
3503 5832 3534 5843 -.

2064 5822 2082 5879 ί
2110 5822 2236 5895 vet:
2251 5840 2383 5893 edit.
2397 5822 2681 5903 etquidam
2696 5838 2825 5882 mss.
2837 5865 2852 5891 ,
2874 5822 3084 5894 plenum
3105 5836 3271 5883 tamen
3288 5829 3584 5888 suavitatis.
