4078 6306
443 285 516 346 εις
1797 283 2046 344 ωσι-1
2081 284 2412 345 AMBROSII
3701 290 3780 348 5G

438 413 572 457 num
601 397 886 456 suavitatis
934 406 992 456 et
1043 397 1237 472 gratiae
1285 411 1600 457 sermonem
1627 411 1772 467 esse,
1805 411 1916 455 non
1967 396 2049 454 in-
2073 398 2492 474 Adijudicavit.
2522 399 2731 458 Deinde
2776 414 2901 458 cum
2941 399 3303 460 descenderet
3345 403 3400 460 ln
3449 401 3776 478 Egyptum,

451 491 715 550 decorum
742 501 846 548 est.

523 588 648 645 101.
693 586 828 644 Nam
855 586 924 644 de
945 601 1080 644 voce
1107 587 1241 660 qttid
1271 587 1462 659 loquar
1484 631 1500 656 ,
1542 602 1704 660 quam
1747 585 2055 658 simplicem

449 689 508 740 et
552 696 746 754 puram
799 695 925 738 esse
973 681 1108 738 satis
1159 681 1446 738 arbitror:
1499 681 1520 702 '
1558 695 1816 737 canoram
1871 690 2056 737 autem

453 787 578 830 esse
599 782 806 828 natura
853 781 960 840 est,
1007 789 1116 829 non
1170 772 1475 831 industriae.
1525 773 1611 831 Sit
1639 788 1775 830 sane
1803 772 2058 830 distincta

451 865 917 938 pronuntiationis
967 865 1165 933 modo,
1223 875 1277 924 et
1321 867 1481 940 plena
1529 867 1681 923 succi
1733 865 1948 933 virilis;
2000 876 2059 922 ιιι

452 970 728 1032 agrestem
779 975 844 1017 ac
887 960 1253 1018 subrusticum
1321 960 1493 1033 fugiat
1549 974 1790 1028 sonum,
1849 973 1960 1016 non
1999 969 2060 1016 ut

449 1054 732 1126 rythmum
758 1053 978 1112 affectet
1003 1055 1315 1122 scenicum,
1349 1055 1448 1112 sed
1474 1053 1504 1094 δ
1535 1053 1828 1128 mysticum
1853 1063 2068 1112 servet.”

1062 1150 1291 1210 CAPUT
1317 1149 1512 1208 XXIV.

448 1245 578 1301 Tria
603 1247 658 1302 in
687 1247 805 1303 ttin
845 1247 1045 1304 actibus
1091 1248 1430 1310 observanda,
1465 1246 1714 1301 nimirum
1767 1255 1824 1302 ut
1868 1246 2061 1302 rationi

521 1341 785 1414 appetitus
833 1340 1158 1408 subiiciatur,
1219 1354 1278 1396 ut
1325 1342 1382 1396 in
1419 1341 1608 1396 studiis
1639 1344 1790 1414 justa
1834 1352 2061 1398 seruetur

524 1437 812 1492 moderatio
834 1477 850 1502 ,
908 1437 1127 1507 denique
1163 1445 1220 1492 ut
1266 1453 1364 1492 suo
1391 1451 1608 1507 quisque
1661 1446 1888 1509 tempore
1910 1448 2065 1504 atque

525 1530 709 1586 ordine
734 1540 1001 1604 gerantur.
1027 1530 1160 1598 Qua
1187 1533 1364 1587 omnia
1410 1532 1466 1586 in
1491 1531 1686 1587 sanctis
1731 1531 1913 1586 ueteris
1965 1530 2068 1588 Te-

523 1626 764 1681 stamenti
788 1625 912 1680 viris
933 1625 1063 1680 adeo
1095 1625 1488 1698 prwfulserunt,
1513 1633 1569 1679 ut
1598 1625 1960 1694 manisfestum
2000 1623 2070 1679 sit

521 1736 610 1776 eos
651 1719 1048 1788 eardinaiibus,
1093 1735 1226 1791 quas
1275 1727 1483 1786 uocant,
1541 1717 1816 1775 uirtutibus
1867 1719 2070 1794 egregie

524 1815 805 1868 instructos
823 1813 1008 1882 fuisse.

525 1905 652 1963 105.
707 1905 786 1962 De
838 1903 1056 1961 ratione
1093 1904 1312 1962 dicendi
1342 1905 1477 1962 satis
1499 1903 1709 1962 dictum
1740 1914 1894 1978 puto,
1919 1920 2066 1962 nunc

454 1999 530 2057 de
599 1999 822 2055 actione
891 1999 1020 2054 vita:
1071 1998 1203 2069 quid
1265 2007 1578 2070 congruat,
1634 1999 2065 2055 consideremus.

459 2093 632 2150 °Tria
671 2092 939 2150 autemin
985 2091 1092 2150 hoc
1145 2107 1347 2163 genere
1397 2093 1692 2165 spectanda
1741 2095 2065 2148 cernimus:

455 2203 646 2254 unum,
679 2197 739 2244 ut
785 2187 989 2244 rationi
1065 2187 1340 2258 appetitus
1390 2199 1498 2242 non
1549 2187 1893 2254 reluctetur;
1963 2185 2069 2242 hoc

459 2283 606 2340 enim
669 2281 1020 2338 solummodo
1070 2288 1304 2352 possunt
1363 2279 1545 2337 officia
1599 2289 1784 2337 nostra
1835 2281 1914 2336 illi
1975 2281 2069 2337 de-

455 2393 589 2434 coro
621 2376 938 2432 convenire.
973 2375 1032 2432 Si
1071 2374 1218 2431 enim
1267 2374 1544 2446 appetitus
1580 2375 1780 2430 rationi
1825 2374 2066 2444 obediat,

453 2469 617 2528 facile
645 2469 701 2525 id
744 2469 890 2540 quod
937 2467 1131 2525 deceat
1183 2468 1238 2523 in
1295 2467 1550 2524 omnibus
1587 2466 1785 2523 officiis
1838 2481 2066 2524 conser-

457 2563 575 2620 vari
606 2571 806 2635 potest.
839 2561 1048 2620 Deinde
1079 2576 1150 2618 ne
1179 2559 1389 2631 majore
1429 2560 1610 2616 studio
1638 2576 1800 2632 quam
1829 2575 1920 2618 res
1951 2561 2067 2632 ipsa

461 2665 550 2714 est
574 2672 700 2727 qua:
723 2655 1042 2726 suscipitur,
1070 2649 1096 2690 δ
1130 2654 1214 2710 vel
1257 2651 1472 2709 minore
1501 2670 1516 2708 :
1543 2661 1636 2708 aut
1681 2667 1902 2724 parvam
1955 2668 2070 2708 ma-

461 2767 572 2824 gno
598 2750 808 2807 ambitu
836 2749 1168 2822 suscepisse,
1209 2759 1302 2804 aut
1331 2763 1583 2819 magnam
1611 2745 1872 2803 inferiore
1897 2745 2068 2803 desti-

461 2843 638 2901 tuisse
659 2843 966 2900 videamur.
991 2841 1236 2898 Tertium
1257 2841 1326 2898 de
1343 2840 1719 2896 moderatione
1737 2839 2067 2906 studiorum,

459 2951 800 3010 operumque
857 2945 1172 2993 nostrorum
1219 2933 1332 2991 :de
1385 2933 1578 2990 ordine
1627 2947 1846 3004 quoque
1883 2946 2067 2988 rerum

461 3031 618 3089 etde
659 3031 1071 3104 opportunitate
1093 3039 1424 3101 temporum,
1459 3043 1566 3085 non
1612 3027 2066 3086 dissimulandum

463 3136 612 3198 puto.

2165 497 2380 554 monuit
2431 505 2490 554 ut
2533 495 2742 554 diceret
2793 512 2854 554 se
2900 511 3147 556 sororem
3177 513 3336 568 esse,
3383 515 3495 556 non
3537 513 3778 556 uxorem

2166 605 2358 663 ipsius.

2244 685 2362 746 108.
2412 684 2676 754 Adverte,
2705 686 2895 758 quanti
2948 687 3240 760 appetitus.
3290 687 3543 746 Timebat
3581 688 3782 746 uxoris

2167 778 2386 848 pudori,
2441 779 2666 836 timebat
2705 781 2944 853 promite
2989 781 3173 852 saluti,
3224 792 3506 853 suspectas
3535 781 3781 840 habebat

2166 871 2543 946 Egyptiorum
2566 872 2851 939 libidines;
2886 882 2943 930 et
2970 881 3148 932 tamen
3168 875 3450 945 prmvaluit
3476 875 3620 946 apud
3645 891 3777 932 eum

2164 967 2306 1022 ratio
2325 966 2690 1038 exsequenda:
2709 967 3038 1024 devotionis.
3053 967 3436 1025 Consideravit
3457 968 3604 1024 enim
3625 967 3779 1040 quod

2165 1058 2264 1114 Dei
2297 1057 2490 1116 favore
2518 1057 2720 1130 ubique
2750 1067 2898 1115 tutus
2926 1074 3051 1116 esse
3091 1068 3302 1130 posset,
3351 1057 3562 1116 odenso
3586 1068 3777 1117 autem

2165 1151 2400 1208 Domino
2425 1193 2442 1219 ,
2499 1151 2666 1207 etiam
2714 1151 2862 1208 domi
2891 1167 3000 1208 non
3037 1163 3228 1224 posset
3273 1150 3480 1208 illaesus
3523 1168 3775 1210 manere.

2167 1245 2310 1302 Vicit
2356 1247 2522 1316 igitur
2565 1244 2867 1317 appetitum
2925 1246 3105 1313 ratio,
3156 1254 3214 1302 et
3265 1244 3612 1303 obedientem
3664 1245 3778 1304 sibi

2167 1341 2442 1412 praestitit.

2248 1437 2373 1495 109.
2412 1435 2434 1476 τ
2483 1435 2658 1510 Capto
2710 1447 2933 1510 nepote,
2966 1451 3074 1494 non
3106 1439 3438 1508 perterritus
3488 1454 3665 1510 neque
3695 1447 3782 1496 tot

2174 1547 2364 1603 regum
2421 1533 2674 1588 turbatus
2716 1533 2930 1604 populis
2953 1575 2970 1601 ,
2999 1532 3204 1589 bellum
3258 1534 3503 1605 repetit:
3543 1533 3779 1590 victoria

2178 1625 2402 1696 potitus,
2436 1624 2633 1696 praeda:
2673 1634 2882 1698 partem
2937 1625 3096 1696 cujus
3125 1626 3243 1697 ipse
3274 1624 3379 1682 fuit
3427 1635 3640 1694 auctor,
3681 1641 3780 1682 re-

2173 1719 2382 1774 cusavit
2412 1715 2570 1790 (Gen.
2602 1733 2714 1786 xxv,
2745 1719 2815 1774 14
2842 1727 2890 1773 et
2920 1719 3078 1790 seq.).
3119 1717 3400 1773 Promisso
3421 1733 3638 1790 quoque
3663 1717 3779 1774 sibi

2097 1812 2148 1874 B
2174 1809 2309 1878 lilio,
2349 1826 2473 1867 cum
2499 1809 2882 1867 consideraret
2935 1810 3168 1868 emortui
3223 1810 3470 1882 corporis
3510 1811 3593 1867 sui
3624 1811 3782 1868 vires

2172 1903 2484 1975 depositas,
2517 1903 2864 1960 sterilitatem
2911 1902 3182 1976 conjugis,
3233 1915 3290 1960 et
3331 1918 3648 1975 supremam
3689 1917 3782 1961 se-

2171 2006 2467 2063 nectutem,
2502 1999 2666 2054 etiam
2710 2007 2900 2054 contra
2931 2012 3089 2054 usum
3135 2008 3350 2056 naturae
3396 1999 3509 2057 Deo
3545 1999 3784 2057 credidit

2173 2089 2332 2164 (Gen.
2365 2107 2456 2160 xv,
2487 2091 2570 2163 6).

2246 2184 2374 2242 110.
2425 2185 2666 2242 Adverte
2711 2185 3016 2243 convenire
3072 2186 3278 2242 omnia.
3335 2185 3626 2258 Appetitus
3665 2201 3781 2244 non

2173 2279 2368 2348 defuit,
2391 2280 2492 2337 sed
2519 2293 2806 2354 repressus
2834 2291 2921 2336 est
2953 2296 2970 2336 :
3000 2281 3216 2336 animus
3240 2279 3464 2352 aequalis
3492 2279 3778 2352 gerendis,

2147 2365 2265 2447 'qui
2311 2389 2410 2431 nec
2439 2389 2634 2447 magna
2663 2389 2765 2445 pro
2791 2372 3014 2440 vilibus,
3049 2389 3152 2430 nec
3200 2373 3417 2430 minora
3443 2387 3541 2444 pro
3565 2375 3782 2446 magnis

2172 2467 2422 2533 duceret,
2473 2467 2779 2524 moderatio
2823 2481 2927 2540 pro
2975 2467 3230 2538 negotiis,
3262 2466 3402 2523 ordo
3426 2482 3642 2534 rerum,
3676 2482 3782 2538 op-

2173 2563 2480 2634 portunitas
2550 2571 2860 2634 temporum
2897 2605 2914 2632 ,
2963 2577 3220 2619 mensura
3268 2561 3586 2619 verborum.
3638 2559 3782 2620 Fide

2175 2659 2405 2730 primus,
2435 2657 2650 2728 justitia
2688 2658 3018 2730 praecipuus,
3055 2657 3108 2712 in
3155 2657 3346 2728 praelia
3395 2668 3687 2724 strenuus,
3717 2658 3779 2714 in

2173 2750 2400 2808 victoria
2430 2766 2540 2806 non
2571 2765 2789 2818 avarus,
2823 2749 2973 2806 domi
3001 2749 3310 2821 hospitalis,
3340 2749 3498 2806 uxori
3524 2748 3777 2806 sedulus.

2247 2845 2370 2901 111.
2403 2844 2662 2902 Sanctum
2681 2858 2901 2916 quoque
2922 2844 3044 2914 ejus
3070 2851 3329 2914 nepotem
3344 2841 3514 2900 Jacob
3533 2841 3780 2898 delecta-

2173 2939 2270 2996 bat
2291 2937 2439 2994 domi
2467 2951 2719 3003 securum
2735 2936 2935 3008 degere
2966 2953 2980 2992 :
3011 2936 3111 2992 sed
3145 2945 3319 2992 mater
3342 2935 3511 2992 voluit
3533 2935 3784 3006 peregri-

2175 3033 2316 3100 nari,
2348 3040 2406 3088 ut
2429 3031 2587 3087 daret
2611 3029 2866 3087 fraterna:
2891 3030 3186 3087 iracundia:
3209 3031 3390 3088 locum
3422 3027 3578 3104 (Gen.
3603 3045 3780 3100 xxvtt,

2171 3123 2246 3180 24
2271 3134 2321 3180 et
2339 3123 2492 3198 seq.).
2527 3123 2666 3180 Vicit
2689 3124 2989 3208 appetitum
3015 3125 3232 3180 consilii
3257 3123 3574 3180 salubritas.
3604 3123 3784 3180 Exsul

533 3220 658 3279 106.
689 3219 798 3277 Sed
847 3219 1082 3291 primum
1125 3216 1256 3274 illud
1312 3217 1464 3290 quasi
1518 3216 1932 3274 fundamentum
1981 3213 2138 3278 estC
2169 3218 2354 3285 domo,
2393 3219 2709 3290 profugusa
2759 3217 3121 3289 parentibus,
3157 3218 3356 3290 ubique
3411 3227 3592 3275 tamen
3645 3231 3785 3273 con-

463 3314 728 3380 omnium,
763 3323 824 3368 ut
865 3312 1138 3384 appetitus
1185 3311 1385 3368 rationi
1425 3319 1658 3382 pareat:
1691 3311 1988 3367 secundum
2017 3322 2072 3369 et

461 3408 683 3464 tertium
717 3407 860 3463 idem
912 3413 1032 3472 est,
1087 3405 1191 3462 hoc
1234 3413 1338 3471 est,
1371 3403 1424 3458 in
1466 3415 1697 3476 utroque
1742 3404 2068 3462 moderatio.

459 3499 628 3554 Vacat
651 3499 799 3554 enim
847 3501 990 3568 apud
1041 3513 1143 3554 nos
1189 3497 1394 3568 speciei
1444 3497 1716 3564 liberalis,
1775 3511 1898 3569 quae
1950 3497 2075 3569 pul-

465 3590 718 3648 chritudo
762 3590 1033 3658 habetur,
1090 3599 1145 3646 et
1193 3590 1472 3662 dignitatis
1511 3591 1924 3662 contemplatio.
1975 3591 2074 3647 Se-

465 3683 650 3754 quitur
699 3683 770 3740 de
795 3683 988 3738 ordine
1014 3697 1224 3747 rerum,
1277 3692 1334 3738 et
1379 3682 1449 3738 de
1499 3683 1906 3753 opportunitate
1937 3691 2076 3738 tem-

467 3792 686 3848 porum.
757 3777 836 3833 Ac
885 3791 982 3846 per
1043 3777 1146 3831 hoc
1211 3775 1314 3830 tria
1382 3783 1548 3843 sunt,
1596 3790 1720 3846 qua:
1789 3776 2075 3831 videamus

469 3879 652 3926 utrum
685 3870 739 3926 in
789 3869 975 3941 aliquo
1015 3877 1326 3925 sanctorum
1371 3879 1758 3927 consummata
1802 3870 2076 3942 possimus

469 3964 688 4020 docere.

543 4058 668 4116 107.
705 4056 948 4114 Primum
990 4057 1108 4130 ipse
1151 4068 1310 4130 pater
1354 4057 1657 4126 Abraham,
1689 4057 1781 4128 qui
1811 4057 1877 4114 ad
1910 4059 2077 4130 magi-

471 4151 694 4210 sterium
721 4151 915 4208 futurae
961 4151 1330 4208 successionis
1353 4151 1678 4208 informatus
1703 4160 1759 4208 et
1783 4155 2078 4208 instructus

474 4254 581 4311 est,
627 4245 835 4315 jussus,
887 4245 1040 4300 exire
1091 4244 1160 4299 de
1208 4253 1350 4301 terra
1397 4259 1518 4311 sua,
1553 4243 1714 4300 etde
1752 4245 2081 4317 cognatione

475 4353 594 4406 sua,
655 4347 712 4394 et
752 4339 822 4394 de
873 4337 1038 4394 domo
1079 4339 1256 4410 patris
1306 4339 1391 4395 sui
1438 4338 1590 4413 (Gen.
1641 4356 1737 4408 xn,
1771 4340 1796 4395 1
1828 4350 1876 4394 et
1905 4340 2077 4411 seq.);

475 4447 658 4489 nonne
693 4441 716 4468 θ
747 4431 1122 4503 multiplicata:
1171 4433 1586 4491 necessitudinis
1633 4435 1974 4506 prmstrictus
2001 4432 2084 4488 af-

475 4529 664 4594 fectu,
715 4534 896 4582 tamen
945 4527 1247 4600 appetitum
1296 4527 1493 4584 rationi
1545 4527 1892 4584 obedientem
1942 4543 2082 4600 pra:-

2175 3314 2484 3370 venientem
2513 3328 2822 3370 mensuram
2857 3315 3090 3385 negotiis
3120 3314 3322 3381 tenuit,
3355 3324 3411 3370 et
3439 3314 3784 3386 temporibus

2174 3406 2640 3478 opportunitatem
2672 3405 3002 3463 reservavit.
3051 3408 3322 3478 Acceptus
3348 3405 3498 3464 domi
3536 3410 3788 3479 parenti-

2175 3501 2303 3567 bus,
2337 3509 2395 3556 ut
2423 3499 2566 3556 alter
2619 3499 2936 3557 maturitate
2969 3511 3294 3570 provocatus
3325 3500 3578 3573 obsequii
3603 3501 3784 3560 bene-

2178 3593 2475 3650 dictionem
2497 3593 2653 3650 daret
2675 3635 2691 3660 ,
2739 3592 2882 3650 alter
2901 3608 3088 3650 amore
3117 3596 3210 3666 pio
3232 3594 3601 3668 propenderct
3619 3594 3780 3668 (Gen.

2175 3702 2304 3751 xxv,
2333 3685 2454 3757 51).
2510 3685 2777 3742 Fraterno
2825 3701 3042 3759 quoque
3089 3687 3298 3756 judicio
3337 3687 3619 3759 praelatus,
3649 3703 3781 3746 cum

2176 3778 2355 3836 cibum
2383 3794 2540 3836 suum
2571 3779 2722 3835 fratri
2745 3779 3050 3836 cedendum
3087 3789 3330 3851 putasset
3361 3797 3376 3835 :
3405 3780 3787 3839 delectabatur

2178 3873 2365 3944 utique
2393 3873 2654 3928 alimento
2683 3873 2984 3928 secundum
3033 3880 3308 3940 naturam,
3353 3872 3450 3928 sed
3475 3871 3785 3930 secundum

2181 3967 2434 4038 pietatem
2461 3965 2627 4022 cessit
2674 3966 2867 4037 petito.
2898 3966 3090 4023 Pastor
3114 3965 3340 4022 domino
3377 3965 3563 4038 gregis
3617 3965 3783 4036 ﬁdus,

2181 4073 2374 4116 socero
2403 4075 2573 4131 gener
2617 4058 2838 4115 sedulus
2859 4099 2875 4125 ,
2901 4059 3134 4130 impiger
3155 4059 3211 4114 in
3233 4057 3423 4116 labore
3445 4099 3464 4128 ,
3497 4060 3550 4114 in
3589 4059 3788 4116 convi-

2183 4155 2274 4211 vio
2317 4169 2534 4226 parcus,
2566 4155 2620 4210 in
2666 4153 3043 4210 satisfactione
3067 4154 3333 4225 praevius,
3366 4155 3420 4209 in
3466 4168 3790 4210 remunera-

2183 4249 2330 4304 tione
2355 4251 2534 4320 largus
2565 4247 2723 4319 (Gen.
2756 4265 2908 4317 xxxi,
2930 4247 2965 4302 ϐ
3007 4257 3054 4304 et
3082 4247 3242 4320 seq.).
3295 4246 3540 4320 Denique
3564 4247 3646 4303 sic
3676 4246 3789 4303 fra-

2182 4350 2391 4398 ternam
2432 4341 2700 4412 mitigavit
2748 4340 3128 4406 iracundiam;
3186 4349 3246 4396 ut
3283 4341 3442 4410 cujus
3495 4339 3793 4397 verebatur

2183 4433 2521 4500 inimicitias,
2546 4433 2945 4504 adipisceretur
2973 4431 3208 4505 gratiam
3227 4431 3386 4506 (Gen.
3419 4447 3611 4499 χχχιιι,
3631 4433 3712 4504 1).

2259 4529 2385 4586 119..
2431 4529 2569 4598 Quid
2600 4527 2670 4584 de
2719 4527 2925 4598 Josepb
2975 4527 3188 4599 loquar,
3218 4527 3310 4599 qui
3334 4527 3521 4599 utique
3549 4527 3795 4586 habebat

473 4619 634 4677 buit?
659 4619 833 4687 Quem
868 4621 1013 4676 enim
1069 4632 1232 4678 terrte
1283 4635 1419 4687 suae,
1466 4623 1827 4694 cognationis,
1878 4623 2074 4680 domus
2101 4614 2155 4676 D
2179 4621 2533 4694 cupiditatem
2561 4620 2853 4688 libertatis,
2886 4628 2943 4676 et
2963 4620 3204 4691 suscepit
3239 4619 3448 4676 servitii
3481 4620 3786 4678 necessita-

473 4729 692 4785 qnoque
715 4715 954 4788 propriae
982 4717 1155 4788 gratia
1183 4731 1291 4773 non
1320 4716 1650 4774 delectaret?
1681 4717 1750 4773 Et
1777 4719 1916 4773 hunc
1946 4733 2077 4790 ergo

472 4808 746 4864 mulcebat
769 4823 993 4865 suorum
1017 4809 1374 4878 suavitas,sed
1396 4811 1466 4865 im
1476 4809 1608 4880 perii
1635 4810 1874 4866 caelestis
1893 4811 2003 4883 30
2023 4820 2079 4868 et

474 4902 936 4958 remunerationis
986 4915 1206 4959 aeterna:
1249 4903 1614 4965 consideratio
1665 4903 1919 4960 movebat
1961 4920 2080 4959 am-

475 4994 642 5065 plius.
697 4995 890 5052 Nonne
943 4995 1331 5052 considerabat
1375 5011 1602 5052 uxorem
1653 4995 1980 5053 imbecillcm
2009 4998 2078 5053 ad

475 5087 716 5156 labores,
749 5097 994 5146 teneram
1045 5088 1114 5143 ad
1143 5089 1390 5160 injurias,
1423 5089 1677 5146 decoram
1708 5089 1777 5146 ad
1807 5089 2076 5147 incentiva

473 5181 853 5248 insolentium,
882 5181 1001 5237 sine
1031 5196 1246 5238 summo
1273 5197 1382 5238 non
1436 5197 1597 5254 posse
1639 5181 1762 5239 duci
1794 5183 2078 5254 periculo?

471 5273 543 5330 Et
570 5286 752 5332 tamen
779 5275 968 5333 subire
1007 5275 1212 5344 omnia,
1239 5291 1400 5346 quam
1457 5291 1720 5334 excusare
1763 5275 2073 5333 consultius

555 5469 583 5498 λ
606 5459 723 5517 Cic.
750 5459 846 5514 lib.
874 5475 892 5514 ι
916 5457 1104 5524 Offic.,
1132 5472 1257 5530 pag.
1283 5458 1410 5524 569,
1460 5457 1558 5514 lin.
1585 5458 1659 5514 29
1688 5457 1794 5514 ειη
1824 5473 1950 5513 uoce
1977 5474 2078 5513 au-

483 5542 584 5586 tem
615 5532 719 5586 duo
759 5547 1060 5600 sequamur,
1091 5541 1148 5585 ut
1176 5531 1321 5585 clara
1349 5533 1414 5585 sit
1445 5541 1492 5584 et
1515 5530 1705 5594 suavis,
1739 5541 1848 5585 etc.

555 5603 584 5642 δ
625 5597 906 5673 nauseam
935 5611 1118 5672 servet,
1152 5601 1207 5658 id
1233 5614 1340 5670 est,
1369 5602 1755 5674 mysteriorum
1801 5597 2084 5656 sanctitati

484 5687 806 5758 congruum.
1296 5747 1309 5760 .
1757 5745 1770 5758 ⁸

507 5818 520 5828 η
541 5757 580 5818 ,ε
612 5745 728 5800 th.
757 5744 854 5828 lib:
882 5759 1086 5828 Inpag.‘
1111 5746 1246 5815 370,
1275 5747 1372 5802 lin.
1403 5744 1512 5828 '57-:
1537 5742 1769 5828 In‘omm
1795 5750 1971 5800 autem
1997 5756 2086 5796 ac-

503 5818 621 5872 ione
638 5817 996 5890 suscipienda,
1019 5821 1120 5875 tria
1145 5828 1266 5876 sunt
1295 5817 1538 5885 tenenda,
1565 5823 1675 5870 etc.

2185 4715 2338 4772 tem?
2389 4714 2564 4783 Quam
2610 4711 2860 4769 subditus
2899 4713 2953 4768 in
2983 4713 3248 4769 servitute
3269 4755 3286 4782 ,
3314 4729 3478 4784 quam
3499 4714 3558 4768 in
3587 4711 3795 4771 virtute

2183 4817 2464 4872 constans,
2497 4821 2661 4878 quam
2690 4804 2960 4878 benignus
3002 4805 3058 4860 in
3089 4821 3332 4868 carcere,
3363 4807 3584 4878 sapiens
3606 4803 3663 4861 in
3697 4806 3792 4863 in-

2182 4901 2594 4975 terpretatione,
2646 4901 2698 4955 in
2756 4909 3027 4971 potestate
3078 4899 3417 4967 moderatus,
3450 4900 3504 4956 in
3533 4901 3793 4958 ubertate

2181 4994 2480 5067 providus,
2525 4994 2580 5050 in
2631 4994 2772 5049 fame
2820 4993 3044 5064 justus,
3091 4991 3344 5048 ordinem
3393 4991 3570 5048 laudis
3617 4993 3794 5050 rebus

2181 5085 2486 5158 adjungens
2509 5127 2526 5151 ,
2583 5092 2640 5140 et
2667 5085 3132 5154 Opportunitatem
3183 5083 3560 5156 temporibus,
3607 5085 3791 5155 equi-

2183 5191 2350 5239 tatem
2413 5181 2629 5253 populis
2685 5179 2850 5259 ofﬁcii
2899 5181 2984 5238 sui
3038 5179 3416 5237 moderatione
3461 5179 3796 5252 dispensans

2185 5275 2346 5351 (Gen.
2369 5291 2561 5345 xxxix,
2596 5275 2623 5331 1
2649 5285 2697 5330 et
2720 5275 2893 5348 mp)?

2259 5455 2450 5542 dﬂMss.
2487 5471 2594 5512 non
2624 5455 2824 5527 pauci,
2869 5455 2949 5510 vel
2967 5453 3217 5510 minorem
3262 5469 3326 5508 ac
3363 5468 3578 5528 paruam
3597 5469 3795 5524 magno

2189 5529 2406 5594 ambitu,
2456 5539 2567 5584 etc.

2266 5609 2290 5637 °
2321 5598 2577 5654 Nonnulli
2603 5611 2739 5654 mss.
2769 5613 2834 5653 ac
2881 5597 3042 5662 edit.,
3066 5596 3462 5670 ntultiplt'gatae;
3490 5593 3745 5670 quaedam
3777 5641 3794 5668 ,

2189 5669 2470 5744 multiplici
2496 5670 2890 5744 necessitudinis
2917 5666 3448 5744 perstrictus'alfectu.
3460 5666 3520 5744 μ’

2200 5785 2206 5792 .
2269 5739 2287 5778 τ
2319 5741 2484 5813 Rom.
2508 5741 2640 5813 edit.
2667 5756 2791 5795 eum
2823 5739 2932 5798 uno
2957 5740 3041 5796 vel
3071 5739 3244 5797 altero
3268 5745 3428 5810 11188..
3455 5739 3676 5813 Captum
3697 5739 3794 5796 tte—'-

2192 5811 2594 5884 potem....bello
2617 5813 2820 5882 repetit.
