4078 6306
294 290 370 324 R-

295 290 370 351 57
1359 290 1448 348 DE
1484 289 1779 350 OFFICIIS
1816 291 2295 353 MINISTRORUM
2335 295 2466 353 LIB.
2512 297 2553 354 Ι.
3535 293 3605 353 58

378 407 503 462 115.
536 404 642 462 Job
688 420 906 479 quoque
948 405 1099 477 juxta
1151 404 1427 472 secundis,
1465 415 1628 477 atque
1658 406 1904 464 adversis
1931 413 1981 472 Α
2008 410 2178 467 Nemo
2202 411 2348 468 enim
2377 411 2636 483 prudens.
2661 412 2755 484 qui
2783 411 2953 469 Deum
2979 413 3174 470 nescit.
3199 413 3446 487 Denique
3477 415 3613 471 insi-

298 501 472 559 rebus
505 502 1006 574 irreprehensibilis
1029 543 1045 570 ,
1078 501 1311 574 patiens,
1367 510 1552 572 gratus
1598 502 1711 557 Deo
1740 513 1904 574 atque

298 605 589 668 acceptus,
621 599 926 654 vexabatur
951 595 1258 665 doloribus,
1289 595 1386 652 sed
1416 611 1475 653 se
1515 597 1908 656 consolabatur

299 691 450 764 (Job.
488 708 548 756 ιι,
581 693 616 746 5
638 702 687 747 et
717 693 870 764 seq.).

375 785 638 858 311M.
673 785 838 840 David
861 785 1024 842 etiam
1074 786 1229 842 fortis
1258 787 1310 841 in
1355 786 1536 852 bello,
1581 787 1798 857 patiens
1853 788 1906 843 in

299 879 572 944 adversis,
589 878 642 934 in
669 879 1007 936 Hierusalem
1030 881 1304 951 pacificus,
1322 880 1374 935 in
1400 880 1625 936 victoria
1656 895 1911 936 mansue-

301 981 426 1041 tus,
462 973 513 1028 in
547 981 774 1043 peccato
794 974 1078 1042 dolens,iu
1111 983 1390 1030 senectute
1414 974 1702 1045 providus,
1727 990 1913 1031 rerum

299 1066 521 1132 modos,
552 1067 706 1123 vices
756 1077 1061 1138 temporum
1088 1084 1184 1138 per
1213 1069 1547 1140 singularum
1593 1085 1759 1125 sonos
1782 1085 1898 1126 ser-

299 1164 453 1218 vavit
502 1170 754 1230 aetatum;
787 1172 846 1219 ut
869 1164 1002 1219 mihi
1033 1163 1279 1220 videatur
1332 1180 1442 1220 non
1474 1166 1658 1221 minus
1689 1165 1904 1222 vivendi

303 1273 536 1328 genere,
555 1273 714 1328 quam
739 1257 970 1313 canendi
992 1259 1257 1313 suavitate
1279 1258 1572 1330 praedulcis
1596 1259 1911 1314 tlimmorta-

303 1351 419 1407 lem
444 1351 558 1408 Deo
587 1351 670 1407 sui
701 1350 906 1408 fudisse
935 1351 1115 1407 meriti
1142 1353 1466 1407 cantilenam
1500 1351 1714 1424 (lReg.
1741 1350 1907 1420 xvu).

387 1445 512 1500 115.
545 1444 700 1514 Quod
745 1445 829 1500 his
872 1446 1004 1501 viris
1047 1445 1427 1516 principalium
1479 1444 1740 1499 virtutum
1791 1442 1912 1498 ofﬁ-

303 1538 456 1595 cium
507 1539 712 1594 defuit?
763 1538 1003 1607 Quarum
1055 1539 1232 1612 primo
1283 1537 1405 1594 loco
1445 1536 1472 1576 δ
1506 1537 1913 1595 constituerunt

308 1629 682 1702 prudentiam,
719 1647 838 1702 quae
883 1632 935 1687 in
965 1633 1080 1687 veri
1111 1631 1526 1704 investigatione
1551 1641 1825 1699 versatur,
1857 1641 1916 1688 et

306 1723 558 1780 scientiae
634 1723 898 1794 plenioris
948 1724 1188 1780 infundit
1245 1725 1598 1795 cupiditatem
1631 1742 1645 1781 :
1675 1725 1916 1781 secundo

300 1818 602 1891 justitiam,
634 1835 756 1890 qua:
804 1833 958 1874 suum
1014 1820 1214 1891 cuique
1247 1821 1468 1887 tribuit,
1517 1821 1754 1875 alienum
1803 1836 1911 1874 non

305 1914 578 1980 vindicat,
608 1913 896 1970 utilitatem
926 1916 1200 1986 pr0priam
1223 1915 1468 1986 negligit,
1492 1923 1551 1969 ut
1572 1930 1916 1970 communem

313 2007 629 2076 aequitatem
653 2006 925 2062 custodiat
957 2023 971 2060 :
1008 2006 1169 2062 tertio
1209 2005 1604 2072 fortitudinem,
1635 2022 1757 2078 qua:
1788 2007 1918 2061 etin

309 2100 487 2156 rebus
542 2100 752 2156 bellicis
780 2099 983 2156 excelsi
1035 2099 1199 2154 animi
1257 2098 1625 2169 magnitudine
1655 2141 1670 2164 ,
1700 2109 1751 2155 et
1774 2099 1922 2156 domi

311 2194 527 2250 eminet
551 2236 566 2260 ,
614 2194 971 2264 corporisque
1020 2203 1245 2264 prtestat
1283 2192 1490 2248 viribus
1520 2210 1533 2247 :
1566 2200 1762 2263 quarto
1788 2202 1925 2248 tem-

313 2286 646 2358 perantiam,
703 2302 825 2356 quas
874 2285 1097 2341 modum
1127 2327 1141 2350 ,
1187 2283 1544 2356 ordinemque
1586 2294 1768 2339 servat
1809 2300 1925 2340 om-

313 2379 494 2445 nium,
544 2393 664 2449 qua:
689 2378 773 2434 vel
801 2378 1034 2449 agenda,
1075 2377 1159 2435 vel
1189 2376 1418 2433 dicenda
1447 2377 1796 2432 arbitramur.

904 2470 1136 2527 CAPUT
1167 2469 1338 2526 XXV.

314 2566 578 2639 Exposita
607 2582 701 2619 cur
749 2566 958 2619 ductum
995 2580 1097 2619 non
1128 2564 1284 2634 fuerit
1327 2581 1358 2616 a
1405 2565 1700 2619 memoratis
1723 2563 1928 2617 virtuti-

395 2665 491 2715 bus
519 2658 811 2724 exordium,
854 2657 1057 2712 easdem
1087 2658 1140 2711 in
1185 2655 1441 2712 veteribus
1496 2654 1741 2710 Patribus
1771 2655 1927 2710 exsti-

397 2755 520 2808 tisse
541 2753 770 2824 pressius
801 2753 1206 2808 demonstratur.

400 2847 527 2905 116.
559 2847 685 2903 llaec
711 2846 938 2902 forsitan
969 2847 1166 2917 aliquis
1216 2846 1360 2902 dicat
1410 2845 1584 2915 primo
1638 2844 1758 2899 loco
1800 2845 1926 2913 poni

315 2942 680 3012 Oportuisse,
741 2939 997 3010 quoniam
1048 2937 1118 2993 ab
1174 2937 1258 2992 bis
1332 2947 1562 3008 quatuor
1634 2937 1928 2991 virtutibus

317 3045 625 3093 nascuntur
653 3033 958 3088 ofﬁciorum
986 3046 1209 3102 genera.
1257 3030 1364 3087 Sed
1415 3032 1517 3084 huc
1548 3030 1682 3084 artis
1731 3038 1842 3094 est,
1904 3039 1925 3067 ε

315 3145 386 3191 ιιι
420 3135 594 3204 primo
626 3132 864 3188 officium
897 3130 1207 3196 deﬁniatur,
1241 3137 1426 3200 postea
1467 3138 1616 3183 certa
1645 3128 1697 3182 in
1730 3141 1928 3197 genera

2009 506 2164 576 piens
2195 505 2330 561 dixit
2366 505 2494 576 quia
2539 521 2642 560 non
2671 515 2747 560 est
2785 505 2927 561 Deus
2974 505 3149 574 (Psal.
3184 521 3308 572 xm,
3336 507 3427 580 1);
3481 522 3606 564 nam

2009 599 2231 670 sapiens
2260 615 2366 653 non
2395 598 2625 654 diceret.
2655 598 2941 665 Quomodo
2971 597 3114 654 enim
3141 599 3362 671 sapiens
3388 600 3480 671 qui
3501 615 3609 655 non

2015 692 2246 762 requirit
2285 700 2563 746 auctorem
2591 706 2771 758 suum,
2799 692 2891 762 qui
2911 691 3221 761 dicitlapidi
3250 710 3262 745 :
3293 691 3450 746 Pater
3469 709 3615 748 meus

2013 803 2066 842 es
2089 796 2145 840 tu
2197 785 2392 859 (Jerem
2421 801 2478 850 ιι,
2528 786 2622 857 27)
2654 805 2667 840 :
2698 783 2726 823 ἀ
2752 787 2846 857 qui
2900 786 3036 842 dicit
3071 785 3312 853 diabolo,
3343 795 3401 840 ut
3447 785 3618 841 Mani-

2013 881 2206 937 chacus
2243 900 2256 935 :
2288 882 2496 937 Auctor
2522 897 2674 938 meus
2697 896 2756 936 es
2785 883 2880 936 tu?
2901 880 3186 948 Quomodo
3211 880 3432 951 sapiens
3457 879 3617 935 Aria-

2016 989 2140 1039 nus,
2170 973 2262 1044 qui
2286 974 2489 1029 mavult
2508 974 2887 1045 imperfectum
2918 983 3196 1030 auctorem
3221 973 3423 1029 habere
3450 983 3613 1043 atque

2015 1067 2366 1139 degenerem,
2401 1083 2565 1139 quam
2615 1083 2805 1124 verum
2834 1076 2998 1139 atque
3047 1067 3385 1138 perfectum?
3415 1072 3440 1101 °
3468 1065 3616 1135 Quo-

2017 1160 2179 1216 modo
2207 1161 2424 1231 sapiens
2451 1160 2692 1216 Marcion
2721 1169 2884 1232 atque
2937 1161 3258 1227 Eunomius,
3287 1159 3378 1232 qui
3407 1159 3616 1214 malunt

2018 1255 2184 1310 Deum
2214 1255 2417 1309 malum
2471 1270 2633 1326 quam
2676 1255 2877 1310 bonum
2913 1255 3160 1309 habere?
3216 1255 3502 1323 Quomodo
3525 1268 3616 1308 sa-

2014 1348 2192 1420 piens,
2234 1348 2325 1418 qui
2369 1349 2533 1404 Deum
2578 1364 2732 1404 suum
2766 1365 2874 1404 non
2901 1347 3090 1403 timet?
3117 1347 3334 1402 Initium
3367 1348 3503 1402 enim
3531 1363 3620 1402 sa-

2016 1442 2222 1515 pientia!
2251 1443 2403 1496 timor
2428 1441 2636 1498 Domini
2669 1442 2842 1513 (Psal.
2871 1458 2960 1506 cx,
2992 1440 3071 1512 9).
3106 1442 3171 1497 Et
3217 1441 3344 1496 alibi
3399 1441 3566 1496 habes
3599 1457 3614 1496 :

2021 1535 2297 1602 Sapientes
2340 1553 2443 1591 non
2478 1537 2738 1591 declinant
2785 1539 2848 1592 de
2869 1553 2957 1591 ore
2977 1535 3207 1600 Domini,
3260 1535 3352 1589 sed
3394 1542 3617 1589 tractant

2019 1631 2126 1704 32
2156 1631 2209 1685 in
2241 1631 2651 1700 confessionibus
2673 1630 2781 1685 suis
2808 1628 2993 1703 (Prov.
3029 1627 3270 1700 xxtv,7).
3295 1627 3468 1684 Simul
3489 1643 3622 1699 quo-

2022 1742 2128 1798 que
2151 1727 2367 1782 dicente
2389 1726 2666 1798 Scriptura
2693 1744 2708 1780 :
2738 1726 3053 1798 Reputatum
3079 1733 3151 1779 est
3177 1725 3226 1780 ei
3247 1723 3314 1778 ad
3333 1724 3618 1796 justitiam;

1948 1851 1996 1911 Β
2024 1820 2249 1875 alterius
2277 1819 2492 1874 virtutis
2520 1821 2570 1875 ei
2595 1821 2825 1890 gratiam
2850 1819 3066 1875 detulit.

2098 1913 2222 1969 118.
2274 1913 2438 1968 Primi
2489 1915 2651 1985 igitur
2701 1915 2872 1969 nostri
2916 1913 3246 1970 definierunt
3275 1912 3614 1984 prudentiam

2026 2007 2076 2060 in
2109 2007 2220 2061 veri
2261 2006 2560 2062 consistere
2605 2007 2937 2078 cognitione.
2993 2007 3126 2076 Quis
3183 2007 3330 2062 enim
3402 2005 3618 2060 illorum

2025 2111 2149 2156 ante
2168 2100 2470 2162 Abraham,
2498 2101 2688 2164 David,
2719 2100 3102 2157 Salomonem?
3128 2099 3334 2156 Deinde
3356 2100 3620 2170 justitiam

2025 2206 2272 2266 spectare
2301 2194 2366 2250 ad
2390 2196 2705 2251 societatem
2733 2195 2952 2265 generis
2981 2193 3224 2249 humani.
3246 2193 3491 2263 Denique
3515 2193 3622 2249 Da-

2027 2291 2112 2346 vid
2137 2293 2212 2346 ait
2246 2309 2260 2345 :
2302 2290 2584 2363 Dispersit,
2619 2290 2762 2345 dedit
2787 2290 3124 2364 pauperibus,
3145 2290 3356 2363 justitia
3380 2292 3492 2362 ejus
3514 2305 3624 2342 uta-

2029 2393 2112 2438 net
2140 2386 2192 2438 in
2227 2395 2496 2439 (sternunt.
2545 2383 2730 2438 Justus
2774 2385 3083 2450 miseretur,
3117 2387 3294 2458 justus
3334 2381 3628 2437 commodat

2031 2474 2201 2547 (Psal.
2226 2491 2333 2542 cxt,
2369 2478 2445 2547 9).
2499 2476 2745 2546 Sapienti
2785 2476 3010 2546 etjusto
3037 2485 3181 2530 totus
3225 2473 3460 2530 mundus
3483 2472 3627 2528 divi-

2029 2569 2226 2625 tiarum
2277 2579 2380 2624 est.
2437 2569 2626 2624 Justus
2676 2569 2983 2626 communia
3035 2585 3132 2640 pro
3156 2569 3272 2624 suis
3320 2567 3503 2636 habet,
3534 2582 3630 2623 sua

2031 2679 2128 2732 pro
2151 2663 2550 2718 communibus.
2574 2663 2760 2720 Justus
2785 2679 2844 2720 se
2880 2663 3082 2734 ipsum,
3117 2663 3430 2733 priusquam
3464 2662 3626 2730 alios,

2031 2766 2274 2814 accusat.
2305 2757 2404 2813 Ille
2456 2759 2602 2812 enim
2652 2757 2854 2828 justus,
2905 2757 2993 2828 qui
3027 2773 3128 2812 nec
3175 2756 3288 2815 sibi
3335 2758 3528 2827 parcit,
3572 2764 3629 2810 et

2029 2851 2236 2906 occulta
2287 2865 2384 2905 sua
2435 2850 2608 2905 latere
2647 2866 2754 2904 non
2810 2851 3028 2919 patitur.
3079 2848 3214 2904 Vide
3246 2863 3405 2918 quam
3444 2849 3624 2918 justus

2031 2943 2327 3001 Abraham.
2353 2942 2409 2998 In
2442 2951 2724 2998 senectute
2752 2951 3070 3011 susceperat
3123 2941 3290 2996 filium
3322 2956 3419 3011 per
3439 2955 3629 3011 repro-

2033 3037 2346 3092 missionem
2375 3034 2528 3111 (Gen.
2571 3051 2702 3100 xxtt,
2733 3037 2766 3090 5
2794 3047 2840 3089 et
2865 3034 3022 3105 seq.),
3055 3033 3363 3106 reposcenti
3396 3033 3629 3088 Domino

2035 3131 2338 3202 negandum
2394 3128 2462 3185 ad
2510 3129 2840 3185 sacrilicium
2869 3171 2884 3196 ,
2933 3128 3181 3199 quamvis
3215 3127 3432 3182 unicum
3461 3167 3474 3194 ,
3518 3141 3626 3181 non

316 3227 620 3284 dividatur.
661 3225 772 3281 Nos
795 3235 978 3280 autem
1007 3235 1179 3280 artem
1228 3222 1482 3293 fugimus,
1517 3220 1765 3291 exempla
1815 3237 1931 3276 ma-
1957 3242 2001 3304 ρ
2037 3225 2264 3296 putavit.

310 3319 510 3392 jnrum
558 3319 912 3389 proponimus
944 3335 957 3372 :
989 3333 1110 3390 qute
1144 3332 1320 3387 neque
1360 3316 1753 3371 obscuritatem
1801 3315 1932 3370 afl'e-

319 3424 466 3472 runt
494 3413 559 3468 ad
587 3412 1016 3484 intelligendum,
1069 3426 1242 3482 nequc
1289 3409 1357 3464 ad
1409 3408 1747 3464 tractandum
1802 3422 1928 3462 ver-

317 3510 534 3566 sutias.
605 3508 690 3562 Sit
737 3506 899 3577 igitur
954 3505 1110 3560 nobis
1165 3504 1272 3559 vita
1313 3503 1576 3573 majorum
1626 3500 1930 3570 disciplina:

317 3599 622 3675 speculum
643 3641 658 3669 ,
689 3615 794 3656 non
822 3598 1134 3655 calliditatis
1160 3596 1612 3652 commentarium
1643 3613 1657 3649 :
1683 3595 1929 3651 imitandi

317 3696 666 3760 reverentia,
700 3710 806 3749 non
835 3693 1142 3767 disputandi
1173 3693 1394 3747 astutia.

409 3792 535 3847 117.
568 3790 691 3847 Fuit
734 3790 897 3862 igitur
947 3793 998 3844 in
1047 3798 1235 3844 sancto
1265 3787 1538 3844 Abraham
1584 3787 1763 3858 primo
1812 3787 1934 3842 loco

321 3882 646 3957 prudentia,
680 3883 747 3938 de
767 3897 877 3953 quo
907 3881 1039 3936 dicit
1066 3880 1349 3951 Scriptura
1376 3897 1388 3933 :
1412 3879 1644 3934 Credidit
1669 3879 1937 3934 Abraham

319 3977 470 4046 Deo,
502 3987 547 4032 et
574 3985 870 4048 reparatum
894 3986 967 4030 est
1021 3975 1103 4029 illi
1132 3974 1201 4028 ad
1216 3974 1488 4046 justitiam
1532 3971 1693 4044 (Gen.
1730 3989 1824 4042 xv,
1855 3975 1933 4044 ϐ).

407 4147 434 4175 η
461 4137 536 4192 lla
568 4153 700 4194 mss.
732 4133 1183 4204 frequentissimi,
1222 4148 1284 4187 ac
1312 4131 1444 4188 edit.
1481 4131 1621 4204 Era.
1640 4140 1694 4187 et
1718 4130 1844 4187 Gill.
1881 4132 1934 4186 in

325 4225 514 4280 marg.
575 4211 677 4265 Alii
720 4203 900 4280 tamen
934 4206 1177 4280 nonnulli
1227 4214 1283 4280 et
1318 4203 1672 4280 omncsicdit.
1720 4204 1937 4280 incon-

327 4274 515 4345 lextu,
559 4283 807 4335 moralem
831 4277 938 4333 Deo
969 4295 987 4332 :
1011 4277 1222 4348 Benig.,
1256 4275 1532 4348 immortali
1565 4274 1670 4328 Deo
1699 4275 1934 4348 sui,retc.

410 4350 439 4390 δ
473 4353 564 4408 Cic
588 4353 684 4407 lib.
712 4368 750 4416 ι,
777 4366 897 4420 pag.
929 4351 1059 4410 352,
1087 4347 1177 4403 lin.
1211 4351 1279 4402 '56
1314 4366 1325 4400 :
1366 4347 1472 4401 Sed
1502 4363 1658 4420 omne
1673 4347 1814 4420 quod
1845 4348 1936 4398 lto-

327 4434 544 4481 nestunt
589 4433 683 4483 est.
718 4419 1022 4492 id’quatuor
1073 4421 1298 4489 partium
1321 4421 1490 4492 oritur
1518 4434 1580 4472 ea:
1609 4419 1804 4492 aliqua,
1831 4425 1937 4470 etc.

415 4507 437 4534 ο
476 4496 604 4565 Pag.
636 4495 765 4560 551,
797 4491 894 4547 litt.
926 4492 993 4546 27
1047 4512 1059 4546 :
1119 4493 1294 4546 Placet
1323 4491 1500 4558 igitur,
1545 4491 1790 4565 quoniam
1835 4504 1944 4541 om-

327 4569 424 4623 nis
462 4560 746 4634 disputatio
772 4567 836 4618 de
857 4565 1035 4634 ofﬁcio
1089 4565 1265 4634 futura
1303 4572 1398 4623 est,
1424 4571 1540 4634 ante
1572 4560 1810 4634 deﬁnire,
1834 4570 1942 4614 etc.

414 4635 440 4675 (³
483 4631 646 4692 Plana
681 4645 809 4692 sunt
838 4631 960 4705 quin
992 4631 1414 4690 hic-tribuuntur
1430 4631 1751 4705 ﬁanichmo
1783 4641 1945 4705 atque

329 4711 518 4774 Ario;
574 4711 715 4763 hunc
739 4702 882 4764 enim
918 4705 1386 4776 imperfectiouem
1417 4702 1655 4776 Christo,
1699 4718 1860 4771 quem
1891 4702 1943 4756 in

325 4794 718 4838 creaturarum
743 4775 1242 4847 ordinem’dejecit,
1281 4775 1598 4847 afﬁnxisse,
1631 4775 1784 4847 illum
1819 4790 1948 4828 vero

324 4853 712 4922 Corporalium
743 4867 926 4906 rerum
958 4845 1293 4904 creationem
1321 4846 1540 4922 diabolo
1579 4845 1946 4922 adjudicasse,

325 4916 511 4982 neu-to
559 4934 645 4978 est
681 4924 769 4988 qui
800 4922 1028 4978 nesciat.
1057 4921 1126 4976 At
1157 4934 1288 4974 vero
1335 4918 1390 4972 id
1439 4920 1668 4971 fortasse
1708 4916 1944 4985 cuipiam

328 5005 570 5054 moveat
625 4995 1024 5059 difficultatem,
1057 4991 1200 5062 quod
1229 4989 1521 5062 (Marcioni
1573 4989 1753 5062 potius
1785 5003 1946 5062 quam

329 5070 482 5126 Atio
524 5073 783 5137 jungatur
823 5059 1146 5137 Eunomius.
1205 5061 1430 5137 Constat
1469 5060 1752 5137 ⁵ςήίιιιῑιιίειιι
1810 5059 1952 5113 hunc

325 5141 491 5196 Aetii
524 5130 712 5193 'fuisse
749 5136 1078 5205 discipulum
1123 5149 1246 5188 cum
1299 5130 1648 5205 Arianis,_ut
1691 5130 1951 5205 Socrates

326 5213 442 5270 lib.
474 5226 534 5276 ιι,
561 5225 660 5277 cap
692 5209 782 5274 15,
817 5203 1066 5272 testatur,
1095 5206 1238 5259 idem
1285 5214 1340 5260 et
1370 5203 1952 5277 dicen_tis_get_senti_en-

333 5287 443 5346 tis,
469 5271 820 5352 cujus‘etiam
875 5271 1250 5352 sectwpostea
1281 5289 1479 5352 nomen
1510 5272 1662 5352 dedit
1695 5273 1810 5341 ipse
1840 5271 1950 5352 [ξιι-

332 5343 592 5415 nomius,
642 5362 700 5406 ut
747 5350 888 5405 idem
936 5343 1192 5405 Socrates
1228 5347 1348 5400 loco
1387 5347 1566 5406 citat.,
1601 5344 1743 5398 sicut
1770 5354 1822 5415 et
1856 5343 1953 5398 lib.

333 5445 387 5492 1,
420 5441 547 5494 cap.
580 5413 610 5478 7
666 5432 722 5478 et
771 5423 837 5477 1³5
871 5420 1158 5494 significat.
1201 5417 1569 5494 Cu_i__jungere
1618 5415 1745 5494 licet
1784 5413 1956 5469 Sozo—

333 5487 576 5556 sirenum
626 5495 720 5549 lib.
764 5510 840 5559 tv,
873 5487 996 5563 cap.
1023 5491 1224 5563 25A._-et
1267 5488 1368 5563 _lib.
1408 5503 1482 5554 vt,
1507 5502 1626 5563 cap.
1670 5487 1762 5563 2b,
1791 5495 1956 5551 atque

330 5571 514 5626 alios.
549 5566 656 5622 Sed
690 5557 890 5620 nodum
909 5557 1073 5619 solvit
1095 5560 1508 5622 Theodoretus;
1541 5560 1626 5612 hic
1653 5557 1799 5612 enim
1828 5570 1951 5608 cum

331 5643 452 5698 lib.
502 5655 543 5694 ιι
572 5639 711 5693 Hist.
763 5652 888 5706 cap.
915 5636 1007 5699 29,
1037 5643 1246 5706 tantum
1277 5631 1592 5706 scripsisset
1617 5627 1953 5706 (Eunoniium

333 5711 473 5772 Arii
505 5701 900 5778 blasphemiam
933 5719 1071 5778 nova
1093 5701 1387 5774 impietatis
1427 5701 1740 5778 accessione
1763 5713 1959 5778 cumu-

329 5770 526 5847 iasse,
558 5770 753 5836 in'lib.
796 5796 851 5834 ιν
879 5779 1023 5844 Haer.
1050 5770 1350 5838 fabu'l.rem
1381 5774 1582 5847 evolvit
1621 5770 1956 5847 enucleatius

309 5858 429 5912 “ita
461 5846 717 5924 inquiens
757 5869 770 5902 :
805 5847 1130 5916 Baptisantes
1178 5863 1338 5916 usque
1366 5846 1433 5900 ad
1471 5853 1644 5915 pectus
1691 5857 1825 5912 aqua
1847 5857 1958 5893 ma-

2108 3317 2231 3371 H9.
2264 3315 2507 3371 Adverte
2536 3316 2624 3372 hic
2669 3331 2858 3371 omnes
2883 3317 3116 3371 virtutes
3162 3324 3392 3385 quatuor
3421 3315 3473 3370 in
3517 3328 3628 3368 uno

2034 3409 2195 3464 facto.
2224 3409 2345 3463 Fuit
2373 3409 2674 3479 sapientize,
2710 3411 2820 3465 Deo
2848 3410 3092 3474 credere,
3126 3424 3224 3462 nec
3251 3408 3346 3462 lilii
3400 3406 3632 3478 gratiam

2034 3501 2307 3556 anteferre
2365 3502 2605 3558 auctoris
2651 3513 2924 3572 pratccpto
2953 3519 2967 3556 :
2999 3502 3096 3556 fuit
3147 3500 3371 3570 jusﬁtiae
3392 3541 3408 3567 ,
3441 3514 3633 3569 accep-

2035 3604 2147 3651 tum
2177 3594 2452 3651 reddere:
2498 3596 2596 3649 fuit
2642 3595 3014 3660 fortitudinis,
3072 3594 3368 3666 appetitum
3428 3595 3635 3648 ratione

2036 3691 2314 3747 cohibere.
2363 3691 2606 3747 Ducebat
2661 3693 2895 3747 hostiam
2953 3701 3137 3762 pater,
3167 3689 3533 3760 interrogabat
3577 3689 3640 3742 fi-

2037 3786 2166 3852 lius,
2195 3787 2511 3842 tentabatur
2539 3787 2766 3842 affectus
2788 3787 3013 3857 patrius,
3039 3788 3134 3842 sed
3168 3801 3273 3841 non
3300 3783 3636 3840 vincebatur.

2042 3881 2345 3951 Repetebat
2393 3881 2537 3936 filius
2582 3881 3004 3953 appellationem
3055 3890 3642 3952 paternam,compun-

2041 3977 2204 4046 gebat
2248 3985 2474 4047 paterna
2506 3975 2738 4040 viscera,
2772 3974 2866 4030 sed
2909 3991 3014 4029 non
3071 3974 3347 4030 minuebat
3395 3973 3641 4030 devotio-

2046 4139 2329 4210 defaciunt,
2348 4139 2559 4210 reliquis
2579 4150 2746 4193 autem
2774 4137 3007 4210 partibus
3021 4147 3288 4210 tamquam
3317 4135 3644 4210 exsecrandis

2047 4206 2231 4281 aquam
2262 4206 2506 4264 adhibere
2531 4206 2892 4282 prohibent...
2921 4209 3027 4264 Sed
3049 4218 3096 4262 et
3136 4206 3281 4282 aliud
3306 4209 3497 4261 audere
3509 4207 3644 4282 _i_l_los

2049 4277 2246 4347 dirum,
2277 4282 2415 4352 quod
2439 4277 2644 4353 scriptis
2666 4283 2982 4336 committere
3008 4297 3120 4353 non»
3146 4279 3335 4353 ausint,
3355 4290 3462 4353 etc.
3509 4277 3644 4353 llinc

2053 4349 2298 4422 profecto
2323 4365 2512 4424 aperte
2537 4349 2809 4423 colligitur
2828 4369 2949 4407 cum
2981 4350 3267 4405 admisisse
3285 4351 3479 4424 duplex
3506 4349 3652 4419 prin-

1970 4444 2023 4504 Ι)
2049 4426 2273 4504 cipium,
2303 4422 2503 4504 bonum
2536 4422 2768 4480 alterum
2797 4443 2824 4477 ει
2853 4441 2959 4494 quo
3002 4433 3187 4504 partes
3212 4422 3458 4504 corporis
3485 4435 3647 4504 supe-

2051 4493 2221 4552 riOres
2246 4513 2380 4566 quas
2403 4499 2573 4552 bonas
2596 4513 2717 4552 esse
2765 4493 2879 4551 non
2923 4495 3214 4565 negabant,
3240 4493 3602 4566 procederent
3628 4510 3640 4544 :

2051 4564 2529 4624 nmlurdalterum
2559 4587 2587 4624 a
2618 4585 2724 4638 quo
2775 4564 3084 4629 inferiores,
3119 4580 3255 4634 quas
3298 4564 3469 4638 malas
3521 4577 3646 4638 esse

2052 4640 2212 4694 iidem
2245 4634 2670 4695 contendebant.
2707 4639 2857 4695 Unde
2884 4642 3146 4692 miramur
3195 4651 3290 4690 eos
3344 4636 3435 4702 qui
3479 4634 3645 4688 colle-

2050 4724 2168 4768 Ctos
2191 4713 2433 4782 ejusdem
2490 4713 2740 4766 Eunomii
2777 4726 2993 4766 errores
3022 4709 3228 4776 scripto
3269 4705 3644 4782 prodiderunt,

2052 4796 2109 4837 ut
2143 4779 2266 4856 puta
2300 4800 2364 4856 ex
2414 4785 2656 4856 antiquis
2698 4782 3058 4856 Epiphaniam
3092 4791 3148 4856 et
3195 4779 3583 4856 Augustinum,
3615 4793 3646 4832 e

2053 4852 2452 4914 recentioribus
2477 4852 2606 4911 vero
2626 4854 2944 4915 Barouium,
2971 4852 3246 4906 l’etavium
3271 4853 3514 4919 aliosque
3533 4864 3649 4902 om-

2054 4943 2173 4996 nes,
2218 4931 2550 4996 impietatem
2582 4929 2650 4982 de
2680 4942 2782 4994 qua
2816 4926 2903 4980 hic
2934 4925 3170 4996 loquitur
3215 4922 3404 4996 beatus
3430 4926 3648 4996 Doctor,

2057 4992 2169 5056 non
2201 4992 2524 5054 advenisse.
2594 4992 2762 5052 Porro
2793 4998 2844 5051 in
2889 5010 3050 5048 causa
3084 4994 3222 5048 forte
3266 4993 3364 5047 fuit
3405 4992 3649 5061 ejusdem

2055 5073 2257 5129 erroris
2295 5072 2576 5135 atrocitas,
2608 5085 2706 5124 cur
2729 5070 2782 5122 in
2811 5065 3133 5138 quibusdam
3159 5067 3545 5138 imperatorum
3571 5063 3649 5116 Ie-

2056 5147 2234 5213 gibus,
2275 5143 2453 5210 qualis
2491 5134 2841 5213 eaGratiani'
2869 5137 3176 5213 luit,cujus_
3211 5134 3653 5213 meminitSozo-

2059 5208 2250 5270 ineuus
2283 5208 2379 5268 lib.
2398 5231 2493 5278 vn,
2523 5230 2573 5268 c.
2611 5214 2662 5276 1,
2687 5227 2806 5265 cum
2830 5211 3057 5264 liberum
3091 5208 3289 5277 cuique
3315 5208 3654 5274 relinquatur

2057 5302 2454 5355 quamcumque
2507 5286 2823 5355 religionem
2889 5290 2982 5355 aut
3022 5289 3242 5355 coetum
3286 5279 3652 5355 _scc_tari_p_ro

2059 5346 2236 5422 l'ibito,
2255 5346 2523 5425 adjectum
2549 5346 2729 5417 lucrit,
2755 5353 2998 5421 exceptis
3021 5346 3654 5425 Manicbzeis,Photinia-

2060 5433 2142 5486 nis
2174 5419 2232 5485 et
2258 5419 2634 5485 Eunomianis.
2667 5425 2786 5480 Non
2835 5419 3044 5499 videtur
3071 5419 3470 5499 cet-teOdubium
3523 5419 3653 5499 quin

2059 5502 2387 5572 Ambrosius
2427 5503 2544 5572 ipse
2574 5503 2639 5555 ad
2673 5501 2904 5572 hancce
2928 5493 3657 5572 blasphemiaIntrespexcrit

2063 5573 2162 5628 lib.
2197 5588 2234 5627 ιι
2279 5560 2540 5627 chaém.
2574 5587 2696 5641 cap.
2741 5571 2794 5637 5,
2821 5569 2907 5622 ubi
2938 5560 3288 5641 nominantur
3311 5560 3655 5641 (Eunomiani

2060 5645 2256 5699 radicis
2278 5629 3152 5715 degeneris,Ar'ianorumscilicct,
3179 5629 3652 5715 fructusaeterior.

2136 5726 2159 5752 ο
2182 5715 2309 5785 Mss.
2336 5703 2444 5769 non
2473 5703 2646 5785 pauci,
2682 5709 2950 5779 Quomodo
2970 5705 3196 5776 sapiens,
3221 5711 3276 5758 ut
3306 5703 3660 5758 Arianus.....

2062 5796 2118 5841 ut
2171 5784 2429 5840 Marcion.

3532 5894 3575 5918 ,θ
