4078 6306
297 310 362 370 (il
1357 305 1447 364 DE
1485 302 1776 365 OFFICIIS
1813 302 2290 367 UINISTRORUM
2329 303 2459 362 LIB.
2502 302 2545 361 I.

3543 301 3618 371 οἳ

295 426 351 481 di
373 427 632 498 coeperit,
669 425 838 485 vitam
861 438 1102 485 amamus
1129 433 1403 493 tamquam
1435 420 1530 481 Dei
1561 435 1783 486 munus,
1817 434 1910 491 pa-
1936 425 1989 487 Α
2087 417 2213 474 151.
2244 415 2401 477 Siedd
2433 416 2669 490 primunt
2698 416 2873 488 ipsum
2898 413 3045 488 quod
3088 422 3279 487 putant
3301 413 3613 486 philosophi

299 522 463 579 trium
483 561 501 587 ,
550 530 923 592 parentesque
952 517 1245 589 diligimus,
1272 513 1471 573 deinde
1497 513 1743 583 atuales
1788 511 1910 582 qui-

298 614 407 671 bus
460 615 665 671 sociari
692 616 961 685 cupimus.
1013 611 1154 669 Hinc
1200 609 1445 669 citat-itas
1473 608 1754 675 nascitur,
1785 622 1909 678 qute

292 706 437 763 alios
453 705 559 763 sibi
592 704 840 775 praefert,
864 720 972 760 non
993 717 1247 775 quaerens
1269 716 1393 773 quae
1420 716 1516 757 sua
1542 708 1689 767 sunt,
1708 700 1759 757 in
1790 698 1908 770 qui-

288 797 402 857 bus
430 809 514 855 est
539 799 879 868 principatus
899 796 1144 867 iustitiae.

370 889 497 957 128.
548 889 818 949 Omnibus
867 903 1090 960 quoque
1140 884 1512 943 animantibus
1561 883 1904 952 innascitur,

291 994 322 1026 ι
355 986 591 1055 primum
617 985 849 1045 salutem
881 983 1043 1050 tueri,
1068 997 1262 1041 cavere
1288 995 1411 1052 qua:
1458 986 1713 1047 noceant,
1742 993 1907 1049 espe-

297 1089 425 1134 tere
451 1092 570 1146 qua
599 1076 834 1147 prosint,
859 1085 918 1130 ut
947 1083 1187 1146 pastum,
1221 1081 1280 1130 ut
1309 1072 1533 1129 latibula
1560 1070 1762 1144 quibus
1791 1085 1851 1126 se
1875 1084 1909 1126 a

289 1173 574 1243 periculo,
603 1170 873 1227 imbribus
900 1210 916 1235 ,
961 1168 1081 1225 sole
1100 1165 1392 1223 defendant
1413 1207 1429 1231 ,
1455 1165 1600 1237 quod
1646 1172 1731 1221 est
1776 1179 1906 1235 pru-

286 1265 519 1324 dentiae.
547 1264 809 1327 Succedit
830 1276 1046 1333 quoque
1076 1271 1134 1317 ut
1155 1261 1398 1321 omnium
1428 1273 1631 1329 genera
1659 1258 1905 1313 animan-

286 1358 435 1417 tium
463 1355 877 1428 congregabilia
900 1364 1091 1419 natura
1119 1351 1265 1411 sint:
1293 1353 1464 1423 primo
1487 1351 1706 1423 generis
1727 1351 1811 1409 sui
1838 1364 1902 1406 ac

286 1452 488 1511 form
510 1453 894 1519 consortibus,
920 1459 1034 1508 tum
1064 1450 1228 1513 etiam
1251 1450 1502 1515 caeteris;
1553 1458 1612 1505 ut
1654 1446 1901 1503 videmus

283 1544 468 1600 boves
493 1544 783 1609 armentis,
809 1540 839 1583 δ
878 1557 1051 1614 eiptos
1085 1542 1369 1612 gregibus,
1402 1549 1457 1605 et
1481 1540 1715 1601 maxime
1740 1553 1901 1611 pares

285 1638 517 1706 paribus
542 1635 808 1693 delectari
833 1652 846 1689 :
880 1649 1073 1690 cervos
1101 1649 1321 1705 quoque
1343 1634 1544 1701 cervis,
1573 1640 1632 1699 et
1662 1632 1901 1703 plerum-

282 1745 404 1800 que
429 1730 537 1804 35
562 1728 875 1789 hominibus
903 1727 1147 1799 adjungi.
1173 1726 1294 1784 Jam
1321 1727 1390 1783 de
1418 1725 1743 1797 procreandi
1775 1734 1893 1783 stu-

2005 511 2233 585 justitim
2277 526 2492 579 munus,
2538 510 2681 582 apud
2725 525 2825 566 nos
2859 510 3186 575 excluditur.
3244 509 3437 571 Dicunt
3465 507 3613 565 enim

2008 604 2086 662 illi
2119 620 2239 665 eam
2281 604 2512 676 primam
2556 618 2679 660 esse
2720 603 2951 674 iustitiae
2976 602 3207 659 formam
3233 642 3247 668 ,
3302 607 3362 657 ut
3407 600 3613 655 nemini

2007 700 2130 769 quis
2160 709 2381 766 noceat,
2407 699 2510 755 nisi
2543 698 2831 755 lacessitus
2880 698 3117 767 injuria:
3152 694 3296 769 quod
3330 692 3611 765 Evangelii

2007 794 2336 852 auctoritate
2376 805 2637 850 vacuatur
2685 793 2837 865 (Luc.
2872 809 2952 862 ιχ,
2984 792 3113 863 56);
3152 793 3265 849 vult
3292 792 3436 848 enim
3465 788 3613 847 Scri-

2007 896 2186 958 ptura,
2216 896 2277 943 ut
2301 889 2370 944 sit
2388 889 2441 944 itt
2467 888 2626 944 nobis
2648 888 2874 958 spiritus
2902 886 3028 943 Filii
3057 885 3313 953 hominis,
3335 885 3428 959 qui
3449 883 3605 949 venit

2005 980 2258 1041 conferre
2279 983 2534 1054 gratiam,
2559 997 2666 1038 non
2692 980 2898 1039 inferre
2932 980 3210 1051 iniuriam.

2082 1074 2204 1130 132.
2239 1074 2447 1131 Deinde
2469 1075 2697 1135 iormam
2724 1073 2951 1146 justiliw
2981 1079 3348 1146 putaverunt,
3379 1080 3441 1129 ut
3490 1072 3614 1144 quis

2010 1170 2389 1235 ecommunia,
2424 1171 2477 1227 id
2531 1180 2655 1237 est,
2705 1168 2917 1241 publica
2961 1183 3060 1240 pro
3090 1169 3322 1239 publicis
3366 1166 3607 1235 habeat,

2008 1264 2213 1336 privata
2247 1279 2346 1336 pro
2397 1266 2531 1325 suis.
2574 1264 2654 1323 Ne
2707 1263 2813 1323 hoc
2837 1265 3057 1335 quidem
3098 1263 3398 1320 secundum
3446 1269 3607 1317 natu-

2004 1372 2121 1415 ram
2143 1397 2158 1421 ,
2189 1366 2381 1413 natura
2413 1359 2564 1413 enim
2585 1356 2766 1413 omnia
2795 1355 3048 1410 omnibus
3075 1356 3129 1410 in
3156 1368 3450 1409 commune
3478 1367 3609 1423 pro-

2005 1448 2277 1505 fudit.Sic
2291 1449 2435 1505 enim
2455 1449 2856 1519 Deusgenerari
2875 1448 3042 1518 jussit
3069 1447 3250 1503 omnia
3286 1444 3304 1487 ί
3336 1454 3395 1503 ut
3419 1456 3607 1521 pastus

2002 1544 2267 1605 omnibus
2306 1543 2617 1601 communis
2671 1551 2857 1609 esset,
2890 1550 2947 1598 et
2996 1550 3140 1598 terra
3189 1539 3332 1597 foret
3362 1540 3606 1595 omnium

2001 1636 2250 1707 quaedam
2313 1636 2624 1697 communis
2684 1636 2979 1704 possessio.
3032 1633 3231 1691 Natura
3290 1632 3456 1703 igitur
3514 1631 3604 1701 jus

1999 1744 2295 1787 commune
2338 1728 2649 1801 generavit,
2698 1728 2982 1798 usurpatio
3010 1727 3100 1798 jus
3137 1727 3267 1785 iecit
3307 1727 3600 1796 privatum.

283 1825 391 1880 dio
412 1835 467 1880 et
508 1823 719 1890 sobole.
760 1823 847 1879 vel
869 1822 1035 1877 etiam
1076 1822 1457 1893 generantium
1490 1834 1712 1883 amore,
1763 1817 1895 1891 quid
1927 1818 1972 1879 Β
2000 1824 2121 1890 Quo
2154 1824 2205 1878 in
2236 1823 2356 1879 loco
2382 1822 2536 1879 aiunt
2566 1822 2591 1863 Β
2626 1821 2900 1891 placuisse
2925 1819 3158 1885 Stoicis,
3188 1835 3313 1889 qute
3360 1818 3413 1873 in
3446 1817 3605 1874 terris

285 1917 513 1988 loquar,
546 1916 730 1988 inquo
755 1924 842 1973 est
868 1914 1044 1977 forma
1069 1914 1299 1987 justitizc
1330 1911 1644 1986 praecipua?

372 2008 497 2066 129.
531 2007 726 2082 Liquet
755 2009 918 2082 igitur
945 2019 999 2071 et
1032 2009 1153 2075 has,
1184 2010 1242 2067 et
1264 2005 1504 2077 reliquas
1531 2011 1793 2074 cognatas
1820 2002 1896 2057 si-

281 2104 342 2161 hi
367 2119 495 2161 esse
516 2102 767 2163 virtutes.
798 2100 1080 2174 Siquidem
1108 2111 1163 2157 et
1188 2098 1454 2156 fortitudo
1479 2097 1595 2172 (25,
1626 2104 1809 2166 quiest.
1834 2094 1891 2163 5,

281 2214 337 2255 c.
393 2195 697 2268 Fortitudo)
724 2212 847 2267 quae
876 2197 961 2253 vel
986 2195 1043 2261 in
1072 2193 1218 2251 bello
1249 2203 1431 2251 tuetur
1458 2206 1489 2251 a
1511 2188 1759 2247 barbaris
1803 2204 1894 2259 pa-

284 2295 454 2355 triam
484 2333 500 2358 ,
528 2291 614 2347 vel
642 2290 790 2347 domi
822 2288 1069 2351 defendit
1093 2288 1340 2349 inlirmos
1364 2327 1384 2356 ,
1410 2285 1496 2345 vel
1526 2301 1557 2341 a
1590 2283 1894 2341 latronibus

280 2387 497 2455 socios,
531 2386 693 2457 plena
722 2386 795 2447 sit
835 2383 1096 2456 iustitia):
1130 2394 1183 2441 et
1210 2384 1352 2439 scire
1384 2398 1491 2453 quo
1535 2380 1768 2437 consilio
1798 2381 1895 2436 dc-

284 2480 481 2547 fcndat
503 2490 668 2551 atque
694 2478 933 2550 adiuvet,
962 2488 1184 2549 captare
1212 2478 1378 2541 etiam
1403 2484 1708 2547 temporum
1734 2485 1788 2531 et
1816 2478 1896 2531 lo-

283 2588 482 2641 corum
505 2575 964 2643 opportunitates,
994 2569 1298 2641 prudentia:
1318 2583 1384 2625 ac
1405 2568 1689 2633 modestia:
1707 2566 1809 2623 sit:
1840 2577 1897 2624 et

285 2666 657 2735 temperantia
703 2668 817 2736 ipsa
859 2665 980 2721 sine
1009 2663 1296 2735 prudentia
1344 2662 1565 2723 modum
1614 2662 1756 2727 scire
1785 2675 1891 2721 non

284 2762 507 2833 possit:
535 2760 1000 2833 opportunitatem
1024 2774 1276 2820 noscere.
1310 2768 1365 2814 et
1394 2756 1695 2814 secundum
1743 2771 1896 2821 men-

284 2869 479 2921 suram
526 2854 793 2920 reddere,
847 2853 917 2911 sit
958 2851 1221 2922 justitite:
1263 2861 1319 2907 et
1369 2850 1423 2906 in
1470 2850 1723 2909 omnibus
1774 2849 1894 2909 istis

285 2948 717 3021 magnanimitas
775 2947 1081 3015 necessaria
1115 2947 1220 3015 sit,
1269 2954 1325 3011 et
1347 2946 1593 3018 quaedam
1635 2943 1894 3007 fortitudo

1996 1918 2312 1989 gignantur,
2342 1913 2525 1971 omnia
2553 1913 2622 1971 ad
2643 1929 2773 1971 usus
2801 1913 3080 1973 hominum
3103 1913 3312 1971 creari:
3344 1910 3598 1967 homines

1996 2020 2182 2071 autem
2212 2008 2494 2067 hominum
2516 2021 2683 2064 causa
2706 2022 2829 2065 esse
2856 2013 3179 2079 generatos;
3224 2014 3282 2060 ut
3325 2004 3429 2076 ipsi
3459 2005 3605 2061 inter

1996 2122 2059 2165 se
2083 2108 2205 2163 aliis
2233 2106 2328 2165 alii
2355 2105 2618 2177 prodesse
2645 2104 2876 2175 possint.

2070 2205 2195 2262 155.
2231 2204 2383 2260 Unde
2424 2202 2550 2271 hoc,
2602 2202 2704 2261 nisi
2748 2200 2819 2258 de
2848 2200 3054 2256 nostris
3084 2198 3386 2267 Scripturis
3412 2196 3601 2255 dicen-

1996 2297 2126 2355 dum
2152 2296 2612 2368 assumpserunt?
2640 2295 2857 2367 Moyses
2884 2295 3029 2351 enim
3058 2293 3283 2365 scripsit
3311 2333 3327 2358 ,
3368 2293 3492 2364 quia
3520 2292 3603 2348 di-

1998 2393 2077 2449 xit
2107 2394 2281 2449 Deus:
2333 2391 2616 2447 Faciamus
2665 2393 2923 2451 hominem
2952 2390 3022 2444 ad
3050 2390 3328 2461 imaginem
3368 2396 3601 2443 nostram

1996 2498 2045 2544 et
2075 2487 2360 2543 secundum
2406 2486 2838 2553 similitudinem,
2886 2494 2933 2540 et
2966 2484 3148 2539 habent
3180 2493 3485 2553 potestatem
3514 2482 3601 2554 pi-

1996 2585 2163 2640 scium
2200 2583 2361 2638 maris
2386 2624 2399 2646 ,
2430 2591 2480 2637 et
2508 2581 2800 2637 uolatilium
2829 2580 2946 2637 coeli
2967 2622 2983 2647 ,
3014 2590 3059 2634 et
3092 2580 3387 2649 pecorum,’
3418 2576 3530 2648 36
3554 2585 3603 2631 et

1997 2678 2229 2732 omnium
2251 2677 2540 2749 repentium
2560 2692 2717 2747 super
2749 2685 2940 2730 terram
2969 2672 3127 2747 (Gen.
3151 2689 3190 2738 ι,
3217 2670 3409 2742 26).Et
3430 2671 3599 2727 David

1995 2772 2102 2827 ait:
2135 2770 2325 2826 Omnia
2361 2770 2628 2843 subjeciin
2654 2769 2749 2825 sub
2780 2769 2998 2840 pedibus
3029 2770 3163 2841 ejus,
3204 2783 3324 2822 oues
3350 2774 3398 2821 et
3451 2765 3599 2820 boues

1997 2864 2290 2927 universas,
2321 2864 2537 2934 insuper
2565 2872 2615 2919 et
2642 2878 2830 2932 pecora
2873 2862 3080 2931 campi:
3108 2861 3344 2915 uolucres
3374 2858 3489 2914 caeli
3508 2900 3522 2922 ,
3549 2865 3599 2911 et

1996 2958 2162 3029 pisces
2198 2958 2361 3011 maris
2388 2956 2565 3028 (Psal.
2597 2971 2711 3019 vni,
2741 2953 2796 3021 8,
2830 2953 2910 3024 9).
2947 2953 3093 3025 Ergo
3123 2952 3305 3007 omnia
3355 2950 3599 3019 subjecta

284 3044 519 3110 πιθηιίεν
552 3044 874 3115 plerumque
901 3050 956 3097 οι
1002 3040 1285 3112 corporis;
1319 3049 1377 3107 ιιι
1401 3039 1524 3111 qni“
1550 3037 1694 3111 (μιοά
1717 3037 1852 3099 vel"
1872 3079 1889 3106 ν
1993 3066 2117 3106 esse
2148 3052 2351 3107 homini
2375 3051 2445 3107 de
2472 3052 2677 3106 nostris
2699 3049 3009 3105 didicerunt
3030 3091 3046 3116 ,
3104 3058 3161 3101 et
3188 3046 3314 3101 ideo
3368 3053 3597 3100 censent

288 3138 473 3209 possit
498 3136 755 3208 implere.

830 3230 1063 3289 CAPUT
1104 3229 1345 3297 XXVIII.

287 3327 609 3399 Societatem
633 3337 868 3383 constare
889 3327 1097 3397 iustitia
1120 3334 1167 3381 et
1206 3325 1535 3396 beneﬁcentia
1553 3341 1572 3379 :
1599 3324 1742 3397 illius
1772 3339 1895 3392 par-

369 3434 445 3480 tes
471 3423 603 3478 duas
641 3423 888 3481 ultionem
914 3432 960 3479 et
985 3422 1242 3494 priuatam
1277 3420 1648 3493 possessionem
1679 3435 1711 3473 α
1741 3416 1896 3477 Chri-

369 3516 558 3571 stianis
600 3533 701 3570 non
730 3519 935 3587 agnosci
961 3533 980 3571 :
1019 3518 1155 3586 quod
1184 3531 1299 3570 vero
1323 3515 1387 3570 de
1407 3531 1580 3571 rerum
1609 3516 1895 3575 communi-

369 3619 478 3666 tate
503 3626 564 3665 ac
592 3618 767 3665 mutuo
793 3610 988 3667 auxilio
1017 3609 1235 3667 tradunt
1275 3608 1565 3675 Stoici,ltoc
1584 3624 1672 3664 eos
1694 3623 1722 3663 e
1751 3607 1898 3662 Scri-

363 3706 536 3776 pturis
546 3704 706 3761 sacris
727 3712 983 3763 mutuatos
997 3701 1374 3768 esseﬂuautus
1389 3702 1611 3775 justitite
1629 3699 1893 3773 splendor,

365 3807 417 3854 et
443 3798 656 3869 quinam
684 3797 884 3867 scapuli
910 3811 1173 3861 accessum
1187 3796 1255 3851 ad
1277 3795 1424 3851 illam
1450 3794 1787 3866 praepediant.

365 3891 494 3949 150.
522 3889 739 3949 Iustitia
764 3902 787 3931 ε
813 3890 977 3961 igitur
1001 3889 1068 3949 ad
1093 3889 1411 3945 societatem
1461 3887 1679 3957 generis
1706 3886 1900 3943 huma-

288 3984 347 4040 ni
374 4027 393 4052 ,
435 3994 494 4041 et
521 3984 590 4041 ad
617 3984 1067 4041 communitatem
1110 3981 1368 4039 refertur.
1421 3979 1711 4043 Societatis
1750 3980 1895 4037 enim

285 4076 435 4132 ratio
460 4075 720 4132 dividitur
751 4075 805 4130 in
833 4074 967 4133 duas
1002 4080 1186 4142 partes
1206 4114 1222 4139 ,
1265 4072 1535 4143 justitiam
1582 4079 1637 4127 et
1688 4071 1902 4129 heneti—

288 4170 553 4241 centiam,
569 4183 730 4239 quam
743 4166 991 4233 eamdem
1012 4165 1396 4225 liberalitatem
1423 4174 1479 4225 et
1504 4165 1893 4237 benignitatem

287 4270 526 4323 vocant:
570 4260 781 4331 iustitio
814 4259 947 4325 mihi
992 4259 1266 4325 excelsior
1291 4259 1510 4317 videtur
1537 4301 1552 4325 ,
1598 4259 1897 4323 liberalitas

289 4353 534 4425 gratior:
563 4351 657 4407 illa
689 4366 979 4408 censuram
1003 4357 1173 4419 tenet,
1209 4350 1311 4419 ista
1338 4351 1658 4413 bonitatem.

292 4509 420 4583 121,
442 4517 553 4571 art.
592 4509 647 4583 1,
678 4508 748 4565 de
777 4508 866 4583 illa
895 4524 1023 4583 vero
1043 4523 1165 4581 qua:
1186 4510 1254 4583 ad
1278 4518 1565 4583 parentes,
1614 4525 1886 4583 quamque

290 4554 553 4636 θῦὶῖιῖἑῶ
599 4554 976 4651 isseisse;
993 4554 1074 4635 in“
1084 4554 1164 4636 Ξῖ
1179 4554 1532 4637 ἧξὲιίὖῖᾗῖ
1549 4554 1886 4649 Ἇιίἲῆἓόὲῗόζ
1912 4554 1967 4617 Ι)

289 4652 437 4723 quod
466 4661 720 4722 parentes
742 4654 954 4725 patrias,
977 4651 1301 4707 Ambrosius
1330 4663 1511 4708 autem
1539 4653 1765 4720 patriam
1798 4671 1891 4725 pa-

1997 3154 2224 3215 propter
2248 3144 2522 3199 hominem
2551 3158 2674 3200 esse
2704 3152 2985 3212 generata.

1918 3215 1965 3279 C
2076 3234 2196 3279 ω-
2233 3235 2521 3279 Hnminpm
2553 3250 2773 3279 ntinntm
2801 3233 2980 3279 Immin

2076 3234 2196 3291 154.
2231 3235 2522 3291 Hominem
2553 3250 2773 3306 quoque
2801 3233 3034 3301 hominis
3081 3245 3246 3287 causa
3277 3237 3595 3301 generatum

1999 3346 2126 3387 esse
2165 3331 2218 3385 in
2251 3331 2405 3385 libris
2455 3330 2628 3402 Moysi
2677 3330 3009 3399 reperimus,
3063 3326 3281 3383 dicente
3332 3325 3598 3380 Domino:

2002 3420 2057 3476 Ν
2062 3438 2127 3476 on
2153 3432 2229 3476 est
2255 3422 2443 3476 bonum
2456 3437 2565 3476 esse
2584 3421 2841 3476 hominem
2859 3421 3049 3487 solum,
3071 3419 3324 3491 faciamus
3337 3418 3381 3472 ei
3393 3418 3600 3487 adjuto-

2000 3516 2139 3568 rium
2161 3512 2332 3570 simile
2376 3514 2476 3568 sibi
2523 3512 2657 3585 (Gen
2685 3528 2744 3578 υ,
2778 3514 2888 3583 18).
2920 3512 3001 3568 Ad
3051 3512 3421 3581 adiumentum
3468 3524 3600 3577 ergo

2003 3606 2198 3662 mulier
2225 3606 2349 3661 data
2361 3615 2446 3663 est
2470 3604 2744 3675 viro,qute
2770 3612 3090 3675 generaret;
3121 3612 3178 3659 ut
3207 3601 3373 3661 homo
3392 3598 3597 3655 homini

1999 3701 2315 3770 adjumento
2341 3701 2498 3757 foret.
2528 3698 2772 3770 Denique
2798 3712 3086 3769 antequam
3119 3697 3315 3753 mulier
3337 3695 3600 3755 formare.-

2000 3802 2111 3860 tur,
2142 3794 2348 3849 dictum
2378 3803 2461 3848 est
2490 3793 2560 3850 de
2592 3795 2799 3850 Adam:
2856 3792 2981 3847 Non
3010 3803 3083 3848 est
3108 3792 3344 3849 inuentus
3389 3789 3600 3854 adiutor

1998 3887 2187 3942 similis
2207 3888 2290 3942 illi
2312 3886 2502 3959 (ibid,
2535 3888 2629 3956 20)
2654 3906 2668 3953 ;
2697 3887 3069 3958 adiumentum
3102 3886 3246 3941 enim
3299 3883 3463 3940 homo
3494 3883 3599 3939 nisi

1998 3980 2068 4036 de
2090 3980 2313 4036 homine
2343 3981 2545 4036 habere
2597 3997 2704 4036 non
2758 3990 2990 4051 poterat.
3029 3980 3104 4034 Es
3137 3977 3392 4034 cronibus
3434 3976 3600 4047 igitur

2000 4076 2369 4132 animantibus
2416 4077 2622 4133 nullum
2670 4077 2869 4132 animal
2896 4074 3112 4141 simile,
3149 4084 3201 4128 et
3243 4083 3305 4128 ut
3352 4072 3600 4129 abSoluto

2000 4168 2270 4236 dicamus,
2294 4171 2472 4225 nullus
2493 4170 2709 4242 adjutor
2739 4170 2975 4225 hominis
2990 4170 3242 4224 inventus
3263 4176 3380 4224 est:
3407 4167 3600 4222 mulie-

2000 4261 2115 4317 bris
2136 4262 2304 4333 igitur
2329 4277 2494 4319 sexus
2517 4263 2735 4333 adiutor
2763 4261 3210 4334 exspectabatur.

2074 4355 2200 4411 155.
2225 4352 2255 4393 δ
2281 4354 2428 4427 Ergo
2449 4355 2749 4414 secundum
2779 4356 2872 4411 Dei
2905 4357 3260 4420 voluntatem,
3285 4352 3368 4409 vel
3392 4360 3598 4407 naturae

2120 4517 2131 4532 Ι

1988 4515 2049 4605 τὲ
2067 4517 2160 4640 {seu
2176 4517 2477 4640 ttinraotrpic
2504 4518 2786 4592 μερίζιται,
2806 4517 2864 4573 τὸ
2886 4514 2938 4573 δέ
2959 4537 3010 4573 τι
3030 4514 3076 4571 oi
3090 4517 3440 4590 γεννήσαντες.
3464 4512 3524 4569 τὸ
3544 4511 3599 4570 δὲ

1992 4608 2038 4640 οι
2096 4609 2212 4640 οιπο
2267 4612 2298 4640 ω
2350 4611 2415 4640 οι.

1992 4588 2038 4641 οἱ
2067 4588 2232 4661 λοιποὶ
2267 4588 2415 4661 φίλοι.

2062 4667 2089 4694 ἰ
2127 4658 2243 4715 Cic.
2274 4654 2372 4714 lth.
2402 4677 2419 4714 ι
2449 4659 2605 4715 Ofﬁc.
2644 4674 2766 4728 pag.
2796 4657 2925 4721 552,
2958 4657 3058 4712 Iin.
3091 4658 3126 4713 4
3153 4674 3166 4710 :
3204 4654 3477 4722 Principio
3502 4672 3593 4729 ge-

290 4724 543 4795 rentibus
569 4724 814 4795 βττθβοιιὶ
840 4724 1010 4789 ἱιιιὶεῐι
1039 4724 1265 4795 ΙΤτζξίνὶι
1301 4734 1483 4783 autem
1529 4735 1721 4787 sancto
1750 4724 1894 4785 ιδνω-
1994 4731 2105 4784 neri
2124 4732 2469 4786 animantium
2495 4732 2635 4787 omni
2647 4724 2739 4786 es?
2771 4748 2805 4785 a
2848 4739 3035 4784 natura
3063 4731 3329 4794 tributum,
3353 4724 3592 4791 utsefui-

291 4794 399 4849 suli
429 4793 621 4851 Cicero
639 4793 733 4849 lili.
753 4795 910 4850 Ollio.
935 4810 1055 4865 pag.
1086 4793 1213 4866 555,
1241 4795 1424 4851 1ἱη.52
1448 4813 1461 4849 :
1496 4795 1605 4852 Sed
1625 4801 1890 4866 quoniam,

291 4877 346 4918 ut
379 4866 633 4939 prttclare
661 4867 910 4939 scriptum
947 4864 1070 4920 esta
1094 4864 1337 4935 Platone,
1394 4884 1495 4922 non
1541 4864 1686 4922 nobis
1723 4869 1891 4935 solum

291 4937 401 4991 nati
432 4954 631 5003 sumus,
673 4937 915 5006 ortusque
951 4941 1115 4992 nostri
1161 4949 1362 5007 partem
1411 4940 1580 5011 patria
1625 4940 1853 4994 vindicat
1880 4982 1894 5006 ,

294 5018 493 5081 partem
516 5019 775 5081 parentes,
804 5021 1001 5080 partem
1022 5011 1200 5075 antici,
1222 5013 1467 5067 etc.|tetn
1488 5026 1609 5081 pag.
1640 5013 1769 5080 558,
1794 5013 1891 5067 litt.

293 5079 400 5155 55:
435 5079 682 5155 Sed‘cum
704 5079 1092 5155 omniaratione
1120 5082 1392 5155 animoque
1421 5079 1887 5155 lustraveris,om-

291 5152 441 5205 nium
461 5152 765 5225 societatum
795 5151 943 5206 nulla
964 5162 1037 5206 est
1063 5152 1281 5223 gratior,
1305 5151 1456 5208 nulla
1482 5152 1709 5219 citarier,
1736 5171 1888 5225 quam

292 5238 355 5275 ea
381 5239 499 5293 qua
522 5239 640 5296 cum
668 5223 823 5296 Ιερξρ.Δ
840 5232 912 5296 est
942 5225 1213 5296 unicuique
1267 5235 1522 5279 nostrum.
1570 5225 1725 5280 Chari
1750 5223 1892 5296 sunt

316 5246 355 5275 ἀ
381 5246 499 5293 ιιιιω
522 5246 640 5276 cum
668 5246 794 5292 nep.
840 5246 912 5277 (τι
942 5246 1213 5296 unumque
1267 5246 1522 5279 ηοειιΊιηι.
1570 5246 1725 5280 bnart
1770 5246 1794 5280 δ
1835 5246 1865 5280 n

316 5294 736 5376 rarentesucltari
757 5294 936 5376 liberi,
968 5305 1073 5376 etc.
1107 5295 1225 5349 Lib.
1252 5311 1470 5366 quoque
1493 5311 1572 5376 nt,
1604 5313 1724 5376 pag.
1757 5246 1865 5352 630

315 5365 387 5419 in.
422 5365 522 5422 30:
559 5365 703 5432 Quid
725 5368 768 5418 si
794 5366 1120 5437 tyrannidem
1152 5365 1427 5433 occupare,
1475 5368 1518 5421 si
1547 5365 1718 5437 patria
1769 5385 1890 5437 prn-

293 5436 414 5492 dere
444 5437 718 5491 conabitur
745 5436 930 5506 pater?
1093 5436 1174 5491 Ad
1210 5447 1497 5491 extremum
1534 5436 1578 5492 si
1607 5439 1677 5492 ad
1720 5440 1894 5505 perni-

291 5509 422 5560 ciem
452 5508 636 5576 patrias
663 5524 744 5561 res
773 5509 1040 5574 spectabit,
1065 5509 1246 5579 patrita
1266 5510 1487 5562 salutem
1510 5518 1783 5578 anteponet
1808 5527 1888 5563 sa-

295 5578 390 5632 luti
426 5581 613 5650 patris.
646 5580 920 5650 tlzeternin
960 5594 1083 5649 quae
1121 5578 1285 5635 verba
1337 5595 1403 5633 ex
1459 5581 1693 5635 Platone
1737 5597 1768 5636 a
1827 5596 1889 5636 se

298 5647 563 5722 translata
592 5650 727 5722 dicit
754 5647 1062 5716 Oratorpea
1093 5652 1442 5721 reperiuntur
1480 5650 1642 5721 epist.
1672 5653 1707 5707 9
1745 5653 1890 5722 ejus-

294 5719 421 5774 dem
455 5720 794 5791 philosophi,
817 5736 935 5789 qum
986 5719 1170 5777 estad
1218 5719 1598 5787 Arelntam'i,
1641 5719 1788 5778 hunc
1834 5725 1891 5791 in

300 5791 525 5881 modum
559 5810 572 5845 :
784 5791 1087 5881 κᾴκεῖνοβεῖ
1110 5815 1171 5851 σε
1191 5796 1543 5881 ,ἐξρνμιῖσθαι
1570 5795 1650 5881 ᾃτι
1676 5790 1893 5881 Exonerat;

300 5864 442 5941 ἦμῦν
465 5865 568 5947 οὐχ
599 5865 746 5936 αὗτῷ
777 5862 917 5935 μὸνον
939 5867 1157 5943 γέγονεν,
1180 5867 1307 5924 ἀλλά
1337 5862 1440 5930 ’τὰς
1485 5869 1728 5954 pruina;
1753 5870 1894 5939 ripam

1996 4811 2122 4865 tam.
2152 4818 2440 4872 corpusque
2463 4814 2687 4869 tueatur,
2710 4802 3030 4870 declinetque
3058 4820 3137 4861 ea.
3164 4814 3271 4872 etc.

2033 4872 2097 4951 ιι)
2139 4871 2388 4951 pommus
2419 4890 2583 4951 "15‘s.,
2603 4890 2759 4944 equos
2785 4874 2861 4927 uel
2881 4875 3070 4951 arietes
3083 4871 3342 4951 gregibus.

2075 4956 2096 4984 ο
2135 4944 2247 5000 Cic.
2301 4946 2395 5000 lib.
2428 4962 2445 5000 ι
2484 4942 2668 5010 Ultio,
2727 4961 2846 5015 pag.
2881 4945 3003 5011 555,
3037 4942 3132 4999 lin.
3161 4942 3231 4999 :22
3260 4962 3273 4998 :
3328 4942 3406 4997 De
3432 4943 3594 4998 tribus

1997 5025 2168 5089 autem
2196 5017 2404 5089 reliquis
2432 5018 2680 5089 latissime
2723 5028 2860 5089 patet
2890 5034 2950 5072 ea
2970 5018 3126 5080 ratio,
3159 5027 3264 5072 etc.

2063 5084 2090 5125 ἀ
2131 5084 2312 5155 Ibid,
2332 5090 2425 5147 lin.
2456 5088 2565 5145 25:
2596 5089 2703 5146 Sed
2723 5084 2945 5162 'justitiw
2967 5090 3190 5157 primum
3219 5103 3407 5142 munus
3437 5094 3507 5139 est
3537 5093 3592 5138 ut

1992 5176 2057 5215 ne
2086 5162 2187 5224 cui,
2222 5173 2327 5214 etc.

2066 5241 2090 5269 ο
2133 5231 2294 5298 ll)id.,
2321 5232 2417 5287 lin.
2446 5233 2518 5287 26
2546 5250 2559 5287 :
2594 5232 2793 5286 Deinde
2814 5239 2871 5284 ut
2912 5230 3268 5284 communibus
3294 5236 3468 5281 utatur
3497 5240 3591 5295 pro

1872 5340 1886 5363 ,
1991 5304 2371 5376 communibus,
2400 5304 2612 5376 privatis
2642 5314 2695 5358 ut
2724 5304 2851 5359 suis.
2879 5301 3018 5376 Sunt
3042 5312 3230 5368 autem,
3265 5313 3371 5354 etc.

2070 5372 2090 5413 ί
2152 5374 2280 5430 Mss.
2310 5371 2538 5446 aliquot,
2561 5386 2615 5429 ut
2649 5386 2827 5444 partus
2857 5374 3094 5446 omnibus
3120 5371 3406 5446 communis
3438 5378 3589 5424 esset.

1997 5444 2065 5499 Et
2093 5456 2230 5500 terra
2258 5464 2380 5518 ergo
2401 5442 2560 5518 Toret,
2586 5442 2690 5503 etc.
2716 5446 2905 5504 Melius
2935 5444 3106 5518 aliine
3119 5443 3317 5518 editut
3335 5442 3386 5493 itt
3413 5448 3584 5518 testu.

2068 5526 2094 5563 8
2134 5518 2249 5573 Cic.
2273 5512 2370 5573 lib.
2403 5512 2421 5572 ἰ
2448 5516 2629 5586 Uflic.,
2649 5534 2768 5589 pag.
2795 5518 2922 5578 555,
2958 5515 3053 5568 lin.
3076 5514 3303 5569 3228a!
3323 5512 3587 5585 quoniam,

1994 5599 2051 5642 ut
2071 5589 2325 5696 prteclare
2350 5590 2601 5660 scriptum
2632 5598 2729 5653 est,
2762 5598 2866 5644 etc.

2142 5659 2251 5696 ΙΙιίιΙ
2340 5660 2411 5696 lin
2482 5661 2551 5696 ’κη
2582 5678 2594 5691 ο
2631 5658 2688 5696 In
2715 5660 2808 5696 hnr
2834 5674 2864 5696 η

2142 5659 2302 5724 ΙΙήίΙ..
2340 5660 2435 5715 lin.
2459 5655 2551 5716 ’56
2582 5678 2595 5714 :
2624 5658 2688 5713 In
2713 5660 2808 5712 hoc
2834 5666 3074 5710 naturam
3126 5655 3365 5711 debemus
3417 5656 3598 5712 ducem

1998 5733 2160 5809 sequi,
2192 5742 2296 5809 etc.
2330 5731 2461 5791 Item
2486 5747 2607 5809 pag.
2641 5731 2766 5793 557.
2803 5727 3219 5801 Ιὶη.57τυηιὶπιε
3242 5739 3412 5782 autem
3434 5729 3596 5785 socie—

2000 5811 2078 5855 tas
2106 5802 2390 5879 hominum,
2420 5802 2527 5879 etc.
