4078 6306
133 5170 301 5271 953/
322 5170 343 5197 ί

414 279 487 339 63
1753 267 1999 327 SANCTI
2042 264 2370 324 AMBROSII
3074 325 3081 330 ,
3667 255 3746 314 64

419 394 701 470 copulam,
734 395 968 453 invicem
998 392 1155 452 nobis
1180 405 1305 449 esse
1336 391 1544 448 auxilio
1571 388 1837 447 debemus
1860 428 1876 456 ,
1905 400 2029 443 cer-
2052 385 2109 448 Α
2132 398 2258 442 esse
2297 392 2578 457 pateretur
2623 381 2815 457 (Num.
2851 396 3019 447 xxxt,
3050 382 3085 439 5
3122 388 3172 436 et
3204 380 3340 451 seq.)
3372 375 3755 435 :Gabaonitas

415 495 532 545 tare
562 488 784 558 ofﬁciis,
817 487 974 544 velut
1004 487 1059 542 in
1089 483 1271 542 medio
1296 498 1490 540 omnes
1510 481 1775 538 utilitates
1791 491 2022 549 ponere,
2128 490 2311 537 autem
2351 481 2444 550 qui
2470 477 2667 534 fraude
2694 475 2867 549 magis
2892 491 3052 548 quam
3084 474 3231 531 bello
3259 480 3603 530 tentaverant
3627 470 3758 541 ple-

417 592 474 640 et
501 593 563 639 ut
593 582 763 640 verbo
793 581 1093 653 Scriptura:
1135 589 1280 645 utar,
1310 576 1684 648 adjumenlum
1712 573 1858 630 ferre
1884 572 2026 627 alter
2129 577 2255 633 bern
2288 585 2520 647 patrum,
2550 588 2660 630 non
2687 580 3030 643 expugnaret
3055 569 3256 636 Iesus;
3295 567 3390 625 sed
3411 564 3757 625 conditionis

417 676 603 745 alteri,
634 675 724 732 vel
745 673 950 739 studio,
981 673 1069 729 vel
1099 671 1301 738 ofﬁcio,
1332 670 1419 727 vel
1451 668 1701 741 pecunia,
1731 666 1818 721 vel
1846 662 2027 737 operi—
2130 668 2398 740 imposita:
2422 666 2666 723 alliceret
2689 664 2885 737 injuria
2918 661 3105 737 (Iosue
3132 679 3208 730 tx,
3230 660 3304 718 20
3326 670 3371 715 et
3390 658 3547 733 αφ).
3574 657 3755 733 Syros

420 767 526 825 bus
546 809 562 835 ,
586 767 675 824 vel
704 767 949 837 quolibet
980 765 1178 831 modo;
1206 773 1263 821 ut
1306 764 1451 821 inter
1478 778 1576 818 nos
1602 759 1882 817 societatis
1931 774 2030 814 au-

421 868 615 931 geatur
638 860 833 930 gratia.
866 855 977 913 Nec
999 856 1286 928 quisquam
1315 854 1385 909 ah
1414 851 1595 910 ofﬁcio
1627 853 1713 908 vel
1743 860 1770 889 ιι
1799 848 2027 922 periculi

423 960 638 1009 terrore
666 948 991 1007 revocetur:
1021 948 1119 1004 sed
1145 948 1328 1004 omnia
1354 961 1454 1003 sua
1477 945 1659 1013 ducat,
1682 944 1768 1001 vel
1799 942 2030 999 adversa

419 1042 508 1099 vel
536 1057 819 1114 prospera.
879 1041 1124 1114 Denique
1174 1048 1397 1097 sanctus
1442 1039 1656 1111 Moyses
1684 1053 1785 1109 pro
1831 1034 2032 1108 populo

427 1139 621 1211 patriae
649 1138 789 1194 bella
814 1137 1092 1208 suscipere
1117 1136 1307 1208 gravia
1337 1150 1446 1190 non
1475 1130 1854 1189 relormidavit
1877 1172 1895 1199 ,
1931 1145 2034 1186 nec

426 1232 572 1304 regis
623 1230 995 1304 potentissimi
1045 1229 1535 1300 trepidavitarma,
1588 1241 1690 1282 nec
1734 1223 2035 1281 barbaricae

430 1321 786 1379 immanitatis
823 1322 1046 1394 expavit
1075 1322 1334 1378 ferociam
1368 1337 1383 1375 :
1415 1318 1511 1376 sed
1552 1317 1753 1389 abjecit
1800 1315 2034 1373 salutem

428 1430 608 1485 suam,
635 1424 693 1472 ut
724 1416 868 1488 plebi
900 1414 1154 1473 redderet
1179 1414 1512 1472 libertatem.

504 1510 630 1567 156.
683 1507 711 1549 ι’
732 1511 956 1582 Magnus
978 1510 1160 1582 itaque
1182 1508 1408 1581 justitiae
1455 1507 1737 1579 splendor,
1764 1522 1887 1579 quae
1916 1506 2041 1564 aliis

425 1606 608 1678 potius
639 1614 761 1661 nata
785 1620 947 1677 quam
974 1606 1112 1670 sibi,
1139 1603 1591 1660 communitatem
1631 1612 1686 1659 et
1708 1602 2038 1659 societatem

429 1706 669 1754 nostram
690 1696 941 1768 adjuvat:
964 1706 987 1736 α
1006 1695 1386 1753 excelsitatem
1416 1704 1597 1763 tenet;
1629 1702 1690 1750 ut
1714 1710 1816 1749 suo
1833 1693 2040 1765 judicio

2133 775 2267 816 vero
2301 759 2557 827 Elisa-us,
2591 773 2728 831 quos
2772 755 3089 813 obsidentes
3121 757 3175 811 in
3205 754 3486 810 civitatem
3516 751 3760 809 induxe-

2133 867 2247 923 rat,
2280 864 2667 911 momentanea
2711 851 2961 908 caecitate
3000 864 3320 923 percussos,
3348 856 3410 904 ut
3434 862 3542 919 quo
3565 845 3754 918 ingre-

2135 952 2396 1008 derentur
2418 950 2610 1007 videre
2633 965 2743 1005 non
2774 955 3016 1019 possent,
3046 946 3254 1002 volenti
3285 944 3400 1015 regi
3430 942 3594 998 lsrael
3626 955 3758 1013 per—

2136 1054 2324 1099 cutere
2352 1060 2463 1098 tton
2493 1042 2868 1114 acquiesceret
2905 1040 3094 1096 dicens
3134 1056 3147 1093 :
3191 1035 3316 1093 Non
3340 1035 3593 1107 percuties
3620 1049 3756 1103 quos

2137 1154 2240 1192 non
2264 1137 2534 1205 captivasti
2560 1136 2617 1190 in
2644 1135 2825 1189 lancea
2864 1144 2909 1188 et
2936 1133 2991 1187 in
3016 1131 3193 1206 gladio
3228 1140 3317 1185 tuo
3343 1145 3363 1185 :
3386 1145 3520 1200 pone
3552 1128 3625 1183 eis
3652 1144 3756 1200 pa-

2138 1246 2255 1284 nem
2285 1239 2333 1284 et
2356 1246 2567 1300 aquam,
2599 1238 2655 1282 ut
2683 1226 2994 1282 manducent
3018 1235 3066 1281 et
3093 1224 3299 1290 bibant,
3326 1233 3378 1278 et
3412 1222 3750 1277 remittantur

2139 1333 2187 1378 et
2225 1334 2341 1378 eant
2381 1323 2449 1377 ad
2489 1321 2756 1377 dominum
2797 1335 2948 1374 suum
2989 1317 3083 1391 (IV
3105 1315 3238 1389 Reg.
3275 1329 3351 1382 Vt,
3396 1312 3466 1370 14
3498 1323 3546 1369 et
3578 1311 3750 1385 seq.);

2141 1426 2204 1474 ut
2255 1418 2591 1473 humanitate
2641 1413 2924 1487 provocati
2977 1411 3209 1482 gratiam
3266 1414 3753 1481 repraesentarent.

2143 1508 2390 1581 Denique
2410 1517 2601 1580 postea
2629 1507 2684 1564 in
2711 1515 2913 1563 terram
2949 1503 3117 1561 Israel
3145 1502 3334 1559 venire
3362 1501 3551 1573 piratae
3575 1498 3755 1575 Syriae

2143 1601 2501 1659 destiterunt.

2220 1696 2342 1755 N0.
2387 1696 2444 1753 Si
2476 1710 2609 1767 ergo
2637 1694 2800 1751 etiam
2833 1693 2890 1750 in
2928 1692 3072 1750 bello
3095 1690 3310 1764 justitia
3342 1690 3515 1757 valet,
3547 1695 3757 1760 quanto

426 1790 614 1847 omnia
659 1789 906 1862 subjecta
940 1788 1163 1856 habeat,
1195 1804 1357 1861 opem
1385 1789 1508 1845 aliis
1538 1786 1678 1845 ferat
1698 1828 1713 1854 ,
1744 1788 2031 1859 pecuniam
2064 1790 2112 1852 B
2139 1790 2314 1862 magis
2340 1791 2394 1846 in
2437 1805 2570 1861 pace
2595 1787 2862 1846 servanda
2897 1788 3024 1845 est?
3067 1787 3135 1844 Et
3173 1786 3317 1841 hanc
3348 1786 3577 1858 gratiam
3617 1799 3755 1856 pro-

428 1881 700 1951 conferat,
715 1881 895 1939 ofﬁcia
927 1898 1036 1940 non
1054 1883 1280 1951 abnuat,
1295 1881 1537 1954 pericula
1550 1881 1813 1952 suscipiat
1832 1880 2032 1937 aliena.

502 1976 631 2031 157.
664 1974 797 2043 Quis
811 1978 918 2032 non
950 1984 1179 2047 cuperet
1217 1975 1358 2030 hanc
1377 1975 1596 2030 virtutis
1616 1990 1801 2031 arcem
1820 1981 2037 2042 tenere,

432 2064 460 2105 ά
488 2066 593 2124 nisi
621 2069 796 2140 prima
821 2071 1048 2125 avaritia
1079 2069 1383 2125 inﬁrmaret
1401 2078 1566 2141 atque
1585 2068 1888 2125 inﬁecteret
1921 2079 2039 2125 tan-

436 2170 506 2218 tae
535 2163 756 2218 virtutis
783 2163 1069 2234 vigorem?
1101 2161 1319 2218 Etenim
1349 2162 1480 2218 dum
1508 2178 1711 2234 augere
1751 2178 1907 2234 opes,
1947 2178 2040 2235 ag-

435 2269 668 2327 gregare
714 2255 975 2327 pecunias
1002 2297 1018 2323 ,
1068 2269 1339 2326 occupare
1381 2264 1558 2312 terras
1596 2256 2040 2326 possessionibus

438 2347 708 2421 cupimus,
736 2358 1002 2418 praestare
1029 2346 1276 2413 divitiis;
1327 2347 1552 2418 justitiae
1601 2348 1834 2403 formam
1886 2348 2043 2403 exui-

440 2456 582 2509 mus,
609 2440 1026 2498 beneﬁcentiam
1054 2455 1402 2498 communem
1427 2441 1734 2498 amisimus.
1757 2442 2041 2511 Quomodo

438 2533 587 2591 enim
612 2534 991 2606 potestjustus
1023 2548 1178 2604 esse,
1209 2534 1303 2607 qui
1353 2533 1537 2592 studet
1581 2535 1797 2607 eripere
1841 2534 2039 2604 alteri,

440 2626 585 2699 quod
614 2626 719 2683 sibi
742 2628 995 2699 quaerat?

513 2725 639 2781 158.
669 2726 939 2782 Potentiae
962 2736 987 2765 ο
1010 2741 1227 2799 quoque
1247 2726 1541 2798 cupiditas,
1567 2726 1796 2783 formam
1817 2728 2043 2799 justitiae

440 2819 654 2874 virilem
683 2818 1004 2876 effeminat?
1048 2817 1337 2886 Quomodo
1392 2818 1541 2875 enim
1583 2827 1767 2890 potest
1796 2834 1893 2890 pro
1923 2819 2044 2875 aliis

441 2912 778 2968 intervenire
805 2953 819 2979 ,
849 2912 940 2984 qui
971 2913 1111 2968 alios
1132 2912 1236 2967 sibi
1266 2912 1544 2982 subjicere
1571 2924 1833 2968 conatur:
1866 2921 1922 2968 et
1961 2912 2046 2967 in-

442 3002 603 3058 ﬁrmo
623 3003 887 3059 adversus
929 3013 1188 3075 potentes
1226 3019 1385 3074 opem
1419 3003 1586 3068 ferre,
1641 3001 1735 3075 qui
1779 3003 1896 3075 ipse
1922 3019 2046 3075 gra-

440 3111 562 3152 vem
583 3096 820 3153 libertati
848 3096 1064 3153 allectat
1097 3097 1395 3168 potentiam
1416 3097 1465 3162 Ἰ,

943 3191 1051 3264 37
1090 3189 1321 3247 carur
1359 3188 1556 3246 xxax.

439 3286 710 3343 Justitiam
755 3289 810 3343 in
850 3287 987 3343 bello
1025 3281 1178 3342 etiam
1207 3296 1360 3358 atque
1401 3286 1530 3357 ipsis
1577 3284 1808 3340 hostibus
1851 3285 2050 3340 servari

513 3391 749 3453 oportere
783 3380 985 3452 Moysis
1023 3396 1084 3435 ac
1115 3378 1300 3436 Elisasi
1338 3378 1589 3451 exentplis
1615 3377 1903 3433 ostenditur
1934 3394 1954 3434 :
1982 3378 2048 3432 ab

515 3472 752 3529 Hebrteis
776 3483 957 3527 mutuo
985 3482 1176 3528 veteres
1200 3474 1496 3542 accepisse,
1532 3482 1589 3526 ut
1615 3472 1785 3525 hostes
1815 3470 2051 3542 appella-

512 3575 625 3621 rent
652 3566 860 3620 nomine
880 3564 1107 3620 molliori
1131 3581 1151 3619 :
1172 3564 1393 3635 denique
1410 3565 1630 3636 justitia:
1654 3564 2050 3636 fundamentum

511 3658 566 3713 in
594 3656 700 3727 ﬁde
728 3673 858 3723 esse,
890 3673 951 3712 ac
971 3661 1192 3727 formam
1214 3656 1268 3710 in
1289 3654 1551 3711 Ecclesia.

520 3750 648 3807 159.
688 3748 902 3817 Quanta
955 3758 1138 3804 autem
1175 3747 1386 3819 justitia
1443 3749 1515 3802 sit
1554 3763 1621 3803 ex
1675 3747 1780 3804 hoc
1822 3748 2054 3820 intelligi

441 3852 644 3915 potest,
676 3842 823 3915 quod
855 3857 956 3898 nec
977 3842 1134 3909 locis,
1159 3857 1261 3897 nec
1285 3841 1559 3911 personis,
1585 3857 1687 3899 nec
1715 3843 2053 3915 temporibus

441 3936 745 4008 excipitur,
782 3951 904 4007 quae
938 3936 1104 3992 etiam
1157 3932 1177 3973 τ
1225 3935 1476 3992 hostibus
1515 3944 1870 4004 reservatur;
1910 3947 1971 3992 ut
2005 3938 2052 3992 si

443 4031 775 4087 constitutus
801 4031 873 4087 sit
901 4046 1025 4086 cum
1057 4031 1216 4086 hoste
1246 4040 1339 4086 aut
1377 4030 1528 4087 locus
1568 4039 1662 4086 aut
1690 4030 1810 4087 dies
1837 4031 2050 4103 praelio,

441 4122 706 4179 adversus
742 4116 1008 4193 justitiam
1041 4132 1261 4195 putetur
1297 4134 1387 4179 aut
1428 4123 1552 4179 loco
1580 4124 1925 4197 praevenire,
1960 4133 2056 4179 aut

443 4226 714 4289 tempore.
743 4186 990 4273 vlnterest
1027 4186 1172 4273 enim
1212 4225 1392 4272 utrum
1433 4186 1635 4289 aliquis
1666 4186 2054 4289 pugna‘liqua

441 4319 496 4366 et
524 4309 782 4366 conﬂictu
804 4310 954 4382 gravi
977 4310 1246 4381 capiatur,
1277 4319 1303 4358 ε
1328 4325 1398 4365 an
1428 4310 1716 4382 superiore
1742 4310 1941 4383 gratia,
1968 4311 2055 4367 vel

440 4405 628 4478 aliquo
666 4416 886 4462 eventu.
932 4405 1211 4479 Siquidem
1258 4406 1764 4464 vehementioribus
1807 4404 2056 4461 hostibus

440 4507 496 4555 et
535 4498 740 4567 inﬁdis,
770 4508 827 4555 et
860 4499 943 4557 his
972 4501 1068 4571 qui
1106 4501 1342 4572 amplius
1370 4499 1643 4567 laeserint,
1676 4497 2055 4554 vehementior

2144 1887 2309 1957 pheta
2335 1886 2422 1942 his
2444 1885 2661 1952 detulit,
2683 1885 2778 1958 qui
2801 1884 2868 1941 ad
2888 1899 3014 1942 eum
3040 1882 3444 1954 corripiendum
3466 1888 3755 1938 venerant.

2142 1978 2235 2035 Sic
2260 1977 2405 2034 enim
2437 1978 2702 2051 legimus,
2735 1978 2879 2049 quod
2919 1978 2973 2032 in
3012 1977 3353 2033 obsidionem
3381 1975 3499 2047 ejus
3528 1976 3759 2031 miserat

2141 2087 2240 2129 rex
2282 2071 2455 2144 Syriae
2497 2073 2796 2127 exercitum
2836 2085 2992 2126 suum
3020 2111 3037 2136 ,
3084 2068 3302 2140 cognito
3337 2068 3482 2139 quod
3520 2067 3757 2124 Elisazus

2143 2174 2319 2230 esset,
2357 2165 2447 2236 qui
2482 2164 2729 2221 consiliis
2759 2175 2815 2220 et
2848 2159 2879 2200 ιι
2906 2161 3474 2233 argumentationibus
3502 2159 3624 2230 ejus
3654 2159 3756 2216 ob-

2143 2262 2318 2317 viaret
2340 2260 2616 2317 omnibus.
2639 2260 2810 2329 Quem
2838 2258 3034 2315 videns
3057 2257 3358 2314 exercitum
3388 2254 3536 2312 Giezi
3559 2268 3755 2311 servus

2143 2353 2459 2426 praphetm,
2498 2353 2568 2409 de
2597 2353 2793 2408 salutis
2833 2350 3081 2423 periculo
3121 2348 3393 2421 trepidare
3432 2348 3621 2419 coepit.
3651 2347 3756 2404 Cui

2144 2449 2281 2505 dixit
2301 2449 2567 2521 propheta
2594 2465 2607 2502 :
2633 2446 2765 2503 Noli
2789 2447 2986 2513 timere,
3013 2445 3259 2516 quoniam
3285 2444 3458 2515 plures
3485 2441 3756 2498 nobiscum

2143 2551 2294 2609 sunt,
2321 2558 2477 2614 quam
2503 2558 2618 2596 cum
2644 2540 2770 2597 illis.
2816 2539 2887 2596 Et
2917 2547 3143 2611 rogante
3169 2537 3437 2610 propheta
3475 2546 3534 2592 ut
3568 2536 3751 2607 aperi-

2145 2643 2343 2691 rentur
2369 2634 2516 2691 oculi
2545 2647 2708 2689 servo
2734 2647 2834 2687 suo
2860 2674 2875 2698 ,
2912 2628 3273 2703 aperw’sunt.
3307 2630 3376 2685 Et
3406 2628 3540 2685 vidit
3569 2629 3755 2700 itaque

2145 2727 2296 2784 Giezi
2337 2725 2977 2814 totum-WE
3016 2723 3286 2794 repletum
3318 2731 3375 2779 et
3410 2720 3665 2778 curribus
3694 2721 3753 2777 in

2145 2820 2377 2876 circuitu
2401 2802 3324 2887 Elisaeianibuﬁcscendentibus
3345 2815 3422 2872 ait
3444 2814 3708 2887 propheta
3735 2834 3751 2871 :

2148 2913 2396 2981 Percute,
2408 2915 2798 2975 Deus.ca:citate
2809 2914 3087 2969 exercitum
3102 2911 3417 2984 Syriae.Quo
3434 2911 3754 2981 impetrato,

2147 3010 2284 3066 dixit
2309 3010 2375 3064 ad
2405 3010 2575 3083 Syros
2610 3026 2625 3064 :
2671 3006 2851 3063 Venite
2880 3016 2995 3076 post
3020 3021 3122 3073 me,
3150 3014 3201 3059 et
3227 3003 3416 3059 ducam
3441 3020 3531 3059 vos
3560 3003 3630 3059 ad
3659 3002 3759 3057 Ito-

2148 3104 2336 3158 minent
2364 3112 2524 3173 quem
2558 3102 2812 3173 quaeritis.
2858 3100 2926 3156 Et
2964 3099 3222 3156 viderunt
3261 3098 3551 3165 Elisacum,
3589 3112 3758 3168 quem

2069 3185 2116 3249 C
2148 3196 2427 3268 corripere
2444 3195 2781 3266 gestiebant:
2801 3192 3332 3253 etvidentes.tenere
3350 3206 3456 3246 non
3478 3199 3755 3260 poterant.

2152 3288 2348 3361 Liquet
2383 3288 2495 3361 38
2530 3287 2693 3359 igitur
2720 3286 2889 3343 etiam
2919 3286 2973 3341 in
3012 3284 3159 3341 bello
3195 3283 3356 3340 ﬁdem
3396 3292 3454 3340 et
3486 3283 3758 3355 justitiam

2151 3384 2360 3441 servari
2388 3390 2647 3455 Oportere
2674 3424 2688 3450 ,
2718 3395 2821 3438 nec
2852 3379 2985 3436 illud
3024 3378 3282 3436 decorum
3321 3392 3445 3434 esse
3483 3391 3677 3449 posse,
3709 3378 3761 3435 si

2150 3478 2389 3535 violetur
2415 3475 2570 3532 ﬁdes.

2224 3570 2350 3625 Ml.
2394 3567 2639 3638 Denique
2684 3567 2849 3623 etiam
2902 3563 2918 3602 ί
2970 3564 3313 3621 adversarios
3355 3563 3505 3619 molli
3544 3572 3764 3620 veteres

2153 3662 2521 3735 appellatione
2562 3659 2953 3727 nominabant,
2993 3668 3053 3715 ut
3092 3658 3410 3729 peregrinos
3460 3666 3723 3712 vocarent
3744 3673 3778 3732 ς,

2156 3757 2341 3811 hostes
2367 3755 2513 3810 enim
2534 3753 2760 3823 antiquo
2790 3751 2896 3807 ritu
2925 3752 3196 3823 peregrini
3225 3750 3563 3806 dicebantur.
3602 3748 3764 3816 Quod

2155 3865 2309 3919 aeque
2334 3850 2496 3904 etiam
2522 3826 2698 3919 ipsum
2728 3847 2797 3903 de
2826 3846 3030 3902 nostris
3053 3854 3389 3916 assumptum
3419 3844 3602 3901 dicere
3629 3859 3767 3914 pos-

2155 3957 2374 4009 sumus;
2398 3941 2743 3997 adversarios
2762 3941 2909 3996 enim
2933 3954 3061 3995 suos
3074 3938 3286 3995 Hebraei
3302 3938 3635 4010 Allophylos,
3656 3936 3768 3994 hoc

2155 4042 2261 4103 est,
2294 4035 2633 4105 alienigenas
2662 4033 2860 4090 Latino
2886 4033 3240 4104 appellabant
3272 4030 3559 4086 vocabulo.
3599 4029 3773 4086 Deni-

2156 4151 2262 4206 que
2282 4135 2334 4191 in
2359 4135 2498 4190 libro
2527 4133 2837 4205 Regnorum
2869 4132 3046 4202 primo
3072 4128 3153 4185 sic
3177 4127 3411 4200 legimus
3435 4143 3448 4181 :
3472 4125 3544 4181 Et
3565 4131 3773 4197 factum

2156 4239 2231 4285 est
2259 4230 2315 4284 in
2348 4227 2523 4283 diebus
2547 4228 2688 4294 illis,
2727 4232 3071 4281 convenerunt
3108 4222 3410 4293 alienigena:
3441 4222 3496 4276 in
3530 4236 3771 4294 pugnant

2156 4319 2226 4375 ad
2251 4318 2424 4375 Israel
2454 4318 2497 4391 (Ι
2528 4318 2655 4390 Reg.
2687 4332 2767 4385 tv,
2801 4315 2878 4389 1).

2231 4412 2359 4468 ita.
2404 4411 2419 4463 i
2476 4409 2914 4467 Fundamentum
2961 4422 3091 4480 ergo
3159 4415 3247 4464 est
3298 4406 3521 4479 iustitiae
3578 4405 3768 4474 ﬁdes;

2155 4505 2429 4575 iustorum
2478 4505 2623 4559 enim
2668 4502 2834 4559 corda
2874 4500 3204 4557 meditantur
3234 4499 3394 4555 ﬁdem
3428 4517 3443 4555 :
3476 4506 3531 4555 et
3565 4498 3657 4571 qui
3703 4515 3772 4557 se

441 4592 681 4647 refertur
720 4592 890 4658 ultio;
946 4604 1006 4649 ut
1053 4594 1123 4650 de
1163 4592 1473 4649 Madianitis
1513 4592 1610 4664 qui
1657 4607 1759 4662 per
1800 4592 2056 4648 mulieres
2081 4584 2337 4669 Djustus
2365 4605 2609 4662 accusat,
2638 4594 2910 4665 justitiam
2941 4608 3104 4662 supra
3136 4592 3299 4648 ﬁdem
3321 4592 3593 4658 collocat;
3634 4606 3769 4647 nam

440 4698 568 4739 suas
596 4684 886 4756 plerosque
916 4700 1143 4757 peccare
1168 4687 1411 4742 iecerant
1429 4701 1500 4742 ex
1532 4684 1695 4756 plebe
1717 4683 2054 4755 Iudaeorum,

445 4778 589 4834 unde
618 4788 675 4834 et
700 4778 798 4835 Dei
831 4780 885 4837 in
913 4779 1169 4852 populum
1199 4790 1416 4850 patrum
1445 4778 1727 4834 iracundia
1753 4777 1923 4834 eﬁ'usa
1951 4790 2057 4836 est.

445 4868 508 4926 Et
547 4870 674 4928 ideo
712 4873 916 4929 factum
954 4881 1040 4929 est
1068 4882 1130 4929 ut
1168 4872 1377 4929 nullum
1410 4870 1629 4944 Moyses
1661 4872 1839 4928 victor
1860 4888 2058 4944 super-

515 5022 541 5051 ιι
557 5009 673 5069 Cic.
698 5013 797 5071 lib.
822 5012 1037 5093 t_9l'ﬁc.,
1062 5029 1117 5083 p.
1136 5012 1379 5076 554,1ἰη.
1401 5013 1473 5069 55
1490 5011 1628 5093 LEst
1643 5013 1777 5093 enim
1796 5013 2035 5086 difﬁcilis
2081 5081 2093 5093 ι

443 5100 771 5168 curarerum
797 5086 1125 5168 alienarum";
1150 5101 1463 5168 quamquam
1490 5084 1994 5168 Terentianusietc.

514 5154 542 5194 δ
581 5155 744 5240 lbid.,
777 5157 1051 5234 pag.ﬁﬁJ
1081 5158 1178 5212 litt.
1199 5156 1273 5212 25
1296 5154 1327 5211 :V
1343 5155 1411 5211 In
1436 5172 1540 5226 qua
1562 5156 1766 5211 virtutis
1788 5157 2034 5228 splendor

456 5236 533 5280 est
558 5244 839 5280 maximus.
1114 5278 1125 5280 _

487 5244 533 5281 ﬂ
558 5244 698 5282 manu
706 5245 753 5282 m
760 5245 839 5283 ηε.

948 5278 1203 5447 552’n.
1232 5300 1343 5358 25:
1385 5299 1468 5357 Ea:
1496 5316 1600 5372 quo
1648 5298 1814 5354 animi
1851 5300 2052 5372 magni-

446 5369 591 5434 tudo,
630 5380 739 5427 etc.
784 5369 799 5373 ’
857 5369 878 5373 ⁷
1509 5369 1518 5372 ’
1939 5369 1953 5372 ⁷

504 5438 728 5527 ,ιι-ιρῑριε,
751 5460 871 5527 pag.
896 5445 1033 5527 £53.,
1071 5444 1169 5500 lin.
1201 5444 1274 5501 49
1294 5445 1627 5527 :“Mttacimam
1648 5452 1822 5527 autem
1850 5452 2050 5527 partem

446 5513 517 5568 ad
543 5513 793 5589 iniuriam
815 5513 1507 5589 facﬁndantaggrediuntur
1533 5514 1798 5569 nonnulli.
1830 5524 1938 5589 etc,

522 5595 547 5623 ⁸
587 5587 752 5671 Ιρίιξ..
784 5583 905 5671 pag.
937 5588 1068 5656 554,
1096 5583 1252 5645 ΙίιῖῘἹ
1280 5605 1293 5642 :
1323 5586 1553 5642 Maxime
1577 5593 1752 5639 autem
1777 5583 2051 5639 adducun-

448 5659 818 5813 M‘ﬁmﬁ:
845 5668 1080 5813 ῖωὸωο·
1129 5745 1251 5809 vae
1290 5728 1439 5813 .5551
1482 5724 1942 5813 li."-....933-A‘4“
1994 5727 2051 5783 ίη

446 5798 716 5871 republica
744 5794 969 5858 maxime
989 5794 1337 5858 conservanda
1372 5794 1492 5867 iura
1512 5794 1655 5864 belli,
1686 5794 1794 5855 etc.

2160 4700 2289 4747 tunc
2316 4690 2526 4761 justitia
2555 4690 2674 4759 ejus
2702 4696 2950 4759 apparet,
2992 4687 3037 4742 si
3064 4701 3194 4742 vera
3223 4685 3481 4743 fateatur.
3518 4685 3773 4755 Denique

2161 4793 2218 4840 et
2247 4783 2510 4838 Dominus
2542 4798 2638 4851 per
2671 4780 2879 4836 Esaiam
2913 4797 2928 4834 :
2958 4778 3111 4847 Ecce,
3135 4779 3331 4850 inquit,
3362 4780 3507 4834 mitto
3535 4778 3772 4849 lapidem

2161 4878 2216 4932 in
2238 4878 2632 4949 fundamentum
2656 4874 2789 4930 Sion
2820 4871 3004 4945 (Esai.
3032 4888 3224 4941 xxvm,
3254 4872 3377 4945 18),
3406 4872 3458 4928 id
3485 4881 3591 4941 est,
3608 4870 3775 4929 Chri-

2219 5027 2244 5066 ε
2273 5017 2556 5088 Superiore
2582 5015 2774 5088 gratia,
2806 5012 2863 5069 id
2892 5020 2996 5078 est,
3026 5011 3217 5083 majori
3263 5011 3441 5088 aliqua
3494 5012 3769 5088 temporis

2145 5098 2240 5145 aut
2294 5083 2399 5144 loci
2431 5083 2875 5159 opportunitate,
2919 5094 2977 5139 ut
3016 5093 3309 5140 contextus
3344 5084 3492 5141 clare
3531 5083 3772 5140 demon-

2142 5168 2303 5217 διττή.

2229 5228 2260 5268 ιι
2292 5230 2690 5302 Argumentatio
2729 5243 2837 5284 non
2867 5227 3012 5302 idem
3043 5227 3130 5282 hic
3176 5234 3333 5302 sonat
3389 5234 3554 5296 atque
3600 5238 3771 5297 argu-

2160 5305 2327 5357 menti
2362 5296 2457 5357 seu
2500 5300 2726 5357 rationis
2755 5299 3084 5371 explicatio:
3116 5296 3212 5353 sed
3243 5297 3391 5371 idem
3420 5311 3641 5371 prorsus
3672 5296 3773 5371 va-

2158 5374 2257 5435 let.
2285 5382 2454 5443 atque
2472 5442 2475 5443 ν
2496 5381 2686 5443 argute
2736 5367 2853 5427 sive
2882 5382 3047 5443 acute
3067 5367 3770 5443 ex_cog_itata_machinatio.

2235 5444 2252 5481 ί
2286 5437 2401 5500 Cic.
2426 5442 2520 5498 lib.
2552 5437 2776 5508 f0l'lic.,
2800 5458 2922 5514 pag.
2947 5442 3084 5507 555,
3109 5437 3293 5514 Ιίηίιϐ
3314 5456 3328 5492 a
3352 5437 3772 5514 Equidem-illud

2156 5516 2312 5572 etiam
2341 5514 2693 5569 animadverto
2723 5509 2980 5585 quod'qui
3008 5512 3220 5583 proprio
3250 5509 3456 5566 nomine
3479 5509 3773 5582 perduellis

2155 5594 2308 5648 επεὶ,
2336 5594 2445 5642 etc.
3486 5592 3502 5603 ’

2236 5659 2252 5709 l
2283 5656 2423 5714 Ibid.
2451 5671 2574 5728 pag.
2615 5656 2745 5727 555,
2775 5657 2873 5715 lin.
2902 5654 2972 5714 59
2996 5672 3011 5714 :
3045 5653 3468 5712 Fundamentum
3488 5661 3664 5710 autem
3687 5661 3772 5708 est

2153 5729 2376 5802 justitite
2405 5728 2555 5799 fides,
2596 5736 2707 5785 etc.
2732 5766 2744 5801 ε
