4078 6306
261 271 335 328 65
1327 274 1416 331 DE
1455 271 1542 332 OF
1551 273 1586 330 F
1593 271 1747 333 lCllS
1786 272 2257 334 MINISTRORUM
2296 272 2427 332 LIB.
2472 273 2513 329 1.
3380 276 3397 316 τ
3513 280 3584 339 66

250 395 400 442 stum
444 389 497 442 in
525 389 875 445 fundamenta
906 387 1182 445 Ecclesiae.
1221 387 1383 446 Fides
1409 391 1554 447 enim
1593 393 1858 460 omnium,
1891 402 1936 458 Λ
1968 391 2212 447 fraudem
2239 407 2344 447 non
2372 390 2541 446 facias
2562 389 2788 458 oblatis;
2820 405 2886 448 ne
2911 390 3062 450 dicas
3086 400 3135 448 te
3159 392 3280 464 plus
3309 395 3582 453 conferre.

256 479 515 536 Christus
541 499 556 536 :
583 482 831 538 Ecclesia
855 492 1036 538 autem
1061 481 1305 553 quaedam
1328 481 1498 537 forma
1519 483 1743 554 iustitiae
1764 495 1866 541 est.

257 570 571 630 Commune
591 575 682 644 jus
703 575 942 631 omnium
975 593 988 628 :
1021 584 1047 613 ι
1072 575 1126 630 in
1155 590 1446 631 commune
1466 586 1606 644 orat,
1638 577 1692 632 in
1722 592 1872 633 com-

259 682 432 722 mune
459 678 723 738 operatur
744 711 760 735 ,
799 668 852 723 in
885 683 1176 724 commune
1205 678 1464 726 tentatur.
1507 669 1750 740 Denique
1777 670 1871 740 qui

259 775 321 814 se
341 759 522 832 ipsum
540 761 646 817 sibi
665 761 927 832 abnegat;
954 760 1069 832 ipse
1085 760 1287 832 justus,
1307 763 1424 833 ipse
1446 763 1637 833 dignus
1652 762 1872 819 Christo

260 865 368 909 est.
411 852 542 910 Ideo
587 863 644 909 et
684 853 886 909 Paulus
930 853 1341 910 fundamentum
1384 854 1562 926 posuit
1597 853 1871 911 Christum

261 947 306 1020 (l
341 945 466 1002 Cor.
494 963 577 1014 ut,
606 948 698 1018 11)
725 990 740 1014 ,
781 957 838 1003 ut
863 963 1026 1018 supra
1056 963 1182 1003 eum
1215 963 1383 1018 Opera
1411 947 1636 1019 iustitia:
1664 947 1875 1005 locare-

258 1055 417 1104 mus;
448 1040 574 1109 quia
593 1039 729 1095 lides
749 1039 1154 1096 fundamentum
1182 1049 1266 1096 est
1293 1059 1305 1094 :
1335 1041 1388 1095 in
1411 1040 1669 1111 operibus
1688 1050 1869 1098 autem

255 1144 359 1190 aut
379 1134 542 1191 malis
572 1135 827 1205 iniquitas
846 1176 859 1200 .
900 1145 994 1190 aut
1025 1135 1182 1191 bonis
1198 1135 1411 1205 justitia
1439 1146 1544 1192 est.

837 1225 1067 1282 CAPUT
1108 1226 1279 1282 XXX.

255 1319 339 1379 De
369 1321 780 1392 beneﬁcentiam
812 1320 926 1390 ejus
957 1320 1188 1388 partibus
1215 1319 1564 1376 benevolentia
1605 1329 1654 1376 et
1683 1321 1872 1376 libera-

337 1417 482 1470 litate
521 1431 541 1470 :
576 1414 836 1486 quomodo
879 1414 985 1470 illa:
1023 1414 1179 1468 simul
1209 1415 1498 1487 jungenda:
1540 1416 1678 1481 sint;
1722 1431 1869 1487 qua:-

336 1526 517 1566 uamve
543 1512 812 1583 adjuncta,
835 1517 890 1562 ut
914 1508 1272 1564 liberalitatem
1297 1526 1411 1564 cum
1432 1509 1586 1564 laude
1606 1526 1668 1563 ac
1693 1511 1872 1564 merito

334 1604 454 1673 quis
475 1611 729 1670 exerceat,
762 1602 1088 1672 requirantur
1112 1602 1137 1656 3

338 1698 463 1753 145.
504 1697 612 1753 Sed
629 1695 741 1767 jam
775 1695 844 1751 de
895 1695 1260 1752 beneﬁcentia
1294 1697 1612 1767 loquamur,
1643 1713 1763 1768 quae
1791 1696 1873 1753 di-

1974 494 2027 540 ct
2049 486 2227 540 minus
2247 485 2513 541 conferas.
2543 485 2681 553 Quid
2708 487 2852 542 enim
2877 501 3016 556 opus
3041 496 3124 543 est
3151 486 3376 543 dicere?
3415 489 3587 544 Fraus

1973 582 2230 651 promissi
2262 591 2346 637 est
2379 600 2390 635 :
2419 581 2472 636 in
2505 590 2593 636 tua
2625 590 2895 652 potestate
2924 591 3006 638 est
3035 582 3224 652 largiri
3254 582 3396 652 quod
3426 584 3581 639 velis.

1972 674 2144 731 Fraus
2186 675 2601 732 fundamentum
2642 677 2840 745 solvit,
2875 686 2929 733 et
2967 691 3107 748 opus
3147 677 3588 756 corruit.INum-

1972 768 2101 838 quid
2143 768 2338 824 Petrus
2378 769 2451 824 ita
2490 769 2862 840 indignatione
2893 768 3185 836 efferbuit,
3221 778 3281 826 ut
3319 769 3585 826 Ananiam

1970 861 2246 932 exstingui
2274 861 2464 929 vellet,
2495 863 2581 918 vel
2611 878 2834 918 uxorem
2863 862 2980 934 ejus
3016 862 3153 935 (Act.
3181 878 3236 928 v,
3263 863 3298 919 5
3325 872 3374 918 et
3401 867 3536 933 seq.)
3563 861 3588 917 l

1971 955 2080 1011 Sed
2107 957 2365 1028 exemplo
2392 972 2581 1013 eorum
2614 958 2788 1013 noluit
2818 957 3002 1028 perire
3040 965 3295 1014 cteteros.

2047 1049 2170 1104 147.
2212 1049 2324 1105 Nec
2353 1051 2442 1105 illa
2472 1049 2714 1122 perfecta
2744 1060 2827 1106 est
2848 1049 3174 1116 liberalitas,
3199 1047 3226 1087 ά
3248 1050 3292 1105 si
3309 1049 3588 1120 iactantiae

1972 1157 2133 1199 causa
2175 1144 2346 1216 magis
2391 1159 2553 1214 quam
2603 1143 2994 1200 misericordiae
3024 1142 3294 1214 largiaris.
3338 1141 3588 1198 Affectus

1972 1245 2100 1294 tuus
2141 1253 2336 1294 nomen
2376 1237 2611 1310 imponit
2647 1239 2801 1309 operi
2843 1248 2936 1294 tuo
2968 1255 2981 1293 :
3010 1237 3285 1310 quomodo
3313 1253 3341 1292 a
3377 1247 3428 1292 te
3457 1253 3585 1308 pro-

1974 1330 2260 1397 ﬁciscitur,
2288 1330 2368 1386 sic
2395 1331 2714 1387 aestimatur.
2750 1331 2917 1387 Vides
2953 1347 3116 1404 quam
3153 1331 3416 1387 moralem
3438 1329 3588 1402 judi-

1973 1439 2092 1481 cem
2118 1423 2342 1480 habeas.
2372 1422 2452 1479 Te
2472 1424 2730 1490 consulit,
2761 1423 3034 1492 quomodo
3061 1439 3197 1494 opus
3223 1433 3374 1479 tuum
3406 1421 3583 1478 susci-

1977 1517 2108 1588 piat,
2139 1525 2374 1572 mentem
2405 1527 2554 1572 tuam
2587 1517 2738 1586 prius
2767 1516 3092 1588 interrogat.
3126 1515 3362 1583 Nesciet,
3386 1516 3587 1586 inquit,

1973 1612 2184 1667 sinistra
2209 1620 2317 1677 tua,
2340 1611 2465 1682 quid
2489 1611 2647 1684 faciat
2667 1611 2877 1665 dextera
2907 1620 2993 1666 tua
3024 1608 3240 1682 (Matth.
3261 1627 3338 1677 vr,
3363 1609 3442 1680 5).
3469 1609 3588 1667 Νοη

1974 1702 2043 1758 de
2072 1719 2305 1774 corpore
2329 1704 2584 1773 loquitur,
2618 1703 2716 1760 sed
2739 1705 2901 1758 etiam
2930 1704 3218 1759 unanimus
3247 1712 3394 1770 tuus,
3423 1703 3591 1759 frater

259 1793 474 1849 viditur
493 1792 658 1848 etiam
689 1792 803 1861 ipsa
827 1777 882 1846 in
911 1791 1349 1847 benevolentiam
1377 1801 1432 1848 et
1463 1790 1872 1847 liberalitatem.
1902 1803 1952 1866 Β
1980 1802 2103 1849 tuus
2127 1795 2270 1866 quod
2293 1794 2426 1850 facis
2450 1796 2658 1850 neseiat
2682 1811 2698 1862 ;
2744 1811 2812 1850 ne
2841 1794 2968 1850 dum
2991 1795 3078 1850 hic
3101 1794 3409 1850 mercedem
3436 1809 3589 1866 qua:-

257 1886 348 1942 Ex
374 1885 459 1939 his
482 1885 646 1954 igitur
676 1883 889 1939 duobus
909 1892 1125 1938 constat
1153 1882 1532 1950 beneﬁcentia,
1560 1893 1619 1936 ut
1647 1883 1718 1937 sit
1749 1898 1876 1953 per-

259 1979 436 2036 fecta.
466 1979 581 2033 Non
604 1978 748 2033 enim
774 1979 910 2032 satis
931 1988 1013 2032 est
1035 1977 1176 2033 bene
1201 1976 1344 2032 velle
1369 1975 1528 2049 (Dist.
1560 1974 1652 2040 86,
1677 1993 1725 2030 c.
1754 1974 1878 2029 Non

257 2073 456 2143 satis),
489 2071 585 2127 sed
625 2071 789 2125 etiam
834 2069 973 2126 bene
1012 2070 1194 2125 facere
1229 2086 1242 2122 :
1273 2083 1376 2124 nec
1401 2069 1532 2123 satis
1559 2077 1644 2124 est
1680 2069 1877 2124 iterum

258 2171 410 2227 bene
442 2169 620 2224 facere
643 2209 659 2236 ,
704 2167 806 2222 nisi
845 2166 898 2221 id
951 2182 1016 2222 ex
1048 2166 1195 2220 bono
1234 2164 1382 2220 fonte
1406 2205 1422 2232 ,
1457 2164 1560 2219 hoc
1588 2172 1707 2230 est,
1733 2164 1877 2220 bona

261 2267 551 2322 voluntate
591 2262 969 2333 proﬁciscatur
1000 2279 1014 2315 :
1051 2259 1286 2315 Hilarem
1326 2261 1461 2315 enim
1498 2259 1728 2314 datorem
1759 2258 1881 2313 dili-

259 2361 341 2433 git
369 2356 512 2412 Deus
554 2356 620 2428 (ll
648 2354 767 2411 Cor.
804 2371 891 2421 Ix,
934 2354 1010 2425 7).
1060 2353 1194 2409 Nam
1234 2353 1279 2408 si
1310 2353 1510 2408 invitus
1539 2351 1728 2417 facias,
1757 2366 1879 2422 quae

258 2450 363 2505 tibi
395 2465 604 2506 merces
626 2451 749 2505 est?
779 2447 936 2505 Unde
960 2446 1258 2517 Apostolus
1281 2445 1620 2518 generaliter
1653 2461 1666 2497 :
1704 2442 1766 2499 Si
1792 2460 1882 2498 υο-

259 2545 378 2600 lens
399 2546 497 2598 hoc
523 2560 644 2615 ago,
690 2543 972 2597 mercedem
1002 2542 1166 2596 habeo
1195 2557 1214 2594 :
1242 2541 1287 2594 si
1318 2540 1528 2605 invitus,
1561 2538 1882 2610 dispensatio

258 2637 397 2693 mihi
419 2637 619 2694 credita
644 2647 718 2692 est
752 2636 798 2710 (Ι
823 2632 945 2691 Cor.
979 2651 1062 2702 ix,
1090 2633 1202 2705 17).
1246 2633 1302 2688 In
1335 2631 1636 2702 Evangelio
1665 2646 1880 2703 quoque

261 2732 475 2788 multas
505 2729 826 2802 disciplinas
851 2728 1162 2799 accepimus
1179 2727 1341 2794 iusta:
1368 2724 1736 2782 liberalitatis.

342 2824 469 2880 144.
511 2822 804 2878 Pulchrum
833 2822 1112 2893 estigitur
1151 2822 1292 2877 bene
1321 2820 1486 2885 velle,
1517 2827 1573 2875 et
1599 2834 1667 2875 eo
1700 2817 1884 2890 largiri

259 2919 522 2982 consilio,
553 2916 582 2957 ιι
621 2925 682 2973 ut
712 2918 892 2986 prosis
914 2958 930 2983 ,
966 2932 1073 2971 non
1108 2925 1167 2971 ut
1197 2930 1418 2972 noceas.
1459 2913 1596 2969 Nam
1630 2913 1674 2968 si
1710 2913 1882 2968 luxu-

262 3015 419 3071 rioso
447 3012 516 3067 ad
548 3011 778 3067 luxuria:
808 3010 1163 3076 effusionem,
1193 3010 1444 3066 adultero
1470 3009 1536 3064 ad
1567 3009 1878 3065 mercedem

259 3105 524 3163 adulterii
547 3104 886 3175 largiendum
916 3113 1109 3174 putes;
1141 3120 1246 3159 non
1269 3111 1355 3158 est
1377 3101 1734 3159 beneﬁcentia
1756 3103 1876 3170 ista,

1979 1889 2056 1944 ris
2090 1888 2400 1958 jactantiae,
2434 1889 2548 1944 illic
2577 1887 3031 1944 remunerationis
3069 1886 3307 1942 fructum
3345 1887 3584 1945 amittas.

1978 1980 2226 2037 Perfecta
2257 1989 2439 2038 autem
2464 1992 2547 2037 est
2578 1981 2912 2048 liberalitas,
2945 1980 3038 2037 ubi
3066 1981 3282 2037 silentio
3311 1982 3432 2052 quis
3459 1981 3593 2054 tegit

1978 2088 2115 2142 opus
2142 2088 2322 2137 suum,
2347 2083 2402 2128 et
2423 2073 2841 2130 necessitatibus
2866 2074 3202 2144 singulorum
3227 2074 3437 2130 occulte
3463 2074 3592 2132 sub-

1978 2166 2126 2220 venit
2152 2183 2164 2219 :
2189 2181 2350 2236 quem
2381 2165 2566 2221 laudat
2593 2181 2656 2221 os
2694 2167 2970 2237 pauperis,
3004 2177 3060 2222 ct
3091 2183 3197 2221 non
3223 2166 3364 2222 labia
3395 2182 3521 2223 sua.

2052 2256 2179 2314 148.
2222 2257 2428 2314 Deinde
2453 2268 2476 2296 θ
2501 2257 2740 2328 perfecta
2763 2259 3060 2315 liberalitas
3091 2258 3252 2330 (Dist.
3279 2261 3370 2329 86,
3393 2277 3440 2316 c.
3469 2259 3594 2318 Non

1979 2353 2125 2418 satis,
2163 2351 2191 2424 §
2229 2350 2466 2425 Perfecta
2495 2353 2804 2425 liberalitas)
2845 2353 2950 2410 ﬁde
2973 2395 2990 2423 ,
3020 2369 3182 2410 causa
3206 2397 3220 2422 ,
3253 2355 3410 2425 loco,
3451 2364 3593 2411 tem-

1980 2459 2113 2516 pore
2148 2443 2595 2511 commendatur;
2650 2454 2708 2501 ut
2743 2446 2975 2516 primum
3025 2447 3272 2517 opereris
3303 2447 3450 2504 circa
3489 2447 3593 2504 do-

1981 2539 2241 2595 mesticos
2284 2538 2433 2594 ﬁdei.
2464 2537 2717 2608 LGrandis
2754 2541 2914 2611 culpa
2938 2539 3004 2606 si,
3054 2541 3263 2597 sciente
3303 2551 3375 2610 te,
3419 2541 3596 2598 ﬁdelis

1980 2640 2134 2703 egeat
2167 2649 2179 2684 :
2212 2631 2257 2686 si
2285 2631 2427 2687 scias
2455 2647 2579 2686 eum
2611 2632 2728 2688 sine
2758 2643 2976 2704 sumptu
3003 2648 3148 2701 esse,
3182 2633 3200 2672 ί
3233 2633 3432 2692 famem
3457 2636 3594 2693 tole-

1981 2741 2140 2792 rare,
2172 2741 2473 2782 aerumnam
2515 2728 2758 2798 perpeti,
2789 2728 2883 2798 qui
2928 2729 3237 2800 prtesertim
3274 2745 3439 2802 egere
3463 2745 3596 2788 eru-

1982 2819 2169 2875 bescat
2199 2836 2211 2874 :
2248 2820 2293 2875 si
2332 2819 2388 2876 in
2430 2835 2654 2877 causam
2684 2822 2945 2878 ceciderit
2983 2831 3078 2879 aut
3105 2824 3437 2896 captivitatis
3472 2840 3600 2883 suo.

1983 2925 2127 2977 rum,
2153 2919 2245 2966 aut
2265 2912 2579 2978 calumnim,
2602 2921 2658 2968 et
2681 2927 2788 2968 non
2813 2912 3036 2984 adiuves
3065 2929 3080 2968 :
3106 2916 3150 2970 si
3175 2913 3247 2971 sit
3272 2916 3323 2970 in
3350 2931 3597 2985 carcere,

1984 3015 2039 3062 et
2061 3006 2260 3076 pmnis,
2286 3015 2342 3062 et
2363 3007 2644 3078 suppliciis
2667 3018 2891 3078 propter
2910 3008 3150 3064 debitum
3173 3011 3397 3082 aliquod
3420 3013 3601 3082 justus

1983 3103 2333 3156 excrucietur
2357 3100 2502 3171 (nam
2525 3103 2627 3158 etsi
2655 3101 2908 3157 omnibus
2928 3104 3162 3160 debetur
3184 3104 3592 3177 misericordia,

260 3202 361 3257 ubi
395 3201 541 3256 nulla
571 3208 655 3255 est
692 3198 1094 3255 benevolentia.
1135 3197 1368 3253 Oflicere
1416 3197 1562 3253 enim
1603 3196 1748 3252 istud
1776 3205 1879 3261 est,
1911 3193 1956 3259 C
1993 3202 2172 3249 tamen
2197 3193 2348 3264 justo
2365 3191 2621 3265 amplius)
2641 3195 2686 3249 si
2721 3205 2966 3266 tempore
2985 3196 3301 3254 afﬁictionis
3322 3213 3436 3255 sua:
3459 3199 3598 3256 nihil

260 3311 381 3351 non
417 3293 676 3364 prodesse
701 3292 882 3359 alteri,
915 3292 960 3346 si
988 3290 1098 3363 39
1125 3289 1374 3360 largiaris
1404 3289 1453 3344 ei
1484 3289 1572 3358 qui
1599 3288 1883 3358 conspiret

258 3390 538 3447 adversus
559 3387 792 3460 patriam
810 3428 826 3454 ,
854 3386 945 3457 qui
976 3400 1315 3456 congregare
1339 3384 1523 3454 cupiat
1550 3392 1639 3439 tuo
1663 3391 1881 3452 sumptu

259 3480 562 3554 perditos,
600 3477 695 3549 qui
731 3479 1050 3549 impugnent
1099 3477 1421 3532 Ecclesium.
1469 3475 1588 3531 Non
1634 3483 1718 3531 est
1765 3475 1881 3530 haec

262 3572 583 3647 probabilis
611 3572 932 3637 liberalitas,
973 3573 1020 3627 si
1057 3570 1281 3642 adjuves
1326 3584 1450 3625 eum
1492 3569 1583 3640 qui
1621 3567 1882 3625 adversus

265 3669 504 3728 viduam
533 3677 587 3724 et
624 3667 858 3739 pupillos
884 3667 1034 3739 gravi
1064 3666 1308 3722 decernit
1333 3663 1537 3736 jnrgio,
1572 3673 1666 3719 aut
1694 3665 1747 3719 vi
1779 3664 1881 3719 ali-

263 3777 384 3836 qua
413 3762 790 3833 possessiones
815 3775 1006 3816 eorum
1034 3759 1249 3829 eripere
1273 3767 1522 3813 conatur.

349 3855 477 3911 145.
517 3854 633 3909 Νοη
662 3854 922 3925 probatur
946 3852 1195 3923 largitas,
1230 3863 1251 3890 ο
1279 3852 1323 3907 si
1357 3850 1499 3922 quod
1532 3850 1690 3908 alteri
1721 3850 1882 3922 largi-

267 3958 387 4016 tur,
416 3945 571 4002 alteri
593 3947 712 4018 quis
739 3954 1056 4016 extorqueat
1080 3963 1092 3998 :
1116 3946 1160 4000 si
1190 3943 1389 4014 injuste
1414 3951 1642 4014 quaerat,
1668 3943 1884 4013 etjuste

267 4039 705 4112 dispensandum
760 4048 958 4111 putet;
1016 4039 1120 4094 nisi
1164 4039 1304 4094 forte
1355 4047 1415 4092 ut
1463 4038 1553 4093 ille
1594 4037 1886 4094 Zaccha-us

274 4131 436 4203 (Luc.
462 4149 578 4200 xix,
603 4133 683 4204 8),
709 4131 908 4188 reddas
928 4135 1078 4203 prius
1101 4130 1460 4202 quadruplum
1487 4131 1535 4185 ei
1557 4146 1714 4202 quem
1738 4129 1886 4185 frau-

270 4227 495 4283 daveris
527 4245 540 4280 :
570 4236 626 4282 et
651 4225 977 4298 gentilitatis
1005 4225 1135 4281 vitia
1169 4225 1293 4281 ﬁdei
1323 4224 1506 4279 studio
1533 4232 1588 4280 et
1613 4223 1885 4280 credentis

273 4319 599 4390 operatione
637 4331 982 4389 compenses.
1022 4315 1457 4372 Fundamentum
1496 4316 1661 4387 igitur
1689 4314 1887 4371 habeat

274 4411 585 4469 liberalitas
616 4421 726 4469 ttta.

354 4505 483 4562 146.
523 4506 640 4563 Hoc
665 4505 899 4579 primum
926 4507 1212 4580 qumritur,
1241 4514 1299 4563 ut
1327 4521 1449 4564 cum
1477 4506 1585 4563 ﬁde
1613 4504 1887 4572 conferas,

1988 3301 2018 3340 a
2057 3294 2113 3342 te
2154 3287 2411 3358 impetret
2443 3305 2456 3342 :
2489 3286 2534 3342 si
2573 3295 2816 3356 tempore
2866 3288 3096 3357 periculi
3135 3305 3244 3359 quo
3281 3292 3491 3362 rapitur
3529 3291 3600 3350 ad

1985 3391 2220 3437 mortem
2241 3424 2255 3449 ,
2289 3381 2411 3450 plus
2441 3381 2582 3450 apud
2617 3390 2668 3436 te
2699 3381 2925 3451 pecunia
2949 3391 3038 3436 tua
3062 3382 3260 3450 valeat,
3293 3399 3455 3454 quam
3490 3385 3601 3440 vita

1985 3475 2261 3532 morituri.
2299 3475 2373 3530 De
2403 3490 2512 3546 quo
2537 3474 2761 3546 pulchre
2806 3474 2909 3531 Job
2929 3474 3067 3531 dixit
3096 3491 3109 3529 :
3139 3473 3440 3533 Benedictio
3463 3478 3603 3548 peri-

1984 3569 2087 3624 turi
2116 3570 2168 3623 in
2196 3584 2275 3624 me
2301 3569 2469 3622 veniat
2507 3567 2650 3640 (Job.
2680 3584 2834 3636 xxrx,
2867 3566 2982 3641 15).

2059 3662 2183 3720 149.
2225 3662 2587 3719 Personarum
2626 3663 2846 3735 quidem
2882 3664 3026 3720 Deus
3059 3674 3315 3738 acceptor
3351 3681 3460 3724 non
3490 3675 3599 3738 est,

1985 3756 2109 3828 quia
2139 3755 2290 3810 novit
2327 3755 2530 3810 omnia.
2564 3755 2674 3810 Nos
2695 3764 2874 3811 autem
2898 3755 3400 3828 omnibuszquidem
3433 3759 3601 3817 debe-

1986 3864 2108 3903 mus
2144 3847 2576 3905 misericordiam
2618 3848 2758 3905 :sed
2797 3851 2922 3921 quia
2964 3849 3208 3921 plerique
3248 3853 3439 3910 fraude
3467 3869 3591 3912 eam

1986 3951 2258 4013 quaerunt,
2288 3950 2345 3997 et
2368 3942 2992 4014 afﬁnguntaerumnam;
3032 3944 3143 4019 ω
3172 3947 3293 4004 ideo
3321 3949 3410 4006 ubi
3433 3965 3598 4008 causa

1987 4019 2402 4106 manifestatur,
2439 4051 2674 4107 persona
2725 4039 3075 4109 cognoscitur
3102 4081 3116 4105 ,
3159 4049 3373 4113 tempus
3419 4053 3596 4115 urget,

1988 4129 2192 4200 largius
2213 4145 2273 4185 sc
2297 4129 2461 4186 debet
2505 4130 2835 4201 profundere
2872 4132 3267 4190 misericordia.
3301 4135 3420 4192 Non
3452 4139 3598 4195 enim

1989 4237 2188 4278 avarus
2219 4223 2483 4278 Dominus
2528 4233 2651 4289 est,
2701 4233 2760 4279 ut
2800 4224 3092 4296 plurimum
3133 4239 3362 4298 quaerat.
3403 4229 3602 4290 Beatus

1990 4315 2206 4388 quidem
2229 4318 2319 4388 qui
2346 4315 2573 4373 dimittit
2601 4318 2784 4374 omnia
2807 4358 2822 4383 ,
2855 4327 2912 4374 et
2942 4321 3191 4391 sequitur
3225 4336 3350 4378 eum
3381 4339 3394 4376 :
3423 4323 3520 4380 sed
3544 4333 3603 4381 et.

1992 4407 2081 4466 ille
2109 4409 2301 4465 beatus
2347 4417 2432 4464 est
2454 4452 2469 4477 ,
2504 4419 2530 4458 ε
2559 4410 2651 4482 qui
2697 4411 2840 4482 quod
2890 4411 3056 4468 habet
3078 4452 3094 4479 ,
3124 4428 3192 4468 ex
3210 4411 3424 4471 'affectu
3447 4415 3597 4471 facit.

1992 4503 2238 4574 Denique
2288 4502 2396 4559 duo
2440 4517 2547 4559 atra
2595 4503 2771 4560 viduae
2816 4503 2967 4562 illius
3013 4505 3242 4563 divitum
3281 4509 3600 4567 muneribus

355 4629 382 4657 ι
413 4620 496 4677 Ad
549 4619 968 4694 frequentandas
999 4622 1254 4678 Ecclesiae
1279 4637 1531 4695 synaxes
1587 4635 1884 4693 precesque
1910 4619 1963 4680 D
1989 4619 2376 4695 universorum
2421 4616 2705 4674 charitatis
2737 4619 3008 4695 beneficio
3055 4620 3394 4682 derivantur.
3437 4625 3601 4688 Juvat

280 4693 338 4749 in
363 4697 634 4748 communi
667 4697 809 4764 apud
852 4696 1016 4751 Deum
1052 4693 1355 4750 fundettdas
1386 4695 1624 4748 maximo
1663 4708 1880 4762 semper

238 4801 242 4804 -
276 4780 449 4832 opere
477 4767 736 4835 populum
768 4766 1132 4823 Christianum
1174 4765 1450 4822 eshortati
1500 4773 1626 4820 sunt
1671 4765 1880 4834 antiqui

279 4836 497 4909 Patres,
531 4847 587 4891 ut
625 4840 1007 4909 cognoscimus
1034 4855 1140 4893 non
1190 4840 1353 4893 modo
1396 4853 1463 4892 ex
1512 4835 1882 4892 vetustissima

278 4908 373 4962 illa
389 4908 619 4977 epistola
641 4908 860 4965 nomine
879 4911 1018 4965 beati
1035 4910 1296 4964 Barnaha:
1317 4909 1675 4978 promulgata,
1695 4923 1883 4962 verum

279 4984 448 5053 etiam
464 4996 529 5034 ex
555 4980 745 5049 lgnatii
765 4983 926 5053 epist.
944 4982 1013 5036 ad
1040 4981 1240 5050 Ephes.
1261 4995 1326 5035 ex
1353 4980 1639 5050 Apologet.
1669 4978 1886 5033 Tertul-

279 5050 548 5120 lianicap.
575 5050 910 5121 59.aliisque
936 5053 1236 5108 innumeris
1263 5061 1371 5106 tum
1401 5053 1618 5106 Patrum
1639 5053 1886 5105 testimo-

280 5121 413 5188 niis,
450 5132 564 5178 tum
596 5126 896 5180 cauonihus
927 5125 1308 5179 Conciliorum.
1341 5123 1539 5179 Verum
1567 5132 1742 5178 tamen
1773 5139 1881 5176 non

283 5193 359 5248 de
379 5195 613 5268 publicis
633 5197 780 5252 hisce
805 5195 1057 5268 precibus
1078 5194 1165 5250 hic
1178 5197 1260 5265 agi
1281 5194 1630 5250 verisimilius
1651 5203 1762 5249 est:
1788 5194 1882 5268 sed

283 5279 410 5320 cum
438 5265 658 5334 dicitur,
687 5269 742 5322 in
763 5265 1031 5323 commune
1056 5276 1189 5333 orat,
1219 5274 1351 5332 cte.,
1385 5268 1486 5320 hoc
1510 5266 1884 5321 tantummodo

284 5336 614 5407 signiﬁcari,
649 5356 745 5408 pro
772 5341 1050 5403 erunibus,
1084 5340 1198 5395 sive
1225 5339 1276 5393 in
1323 5337 1565 5393 omnium
1594 5337 1883 5392 utilitatem

283 5417 432 5473 orat,
460 5421 737 5479 operatur,
769 5427 830 5466 ac
856 5420 1132 5467 tentatur:
1159 5412 1210 5465 in
1242 5425 1348 5479 quo
1379 5421 1690 5464 sanctorum
1737 5423 1885 5463 com-

284 5482 479 5534 munio
503 5481 678 5553 posita
710 5491 812 5537 est.
844 5482 1025 5552 Neque
1049 5490 1226 5536 tamen
1260 5485 1330 5535 ita
1364 5479 1612 5536 Ecclesia
1670 5488 1788 5553 orat
1832 5481 1888 5535 in

284 5552 606 5619 commune,
642 5565 698 5607 ut
727 5570 832 5608 non
856 5555 1019 5608 etiam
1045 5569 1232 5622 preces
1264 5561 1542 5622 nuncupet
1563 5567 1659 5622 pro
1705 5552 1890 5619 singu-

283 5622 393 5678 lis:
427 5622 662 5696 vidimus
683 5627 882 5696 quippe
903 5635 1050 5678 tomo
1080 5625 1348 5692 superiori
1381 5623 1726 5696 Ambrosium
1761 5637 1888 5692 pec-

285 5694 594 5760 catoribus,
625 5705 682 5750 ut
702 5694 766 5750 ad
795 5694 1052 5751 Ecclesiae
1069 5701 1347 5751 orationes
1374 5694 1750 5765 confugerent,
1784 5709 1892 5750 non

287 5768 467 5822 semel
496 5769 767 5823 suasisse:
796 5780 851 5823 at
876 5782 1006 5822 vero
1029 5767 1111 5820 h:e
1150 5767 1284 5838 ipsa:
1313 5781 1502 5837 preces
1534 5781 1632 5836 pro
1655 5767 1894 5838 singulo-

288 5853 416 5898 rum
472 5839 803 5896 utilitatibus
851 5837 1375 5909 conceptae,’etiam
1430 5839 1484 5895 in
1548 5837 1894 5895 commodum

1988 4693 2152 4747 etiam
2181 4689 2269 4769 hic
2284 4691 2555 4769 adnotare
2574 4703 2825 4769 sanctum
2850 4693 3145 4769 doctorem
3169 4699 3430 4753 continuo
3453 4715 3598 4769 pom,

1991 4779 2097 4818 non
2154 4763 2244 4817 uni
2277 4762 2442 4834 ﬁdei,
2469 4763 2613 4833 quod
2669 4763 2994 4820 heterodoxi
3045 4765 3271 4834 faciunt,
3305 4769 3399 4824 sed
3431 4762 3598 4829 etiam

1990 4834 2249 4910 operibus
2280 4833 2482 4910 ex_lide
2521 4844 2685 4905 atque
2714 4838 2983 4894 cltaritate
3033 4833 3296 4909 profectis
3333 4840 3600 4910 iustiﬁca-

1992 4907 2195 4962 tionem
2219 4905 2542 4961 attribuere.

2064 4977 2091 5016 δ
2119 4979 2232 5034 Cic.
2267 4977 2398 5032 lib.t
2422 4976 2601 5038 Ofﬁc..
2629 4993 2754 5049 pag.
2793 4979 2922 5048 556,
2953 4980 3050 5035 lin.
3078 4983 3176 5040 57:
3217 4981 3502 5042 Videndum
3523 4997 3602 5044 est

1993 5050 2380 5126 euim_printum
2401 5065 2468 5126 ne
2487 5050 2622 5126 obsit
2639 5049 2932 5126 benignitas
2952 5062 3014 5126 et
3027 5054 3229 5126 iisipsis
3251 5056 3455 5126 quibus.
3489 5071 3598 5116 etc.

2067 5134 2087 5161 ο
2121 5122 2237 5177 Cic.
2271 5122 2364 5199 lib.
2393 5119 2616 5199 tpfﬁc_._,
2661 5119 2783 5199 pag.
2818 5123 3080 5199 556ηιὶη.
3113 5119 3221 5199 Ὡς
3257 5119 3329 5182 Et
3347 5119 3452 5199 qui
3479 5130 3601 5186 aliis

1991 5203 2197 5278 uocent,
2226 5202 2282 5247 ut
2308 5193 2364 5246 in
2389 5192 2522 5248 alios
2540 5192 2781 5249 liberales
2807 5196 2929 5263 sint,
2957 5195 3012 5250 in
3038 5197 3216 5252 eadem
3244 5192 3370 5254 sunt"
3387 5201 3603 5274 injusti-

1993 5277 2086 5322 ιτα.
2117 5278 2223 5322 CIC.

2062 5335 2091 5375 ἀ
2113 5337 2274 5403 lbid.,
2302 5352 2423 5408 pag.
2450 5337 2578 5404 537,
2605 5336 2704 5413 lin.
2729 5338 2823 5413 5εῄ
2847 5337 3029 5394 Videre
3056 5339 3211 5394 etiam
3239 5340 3359 5413 licet
3396 5342 3603 5413 pleros-

1991 5425 2218 5534 Zuelnon
2261 5420 2366 5534 tam
2401 5419 2590 5465 natura
2639 5410 2901 5480 liberales,
2950 5427 3104 5482 quam
3150 5410 3405 5482 quadam'
3431 5414 3602 5486 gloria

2031 5497 2092 5534 uc
2117 5497 2193 5534 os.
2225 5497 2256 5534 e
2281 5497 2330 5534 c.

2031 5491 2193 5541 “€108.
2225 5491 2330 5536 etc.

2068 5563 2090 5590 °
2124 5552 2281 5624 lbid.,
2316 5553 2412 5607 lin.
2456 5552 2523 5608 6:
2552 5551 2787 5608 Tertium
2809 5562 2886 5608 est
2914 5552 3240 5624 propositum
3262 5555 3394 5610 utin
3418 5558 3604 5616 libera-

1994 5624 2138 5678 litate
2159 5622 2410 5692 delectus,
2436 5633 2544 5682 etc.
2560 5627 2693 5681 ltem
2720 5625 2816 5679 lin.
2842 5622 2954 5679 55‘:
2981 5623 3088 5678 Sed
3115 5625 3169 5678 in
3188 5624 3492 5687 collocando
3514 5633 3605 5690 be-

1997 5697 2205 5765 neﬁcio,
2231 5705 2339 5752 etc.

2079 5766 2096 5805 τ
2285 5767 2488 5850 aliquot
2510 5776 2698 5850 ethvet.
2729 5766 2886 5828 edit.,
2917 5765 3056 5836 {ante
3075 5765 3334 5850 laborare.

2076 5848 2100 5886 ε
2131 5839 2274 5897 Edit.
2311 5839 2518 5895 ultimae
2561 5839 2736 5894 Paris.
2770 5852 2892 5895 cum
2921 5853 3033 5896 uno
3082 5847 3180 5898 aut
3218 5841 3398 5903 altero
3445 5861 3606 5923 mss.,
