4078 6306
331 287 407 344 δε
1388 293 1475 348 DE
1514 288 1804 349 OFFlCllS
1836 284 2310 350 IIlNlSTRORUM
2354 294 2484 352 LIB.
2527 296 2568 351 Ι.
3578 301 3650 355 70

331 406 480 462 inter
509 417 670 465 natos
710 409 1030 475 mulierum,
1076 409 1300 466 lnl‘eriar
1334 420 1510 467 tamen
1558 421 1677 466 erat
1718 427 1804 475 eo,
1847 411 1934 481 qui
1965 405 2022 467 Δ
2116 433 2234 490 ίδί,
2273 434 2426 490 unde
2468 435 2726 490 imitanda
2756 437 2911 491 “ubi,

334 499 520 553 minor
547 510 636 557 est
656 502 710 556 in
743 517 912 572 regna
937 501 1224 558 caelorum.

411 591 536 646 157.
573 592 764 650 Potest
794 602 850 650 et
887 596 965 650 sic
997 612 1009 648 :
1061 594 1174 652 Non
1203 595 1444 652 abundat
1490 597 1581 652 Dei
1607 599 1778 666 gratia
1807 611 1934 652 cor-

335 683 626 750 poraliter,
679 687 804 756 quia
847 686 1109 753 spiritalis
1149 695 1252 742 est.
1285 687 1418 754 Quis
1464 698 1647 756 potest
1686 689 1804 759 ejus
1846 701 1937 744 aut

334 776 771 846 magnitudinem
794 787 888 833 aut
911 779 1248 835 latitudinem
1267 781 1748 850 comprehendere,
1775 799 1934 853 quant

338 883 448 924 non
495 869 682 925 videt?
727 871 887 926 Fides
931 872 975 927 si
1033 874 1191 928 luerit
1246 875 1385 930 sicut
1432 891 1659 942 granum
1709 877 1933 948 sinapis,

337 974 556 1019 montes
599 967 895 1021 transferre
936 976 1146 1036 potest,
1200 976 1257 1024 et
1311 984 1416 1022 non
1460 971 1552 1026 tibi
1604 971 1762 1026 datur
1793 973 1931 1026 ultra

335 1075 568 1130 granum
613 1061 840 1130 sinapis.
873 1061 932 1118 Si
961 1062 1200 1119 abundet
1248 1064 1301 1118 in
1336 1076 1386 1120 te
1427 1066 1598 1134 gratia
1629 1075 1678 1131 δ,
1708 1082 1814 1122 non
1851 1079 1936 1123 est

337 1153 639 1210 verendum
663 1170 730 1209 ne
754 1169 910 1212 mens
929 1165 1018 1210 tua
1043 1165 1196 1212 tanta
1214 1172 1440 1213 munere
1462 1158 1688 1227 incipiat
1710 1160 1931 1225 extolli;

334 1246 464 1316 quia
494 1247 646 1300 multi
679 1258 808 1302 sunt
839 1250 928 1316 qui
962 1251 1030 1302 ab
1064 1248 1350 1306 altitudine
1377 1250 1558 1305 cordis
1588 1252 1672 1306 sui
1717 1253 1935 1321 gravius

333 1346 702 1404 corruerunt,
761 1355 920 1409 quant
971 1339 1018 1393 si
1083 1341 1285 1395 nullam
1350 1342 1668 1398 habuissent
1719 1343 1932 1398 Domini

332 1429 609 1500 gratiam?
652 1430 723 1486 Et
767 1433 856 1500 qui
894 1448 1087 1503 parum
1118 1433 1316 1500 habet,
1362 1451 1468 1489 non
1522 1436 1754 1502 minuit;
1803 1437 1931 1507 quia

333 1537 444 1577 non
504 1535 586 1579 est
627 1538 954 1594 corporeum
985 1532 1045 1579 ut
1087 1524 1396 1581 dividatur:
1448 1536 1504 1582 et
1547 1527 1689 1598 quod
1743 1543 1929 1598 parum

334 1617 551 1672 videtur
583 1616 826 1682 babenti,
851 1617 1146 1686 plurimum
1178 1627 1261 1674 est
1287 1619 1373 1673 cui
1411 1619 1545 1674 nihil
1574 1618 1751 1676 deest.

407 1709 659 1784 42158.
691 1711 1098 1768 Consideranda
1127 1711 1153 1752 δ
1181 1713 1344 1768 etiam
1371 1715 1423 1768 in
1459 1714 1738 1784 largiendo
1760 1713 1930 1786 (Diu.

330 1805 428 1869 86,
460 1821 506 1860 c.
537 1802 946 1875 Consideranda)
982 1815 1114 1861 :ctas
1143 1816 1309 1876 atque
1344 1807 1620 1874 debilitas,
1657 1825 1930 1865 nonuum-
1963 1796 2013 1857 Β

331 1913 497 1968 quam
517 1897 684 1953 etiam
701 1898 1050 1962 verecundia,
1073 1914 1194 1970 quae
1209 1901 1474 1968 ingenuas
1493 1902 1673 1972 prodit
1691 1903 1934 1969 natales;

335 1988 626 2045 utsenibus
642 1989 761 2058 plus
775 1989 938 2059 largia
948 1989 1042 2057 ris,
1060 1990 1263 2059 quisibi
1279 1993 1466 2047 labore
1479 1995 1588 2062 jam
1610 2011 1717 2050 nott
1730 2005 1938 2064 queunt

332 2083 536 2138 victum
568 2098 834 2153 quaerere.
862 2082 1130 2140 Similiter
1177 2096 1231 2141 et
1275 2086 1532 2143 debilitas
1567 2091 1836 2159 corporis,
1882 2100 1938 2146 et

330 2174 454 2231 haec
515 2175 752 2244 juvanda
808 2178 1129 2247 promptius.
1178 2179 1313 2235 Tum
1350 2182 1395 2236 si
1440 2182 1565 2252 quis
1613 2199 1680 2238 ex
1730 2185 1936 2240 divitiis

331 2269 535 2326 cecidit
588 2271 640 2325 in
686 2281 986 2340 egestatem
1023 2290 1034 2324 ε
1070 2283 1125 2330 ει
1163 2275 1396 2330 maxime
1430 2277 1473 2330 si
1504 2289 1612 2332 non
1653 2277 1783 2332 vitio
1812 2295 1932 2346 stin,

297 2363 431 2422 -aed
460 2375 546 2418 aut
569 2364 885 2431 latrociniis,
910 2373 1004 2420 aut
1032 2369 1458 2437 proscriptione,
1491 2381 1585 2427 aut
1614 2371 1932 2438 calumniis,

329 2469 458 2525 qum
486 2454 737 2518 habebat,
767 2457 978 2511 amisit.

415 2545 536 2602 159.
573 2545 680 2604 Sed
739 2545 876 2603 forte
922 2548 1067 2606 dicat
1108 2550 1304 2623 aliquis
1354 2570 1367 2607 :
1419 2550 1608 2610 Caecus
1651 2573 1761 2613 uno
1817 2559 1938 2616 loco

327 2639 491 2694 sedet
538 2649 593 2694 et
660 2641 1014 2710 praeteritur,
1072 2652 1127 2699 et
1164 2644 1384 2714 juvenis
1418 2647 1630 2705 validus
1678 2650 1936 2723 frequen-

328 2740 423 2788 ter
462 2733 677 2803 accipit.
730 2734 793 2788 Et
841 2751 1029 2792 verum
1075 2747 1194 2804 est,
1253 2741 1377 2810 quia
1427 2742 1642 2814 obrepit
1690 2761 1786 2815 per
1835 2748 1935 2802 im-

330 2827 744 2896 portunitatem.
772 2827 888 2884 Non
906 2839 988 2885 est
1011 2831 1349 2902 illudjudicii
1371 2877 1386 2900 ,
1406 2837 1499 2891 sed
1525 2838 1693 2893 tedii.
1721 2840 1854 2896 Nam
1882 2853 1938 2898 et

329 2921 598 2978 Dominus
623 2925 700 2978 ait
738 2926 790 2978 in
823 2924 1115 2995 Evangelia
1139 2926 1294 2997 (Luc,
1325 2945 1398 2994 xl,
1428 2932 1484 3004 8)
1509 2932 1578 2988 de
1606 2949 1672 2989 eo
1701 2936 1798 3005 qui
1822 2936 1934 3006 jam

324 3017 603 3074 clauserat
643 3021 840 3076 ostium
868 3034 1048 3088 suum,
1083 3023 1129 3077 si
1162 3026 1282 3093 quis
1325 3028 1524 3081 ostium
1575 3031 1696 3099 ejus
1748 3049 1936 3100 proca-

327 3113 454 3168 cius
481 3115 691 3184 pulset,
727 3115 850 3184 quia
882 3117 1053 3188 surgit
1091 3126 1146 3174 et
1175 3119 1266 3174 dat
1295 3119 1371 3174 illi
1413 3133 1639 3194 propter
1672 3126 1932 3196 importu-

327 3207 587 3263 nitatem.

913 3303 1142 3361 CAPUT
1173 3305 1372 3362 XXXI.

329 3391 620 3461 Acceptum
639 3395 932 3464 beneﬁcium
957 3397 1172 3472 largiori
1201 3417 1358 3455 manu
1383 3406 1759 3462 remetientlum
1786 3418 1937 3465 terra

412 3484 715 3554 prtecipitur
741 3490 969 3560 exemplo
1000 3507 1018 3544 :
1039 3507 1133 3544 nec
1165 3507 1267 3546 non
1297 3493 1555 3551 adductus
1601 3499 1670 3552 ad
1701 3501 1932 3555 eamdem

414 3592 528 3631 rem
556 3576 849 3635 Salomonis
894 3582 955 3637 de
998 3585 1230 3640 convivio
1272 3586 1435 3654 locus,
1482 3600 1662 3660 postea
1712 3595 1937 3662 spiritali

411 3685 570 3726 sensu
594 3672 885 3741 exponitur.

415 3763 538 3819 160.
567 3764 856 3822 Pulchrum
885 3783 1102 3840 quoque
1123 3781 1208 3827 est
1249 3775 1664 3844 prapeusiorem
1695 3777 1813 3849 ejus
1842 3779 1937 3836 ha-

323 3855 453 3912 beri
488 3857 774 3922 rationem,
809 3861 898 3930 qui
930 3862 1025 3917 tibi
1056 3873 1149 3920 aut
1170 3875 1192 3904 ο
1215 3865 1542 3925 benelicium
1573 3873 1814 3943 aliquod,
1843 3886 1938 3933 aut

321 3965 535 4008 munus
591 3952 848 4019 contulit,
901 3955 947 4009 si
999 3956 1115 4026 ipse
1168 3959 1222 4014 in
1283 3963 1663 4020 necessitatem
1723 3967 1934 4026 incidit.

323 4044 479 4113 Quid
507 4046 650 4101 enim
679 4055 789 4104 tam
829 4057 1018 4106 contra
1061 4050 1324 4118 ot'ticium,
1355 4071 1516 4127 quam
1565 4074 1672 4115 non
1702 4063 1937 4122 reddere

325 4139 486 4211 quod
533 4145 817 4211 acceperis
843 4144 866 4198 ἲ
891 4142 1003 4202 Nec
1040 4161 1296 4204 mensura
1339 4152 1502 4220 pari,
1557 4155 1652 4210 sed
1685 4156 1938 4216 uberiore

326 4235 677 4290 reddendum
725 4238 984 4304 arbitror,
1018 4251 1073 4297 et
1097 4237 1124 4277 ά
1153 4257 1311 4300 usum
1360 4260 1593 4315 pensare
1639 4250 1933 4320 beneﬁcii;

327 4336 400 4385 ut
426 4341 482 4385 et
510 4341 566 4385 tu
585 4331 903 4402 subvenias,
928 4344 1193 4405 quantum
1214 4338 1332 4408 ejus
1352 4355 1649 4398 aerumnam
1679 4347 1934 4416 repellas.

328 4423 553 4477 Etenim
575 4427 909 4494 superiorem
934 4445 1040 4483 non
1072 4445 1194 4486 esse
1223 4431 1276 4486 in
1318 4433 1604 4491 referenda
1639 4447 1663 4476 ο
1686 4454 1849 4508 quam
1883 4441 1937 4496 in

323 4519 668 4574 conferendo
697 4520 986 4587 beneﬁcio,
1004 4523 1105 4578 hoc
1129 4532 1213 4579 est
1242 4525 1506 4582 minorem
1521 4543 1664 4594 esse,
1681 4533 1935 4601 quoniam

324 4611 428 4679 qui
460 4611 611 4681 prior
629 4613 883 4682 contulit,
917 4622 1166 4686 tempore
1188 4620 1441 4689 superior
1462 4633 1563 4688 est,
1596 4624 1935 4684 humanitate

326 4719 509 4775 prtor.

411 4832 678 4916 ibicgatio
703 4855 809 4896 non
836 4839 992 4916 deest
1022 4841 1073 4896 in
1101 4843 1232 4898 edit.
1264 4847 1518 4903 omnibus
1545 4860 1600 4906 et
1629 4868 1760 4908 mss.
1794 4873 1932 4916 non-

323 4905 616 4989 nullis;ea
641 4919 819 4996 tamen
847 4912 901 4994 in
929 4913 1084 4983 longe
1103 4915 1346 4996 pluribus
1369 4905 1924 4996 potioribusque

320 4982 624 5046 reperitur.
655 4984 707 5037 Si
743 5000 838 5052 per
865 4982 1348 5059 interrogationem
1369 4982 1708 5050 "sententiam
1744 4982 1930 5059 nobis;

319 5059 790 5129 cumitcceperis;
819 5073 928 5110 non
960 5057 1275 5129 incongrue.

406 5119 441 5214 Et
465 5120 578 5214 Cic.
604 5119 700 5214 lib:
734 5119 786 5192 ιζ
804 5146 924 5214 pag.
945 5132 1073 5214 7357,
1102 5119 1197 5192 lin.
1227 5135 1260 5214 β
1287 5155 1299 5190 :
1327 5133 1556 5214 Tertium
1588 5150 1663 5193 est
1690 5147 1928 5214 preposi-

320 5204 482 5286 cum,
495 5205 565 5286 111
597 5198 650 5286 in
679 5198 1034 5286 beneﬁcentia,
1069 5216 1177 5261 etc.
1226 5208 1378 5286 Item.
1408 5209 1501 5286 lib_.
1544 5226 1617 5286 tt,
1642 5198 1760 5283 pag.
1787 5198 1922 5286 382,

319 5265 361 5320 li
375 5281 434 5348 n.
553 5285 572 5348 :_
591 5268 670 5348 ln_
681 5273 774 5348 illo
793 5265 964 5328 autem
977 5275 1138 5329 altera
1157 5295 1339 5348 genere
1361 5265 1618 5348 largiendi
1670 5265 1778 5341 ere.

409 5345 431 5373 ε
450 5337 624 5418 tum.
657 5343 751 5400 lib.
786 5361 838 5418 ιι
871 5361 988 5414 pag.
1019 5337 1287 5416 557,'tiu.
1317 5350 1389 5406 20
1415 5337 1554 5407 :"si‘n
1577 5337 1752 5408 autem
1766 5337 1928 5414 verunt

317 5417 632 5496 mejrtt'a,.ut
677 5431 780 5469 non
824 5417 1072 5496 ineunda,
1096 5421 1186 5475 sed
1213 5423 1483 5488 referenda
1506 5425 1573 5478 sit
1592 5429 1782 5496 gratia,
1815 5444 1921 5485 etc.

403 5477 442 5568 ά.
463 5480 607 5568 Edit.
636 5501 722 5567 ac.
757 5490 908 5556 pauci
929 5477 1071 5548 mss;
1090 5510 1238 5547 usum
1259 5477 1926 5568 pensandum

318 5556 797 5628 tanto_subrenias,
825 5573 1038 5628 quanto,
1067 5572 1172 5619 etc.

407 5633 432 5659 ε·
466 5625 636 5700 Quam
681 5630 734 5682 in
782 5625 1109 5700 conferendo,
1137 5635 1336 5693 desunt
1380 5638 1432 5694 in
1463 5639 1675 5695 duobus
1702 5657 1832 5697 mss.
1867 5657 1924 5700 et

315 5690 494 5775 Rom.
522 5698 654 5775 cdit.
685 5700 782 5775 sed
814 5690 1118 5775 in'reliquis
1144 5690 1924 5774 εὶέῖάῆιζῖιεῖἑὲιῖξυὶῖἶιιῖό

318 5765 500 5834 modo
527 5765 849 5834 impediunt.

409 5832 431 5874 ί
451 5833 566 5899 Cic-
601 5832 696 5900 lib.
725 5855 745 5899 ι
771 5842 1090 5920 (δώρημα.
1117 5848 1245 5918 557,
1271 5849 1368 5908 lin.
1383 5850 1454 5910 24
1484 5870 1498 5910 :
1529 5852 1716 5911 Annon
1731 5855 1924 5913 imitari

2942 445 3025 492 est
3063 438 3114 493 in
3148 438 3250 493 hac
3277 455 3497 512 quoque
3540 459 3637 497 na-

2043 537 2160 584 tura
2209 541 2508 596 terrarum,
2559 547 2681 603 qua:
2713 542 3021 604 susceptum
3071 550 3261 590 semen
3302 535 3634 606 multiplica-

2041 623 2163 678 tiori
2213 626 2356 680 solet
2400 640 2627 680 numero
2683 626 2911 682 reddere
2964 644 3127 698 quam
3190 631 3481 699 acceperit.
3518 629 3644 687 ldeo

2043 717 2134 771 tibi
2158 719 2420 789 scriptum
2446 727 2527 774 est
2551 737 2563 771 :
2590 719 2738 776 Sicut
2761 721 3082 792 agricultura
3099 732 3173 776 est
3195 722 3349 776 homo
3371 724 3640 796 insipiens,

2041 820 2086 862 et
2137 820 2396 880 tamquam
2442 812 2589 864 vinea
2644 810 2800 866 homo
2853 829 3009 883 egens
3057 831 3228 868 sensu.
3270 815 3332 868 Si
3372 817 3639 885 reliqueris

2040 919 2177 970 eunt,
2202 905 2520 960 desolabitur
2550 904 2735 977 (Prov.
2767 921 2914 972 XXIV,
2939 907 3030 972 ΞΟ,
3056 906 3170 978 51).
3218 909 3370 965 Sicut
3405 912 3643 982 agricul-

2042 1006 2158 1050 tura
2185 1015 2315 1068 ergo
2353 1000 2514 1053 etiam
2558 999 2799 1067 sapiens,
2834 1010 2889 1054 ut
2933 1009 3205 1071 tamquam
3248 1000 3493 1058 fenerata
3535 1005 3641 1060 sibi

2039 1089 2244 1159 majore
2294 1106 2547 1146 mensura
2586 1090 2796 1146 semina
2857 1101 3109 1162 Suscepta
3159 1092 3427 1147 restituat.
3471 1095 3636 1150 Terra

2038 1195 2167 1250 ergo
2192 1191 2284 1235 aut
2321 1191 2654 1250 spontaneos
2683 1182 2893 1238 fructus
2917 1187 3221 1254 germinat,
3273 1195 3364 1239 aut
3401 1187 3645 1243 creditas

2039 1272 2295 1326 uberiore
2325 1274 2544 1328 cumulo
2576 1274 2814 1329 refundit
2840 1290 2902 1329 ac
2927 1275 3123 1330 reddit.
3144 1274 3444 1348 Utrumque
3469 1277 3640 1334 debes

2037 1365 2270 1434 quodam
2316 1367 2658 1422 h:ereditario
2704 1383 2804 1423 uSu
2859 1371 3129 1438 parentis,
3187 1387 3252 1424 ne
3316 1372 3642 1441 relinquaris

2039 1456 2539 1514 sicutinl'tecundus
2559 1474 2705 1529 ager.
2726 1460 2857 1515 Esto
2877 1471 3054 1516 tamen
3080 1472 3136 1516 ut
3159 1463 3356 1532 aliquis
3379 1480 3642 1521 excusare

2038 1548 2212 1617 poSsit
2242 1546 2260 1585 ί
2291 1549 2433 1622 quod
2466 1565 2573 1604 non
2599 1549 2834 1616 dederit,
2868 1554 3143 1622 quonmdo
3176 1571 3438 1611 excusare
3463 1566 3644 1626 potest

2039 1641 2180 1709 quod
2213 1657 2317 1696 non
2365 1642 2714 1698 reddiderit?
2746 1652 2770 1690 8
2792 1642 2904 1698 Non
2929 1645 3060 1701 dare
3102 1647 3352 1719 cuiquam
3374 1651 3460 1704 vix
3492 1651 3642 1713 licet,

2041 1747 2147 1786 non
2172 1733 2398 1788 reddere
2429 1750 2558 1788 vero
2583 1749 2687 1789 non
2717 1735 2865 1791 licet.

2115 1829 2230 1884 162.
2261 1829 2390 1886 Ideo
2416 1833 2638 1901 pulchre
2685 1834 2943 1891 Salomon
2976 1839 3051 1892 ait
3080 1857 3092 1891 :
3119 1839 3181 1893 Si
3203 1841 3393 1896 sederis
3429 1859 3632 1898 caenare

2039 1921 2108 1975 ad
2136 1940 2361 1978 mensam
2397 1926 2639 1992 potentis,
2685 1929 2941 2000 sapienter
2970 1932 3204 2003 iutellige
3245 1951 3304 1988 ea
3343 1952 3459 2006 qua:
3480 1954 3644 2010 appo-

2041 2028 2235 2070 nuntur
2264 2017 2350 2070 tibi
2373 2035 2391 2071 :
2418 2028 2468 2072 et
2498 2020 2640 2074 mitte
2667 2038 2878 2076 manum
2908 2034 3049 2077 tuam
3081 2026 3244 2080 sciens
3266 2028 3404 2095 quod
3432 2041 3636 2098 oportet

2038 2122 2086 2166 te
2130 2112 2255 2165 (alia
2301 2129 2617 2185 praeparare.
2653 2114 2714 2170 Si
2734 2126 2905 2170 autem
2923 2120 3230 2173 insatiabilis
3284 2138 3367 2188 es,
3406 2119 3644 2196 “noli

2039 2205 2401 2274 concupiscere
2447 2222 2590 2260 escas
2620 2211 2771 2279 ejus;
2824 2210 2933 2264 [nec
2977 2212 3112 2266 enint
3163 2214 3396 2271 obtinent
3425 2213 3452 2253 ιι
3487 2219 3642 2272 vitam

2039 2296 2278 2364 fallacem
2305 2297 2489 2369 (Prov.
2521 2314 2672 2364 χχιιι,
2702 2303 2725 2356 1
2754 2310 2801 2356 et
2823 2303 2978 2374 seq.).
3009 2304 3158 2373 Quas
3195 2323 3295 2362 nos
3321 2307 3518 2364 imitari
3551 2327 3646 2366 Cll-

2042 2390 2252 2457 pientes
2307 2393 2648 2461 sententias,
2700 2395 3037 2466 scripsimus.
3093 2397 3354 2456 Conferre
3406 2403 3638 2474 gratiam

2041 2481 2244 2537 bonum
2271 2493 2358 2540 est
2391 2503 2404 2538 :
2438 2495 2494 2540 at
2523 2487 2614 2557 qui
2652 2485 2856 2543 referre
2902 2491 3111 2559 nescit,
3149 2491 3496 2551 durissimus.
3532 2483 3643 2552 ﬂun-

2040 2579 2319 2635 manitatis
2344 2583 2652 2651 exemplum
2675 2583 2788 2653 ipsa
2832 2591 2974 2640 terra
3001 2587 3264 2657 suggerit.
3287 2588 3640 2659 Spontaueos

2038 2670 2248 2726 fructus
2300 2675 2568 2732 ministrat
2619 2693 2755 2748 quas
2789 2695 2895 2734 non
2945 2683 3178 2746 severis,
3211 2685 3638 2755 multiplicatum

2049 2781 2264 2836 quoque
2304 2768 2480 2823 reddit
2523 2770 2667 2841 quod
2717 2776 3012 2844 acceperit.
3063 2774 3275 2848 Negare
3328 2779 3423 2834 tibi
3484 2797 3646 2851 pecu-

2040 2860 2186 2915 niam
2217 2874 2556 2918 numeratam
2587 2880 2693 2922 non
2720 2867 2866 2932 licet,
2899 2870 3172 2939 quomoda
3203 2870 3330 2928 licet
3357 2885 3639 2944 acceptant

2042 2971 2148 3010 non
2186 2955 2388 3014 referre
2427 2960 2693 3031 gratiam?
2728 2959 2741 2997 ί
2778 2962 2834 3017 ln
2864 2964 3172 3032 proverbiis
3199 2981 3414 3038 quoque
3441 2967 3632 3037 habes,

2039 3049 2183 3119 quod
2214 3049 2286 3105 ita
2311 3052 2602 3121 plurimum
2632 3054 2928 3110 redhibitio
2955 3057 3050 3111 ista
3073 3061 3262 3128 gratiae
3291 3061 3430 3130 apud
3466 3063 3632 3118 Deum

2040 3146 2327 3199 Consuevit
2361 3147 2585 3214 valere,
2637 3157 2695 3202 ut
2739 3149 2905 3204 etiam
2958 3154 3010 3205 lu
3058 3151 3148 3206 die
3195 3154 3366 3209 ruinte
3399 3156 3642 3214 inveniat

2040 3243 2264 3311 gratiam
2303 3243 2520 3311 quando
2552 3256 2775 3313 possunt
2810 3247 3229 3317 prchonderare
3273 3262 3517 3319 peccata.
3565 3255 3630 3309 Et

2039 3334 2166 3404 quid
2217 3335 2338 3390 aliis
2369 3346 2489 3391 utar
2518 3339 2809 3408 exemplis,
2842 3356 2967 3395 cum
2999 3341 3261 3398 Dominus
3307 3344 3424 3415 ipse
3452 3363 3634 3404 remu-

2040 3429 2373 3483 nerationem
2422 3431 2734 3486 uberiorem
2777 3446 3087 3490 sanctorum
3122 3439 3334 3494 meritis
3374 3440 3426 3495 in
3472 3442 3644 3497 Evan-

2039 3521 2182 3592 gelia
2222 3522 2579 3593 polliceatur,
2639 3533 2801 3595 atque
2847 3525 3171 3584 exhortatur
3227 3543 3283 3587 ut
3341 3548 3631 3604 operemur

2040 3614 2240 3668 bonum
2271 3630 2427 3684 apus,
2474 3615 2703 3671 dicens:
2737 3617 2992 3675 Dimittitc
3038 3633 3086 3678 et
3129 3623 3413 3681 dimittetur
3454 3629 3630 3698 vobis;

2040 3707 2160 3762 date
2181 3719 2228 3762 et
2257 3708 2461 3762 dabitur
2482 3709 2660 3776 vobis;
2688 3713 2700 3760 ι
2740 3729 3035 3769 mensuram
3059 3716 3264 3786 bonam,
3308 3733 3634 3790 commotam,

2038 3803 2493 3871 superefﬂuentem
2531 3803 2728 3859 dabunt
2781 3807 2832 3860 in
2875 3807 3046 3862 sinum
3085 3821 3312 3867 vestrum
3351 3814 3528 3888 (Luc.
3563 3834 3636 3888 vr,

2040 3895 2131 3957 37.
2161 3895 2296 3967 δεμ

2115 3985 2236 4043 163.
2279 3988 2464 4060 Itaque
2511 3999 2566 4046 ct
2621 3990 2755 4047 illud
2803 3995 3113 4051 convivium
3163 3998 3473 4058 Salomonis
3528 4022 3636 4062 non

2039 4076 2109 4133 de
2135 4079 2291 4146 cibis,
2317 4080 2411 4135 sed
2454 4082 2523 4138 de
2567 4084 2827 4152 operibus
2848 4097 2934 4143 est
2963 4089 3141 4145 bonis.
3192 4092 3310 4159 Quo
3345 4096 3490 4150 enim
3516 4115 3628 4154 mc-

2039 4173 2148 4228 lius
2181 4175 2470 4245 epulantur
2519 4179 2705 4244 animi,
2737 4197 2901 4252 quam
2948 4183 3104 4241 battis
3134 4186 3291 4243 lactis
3318 4189 3341 4243 ξ’
3369 4190 3478 4247 Aut
3508 4195 3636 4260 quid

2042 4265 2190 4320 aliud
2234 4277 2340 4322 tam
2378 4267 2537 4325 facile
2591 4281 2769 4341 potest
2807 4275 3081 4345 justarutn
3127 4281 3349 4351 explere
3401 4298 3638 4358 mentes,

2042 4374 2200 4430 quam
2231 4361 2356 4416 boni
2384 4365 2569 4433 aperis
2596 4368 2928 4423 conscientia
2955 4371 3100 4439 'lQui
3134 4386 3314 4430 autem
3342 4378 3637 4448 jucundior

2043 4454 2217 4517 cibus,
2267 4471 2425 4526 quam
2460 4455 2642 4514 facere
2693 4461 3028 4520 voluntatem
3087 4467 3225 4522 Dei?
3256 4470 3427 4538 Quem
3456 4474 3638 4534 cibum

1964 4583 2020 4645 D
2045 4546 2148 4600 sibi
2180 4547 2356 4602 solum
2378 4549 2640 4608 Dominus
2653 4553 2932 4613 abundare
2950 4564 3296 4630 memoravit,
3314 4565 3638 4640 sicutscrip-

2046 4650 2155 4695 tum
2186 4652 2270 4696 est
2300 4643 2350 4697 in
2384 4643 2678 4716 Evangelia
2703 4664 2716 4700 :
2746 4646 2896 4705 Meus
2925 4652 3069 4708 cibus
3097 4663 3193 4720 est,
3229 4665 3281 4709 ut
3310 4659 3500 4728 faciant
3533 4678 3626 4716 vo-

2041 4733 2288 4791 luntatem
2309 4734 2485 4792 Patris
2504 4739 2601 4793 mei
2621 4741 2708 4809 qui
2738 4749 2812 4798 est
2832 4745 2884 4798 in
2912 4747 3039 4802 caelo
3069 4744 3250 4820 (Joan.
3276 4766 3344 4806 tv.
3377 4751 3493 4825 54).

2032 4873 2421 4972 agroi‘grtilles‘
2552 4877 2712 4972 multo
2735 4879 2853 4954 plus
2873 4882 3099 4972 aderunt
3125 4907 3278 4963 quam
3299 4913 3625 4972 acceperunt.

2105 4951 2130 4989 ε
2159 4941 2318 5009 lbid.,
2351 4941 2538 5039 [27
2567 4965 2588 5033 ς
2618 4941 2802 5039 Oenius
2835 4941 3005 5039 necne
3040 4941 3094 5015 in
3127 4941 3624 5039 irini-£35355;

2031 5023 2143 5089 est:
2171 5031 2277 5089 non
2301 5017 2516 5073 reddere
2540 5023 2648 5075 viro
2671 5024 2806 5080 bono
2834 5043 2936 5084 non
2968 5031 3102 5089 licet.

2099 5086 2537 5184 :‘QII-l‘llfoA-etii}:
2577 5101 2830 5184 et‘p‘auci
2879 5086 3243 5184 mss...“bitam
3271 5113 3480 5184 falsam.
3523 5120 3632 5175 Alii

2029 5157 2428 5263 ’multo'plgres,
2455 5165 2609 5263 uitam
2637 5157 2895 5263 (fallacem:
2928 5157 3090 5263 ιξὶξί,

2027 5232 2161 5333 {sine
2186 5231 2429 5333 ψῗγδοῦς.
2449 5237 2547 5333 Aql.
2569 5231 2776 5333 etII'l‘lti,
2804 5246 2908 5333 Καὶι
2923 5231 3090 5314 αὐτός’
3109 5231 3621 5333 ἆὲιιῖοῖφιεῐὲίῖιεέςλῖ

2036 5300 2103 5353 Ει
2129 5300 2386 5402 οοὶῑῑίηυυ
2419 5300 2535 5374 post
2561 5311 2692 5363 edit.
2723 5300 2972 5402 autem,
3003 5300 3272 5388 M5535

2035 5383 2311 5463 nos,netc.;
2344 5393 2473 5463 mss.
2510 5395 2673 5463 prope
2690 5387 2755 5463 ad
2785 5383 2970 5463 unum,
3001 5383 3127 5460 quas
3153 5413 3266 5463 nos,
3286 5383 3401 5456 ’θεοῖ

2112 5445 2127 5536 ξ
2153 5445 2314 5536 ‘Rout.
2348 5449 2494 5536 (adit.-
2510 5445 2622 5504 Sola
2632 5494 2645 5511 ,
2680 5453 2747 5509 In
2774 5445 3052 5536 Salomone
3478 5491 3497 5529 :
3532 5480 3626 5534 sed

2032 5523 2125 5606 aut
2143 5518 2462 5606 :Ambrasius
2483 5521 2658 5605 locum
2691 5531 3005 5606 memoriter
3024 5518 3623 5606 ei{uiti}ﬁliiﬁlii};

2035 5588 2399 5688 είέειμεθεειεεει
3090 5588 3476 5688 θριςέιέῖέὲὲἓῶ
3500 5588 3625 5688 εςῖάι

2033 5658 2362 5750 verbialibus
2376 5667 2653 5750 sententiis
2671 5658 2955 5750 Eccles'iam
2966 5658 3416 5750 icu'saliil'ia-vevr‘o'

2033 5727 2203 5828 edit?)
2227 5731 2358 5784 illud
2397 5735 2765 5828 conviviumii'n
2795 5727 3619 5828 ρνουέγὺὶίδίιὸῆκάευέὶίὶἵέῗέἶ

2109 5808 2123 5848 t
2168 5800 2324 5856 Rom.
2356 5802 2482 5858 cdit.
2519 5806 2654 5873 sola,
2684 5800 2978 5868 Mensuram
3017 5800 3210 5876 bonum
3239 5800 3546 5899 Supina”.
