4078 6306
477 277 542 335 71
1825 285 2073 345 SANCTI
2110 289 2434 350 AMBROSII
3723 295 3798 352 7%

549 389 674 447 161.
708 389 822 449 lloc
864 393 988 450 cibo
1035 393 1394 465 delectemur,
1422 397 1490 455 de
1518 413 1626 470 quo
1656 399 1731 455 ait
1756 398 2029 471 Pmplteta
2056 419 2069 454 :
2100 415 2157 476 Α
2179 405 2324 460 enim
2348 403 2576 476 suntqui
2598 403 2844 476 indigent
2871 403 3164 471 beneﬁcio,
3183 417 3346 476 quam
3378 404 3468 476 qui
3483 403 3796 461 abundant.

472 484 740 542 Delectare
771 489 824 542 in
858 487 1079 546 Domino
1113 491 1134 564 (
1161 490 1312 547 Psal.
1335 509 1522 561 xxxvi,
1556 492 1591 547 4
1616 495 1658 563 ).
1695 493 1808 548 Hoc
1837 493 1960 549 cibo
1987 494 2083 550 dc-

478 577 794 648 lectantur;
860 581 952 652 qui
1019 584 1334 653 superiores
1384 584 1783 640 delectationes
1847 584 2084 640 mirabili

485 671 707 743 ingenio
748 674 1324 744 comprehenderunt,
1355 677 1448 748 qui
1478 689 1703 749 possunt
1734 678 1879 734 scire
1909 679 2086 749 qualis

482 764 556 819 sit
614 764 704 818 illa
755 765 956 822 munda
1005 774 1064 823 et
1111 768 1474 840 intelligibilis
1522 769 1721 826 mentis
1769 770 2082 827 delectatio.

483 857 722 914 Edamus
776 874 906 932 ergo
965 875 1133 930 panes
1185 863 1501 932 sapientiae;
1569 873 1626 919 et
1672 873 1985 920 saturemur
2029 863 2086 918 in

481 953 649 1010 verbo
678 953 805 1021 Dei;
835 955 961 1027 quia
985 972 1090 1011 non
1120 957 1174 1012 in
1205 956 1323 1012 solo
1341 973 1503 1028 pane,
1533 957 1631 1014 sed
1663 957 1716 1012 in
1740 959 1886 1014 onmi
1917 957 2087 1014 verbo

483 1046 580 1102 Dei
629 1047 739 1102 vita
797 1059 881 1104 est
917 1049 1154 1106 hominis
1206 1049 1459 1120 factiggad
1504 1051 1796 1124 imaginem
1849 1052 1968 1106 Dei.
2012 1051 2088 1106 De

485 1143 681 1213 poculo
716 1159 853 1200 vero
881 1145 1018 1202 satis
1047 1161 1305 1216 expresse
1329 1145 1462 1202 dicit
1490 1158 1718 1202 sanctus
1747 1145 1852 1202 Job
1883 1163 1899 1203 ς
1935 1145 2091 1202 Sicut

481 1243 620 1288 terra
670 1245 980 1306 exspectans
1033 1237 1282 1308 pluviam,
1313 1238 1387 1292 sic
1427 1247 1476 1293 et
1527 1239 1615 1294 isti
1660 1255 1924 1294 sermones
1951 1254 2088 1292 meos

482 1325 646 1399 (Job.
671 1344 822 1400 xxix,
848 1330 964 1396 25).

1024 1425 1256 1484 CAPUT
1304 1426 1529 1484 XXXII.

487 1514 768 1574 Praemisso
822 1521 947 1590 quid
987 1523 1169 1594 gratia:
1199 1520 1261 1577 ob
1315 1524 1583 1578 memorati
1620 1522 1836 1578 convivii
1889 1522 2091 1596 fercula

557 1611 624 1666 sit
666 1613 1013 1683 referendum,
1069 1615 1227 1669 variw
1282 1616 1534 1671 reddendi
1584 1617 1822 1686 beneﬁcii
1857 1616 2091 1670 rationes

557 1714 889 1773 recensctur;
919 1706 1010 1761 ubi
1057 1718 1106 1762 et
1160 1708 1224 1764 de
1274 1711 1639 1765 benevolentia:
1666 1709 1840 1778 laude,
1888 1708 2091 1782 effectis

555 1807 708 1871 atque
727 1800 909 1855 ordine
935 1801 1230 1857 disseritur.

556 1892 680 1949 165.
706 1892 1008 1950 Pulchrum
1037 1903 1121 1950 est
1174 1910 1306 1967 ergo
1332 1904 1389 1951 ut
1422 1895 1732 1953 divinarum
1781 1896 2089 1969 Scriptura-
2117 1889 2165 1950 B

480 2000 603 2042 rum
636 1985 1026 2044 humescamus
1077 1989 1344 2059 alloquio,
1369 2000 1424 2045 et
1447 1991 1603 2061 quasi
1655 2007 1745 2046 ros
1772 1991 1854 2046 sic
1883 1989 1937 2044 in
1988 2003 2089 2045 nos

481 2079 578 2136 Dei
610 2081 773 2135 verba
801 2081 1162 2138 descendant.
1184 2080 1320 2138 Cum
1374 2083 1540 2154 igitur
1586 2083 1806 2140 sederis
1839 2084 1908 2139 ad
1940 2083 2088 2138 illam

482 2189 732 2230 mensam
761 2177 1018 2246 potentis,
1049 2177 1296 2249 intellige
1324 2180 1446 2249 quis
1476 2180 1550 2234 sit
1576 2180 1679 2234 iste
1711 2189 1924 2250 potens:
1959 2188 2015 2234 et
2037 2179 2090 2234 in

484 2268 737 2339 paradiso
765 2267 1155 2326 delectationis
1205 2271 1461 2342 positus,
1525 2275 1775 2344 atquein
1835 2273 2093 2328 convivio

481 2369 770 2441 sapientiae
811 2371 1049 2436 locatus,
1079 2371 1366 2426 considera
1398 2386 1520 2442 qua:
1577 2381 1928 2442 apponuntur
1971 2371 2086 2427 tibi.

478 2462 742 2530 Scripura
767 2462 954 2520 divina
983 2462 1298 2521 convivium
1329 2465 1619 2535 sapientia:
1641 2473 1728 2522 est
1761 2481 1774 2519 :
1804 2464 2004 2536 singuli
2027 2465 2093 2520 li-

482 2556 569 2614 bri
593 2557 810 2629 singula
837 2569 964 2613 sunt
993 2557 1224 2615 fercula.
1251 2557 1364 2632 44
1384 2559 1637 2630 lntellige
1665 2561 1820 2632 prius
1845 2575 1968 2632 quae
1991 2558 2091 2615 ba-

485 2649 651 2706 beant
679 2650 1013 2709 ferculorum
1055 2651 1248 2724 dapes,
1297 2665 1352 2708 et
1383 2665 1513 2708 tunc
1568 2655 1726 2709 mitte
1755 2669 2001 2721 manum;
2033 2661 2096 2709 ut

485 2757 551 2799 ea
581 2759 703 2816 quae
730 2743 866 2816 legis
895 2744 982 2801 vel
1009 2759 1134 2816 qua:
1155 2744 1358 2816 accipis
1381 2761 1411 2801 a
1433 2746 1664 2802 Domino
1687 2746 1799 2802 Deo
1822 2754 1938 2814 tuo,
1957 2762 2095 2818 ope-

485 2837 640 2893 ribus
661 2838 1006 2910 exsequaris,
1037 2849 1091 2896 et
1134 2840 1386 2896 collatam
1443 2841 1500 2896 in
1529 2849 1585 2898 te
1613 2843 1845 2914 gratiam
1894 2842 2094 2898 ol'liciis

485 2942 872 3002 repraesentes:
907 2940 966 2988 ut
1009 2933 1207 2989 Petrus
1234 2944 1290 2990 et
1335 2933 1561 3003 Paulus,
1593 2936 1685 3006 qui
1712 2935 2093 3007 evangelizan-

482 3022 556 3080 do
585 3025 761 3080 vicem
812 3025 1110 3097 quamdam
1149 3026 1390 3098 largitori
1420 3028 1666 3084 muneris
1702 3028 2090 3094 reddiderunt,

485 3127 545 3172 ut
574 3129 800 3188 possent
822 3119 1019 3191 singuli
1044 3118 1449 3176 dicerezGratia
1477 3131 1650 3176 autem
1682 3120 1781 3177 Dei
1806 3139 1922 3177 sum
1950 3121 2094 3192 quod

485 3229 621 3282 sum,
647 3221 695 3269 et
718 3213 889 3288 gratia
919 3217 1030 3288 ejus
1056 3230 1218 3288 egena
1241 3214 1297 3268 in
1327 3231 1407 3269 me
1428 3232 1530 3270 non
1552 3215 1676 3287 fuit:
1700 3216 1791 3270 sed
1815 3216 2094 3270 abundan-

487 3309 590 3364 tius
619 3309 727 3364 illis
755 3311 992 3365 omnibus
1021 3310 1248 3365 laboravi
1273 3309 1317 3384 (l
1347 3307 1474 3366 Cor.
1496 3328 1591 3379 xv,
1623 3311 1738 3382 10).
2079 3317 2086 3322 ’

561 3401 688 3458 166.
717 3401 876 3458 Alius
903 3418 1034 3475 ergo
1065 3404 1304 3460 fructum
1351 3405 1565 3476 accepti
1596 3404 1874 3474 beneficii,
1911 3414 1971 3460 ut
1999 3419 2098 3459 an-

485 3509 607 3552 rum
635 3507 1084 3568 auro,argentum
1115 3509 1340 3570 argento
1365 3499 1636 3571 rependit:
1670 3499 1810 3554 alius
1831 3499 2095 3565 laborem,

483 3588 644 3656 alius,
660 3587 804 3644 haud
826 3589 941 3645 scio
958 3607 1027 3646 an
1054 3591 1216 3647 etiam
1241 3592 1596 3663 locupletius,
1616 3601 1643 3631 ⁸
1663 3593 1838 3648 solum
1855 3593 2100 3650 restituit

480 3679 758 3737 affectum.
786 3681 926 3750 Quid
959 3683 1108 3739 enim
1137 3684 1182 3738 si
1205 3683 1470 3740 reddendi
1505 3684 1651 3740 nulla
1681 3683 1914 3740 facultas
1969 3700 2097 3754 sup-

486 3773 644 3845 petit?
667 3772 730 3830 In
757 3773 1026 3832 beneﬁcio
1055 3774 1348 3833 referendo
1373 3778 1495 3847 plus
1522 3777 1736 3832 animus
1770 3792 1933 3848 quam
1964 3791 2094 3832 cen-

486 3882 580 3924 sus
626 3877 924 3940 operatur:
956 3869 1240 3942 magisque
1270 3869 1654 3941 praaponderat
1690 3870 2094 3937 benevolentia,

484 3977 648 4033 quam
680 3962 1016 4034 possibilitas
1046 3962 1319 4020 referendi
1346 3978 1400 4018 ω
1417 3964 1628 4020 uneris.
1651 3963 1838 4020 Gratia
1865 3965 2015 4020 enim
2041 3965 2095 4019 in

487 4071 554 4113 eo
575 4055 694 4128 ipso
723 4056 868 4129 quod
895 4057 1146 4125 habetur,
1181 4059 1437 4114 refertur.
1464 4057 1654 4130 Magna
1678 4057 1839 4129 igitur
1862 4057 2098 4113 benevo-

484 4148 650 4206 lentia
678 4192 694 4218 ,
729 4166 852 4222 quae
876 4152 1042 4207 etiam
1072 4151 1117 4206 si
1146 4151 1280 4207 nihil
1301 4151 1570 4219 conferat,
1602 4151 1722 4222 plus
1750 4150 1971 4207 exhibet
1997 4167 2012 4205 :
2041 4160 2096 4206 et

485 4261 610 4303 cum
655 4247 708 4302 in
732 4245 1066 4319 patrimonio
1095 4246 1230 4302 nihil
1258 4246 1457 4302 habeat
1482 4287 1496 4311 ,
1532 4244 1764 4317 largitur
1809 4244 2089 4314 pluribus;

489 4345 650 4417 idque
671 4344 800 4401 facit
831 4345 952 4401 sine
977 4344 1088 4401 ullo
1115 4343 1199 4400 sui
1225 4341 1538 4412 dispendio,
1571 4349 1628 4398 et
1647 4341 1803 4396 lucro
1829 4339 2094 4395 omnium.

486 4437 556 4494 Et
569 4439 692 4495 ideo
706 4447 927 4509 praestat
942 4436 1322 4494 benevolentia
1334 4450 1495 4506 supra
1509 4436 1679 4506 ipsam
1693 4433 2098 4490 liberalitatem.

487 4527 661 4588 Ditior
710 4529 829 4587 haec
877 4531 1339 4602 moribusgquam
1394 4528 1486 4584 illa
1530 4527 1883 4596 muneribus;
1911 4528 2097 4600 plures

2261 497 2387 552 167.
2417 497 2512 553 Est
2539 506 2724 554 autem
2753 496 3135 554 benevolentia
3182 497 3348 554 etiam
3403 499 3698 569 conjuncta
3721 498 3800 554 li-

2187 591 2539 658 beralitati,a
2571 608 2678 664 qua
2731 593 2849 664 ipsa
2874 592 3181 650 liberalitas
3229 590 3614 663 proficiscitur,
3667 607 3800 648 cum

2188 682 2457 755 largitatis
2469 685 2722 740 allectum
2751 684 3000 756 sequitur
3017 683 3288 757 largiendi
3305 699 3455 740 usus:
3483 694 3538 741 et
3562 699 3801 754 separa-

2189 787 2242 833 ta
2269 790 2432 850 atque
2456 780 2712 837 discreta.
2730 781 2833 837 Ubi
2856 781 3002 837 enim
3023 781 3520 850 deestliberalitas,
3549 782 3800 838 benevo-

2189 870 2354 926 lentia
2382 883 2586 941 manet,
2616 873 2924 930 communis
2973 873 3224 946 quaedam
3261 891 3460 945 parens
3498 875 3746 931 omnium
3773 916 3794 944 ,

2189 980 2308 1035 qua:
2337 967 2628 1023 amicitiam
2665 969 2939 1023 connectit
2991 977 3044 1023 et
3073 967 3294 1038 copulat
3319 986 3332 1023 :
3357 965 3386 1006 ι’
3434 970 3488 1023 in
3539 967 3795 1026 consiliis

2190 1058 2465 1122 fidelis,in
2520 1061 2796 1130 proSperis
2850 1060 3082 1130 la3ta,in
3140 1061 3388 1116 tristibus
3436 1070 3668 1129 maesta;
3734 1068 3797 1116 ut

2191 1153 2562 1224 unusquisque
2590 1152 2968 1208 benevolentis
2993 1169 3055 1210 se
3102 1152 3275 1225 magis
3303 1168 3465 1224 quam
3531 1151 3800 1223 sapientis

2191 1245 2379 1301 credat
2400 1245 2648 1302 consilio:
2673 1256 2734 1302 ut
2753 1246 2921 1302 David
2944 1262 3067 1302 cum
3090 1255 3235 1302 esset
3259 1246 3600 1317 prudentior,
3631 1245 3808 1301 Jona-

2193 1337 2300 1394 tha:
2328 1346 2511 1394 tamen
2533 1339 2772 1410 junioris
2826 1340 3078 1395 consiliis
3136 1338 3542 1411 acquiescebat.
3581 1349 3603 1378 ο
3638 1338 3804 1394 Tolle

2191 1448 2264 1488 ex
2298 1448 2400 1488 usu
2432 1432 2714 1488 hominum
2749 1433 3185 1490 benevolentiam
3207 1475 3222 1500 ,
3254 1443 3530 1504 tamquam
3561 1432 3805 1503 soleme

2193 1528 2399 1584 mundo
2429 1528 2640 1593 tuleris,
2674 1528 2747 1583 ita
2779 1528 2886 1584 erit
2909 1544 2924 1595 ;
2949 1528 3070 1599 quia
3100 1531 3221 1584 sine
3251 1543 3315 1582 ea
3355 1543 3487 1583 usus
3508 1527 3804 1583 hominum

2194 1637 2318 1679 esse
2345 1638 2452 1680 non
2510 1631 2690 1693 potest
2717 1619 2744 1658 ἀ
2777 1632 2832 1678 ut
2854 1623 3224 1694 peregrinanti
3271 1631 3579 1677 monstrare
3605 1621 3750 1676 viam
3782 1661 3804 1687 ,

2192 1732 2450 1774 revocare
2473 1726 2772 1785 errantem,
2805 1727 2828 1754 ο
2861 1717 3080 1773 deferre
3111 1715 3434 1788 hospitium,
3467 1715 3599 1787 (non
3632 1715 3804 1787 igitur

2195 1812 2487 1869 mediocris
2509 1813 2710 1878 virtus,
2743 1811 2810 1866 de
2840 1826 2944 1882 qua
2975 1810 3077 1866 sibi
3130 1809 3426 1880 plaudebat
3476 1808 3580 1865 Job
3605 1809 3801 1864 dicens

2195 1905 2342 1979 (Job.
2368 1922 2515 1972 xxxi,
2542 1904 2660 1977 32):
2689 1904 2846 1961 Foris
2896 1914 3066 1958 autem
3097 1921 3200 1958 non
3254 1902 3520 1958 habitabat
3573 1901 3790 1973 hospes,

2185 2005 2356 2075 janua
2381 2017 2494 2055 mea
2510 2001 2652 2056 omni
2677 2000 2900 2055 venienti
2925 1999 3154 2071 patebat)
3198 2013 3393 2066 aquam
3417 1997 3484 2052 de
3509 2012 3648 2067 aqua
3676 2011 3808 2066 pro-

2193 2096 2383 2150 ﬂuenti
2409 2095 2564 2163 dare,
2596 2095 2782 2150 lumen
2805 2093 2874 2150 de
2891 2095 3094 2150 lumine
3115 2092 3440 2150 accendere.
3464 2092 3809 2149 Benevolen-

2195 2187 2270 2242 tia
2302 2187 2484 2258 itaque
2512 2188 2564 2242 in
2593 2187 2674 2242 his
2704 2197 2789 2242 est
2845 2187 3100 2243 omnibus
3122 2228 3136 2254 ,
3166 2195 3438 2258 tamquam
3482 2184 3602 2241 fons
3638 2200 3798 2256 aqua:

2193 2279 2450 2335 reficiens
2478 2279 2798 2344 sitientem,
2827 2289 2882 2334 et
2922 2288 3194 2350 tamquam
3250 2278 3434 2334 lumen
3465 2279 3610 2350 quod
3637 2278 3808 2334 etiam

2196 2373 2251 2428 in
2279 2373 2401 2428 aliis
2425 2373 2622 2442 luceat,
2650 2389 2751 2429 nee
2773 2373 2881 2429 illis
2905 2373 3048 2429 desit
3076 2413 3093 2443 ,
3121 2372 3214 2444 qui
3237 2371 3306 2429 de
3325 2387 3425 2428 suo
3447 2371 3657 2427 lumine
3682 2371 3810 2426 aliis

2196 2465 2379 2522 lumen
2400 2465 2778 2522 accenderint.

2267 2559 2394 2616 168.
2424 2560 2518 2614 Est
2539 2559 2704 2614 etiam
2733 2558 2822 2615 illa
2853 2557 3259 2615 benevolentia:
3298 2556 3624 2624 liberalitas,
3658 2566 3721 2613 ut
3749 2558 3798 2614 si

2193 2653 2344 2725 quod
2373 2651 2544 2707 habes
2565 2651 2832 2708 debitoris
2862 2651 3308 2723 chirographum,
3356 2651 3619 2707 scindens
3645 2651 3811 2707 resti-

2197 2755 2318 2800 tuas
2351 2786 2369 2814 ,
2425 2745 2560 2801 nihil
2615 2761 2645 2799 a
2698 2744 2952 2802 debitore
3017 2755 3348 2801 consecutus
3400 2743 3591 2799 debiti.
3648 2743 3809 2812 Quod

2193 2838 2453 2909 exemplo
2479 2837 2563 2892 sui
2596 2837 2778 2894 facere
2800 2853 2899 2894 nos
2929 2837 3132 2895 debere
3159 2837 3264 2894 Job
3293 2847 3522 2893 sanctus
3545 2836 3812 2895 admonet

2196 2931 2389 3004 (Ibid.,
2409 2931 2479 2987 35
2499 2942 2548 2986 ct
2578 2932 2735 3004 seq.).
2762 2931 2896 2986 Nam
2919 2933 3009 3004 qui
3040 2932 3230 3000 habet,
3259 2948 3366 2988 non
3388 2942 3687 2988 mutuatur:
3708 2931 3802 3004 qui

2197 3039 2307 3080 non
2351 3024 2556 3091 habet,
2588 3023 2951 3093 non,liberat
3001 3024 3387 3098 syngrapham.
3450 3025 3590 3092 Quid
3644 3023 3814 3094 igitur

2196 3121 2359 3178 etiam
2388 3121 2433 3176 si
2458 3122 2575 3191 ipse
2606 3135 2714 3176 non
2741 3121 2948 3192 exigas,
2978 3122 3158 3177 avaris
3185 3121 3495 3177 haeredibus
3523 3136 3803 3190 reservas,

2198 3229 2362 3285 quam
2407 3223 2562 3286 potes
2603 3229 2726 3268 cum
2783 3213 3180 3271 benevolentiae
3231 3214 3392 3272 laude
3443 3214 3566 3272 sine
3604 3215 3813 3274 damno

2126 3287 2172 3352 (ἶ
2203 3309 2448 3379 pecuniae
2479 3308 2916 3379 repraesentare?

2275 3399 2531 3474 45169.
2574 3400 2754 3472 Atque
2782 3402 3069 3472 utplenius
3093 3401 3485 3470 discutiamus;
3517 3402 3536 3441 ί
3567 3403 3811 3460 benevo-

2200 3498 2366 3555 lentia
2393 3515 2422 3553 a
2444 3497 2761 3554 domesticis
2775 3498 3010 3568 primum
3037 3497 3281 3570 profecta
3302 3500 3574 3569 personis,
3589 3499 3640 3555 id
3659 3509 3810 3568 est,a

2199 3591 2348 3658 filiis,
2366 3591 2706 3661 parentibus,
2725 3589 3007 3656 fratribus,
3025 3606 3124 3662 per
3149 3591 3594 3663 coniunctionum
3612 3592 3814 3665 gradus

2201 3681 2255 3738 in
2278 3682 2558 3738 civitatum
2576 3684 2829 3753 pervenit
2845 3683 3129 3752 ambitum,
3157 3691 3213 3740 et
3233 3683 3300 3740 de
3319 3682 3572 3756 paradiso
3590 3699 3814 3754 egressa

2199 3777 2461 3832 mundum
2516 3778 2769 3848 replevit.
2800 3779 3059 3849 iDenique
3096 3795 3220 3834 cum
3266 3780 3318 3836 in
3351 3780 3469 3835 viro
3515 3791 3572 3836 et
3607 3780 3816 3836 femina

2200 3868 2618 3930 benevolentem
2644 3871 2790 3926 Deus
2811 3872 3095 3942 'posuisset
3125 3872 3378 3929 allectum
3397 3916 3412 3940 ,
3442 3872 3614 3929 dixit:
3643 3873 3818 3930 Erunt

2199 3961 2352 4016 ambo
2369 3963 2422 4016 in
2436 3979 2537 4017 una
2553 3979 2708 4018 carne
2729 3963 2884 4035 (Gen.
2908 3981 2968 4033 Il,
2992 3964 3253 4037 24),etin
3273 3982 3381 4021 uno
3407 3966 3622 4038 spiritu.
3659 3967 3818 4025 Unde

2201 4071 2264 4112 se
2292 4055 2404 4112 Eva
2441 4059 2680 4128 serpenti
2711 4057 2980 4124 credidit;
3014 4059 3268 4130 quoniam
3314 4075 3435 4130 qum
3478 4059 3818 4118 benevolen-

2205 4149 2336 4206 tiam
2367 4161 2682 4222 acceperat,
2711 4167 2834 4208 esse
2857 4153 3297 4210 malevolentiam
3321 4168 3429 4209 non
3461 4153 3810 4225 opinabatur.

2749 4245 2980 4304 CAPUT
3017 4245 3262 4302 XXXIII.

2204 4336 2621 4394 Bcnevolentiam
2658 4339 2715 4395 in
2744 4338 2981 4395 Ecclesia
3029 4342 3273 4408 maxime,
3307 4348 3354 4396 et
3395 4343 3695 4396 earumdem
3721 4349 3820 4396 aut

2403 4433 2633 4504 aﬂinium
2660 4435 2906 4487 virtutum
2936 4433 3229 4488 hominibus
3258 4449 3604 4502 perseverare.

2281 4526 2408 4582 170.
2447 4526 2692 4600 Augetur
2723 4527 3104 4584 benevolentia
3129 4536 3277 4584 coetu
3306 4537 3331 4576 8
3363 4525 3654 4593 Ecclesizc,
3689 4526 3822 4584 ﬁdei

558 4726 585 4756 ⁸
615 4716 728 4775 Cic.
751 4713 911 4774 Olﬁc.
935 4713 1031 4770 lib.
1061 4727 1122 4778 ll,
1153 4725 1207 4780 p.
1235 4706 1361 4773 581,
1389 4707 1487 4764 lin.
1510 4707 1582 4763 9.6
1610 4725 1623 4763 :
1653 4705 1920 4764 Nimirum
1941 4708 2080 4763 enim
2111 4710 2166 4773 D
2267 4706 2285 4746 ί
2328 4707 2443 4764 Cic.
2473 4707 2630 4764 Offic.
2663 4695 2761 4765 lib.
2796 4723 2834 4773 ι,
2868 4722 2992 4779 pag.
3023 4707 3156 4780 557,
3188 4707 3285 4762 lin.
3309 4707 3379 4762 57
3411 4705 3668 4780 {Optime
3703 4722 3818 4780 _o_u-

485 4787 636 4858 inaps
663 4790 772 4857 ille,
806 4789 851 4843 si
877 4787 1041 4843 bonus
1071 4793 1144 4839 est
1171 4783 1266 4848 vir,
1294 4781 1492 4835 etiamsi
1513 4783 1706 4858 referre
1728 4782 1949 4848 gratiam
1978 4797 2083 4834 non

482 4853 672 4932 potest,
704 4853 891 4932 habere
918 4867 1052 4932 certe
1077 4862 1265 4932 potest,
1278 4853 1557 4932 coirtmodc
1581 4861 1778 4932 autem,
1791 4861 1904 4932 etc.

557 4930 586 4972 δ
605 4921 721 4990 Cic.
741 4931 895 4988 omc.
927 4929 1021 4984 lib.
1051 4921 1092 4992 i',
1122 4943 1174 4995 p.
1199 4924 1329 4992 558,
1359 4925 1454 4978 lin.
1485 4925 1556 4979 to
1584 4938 1598 4978 :
1623 4921 2085 4991 Consilia,sermo-

491 5019 603 5074 nes,
617 5004 1172 5079 cohortationes,_etc.
1300 5077 1307 5079 Α
1397 5067 1427 5079 γ’
1585 5066 1636 5079 Ν

567 5067 902 5132 ε’Τιυξιηειςιιίι
932 5081 1016 5128 est
1046 5070 1163 5126 h:cc
1193 5067 1463 5124 sententia
1491 5083 1558 5123 ex
1581 5067 1694 5124 Cic.
1719 5067 1816 5124 lib.
1842 5067 1911 5124 de
1933 5068 2084 5123 Ami-

488 5148 639 5213 citia.
677 5166 729 5217 p.
761 5147 891 5210 425,
938 5144 1035 5217 lin.
1090 5142 1177 5205 18,
1226 5141 1316 5217 ubi
1350 5142 1578 5217 habetur
1613 5157 1626 5194 :
1660 5140 2009 5217 Solemuenim
2058 5156 2086 5194 e

492 5211 689 5275 mundo
709 5219 888 5274 tollere
919 5215 1136 5278 videtur,
1171 5214 1257 5283 qui
1287 5213 1569 5266 amicitiam
1592 5227 1618 5265 e
1645 5211 1749 5265 vita
1775 5213 1983 5266 tollunt.

561 5290 589 5330 ά
618 5293 733 5348 Cic.
766 5289 862 5346 lib.
891 5306 904 5343 ι
933 5287 1091 5344 Oftic.
1122 5301 1176 5355 p.
1208 5283 1333 5348 558,
1363 5284 1459 5338 lin.
1491 5287 1525 5340 5
1560 5301 1572 5335 :
1605 5283 1689 5338 Ea:
1712 5299 1810 5352 quo
1841 5295 1958 5338 sunt
1979 5284 2084 5354 illa

491 5363 784 5419 communia
817 5377 836 5417 :
885 5376 989 5416 non
1017 5355 1286 5431 prohibere
1315 5372 1502 5426 aquam
1535 5357 1874 5426 proﬂuentem
1917 5372 1935 5410 :
1977 5358 2085 5426 pati

491 5435 556 5490 ab
584 5437 722 5491 iane.
754 5445 860 5490 etc.

565 5455 946 5571 ειῗίξέιῗῒέθε,
967 5501 1166 5572 deferre
1205 5500 1488 5562 hospitium
1517 5543 1531 5559 .
1563 5499 1695 5555 edit.
1718 5498 1876 5572 Rom.
1909 5499 2085 5554 conti-

493 5593 602 5635 nuo
628 5579 924 5650 sttbjungit,
955 5571 1242 5650 aquam_de
1261 5590 1396 5641 aqua
1423 5572 1701 5650 pro/luenti
1732 5571 1880 5638 dare,
1903 5572 2082 5650 lumen

488 5650 553 5707 de
581 5643 773 5706 lumine
811 5643 1113 5705 Ecccndere.
1155 5644 1353 5701 Verum
1405 5661 1513 5699 non
1557 5643 1691 5698 satis
1732 5643 2085 5698 attendernnt

488 5723 582 5793 qui
625 5723 676 5778 ei
716 5720 1069 5793 praefuerunt.
1104 5719 1202 5773 viri
1235 5716 1563 5793 dot-tissimi,
1599 5715 1765 5793 verba
1795 5715 1919 5779 ista,
1956 5711 2082 5767 Non

489 5786 666 5867 ibitur,
695 5786 826 5867 etc,
855 5792 1144 5867 quamdam
1165 5805 1288 5867 esse
1313 5786 1662 5867 parenthesin
1687 5801 1810 5867 quin
1833 5800 2084 5867 percau-

494 5858 612 5927 ἔδω
635 5858 947 5935 verborum,
977 5864 1176 5936 deferre
1196 5861 1495 5933 hospitium,
1526 5858 1837 5915 introducta
1870 5865 1975 5913 est.

2191 4789 2290 4834 tem
2318 4781 2538 4834 societas
2568 4780 2836 4834 hominum
2857 4777 2885 4844 ,⁷
2905 4777 3014 4834 etc.
3050 4779 3210 4846 Item,
3234 4794 3358 4850 pag.
3389 4777 3535 4844 556‘,
3564 4779 3661 4832 lin.
3694 4777 3769 4833 16
3800 4798 3815 4835 :

2193 4852 2396 4906 Arctior
2451 4868 2569 4906 vero
2621 4851 2886 4924 colligatio
2941 4851 3203 4905 societatis
3250 4853 3820 4924 prapinquorum......

2193 4925 2362 4989 prima
2408 4924 2625 4978 societas
2673 4920 2892 4992 in'ipso
2950 4934 3023 4977 est
3064 4920 3487 4994 conjug‘io,'etc.
3537 4920 3650 4976 Nec
3698 4937 3820 4979 non

2195 4996 2289 5051 lin.
2320 4995 2391 5051 40
2423 5012 2436 5048 :
2470 4994 2578 5051 Sed
2605 4994 2648 5048 si
2677 4994 2936 5048 contentio
2961 4994 3224 5066 quwdam,
3257 5003 3364 5049 etc.

2268 5077 2291 5113 ε
2311 5066 2472 5132 Ibid.,
2501 5066 2780 5138 νειμ-558,
2810 5067 2906 5120 lin.
2935 5063 3005 5120 2'4
3033 5083 3046 5122 :
3083 5064 3335 5138 Magnum
3365 5075 3441 5120 est
3471 5066 3608 5120 enim
3633 5063 3823 5138 eadem

2193 5139 2411 5204 habere,
2453 5135 2834 5194 ete.’Videtur
2879 5145 3061 5193 autem
3111 5135 3210 5206 per
3257 5152 3420 5193 voces
3465 5135 3826 5208 percipienda:

2192 5212 2374 5284 gratia:
2385 5210 2762 5284 necessitudine
2775 5211 3113 5284 potissimum
3127 5224 3190 5284 ea
3213 5209 3417 5284 signari
3439 5207 3821 5284 necessitudo,

2192 5281 2313 5353 Quae
2329 5286 2468 5336 inter
2481 5282 2829 5353 ordinantem
2841 5291 3002 5352 atque
3017 5282 3354 5353 ordinatum,
3370 5281 3737 5353 baptiznnlem
3758 5291 3825 5337 et

2192 5349 2544 5424 baptizatum,
2569 5368 2668 5408 nec
2687 5369 2795 5407 non
2820 5349 2962 5424 inter
2983 5351 3412 5424 catechizantem
3429 5349 3479 5408 et
3497 5349 3821 5424 catechiza-

2193 5422 2308 5481 tum
2322 5424 2682 5489 contrahitur,
2699 5439 2806 5495 quo
2821 5423 2986 5479 etiam
3004 5422 3194 5479 referri
3213 5433 3392 5494 potest
3408 5438 3525 5494 qua:
3540 5423 3827 5495 intersus-

2190 5505 2616 5566 ceptoresatque
2629 5492 2914 5564 susceptos
2931 5499 3172 5550 nascitur
3189 5492 3344 5552 sacra
3369 5492 3639 5566 cognatio.
3656 5492 3823 5559 Qua-

2189 5565 2310 5625 rum
2333 5579 2513 5623 autem
2541 5567 2968 5637 appellationum
2999 5567 3254 5623 Ecclesia!
3271 5567 3505 5622 societas
3521 5565 3674 5634 origo
3689 5576 3777 5619 est
3798 5607 3819 5633 ,

2188 5641 2418 5712 primam
2431 5639 2907 5712 dicitreverentiam
2922 5639 3152 5712 ﬁliorum
3164 5680 3183 5712 _,
3203 5655 3308 5711 qua
3327 5639 3581 5693 videlicet
3593 5653 3698 5712 non
3719 5651 3821 5692 so-

2191 5709 2298 5766 lum
2347 5710 2640 5765 Christiani
2685 5711 2851 5777 laici,
2892 5711 2986 5766 sed
3022 5722 3077 5766 et
3127 5709 3817 5782 clericiqnoquecpisco-

2193 5798 2289 5854 pos
2331 5783 2504 5854 patris
2558 5783 2779 5839 nomine
2819 5783 3168 5854 salutabant,
3219 5791 3278 5837 ut
3325 5779 3506 5854 intra,
3548 5795 3668 5849 cap.
3709 5779 3818 5849 Η,

2198 5853 2412 5912 beatum
2450 5853 2664 5912 Sixtum
2724 5865 2805 5914 ter
2849 5853 3145 5927 compellat
3199 5869 3266 5912 eo
3311 5853 3528 5911 nomine
3583 5861 3820 5913 sanctus
