4078 6306
246 312 318 371 73
1296 310 1384 366 DE
1422 308 1711 368 OFFlCllS
1750 312 2235 372 MINISTRORUM
2274 314 2404 372 LIB.
2448 313 2488 371 Ι.
3487 317 3557 375 ιι

244 429 543 498 consortio,
570 427 822 488 initiandi
846 429 1124 497 societate,
1152 430 1512 501 percipienda:
1535 433 1727 504 gratiae
1751 448 1851 491 ne-
1873 438 1930 499 Α

246 523 619 591 cessitudine,
670 523 1052 598 mysteriorum
1089 522 1489 580 communione.
1529 524 1658 581 Haec
1694 526 1841 582 enim

248 617 406 675 etiam
473 618 881 689 appellationes
928 615 1427 682 necessitudinum,
1475 619 1840 674 reverentiam

249 711 502 777 filiorum,
532 710 918 768 auctoritatem
944 717 999 767 et
1022 709 1278 782 pietatem
1300 719 1536 781 patrum,
1564 710 1836 782 germani-

244 813 405 863 tatcm
425 804 665 860 fratrum
684 804 787 861 sibi
811 803 1112 861 vindicant.
1136 802 1363 859 Multum
1385 802 1549 876 igitur
1564 804 1633 859 ad
1648 819 1843 860 cumu-

248 899 461 958 landam
486 907 708 970 spectat
730 899 1162 957 benevolentiam
1192 898 1540 956 necessitudo
1565 901 1774 971 gratiae.

313 991 434 1048 l7l.
474 991 758 1063 Adjuvant
796 991 963 1049 etiam
1016 991 1224 1062 parium
1265 1000 1291 1028 ἰ
1329 990 1508 1047 studia
1553 990 1836 1049 virtutum.

240 1083 521 1158 Siquidem
564 1083 946 1141 benevolentia
982 1083 1146 1139 etiam
1180 1099 1395 1140 morum
1423 1083 1554 1140 facit
1584 1084 1841 1141 similitu—

239 1179 441 1237 dinem.
462 1178 708 1251 Denique
724 1177 987 1234 Jonathas
1004 1176 1149 1233 filius
1170 1178 1312 1250 regis
1332 1178 1646 1236 imitabatur
1668 1179 1842 1235 sancti

239 1273 403 1331 David
435 1273 936 1340 mansuetudinem,
990 1281 1211 1344 propter
1241 1275 1382 1343 quod
1412 1274 1674 1345 diligebat
1715 1289 1841 1330 eum

238 1368 301 1441 (Ι.
338 1369 470 1442 Reg.
501 1383 619 1437 ιιι,
652 1368 690 1422 2
719 1377 769 1423 et
805 1369 959 1441 seq.).
993 1368 1149 1425 Unde
1191 1378 1246 1424 et
1275 1369 1409 1425 illud
1442 1387 1455 1423 :
1488 1368 1623 1425 Cum
1662 1379 1842 1424 sancto

234 1471 443 1519 sanctus
469 1463 572 1517 eris
595 1459 769 1534 (Psal.
798 1476 933 1527 xvii,
957 1458 1078 1533 26),
1110 1478 1219 1519 non
1246 1463 1422 1519 solum
1450 1464 1517 1519 ad
1548 1478 1845 1520 conversa-

236 1554 465 1622 tionem,
499 1553 596 1609 sed
622 1553 785 1609 etiam
813 1554 879 1610 ad
903 1553 1342 1612 benevolentiam
1367 1555 1728 1612 derivandum
1758 1557 1841 1611 vi-

231 1646 407 1705 detur.
442 1647 579 1703 Nam
623 1650 810 1720 utique
834 1658 894 1704 et
938 1648 1037 1703 lilii
1066 1647 1183 1706 Noe
1210 1650 1374 1706 simul
1417 1648 1759 1718 habitabant,
1790 1657 1846 1707 et

231 1756 339 1798 non
361 1750 487 1797 erat
510 1740 566 1796 in
585 1739 671 1797 bis
692 1756 907 1797 morum
933 1742 1229 1799 concordia
1251 1742 1408 1817 (Gen.
1426 1760 1503 1810 ts,
1527 1744 1601 1799 22
1619 1753 1667 1799 et
1688 1744 1839 1812 seq.).

2482 432 2714 493 CAPUT
2761 433 3005 492 XXXIV.

2003 528 2123 584 Alia
2150 529 2403 609 nonnulla
2431 527 2797 584 benevolentia:
2818 527 3090 583 commoda
3118 536 3489 582 memorantur.

2019 626 2143 683 175.
2186 623 2575 681 Benevolentia
2627 624 2792 680 etiam
2829 623 3069 695 gladium
3114 621 3411 678 iracundiae
3457 636 3554 676 ex—

1945 726 2205 790 torquere
2234 718 2542 776 consuevit.
2572 716 2968 774 Benevolentia
2999 716 3125 772 facit
3157 723 3220 771 ut
3242 714 3399 771 amici
3426 715 3550 771 vul-

1945 825 2076 867 nera
2127 810 2282 866 utilia
2339 826 2502 882 quam
2568 810 2874 866 voluntaria
2907 807 3135 865 'inimici
3187 807 3376 864 oscula
3441 806 3553 863 sint

1945 901 2133 982 (Prov.
2164 918 2332 972 xxvn,
2363 901 2442 975 6).
2477 902 2905 960 cBenevolentia
2934 900 3086 969 facit,
3111 910 3330 957 utunus
3358 898 3453 955 liat
3480 914 3551 956 ex

1944 995 2221 1068 pluribus;
2250 994 2508 1067 quoniam
2539 996 2583 1051 si
2614 996 2800 1068 plures
2841 984 3005 1051 amici
3035 994 3176 1061 sint,
3210 1008 3352 1049 unus
3378 992 3549 1059 fiunt,

1943 1091 2000 1146 in
2027 1089 2225 1161 quibus
2251 1105 2390 1145 unus
2420 1089 2645 1160 spiritus
2686 1098 2743 1147 et
2780 1104 2885 1145 una
2915 1088 3190 1145 sententia
3226 1096 3331 1143 est.
3377 1085 3556 1143 Simul

1944 1185 2278 1241 advertimus
2314 1183 2482 1240 etiam
2515 1181 2542 1221 ἀ
2572 1184 2950 1255 correptiones
2992 1182 3047 1238 in
3094 1180 3330 1237 amicitia
3371 1189 3553 1252 gratas

1944 1294 2092 1346 csse,
2150 1292 2273 1348 quae
2324 1276 2546 1334 aculeos
2603 1277 2833 1345 habent,
2882 1276 3126 1333 dolorem
3177 1290 3282 1331 non
3328 1276 3551 1331 habent.

1942 1368 2374 1442 Compungimur
2404 1370 2553 1426 enim
2576 1369 2844 1426 censoriis
2873 1368 3242 1434 sermonibus,
3266 1368 3362 1425 sed
3386 1368 3547 1425 bene-

1944 1464 2197 1521 volentiae
2220 1464 2560 1521 delectamur
2578 1462 2890 1519 sedulitate.

2018 1558 2144 1613 174.
2187 1556 2267 1613 Ad
2299 1570 2601 1621 summam,
2633 1570 2741 1610 non
2772 1563 2796 1593 ο
2822 1555 3077 1612 omnibus
3103 1554 3294 1611 eadem
3335 1568 3547 1626 semper

1944 1650 2130 1708 ofllcia
2159 1649 2451 1719 debentur,
2483 1664 2586 1707 nec
2630 1664 2992 1721 personarum
3037 1663 3276 1720 semper,
3310 1648 3408 1705 sed
3442 1650 3550 1720 ple-

1944 1760 2172 1815 rumque
2200 1759 2490 1801 causarum
2517 1753 2574 1800 et
2599 1754 2905 1814 temporum
2934 1744 3287 1814 praelationes
3314 1753 3464 1813 sunt,
3493 1751 3554 1799 ut

230 1830 572 1889 Habitabant
596 1831 761 1887 etiam
788 1832 845 1887 in
873 1832 1037 1889 domo
1068 1835 1242 1905 patria
1272 1834 1415 1892 Esau
1442 1845 1498 1894 et
1528 1836 1715 1902 Jacob,
1742 1835 1839 1891 sed
1869 1843 1917 1904 B
1943 1838 2183 1896 vicinum
2214 1840 2336 1910 quis
2363 1838 2639 1896 interdum
2681 1839 2852 1910 magis
2880 1855 3041 1910 quam
3072 1837 3297 1896 fratrem
3324 1838 3553 1910 adjuve-

228 1925 630 1996 discrepabant
653 1923 811 1998 (Gen.
836 1940 971 1992 xxv,
995 1924 1114 1999 ‘27).
1143 1926 1262 1983 Non
1287 1926 1434 1984 enim
1462 1937 1578 1985 erat
1606 1928 1847 1984 benevo-

230 2020 402 2080 lentia
439 2020 590 2077 inter
633 2035 765 2090 eos,
799 2035 920 2092 quae
960 2020 1066 2077 sibi
1110 2021 1398 2093 praeferret
1436 2024 1668 2078 alterum
1700 2041 1715 2076 :
1746 2021 1843 2079 sed

231 2116 403 2188 magis
466 2114 792 2182 contentio,
839 2130 962 2187 qua:
1016 2115 1341 2186 praeriperet
1402 2115 1840 2173 benedictionem

232 2206 389 2281 (Gen.
418 2222 612 2275 xxvii,
646 2205 714 2262 14
735 2216 783 2261 et
824 2206 981 2278 scq.).
1012 2205 1146 2262 Nam
1189 2223 1313 2262 cum
1343 2207 1487 2263 alter
1537 2208 1841 2277 praedurus,

229 2299 373 2357 alter
395 2309 728 2356 mansuetus
751 2308 922 2365 esset,
953 2299 1097 2356 inter
1126 2299 1377 2371 dispares
1403 2315 1615 2368 mores,
1645 2309 1702 2358 et
1725 2309 1843 2358 stu-

230 2393 320 2451 dia
350 2393 811 2466 compugnantia,
856 2392 1236 2450 benevolentia
1283 2407 1407 2450 esse
1450 2408 1560 2449 non
1606 2402 1843 2465 poterat.

231 2484 388 2545 Adde
417 2488 552 2560 quia
574 2496 799 2544 sanctus
825 2486 995 2543 Jacob
1018 2497 1265 2559 pateram
1291 2487 1621 2561 degenerem
1651 2489 1847 2546 domus

230 2587 424 2644 virtuti
457 2587 731 2660 praeferre
760 2601 869 2643 non
902 2596 1141 2658 poterat.

308 2683 436 2740 172.
479 2681 630 2739 Nihil
671 2690 852 2738 autem
882 2690 994 2736 tam
1030 2680 1059 2720 ι’
1097 2681 1500 2750 consociabile,
1527 2696 1690 2754 quam
1720 2696 1845 2739 cum

234 2776 499 2850 aequitate
513 2776 729 2849 iustitia
755 2794 769 2833 :
799 2792 921 2849 quae
944 2776 1092 2832 velut
1117 2790 1342 2849 compar
1368 2787 1424 2833 et
1446 2776 1593 2833 socia
1622 2775 1735 2850 ω
1752 2777 1848 2833 be-

236 2870 593 2938 nevolentiae,
627 2869 755 2926 facit
785 2879 844 2926 ut
865 2884 963 2927 eos
994 2884 1131 2942 quos
1159 2884 1318 2942 pares
1349 2869 1507 2926 nobis
1536 2869 1843 2937 credimus,

1944 1933 2037 1988 rit.
2083 1931 2355 2000 Quoniam
2394 1941 2451 1989 et
2492 1933 2752 1990 Salomon
2797 1932 2975 1989 dicit:
3027 1932 3216 1989 Melior
3255 1933 3453 1989 vicinus
3497 1934 3554 1989 in

1945 2027 2204 2096 proximo,
2246 2041 2400 2097 quam
2440 2025 2603 2096 frater
2633 2025 2788 2098 longe
2829 2026 3067 2081 habitans
3096 2024 3295 2098 (Ibid.,
3339 2025 3453 2096 10).
3485 2024 3555 2082 Et

1944 2117 2071 2174 ideo
2102 2118 2424 2190 plerumque
2450 2117 2611 2173 amici
2637 2132 2698 2173 se
2719 2116 3118 2174 benevolentia:
3144 2118 3377 2190 quisque
3404 2132 3557 2176 com-

1946 2212 2137 2279 mittit,
2164 2226 2328 2283 quam
2355 2210 2542 2267 fratris
2570 2209 2983 2267 necessitudini.
3014 2211 3249 2266 Tantum
3282 2210 3429 2268 valet
3454 2212 3553 2269 be-

1946 2304 2280 2370 nevolentia,
2309 2313 2366 2361 ut
2394 2304 2715 2376 plerumque
2746 2305 2975 2376 pignora
3002 2305 3183 2362 vincat
3213 2315 3444 2363 naturae.

2500 2398 2730 2457 CAPUT
2767 2399 2990 2456 XXXV.

1947 2495 2028 2552 De
2062 2494 2367 2569 fortitudine
2414 2509 2529 2566 qua
2554 2492 2805 2549 diuiditur
2838 2493 2893 2548 in
2921 2492 3158 2549 bellicam
3197 2503 3349 2565 atque
3374 2494 3556 2551 dome-

2019 2588 2206 2644 sticam
2220 2603 2240 2643 :
2264 2587 2487 2657 primam
2506 2585 2617 2641 sine
2624 2585 2835 2658 justitia
2848 2593 2895 2639 et
2912 2587 3190 2656 prudentia
3203 2587 3441 2642 uirtutem
3453 2604 3557 2643 non

2020 2696 2130 2735 esse
2155 2695 2174 2733 :
2197 2679 2417 2734 alteram
2444 2679 2671 2733 maxime
2694 2679 2749 2733 in
2777 2679 3052 2734 tolerantia
3082 2695 3191 2734 esse
3219 2679 3461 2749 positam.

2023 2773 2147 2829 175.
2188 2771 2331 2830 Satis
2364 2773 2587 2842 copiose
2616 2772 2843 2843 iustitia:
2877 2772 3001 2828 loco
3048 2772 3261 2828 honesti
3310 2784 3559 2831 naturam

1947 2875 2005 2924 et
2032 2866 2142 2922 vim
2175 2864 2552 2921 tractavimus.
2584 2865 2737 2921 Nunc
2758 2863 2828 2921 de
2858 2862 2880 2902 ι
2900 2863 3217 2920 fortitudine
3240 2874 3559 2932 tractemus,

234 2964 552 3038 diligamus.
582 2963 759 3020 Habet
802 2970 984 3020 autem
1020 2964 1076 3019 in
1113 2979 1172 3020 se
1212 2962 1591 3021 benevolentia
1616 3005 1633 3030 ,
1679 2963 1846 3020 etiam
1946 2978 2071 3036 quae
2096 2964 2250 3019 velut
2274 2962 2546 3019 excelsior
2566 2963 2813 3029 caeteris,
2847 2961 3109 3019 dividitur
3138 2963 3189 3019 in
3218 2980 3306 3020 res
3337 2966 3560 3023 bellicas

236 3059 654 3125 fortitudinem;
701 3073 828 3114 nam
874 3073 1001 3115 cum
1051 3059 1290 3115 amicitia
1342 3075 1410 3115 ex
1452 3057 1849 3115 benevolentia:
1950 3064 2007 3112 ct
2032 3055 2385 3112 domesticas.
2440 3055 2551 3112 Sed
2581 3055 2901 3111 bellicarum
2932 3071 3112 3112 rerum
3134 3058 3375 3113 studium
3404 3075 3434 3114 a
3461 3076 3560 3116 no-

235 3155 389 3212 fonte
416 3153 713 3227 procedat,
746 3169 853 3211 non
893 3153 1113 3210 dubitat
1154 3169 1255 3226 pro
1295 3154 1472 3211 amico
1508 3154 1694 3226 gravia
1725 3155 1848 3211 vita:
1952 3161 2071 3207 stro
2099 3149 2281 3206 officio
2302 3148 2413 3220 jam
2436 3147 2673 3204 alienum
2696 3145 3062 3220 57videtur,
3093 3152 3217 3221 quia
3246 3152 3411 3208 animi
3443 3170 3558 3209 ma-

235 3249 518 3306 Sustinere
544 3247 829 3319 pericula:
863 3245 928 3302 Et
952 3248 998 3303 si
1018 3246 1159 3303 mala
1185 3248 1333 3316 mihi,
1367 3247 1566 3319 inquit,
1597 3248 1852 3303 evenerint
1879 3244 1925 3308 C
1955 3246 2038 3317 gis
2066 3260 2227 3316 quam
2264 3242 2514 3313 corporis
2558 3239 2743 3296 officio
2772 3241 3106 3299 intendimus
3134 3262 3147 3300 :
3182 3261 3283 3305 nec
3311 3247 3376 3302 ad
3407 3263 3555 3303 arma

235 3357 332 3411 per
352 3341 527 3411 illum,
556 3340 783 3396 sustineo
810 3328 1005 3414 (Eccli.
1034 3355 1169 3407 mi,
1191 3339 1307 3412 51).

232 3500 596 3559 Laurentius.
645 3499 948 3557 Secundum
988 3514 1121 3557 vero
1163 3501 1355 3555 statuit
1392 3501 1753 3556 auctoritatem
1797 3511 1844 3555 et

236 3574 496 3647 pietatem
515 3580 763 3647 patrum,
786 3588 890 3643 qua
923 3587 1130 3647 nempe
1152 3571 1352 3647 ibidem
1392 3571 1577 3628 Sixtus
1604 3572 1843 3647 vicissim

236 3590 496 3647 ριειαιιηι
513 3590 759 3699 Eurum,
786 3590 890 3643 qua
923 3590 1123 3639 nempe
1152 3590 1352 3627 totaem
1392 3590 1577 3628 alsius
1604 3590 1843 3629 vicissim

234 3645 489 3715 appellat
564 3645 888 3715 furentium,
931 3654 986 3700 et
1011 3642 1333 3699 Ambrosius
1359 3658 1482 3700 cum
1513 3644 1712 3715 passim
1744 3644 1845 3699 hoc

235 3714 295 3788 in
327 3730 501 3788 opere
527 3714 925 3788 clericossuos,
951 3726 1062 3788 tum
1086 3716 1211 3771 alibi
1237 3716 1485 3787 pluribus
1506 3714 1642 3771 locis
1663 3730 1846 3788 sacras

237 3786 489 3859 virgines
529 3796 692 3859 atque
723 3787 911 3859 viduas
952 3786 1091 3842 ﬁlias
1124 3786 1405 3851 nominat,
1454 3788 1597 3857 quod
1625 3787 1846 3858 quidem

237 3857 355 3916 non
389 3859 573 3914 minus
611 3857 836 3928 pietatis
882 3873 1007 3914 esse
1044 3874 1206 3930 quam
1235 3858 1575 3914 auctoritatis
1615 3857 1849 3927 ipsemet

236 3934 379 4002 satis
409 3930 671 3986 indicavit
696 3944 819 4002 cap.
842 3929 897 3996 7,
932 3930 1020 3984 ubi
1042 3929 1116 3984 ait
1141 3948 1154 3984 :
1191 3929 1377 4002 Neque
1399 3932 1533 3986 enim
1561 3931 1730 3984 minus
1758 3946 1848 3985 vos

240 4001 594 4077 diligo,‘quos
627 4001 682 4056 in
719 3999 1006 4077 Euaggelio
1039 4003 1229 4077 genui,
1262 3999 1415 4077 quam
1443 4002 1488 4058 si
1522 4003 1576 4056 in
1606 4002 1847 4077 conjugio

238 4072 624 4148 suscepissent,
658 4083 767 4130 etc.
816 4072 1001 4129 Tertio
1042 4072 1425 4148 demum‘loco
1456 4072 1848 4148 germanitatem

243 4144 472 4216 fratrum
495 4144 760 4210 collocat,
803 4160 912 4215 quo
950 4145 1215 4201 vocabulo
1258 4144 1471 4214 primos
1508 4144 1848 4200 Christianos

242 4216 522 4273 nominari
550 4216 902 4272 consuevisse
928 4231 995 4271 ex
1020 4216 1157 4272 bene
1186 4216 1371 4271 multis
1396 4217 1715 4285 intelligitur
1745 4220 1849 4271 Ac-

244 4296 409 4416 ἷιιιιιη
460 4288 880 4359 apostolorum,
936 4288 1434 4359 canonicarumque
1494 4288 1846 4357 cpistolarum

268 4374 412 4416 ocis.

268 4374 412 4416 OCIS.

321 4437 352 4467 ι
389 4431 511 4486 Cic.
540 4429 696 4487 Ofﬁc.
732 4429 828 4485 lib.
862 4446 903 4496 ι,
929 4446 981 4500 p.
1011 4430 1137 4498 358,
1166 4432 1260 4487 lin.
1283 4429 1356 4486 25
1407 4448 1420 4484 ε
1469 4430 1577 4486 Sed
1622 4429 1849 4500 cautium

242 4503 563 4559 societatum
600 4502 749 4557 nulla
770 4499 1095 4571 prastantior
1110 4511 1320 4570 est,etc.
1344 4501 1476 4559 Item
1499 4504 1598 4558 lin.
1623 4502 1723 4558 30:
1750 4499 1850 4556 Ni-

246 4573 328 4630 ltil
355 4584 534 4630 autem
556 4583 631 4629 est
650 4573 948 4639 amabilius,
975 4586 1081 4630 etc.

319 4644 349 4684 ι)
393 4647 534 4702 Ibid.
554 4689 570 4711 ,
591 4646 772 4701 Iin.‘28
802 4662 815 4698 :
849 4644 920 4700 Et
948 4661 1258 4718 quamquam
1285 4646 1451 4701 omnis
1480 4647 1642 4701 uirtus
1664 4661 1755 4700 nos
1783 4644 1851 4698 ad

244 4735 302 4775 se
331 4719 525 4785 allicit,
559 4718 793 4789 facitque
813 4728 868 4771 ut
895 4735 982 4789 eos
1012 4718 1313 4789 diligamus,
1346 4728 1454 4774 etc.

324 4802 349 4888 ξ
606 4790 706 4844 lin.
734 4788 806 4845 5:2
856 4809 869 4845 ε
920 4787 1268 4862 Efficititrquc
1299 4790 1355 4844 id
1399 4790 1538 4861 quod
1577 4788 1850 4863 Pythago-
1880 4827 1933 4888 Β

243 4878 355 4927 ras,
390 4870 504 4917 etc.

321 4931 352 5008 εξ
391 4932 559 5008 lbid.,
588 4932 683 4988 lin.
712 4931 823 4988 46:
856 4930 1129 4989 Interdum
1171 4935 1328 4989 etiam
1373 4932 1760 5008 objurgationes
1800 4932 1855 4985 in

484 5014 591 5060 etc.

250 5086 350 5202 dic
393 5076 560 5202 “ad”
594 5075 691 5131 lin.
724 5073 835 5131 ὁδε
868 5076 977 5133 Sed
1013 5076 1096 5132 Itis
1140 5077 1375 5134 omnibus
1412 5077 1602 5151 ofﬁciis
1629 5075 1860 5131 tribuen-

308 5165 358 5202 s.
393 5163 427 5202 e
492 5186 506 5201 .

292 5148 358 5211 is,
393 5154 506 5204 etc.

331 5217 350 5257 ί
398 5218 566 5283 lbid.,
606 5234 731 5291 pag.
763 5219 901 5289 559,
938 5221 1033 5276 lin.
1076 5222 1136 5276 ll
1175 5237 1188 5275 :
1222 5218 1625 5292 Intelligendum
1657 5228 1731 5273 est
1757 5220 1855 5271 aii-

251 5300 354 5346 tem
373 5332 391 5355 ,
419 5307 539 5345 cum
568 5290 834 5363 proposita
857 5334 871 5357 ,
898 5301 1003 5348 etc.
1041 5293 1196 5361 Quod
1226 5290 1546 5347 Ambrosius
1580 5303 1858 5363 armorum

253 5363 644 5434 tractationem
667 5361 891 5418 clericis
938 5365 1180 5421 illicitam
1208 5379 1331 5418 esse
1354 5363 1707 5434 patefaciens,
1740 5361 1864 5434 par-

252 5432 485 5488 ticulam
525 5435 642 5505 jam
681 5434 853 5489 semel
883 5447 936 5490 et
974 5439 1169 5492 iterum
1202 5435 1289 5489 hic
1315 5432 1599 5502 adhibeat,
1629 5432 1862 5505 manife-

252 5515 406 5559 stum
431 5503 831 5578 BSt—litlgllIOth
857 5522 951 5562 eos
980 5507 1238 5578 distingui
1267 5506 1349 5560 vel
1374 5507 1443 5561 ab
1470 5506 1673 5578 antiqui
1696 5503 1867 5578 foede-

252 5578 337 5632 ris
364 5574 747 5650 sacerdotibus
773 5592 854 5650 ac
895 5579 1075 5634 levilis
1119 5574 1318 5650 quibus
1361 5592 1509 5632 arma
1545 5574 1689 5631 ferre
1718 5575 1868 5650 nefas

214 5712 227 5721 ς
252 5663 373 5721 non
396 5658 534 5721 erat,
562 5649 647 5721 vel
671 5648 855 5719 potius
882 5666 910 5702 a
940 5650 1092 5706 laicis
1116 5647 1463 5721 Christianis,
1487 5663 1625 5718 quos
1649 5647 1866 5717 quidem

1951 3339 2063 3411 jam
2095 3344 2309 3408 spectat
2335 3349 2465 3391 usus
2489 3341 2698 3401 noster,
2731 3331 2829 3389 sed
2856 3334 2921 3389 ad
2945 3335 3095 3405 pacis
3123 3337 3358 3408 negotia.
3390 3339 3562 3411 Majo-

1949 3499 2153 3574 Annot.
2187 3497 2240 3574 in
2271 3512 2395 3568 cap.
2435 3496 2945 3574 ttt,_ma_xim_e_vero
2971 3498 3026 3553 in
3064 3514 3184 3554 xxii
3229 3499 3434 3574 E_vang.
3464 3520 3549 3560 se-

1949 3569 2187 3627 cundum
2216 3567 2417 3624 Lucam
2449 3567 2683 3623 voluerit
2728 3568 2927 3624 licitum
2970 3585 3075 3624 non
3104 3587 3216 3626 esse
3244 3567 3553 3631 Christianis

1950 3642 2140 3698 bellum
2169 3657 2378 3712 gerere;
2407 3639 3035 3712 advprsmqueppinioni
3077 3651 3262 3698 notam
3296 3645 3557 3703 inusserit

1948 3710 2265 3786 impietatis.
2289 3711 2488 3786 Verum
2514 3710 2745 3786 ipsemet
2765 3710 2840 3786 ita
2862 3723 3096 3786 mentem
3119 3714 3353 3786 explicat
3372 3733 3547 3786 suam,

1949 3795 2006 3842 ut
2030 3781 2149 3841 sola
2187 3782 2623 3857 Christianorum
2670 3781 2723 3837 in
2768 3782 3109 3839 Christianos
3149 3781 3289 3857 bella
3338 3781 3551 3857 penitus

1949 3858 2191 3921 damnet,
2240 3854 2675 3911 Christianorum
2721 3864 2904 3911 autem
2939 3865 3127 3910 contra
3157 3854 3426 3916 Barbaros
3460 3878 3551 3917 ca-

1951 3937 2111 3984 tenus
2154 3928 2301 3984 dicat
2326 3942 2386 3982 se
2433 3925 2740 3996 approbare
2783 3942 2907 3983 cum
2948 3928 3269 3995 Ambrosio,
3303 3940 3360 3986 ut
3387 3933 3549 3990 simul

1948 3999 2244 4055 admoneat
2286 3998 2404 4053 haec
2446 3998 2561 4067 ipsa
2594 3998 2847 4068 puritatis
2892 3998 3222 4069 evangelicae
3252 4018 3358 4059 non
3403 4021 3548 4062 esse.

1950 4071 2205 4147 Attamen
2234 4070 2337 4126 hoc
2364 4085 2472 4124 non
2504 4070 2577 4147 ita
2610 4069 3077 4147 haberevelhinc
3114 4071 3382 4145 intelligas
3404 4081 3547 4147 quod

1951 4142 2007 4199 bi
2039 4143 2282 4198 Caesares
2311 4157 2449 4213 quos
2475 4139 2548 4196 ob
2575 4148 2729 4211 gesta
2755 4141 2893 4196 bella
2937 4141 3186 4199 laudatos
3212 4139 3549 4208 ab'Ambro.

1950 4216 2033 4270 sio
2061 4215 2322 4303 liras‘muls
2363 4220 2574 4303 narrat,
2624 4227 2733 4296 non
2763 4227 2955 4303 omnes
2984 4228 3200 4303 semper
3232 4234 3549 4303 pugnavere

1950 4295 2143 4363 contra
2171 4284 2459 4363 barbaros.
2487 4282 2700 4363 Etenim
2732 4284 2988 4363 quiinter
3010 4282 3132 4363 illos
3160 4282 3439 4363 principes
3460 4311 3551 4352 or-

1949 4357 2134 4434 dinem
2162 4355 2313 4411 ducit
2342 4354 2713 4434 Theodosius,
2746 4354 2891 4412 bello
2932 4354 3222 4415 Maximum
3254 4354 3414 4434 atq'ue
3440 4367 3548 4423 Eu-

1986 4430 2171 4484 enium
2198 4438 2479 4498 tyrannos,
2500 4426 2839 4483 Christianos
2862 4437 3062 4496 tamen,
3094 4441 3180 4485 est
3210 4426 3542 4501 persecutus.

1948 4444 2023 4557 Et
2050 4507 2199 4557 certe
2238 4497 2377 4554 infra
2410 4498 2507 4553 lib.
2540 4513 2620 4557 ιιι.
2650 4512 2771 4557 can.
2804 4499 2858 4557 ὅ.
2892 4500 3090 4555 bellum
3132 4518 3161 4557 a
3206 4520 3267 4557 se
3300 4523 3408 4557 non
3448 4512 3542 4557 im-

1932 4497 2023 4557 κΕι
2050 4507 2199 4557 certe
2238 4497 2377 4554 infra
2410 4498 2507 4553 lib.
2540 4513 2620 4557 Ill,
2650 4512 2771 4568 cap.
2804 4499 2858 4563 ὅ,
2892 4500 3090 4555 bellum
3132 4518 3161 4557 a
3206 4497 3267 4561 se
3300 4523 3408 4564 non
3448 4512 3548 4567 im-

1952 4572 2167 4651 probari
2211 4570 2269 4651 S_.
2303 4569 2512 4651 Doctor.
2534 4569 2710 4651 palam
2752 4569 2976 4651 indicat,
3005 4573 3095 4651 ubi
3133 4574 3206 4630 ait
3232 4576 3406 4651 :_Cum
3434 4584 3544 4651 glo.

1949 4642 2145 4722 riosum
2176 4644 2453 4711 unicuique
2478 4642 2717 4722 ducatur,
2747 4642 2792 4694 si
2818 4642 3061 4722 periculis
3092 4649 3313 4722 propriis
3350 4642 3547 4722 quérat

1950 4717 2304 4790 universorum
2327 4711 2791 4790 tranquillitatem,
2819 4722 2925 4790 etc.
2955 4714 3109 4790 Quod
3140 4711 3302 4790 igitur
3327 4711 3548 4783 sanctus

1956 4788 2223 4861 Martin_us_
2252 4784 2342 4861 ubi
2384 4784 2623 4861 primum
2666 4783 3000 4861 Christianus
3037 4783 3212 4844 factus
3252 4802 3366 4861 est,
3410 4798 3555 4852 mili-

1962 4861 2111 4938 tiam,
2131 4854 2365 4926 Sulpitio
2381 4854 2581 4911 Severo
2603 4863 2761 4920 teste,
2781 4856 3034 4938 abdi-care
3053 4860 3317 4938 cogitans,
3338 4854 3552 4938 Christi,

1963 4931 2154 5011 inquit,
2169 4944 2260 5011 ego
2283 4943 2420 5010 sum,
2438 4942 2669 5011 pugnare
2689 4942 2798 5011 non
2818 4928 2943 4982 milii
2969 4928 3251 5011 licet;'l_t_oc
3276 4928 3343 5011 ad
3370 4928 3553 5011 singu.’

1962 4998 2134 5080 lar—em
2168 4998 2404 5080 Spiritus
2432 5003 2601 5051 sancti
2632 4998 2962 5080 impulsum,
2998 5016 3104 5080 quo
3152 5004 3244 5080 in?
3276 5008 3346 5080 ad
3376 4998 3553 5080 ρεξτε,

1966 5072 2076 5128 tius
2106 5068 2401 5127 vocabatur
2430 5068 2701 5139 pugnandi
2733 5084 2932 5137 genus,
2971 5068 3163 5128 referri
3202 5068 3391 5135 debet:
3418 5068 3555 5141 Hinc

1966 5153 2049 5201 est
2076 5143 2219 5213 quod
2250 5144 2634 5213 imperatores,
2666 5142 2896 5210 quisuis
2934 5143 3122 5200 edictis
3161 5149 3357 5205 milites
3392 5156 3555 5213 spiri-

1962 5216 2054 5272 tali
2082 5210 2182 5269 hac
2211 5213 2399 5269 militia
2426 5210 2793 5278 interdixere,
2822 5229 2852 5267 a
2889 5216 3092 5271 sanctis
3137 5217 3383 5275 Patribus
3422 5210 3560 5283 libe-

1963 5288 2077 5344 rius
2104 5285 2369 5357 obiurgati
2410 5293 2555 5357 sunt.
2590 5282 2740 5338 Alias
2766 5296 2947 5340 autem
2974 5287 3052 5341 eis
3077 5291 3166 5357 qui
3199 5287 3418 5349 Christo
3457 5282 3555 5353 n0-

1965 5374 2089 5415 men
2113 5355 2412 5422 dedissent,
2437 5355 2667 5410 liberum
2684 5369 2900 5426 semper
2921 5355 3380 5417 fuissearmorum
3406 5383 3561 5426 usum

1967 5431 2053 5486 vel
2085 5431 2187 5485 hoc
2207 5428 2426 5491 evincit,
2451 5428 2595 5497 quod
2625 5427 2813 5495 primis
2838 5432 3173 5496 temporibus
3195 5431 3380 5488 referti
3409 5454 3568 5496 erant

1970 5502 2233 5559 militibus
2261 5499 2570 5553 Christianis
2601 5498 2873 5553 exercitus
2904 5500 3068 5555 etiam
3100 5500 3436 5562 ethnicorum
3473 5514 3575 5567 im~

1973 5582 2308 5649 peratorum.
2352 5568 2490 5649 Vide
2529 5568 2927 5649 :l‘ertu‘llianuin
2979 5571 3299 5649 de__Co_ron:i
3342 5579 3573 5649 militis,

1974 5638 2094 5719 cap:
2133 5643 2229 5708 li;
2266 5645 2399 5719 Aug.
2432 5639 2501 5719 de
2528 5639 2647 5719 ιλιι).
2680 5638 2880 5719 struit-2
2905 5654 3025 5719 ca_p.
3056 5640 3117 5707 5;
3149 5641 3327 5719 Serm.
3355 5649 3482 5719 503,
3508 5638 3578 5711 δέ

253 5708 593 5789 Evangelica
620 5708 709 5773 lci
734 5733 840 5773 non
873 5721 1120 5784 prohibet
1148 5737 1178 5775 a
1202 5720 1415 5775 militia.
1441 5708 1871 5789 Scimus-tamen
1976 5708 2397 5789 SfLaurentio;
2429 5710 2496 5765 de
2543 5709 2679 5789 Civ.
2704 5708 2795 5761 Dei
2825 5708 2920 5789 lib.
2954 5711 3005 5773 1,
3050 5712 3313 5789 cap;_2l,
3357 5729 3413 5774 et
3450 5708 3583 5780 έιίιζί

256 5781 559 5865 Erasmum
590 5788 797 5845 traduci
827 5781 1035 5847 a'Sixto
1065 5793 1197 5847 Sen.
1234 5792 1415 5865 lili.vt
1453 5788 1708 5865 Bibliotli.
1732 5829 1746 5854 ,
1777 5803 1874 5865 au-
1979 5789 2224 5865 pluribus
2271 5783 2421 5847 locis,
2455 5793 2507 5836 et
2550 5787 2749 5849 praeter
2778 5785 3006 5835 caeteros
3047 5781 3105 5837 S.
3149 5783 3410 5844 Thomam
3460 5795 3581 5865 2—2,

262 5868 393 5917 not.
429 5861 534 5918 l56
558 5903 576 5929 ,
606 5876 709 5917 nec
751 5875 857 5915 non
886 5867 953 5917 ab
986 5865 1106 5918 aliis
1138 5864 1412 5918 nonnullis
1441 5904 1457 5929 ,
1490 5861 1642 5933 quasi
1674 5859 1731 5915 in
1760 5859 1875 5915 suis
1981 5875 2037 5930 q.
2073 5858 2166 5913 40.

654 5957 932 6018 ΡΑτιιοι..
980 5958 1151 6020 XVI.

2995 5948 3031 6007 3
