4078 6306
403 318 472 375 79
1763 311 2012 374 SANCTI
2049 313 2382 376 AMBROSII
3649 315 3730 376 80

399 431 600 502 pendia
635 427 994 487 fortitudinis.
1019 440 1048 469 ει
1075 429 1185 488 Sed
1206 430 1337 502 quia
1365 431 1424 486 in
1459 430 1714 488 omnibus
1742 445 1866 502 quae
1895 432 2010 504 agi-
2035 431 2090 495 Α
2120 431 2381 500 tionibus,
2416 431 2624 490 mundo
2649 429 2815 489 corde
2839 429 2985 501 quod
3013 444 3201 488 verum
3231 439 3282 488 et
3310 430 3603 488 honestum
3636 441 3728 488 est

404 538 528 581 mus
553 564 570 588 ,
619 537 732 580 non
777 522 953 580 solum
996 521 1128 594 quid
1158 522 1450 580 honestum
1479 565 1494 590 ,
1541 523 1638 581 sed
1689 523 1852 578 etiam
1883 521 2011 595 quid
2117 525 2329 582 videat:
2353 523 2506 580 Beati
2525 525 2668 582 enim
2692 523 2890 580 mundo
2911 525 3084 590 corde,
3107 524 3228 596 quia
3249 523 3350 594 ipsi
3369 524 3525 580 etiam
3547 521 3730 578 Deum

410 615 440 655 δ
465 614 728 684 possibile
745 616 1142 688 sitqurerimus,
1161 630 1232 672 ne
1257 614 1790 689 forteaggrediamur
1805 615 2014 688 aliquid
2117 617 2358 708 ridebunt
2389 616 2610 692 (Matth.
2633 633 2691 683 v,
2715 616 2773 691 8)
2804 635 2819 672 :
2845 626 3008 690 atque
3049 617 3102 674 id
3134 615 3276 689 quod
3316 616 3608 674 honestum
3639 627 3731 673 est

412 706 561 779 quod
591 724 700 764 non
733 709 1004 780 possimus
1025 710 1276 781 exsequi.
1304 708 1462 768 Unde
1487 723 1587 765 nos
1613 719 1862 780 tempore
1893 725 2015 781 per-
2119 706 2300 765 solum
2355 709 2556 766 bonum
2599 707 2806 779 iudicet
2833 725 2849 762 :
2885 707 3084 766 deinde
3129 708 3295 766 nullis
3319 717 3345 756 ε
3374 707 3732 781 perturbetur

411 801 716 860 secntionis
739 802 809 859 de
834 802 1058 860 civitate
1079 803 1134 858 in
1155 803 1432 860 civitatem
1463 802 1769 860 concedere
1796 844 1811 866 ,
1845 804 2016 858 immo
2122 801 2601 875 occupationibus,
2628 802 2793 858 nullis
2818 801 3208 873 cupiditatibus
3229 802 3476 860 fluctuet.

408 903 469 951 ut
495 893 666 951 verbo
694 895 814 965 ipso
835 902 980 962 utar,
1013 898 1194 967 fugere
1227 893 1441 967 (Matth.
1467 910 1524 960 ι,
1558 893 1653 965 25)
1686 894 1804 948 vult
1825 892 2018 949 Domi-
2197 895 2322 953 191.
2363 895 2551 968 Neque
2599 911 2732 953 vero
2779 895 2834 953 id
2876 895 3039 952 facile
3081 899 3367 968 quisquam
3399 895 3548 953 facit.
3580 895 3733 966 Quid

409 1003 542 1052 nus;
575 1002 644 1044 ne
671 995 881 1044 temere
908 987 1108 1058 aliquis
1129 986 1260 1042 dum
1303 985 1555 1058 martyrii
1593 985 1870 1042 desiderat
1895 985 2016 1058 glo-
2124 988 2272 1044 enim
2305 997 2413 1044 tam
2454 987 2676 1044 difficile
2696 1004 2860 1060 quam
2889 987 3160 1060 dispicere
3189 998 3463 1064 tamquam
3501 1005 3566 1045 ex
3596 1005 3736 1048 arce

413 1083 576 1149 riam,
601 1079 800 1137 offerat
819 1095 881 1136 se
907 1081 1188 1152 periculis,
1207 1095 1328 1151 quae
1341 1078 1576 1136 fortasse
1588 1077 2020 1146 caroinﬁrmior,
2126 1078 2307 1150 aliqua
2335 1079 2622 1151 sapientia:
2648 1095 2806 1152 opes,
2839 1079 3057 1152 aliaque
3084 1081 3268 1137 omnia
3298 1097 3421 1154 qua:
3446 1082 3734 1156 plerisque

407 1183 502 1231 aut
529 1173 815 1231 remissior
839 1173 1053 1229 animus
1081 1174 1228 1230 ferre
1252 1187 1319 1230 ac
1345 1173 1586 1229 tolerare
1617 1188 1724 1228 nou
1753 1179 1936 1244 queat.
2125 1170 2382 1227 videntur
2427 1185 2618 1244 magna
2663 1179 2722 1227 et
2770 1171 3069 1243 praecelsa?
3097 1171 3308 1228 Deinde
3358 1180 3418 1228 ut
3460 1171 3735 1244 judicium

929 1265 1157 1324 CAPUT
1201 1265 1493 1322 XXXVIII.
2130 1271 2281 1318 tuum
2323 1262 2508 1318 stabili
2538 1263 2756 1320 ratione
2803 1263 3132 1332 confirmes,
3161 1272 3219 1320 et
3244 1278 3367 1335 quae
3391 1263 3739 1336 judicaveris

405 1363 669 1420 Adversus
699 1365 884 1434 futura
923 1361 1253 1418 incommoda
1278 1369 1496 1416 mentem
1527 1359 1905 1416 esercitatione
1937 1375 2028 1413 ro-
2128 1353 2296 1422 levia,
2339 1365 2611 1426 tamquam
2653 1353 2783 1410 nihil
2823 1353 3108 1426 profutura
3134 1357 3494 1412 contemnas?
3519 1355 3739 1414 Deinde

481 1457 767 1514 borandam
789 1499 804 1522 ,
836 1472 928 1510 nec
964 1472 1068 1510 non
1094 1453 1514 1526 conﬁrmandam
1557 1453 1901 1526 prmidentia
1939 1459 2028 1506 :et
2132 1456 2191 1504 ut
2211 1447 2258 1503 si
2289 1447 2418 1519 quid
2447 1447 2709 1504 acciderit
2734 1447 2976 1516 adversi,
3004 1447 3165 1520 idque
3189 1465 3354 1522 grave
3384 1458 3442 1508 et
3469 1451 3740 1509 acerbum

482 1568 600 1626 quae
625 1553 709 1607 hic
734 1551 1004 1606 incurrant
1025 1550 1407 1624 difﬁcultates?
2134 1545 2376 1610 putetur,
2407 1539 2480 1595 ita
2507 1538 2676 1607 feras,
2705 1549 2763 1596 ut
2793 1539 2929 1596 nihil
2959 1549 3156 1612 praeter
3187 1553 3436 1598 naturam
3463 1541 3742 1602 accidisse

485 1648 612 1706 187.
656 1647 766 1704 Nec
797 1661 990 1702 rursus
1034 1654 1263 1716 propter
1294 1657 1317 1684 ι
1345 1645 1616 1716 ignaviam
1665 1643 1862 1702 cedere
1905 1643 2030 1715 quis

2162 1640 2318 1698 putes,
2339 1645 2461 1687 cum
2491 1631 2687 1702 legeris
2714 1631 2780 1689 ει·
2804 1631 2994 1688 Nudus
3022 1651 3136 1690 sunt
3164 1646 3338 1706 natus,
3365 1637 3540 1694 nudus
3559 1639 3742 1700 exibo.

416 1757 482 1800 ac
509 1743 777 1798 deserere
824 1740 990 1797 fidem
1035 1740 1200 1796 debet
1227 1749 1374 1796 metu
1410 1739 1662 1810 periculi.
1707 1738 1823 1807 Qua
1854 1737 2028 1810 gratia
2137 1721 2270 1790 Ωιιω
2298 1719 2556 1777 Domini“
2583 1723 2758 1791 άεάίες
2803 1722 3059 1782 υοωίηιιε
3095 1726 3309 1783 “mm
3360 1727 3494 1802 (λοθ
3521 1746 3570 1798 Ῑν
3595 1730 3738 1807 21);

414 1832 808 1904 praeparandus
855 1841 943 1887 est
987 1832 1204 1886 animus
1229 1873 1245 1898 ,
1279 1829 1592 1888 exercenda
1625 1846 1821 1898 meus,
1861 1829 2031 1885 stabi-

2162 1815 2322 1886 ttique
2356 1824 2412 1870 et
2439 1815 2580 1871 filios
2609 1815 2875 1872 amiserat
2901 1827 2957 1873 et
2996 1817 3303 1877 facultates.
3345 1819 3652 1895 Servesque
3681 1821 3743 1882 in

413 1925 596 1982 lienda
637 1924 706 1980 ad
731 1923 1094 1980 constantiam
1120 1963 1136 1988 ,
1185 1932 1243 1978 ιιι
1271 1923 1440 1978 nullis
1471 1921 1780 1992 perturbari
1813 1921 2026 1977 animus

2162 1908 2391 1964 minibus
2423 1922 2717 1978 personam
2749 1910 3020 1980 sapientis
3047 1919 3106 1966 et
3131 1910 3298 1980 justi,
3329 1910 3470 1968 sicut
3491 1913 3590 1970 ille
3621 1928 3751 1971 ser-

409 2017 585 2091 possit
606 2016 932 2083 terroribus,
967 2015 1130 2071 nullis
1160 2014 1341 2087 frangi
1371 2015 1658 2081 molestiis,
1710 2015 1874 2070 nullis
1897 2028 2028 2086 sup-

2168 2001 2283 2057 avit
2314 2003 2410 2072 qui
2437 2003 2516 2056 ait
2544 2019 2558 2055 :
2583 2001 2736 2058 Sicut
2762 2000 2988 2058 Domino
3027 2005 3258 2076 placuit,
3292 2004 3368 2060 ita
3396 2008 3592 2077 factum
3617 2015 3695 2063 est
3725 2023 3750 2064 :

421 2109 598 2179 pliciis
623 2108 840 2166 cedere.
875 2107 1008 2176 Qute
1033 2106 1260 2164 difficile
1279 2107 1500 2177 quidem
1525 2108 1868 2162 sustinentur
1891 2123 1906 2160 :
1929 2106 2026 2162 sed

2162 2093 2201 2148 it
2227 2109 2418 2148 nomen
2444 2092 2662 2148 Domini
2683 2093 3007 2150 benedictum
3038 2093 3251 2165 (lbid.).
3285 2094 3356 2152 Et
3375 2095 3518 2152 infra
3546 2113 3562 2152 :
3586 2096 3749 2155 Sicut

420 2203 548 2274 quia
577 2201 763 2258 omnia
797 2200 1064 2272 supplicia
1110 2201 1424 2272 graviorum
1465 2199 1860 2271 suppliciorum
1908 2199 2030 2255 vin.
2131 2202 2236 2240 una
2264 2185 2622 2258 insipientium
2671 2187 2948 2241 mulierum
2995 2187 3166 2241 locuta
3193 2203 3264 2242 es.
3301 2186 3364 2244 Si
3390 2186 3523 2242 bona
3561 2204 3746 2245 susce-

419 2308 619 2354 cuntur
661 2293 986 2362 formidine,
1039 2293 1165 2351 ideo
1213 2295 1258 2351 si
1290 2294 1523 2351 consilio
1553 2295 1736 2352 firmes
1785 2295 2028 2352 animum

423 2401 598 2456 tuum,
631 2404 732 2444 nec
757 2403 789 2444 a
811 2387 1025 2442 ratione
1047 2386 1439 2444 discedendum
1471 2396 1647 2456 putes,
1678 2396 1733 2443 et
1758 2401 2031 2459 proponas

422 2477 590 2540 divini
608 2473 800 2552 judicii
831 2489 1034 2538 metum
1061 2523 1076 2545 ,
1111 2481 1358 2551 perpetui
1405 2479 1659 2552 supplicii
1707 2489 1984 2536 tormenta
2011 2519 2029 2548 ,

427 2587 587 2648 potes
614 2575 779 2631 animi
804 2575 990 2631 subire
1020 2574 1387 2630 tolerantiam.

506 2671 631 2728 188.
677 2670 792 2726 Hoc
835 2670 1000 2742 igitur
1028 2667 1056 2706 ά
1083 2668 1379 2740 diligentia:
1420 2679 1542 2736 est,
1577 2683 1636 2725 ut
1677 2668 1802 2740 quis
1853 2667 1928 2726 ita
1974 2683 2036 2726 se

429 2773 742 2834 comparet:
763 2762 898 2818 illud
923 2762 1150 2834 ingenii,
1179 2766 1224 2818 si
1253 2762 1374 2833 quis
1398 2771 1577 2832 potest
1609 2762 1802 2834 vigore
1835 2763 2036 2818 mentis

429 2854 735 2928 praevidere
765 2869 886 2925 quas
911 2852 1089 2910 futura
1117 2862 1278 2920 sunt,
1308 2862 1362 2908 et
1391 2863 1662 2925 tamquam
1694 2863 1824 2910 ante
1848 2853 2038 2910 oculos

433 2950 626 3005 locare
655 2946 783 3018 quid
823 2947 998 3018 possit
1029 2945 1320 3012 accidere,
1352 2955 1409 3001 et
1449 2946 1576 3016 quid
1609 2961 1772 3017 agere
1795 2944 2036 3014 debeat,

435 3041 478 3094 si
512 3040 585 3094 ita
619 3037 909 3106 acciderit,
945 3035 1208 3103 definire;
1254 3035 1527 3093 interdum
1561 3038 1666 3110 51
1695 3035 1806 3092 duo
1847 3045 1902 3094 et
1935 3037 2041 3092 tria

435 3131 605 3188 simul
631 3131 853 3188 volvere
878 3129 1064 3186 animo
1084 3171 1102 3198 ,
1134 3146 1255 3202 qua:
1299 3130 1555 3201 conjiciat
1583 3139 1677 3184 aut
1709 3131 1922 3202 singula
1945 3139 2041 3186 aut

2133 2279 2303 2352 pimus
2323 2278 2390 2334 de
2414 2294 2570 2333 manu
2618 2275 2862 2347 Domini,
2887 2295 3005 2350 qua:
3048 2278 3190 2334 mala
3231 2287 3350 2334 sunt
3383 2295 3486 2336 non
3513 2279 3749 2336 sustine-

2136 2375 2303 2430 bimus
2329 2371 2462 2448 (Job
2490 2389 2558 2440 tt,
2583 2371 2709 2446 10)?

2663 2463 2898 2524 CAPUT
2935 2462 3184 2521 XXXIX.

2138 2559 2530 2615 Fortitudinem
2573 2558 2823 2614 adversus
2863 2557 3038 2612 omnia
3079 2557 3210 2612 vitia
3237 2556 3490 2613 dimicare
3519 2557 3704 2615 debere
3723 2595 3749 2629 ,

2209 2653 2466 2724 praecipue
2481 2651 2729 2706 adversus
2749 2650 3025 2706 avaritiam
3046 2663 3066 2704 :
3080 2647 3222 2720 quod
3241 2648 3295 2703 in
3315 2658 3494 2705 sancto
3514 2647 3616 2704 Job
3643 2649 3750 2706 do-

2211 2756 2355 2802 cetur
2385 2749 2601 2817 factum.

2226 2837 2351 2894 192.
2393 2837 2510 2894 Non
2542 2847 2628 2894 est
2657 2837 2823 2910 igitur
2851 2837 3145 2896 mediocris
3182 2854 3288 2896 nec
3322 2839 3557 2896 discreta
3584 2853 3616 2896 a
3638 2855 3756 2898 ca:-

2143 2930 2274 2986 teris
2303 2929 2470 2984 animi
2499 2928 2783 2998 fortitudo,
2805 2947 2929 3002 qua:
2955 2930 3158 2989 bellum
3180 2945 3305 2988 cum
3333 2932 3630 2990 virtutibus
3653 2947 3757 3007 ge-

2141 3033 2226 3078 rat
2251 3039 2267 3076 :
2297 3021 2394 3078 sed
2423 3036 2547 3092 quae
2565 3022 2686 3078 sola
2704 3021 2962 3080 defendat
2989 3033 3314 3083 ornamenta
3337 3026 3598 3082 virtutum
3621 3041 3754 3082 om-

2142 3115 2318 3183 nium,
2335 3123 2392 3171 et
2407 3114 2610 3186 judicia
2631 3116 2931 3182 custodiat;
2958 3124 3014 3172 et
3028 3133 3151 3188 qua:
3177 3115 3194 3155 ί
3213 3117 3529 3188 inexpiabili
3557 3119 3758 3190 praelio

437 3223 732 3292 conjuncta
775 3220 1026 3277 accidere
1059 3235 1221 3292 posse
1243 3261 1256 3286 ,
1295 3229 1350 3276 et
1381 3230 1477 3276 aut
1518 3219 1746 3293 singulis
1787 3231 1882 3278 aut
1908 3237 2042 3279 con-
2068 3239 2116 3304 ρ
2144 3207 2408 3304 ῆάνίῗτευξ
2439 3208 2628 3304 ("nillil
2650 3206 2783 3304 Villa
2810 3208 3108 3304 Αάλεῖθεΐηξη»
3143 3210 3340 3304 imm?
3371 3211 3442 3268 ad
3486 3212 3706 3271 labm'es
3727 3253 3750 3284 ι

429 3313 639 3382 junctis
664 3311 962 3384 disponere
987 3320 1145 3367 actus
1173 3327 1311 3382 quos
1335 3311 1604 3383 intelligat
1631 3311 1964 3382 profuturos.

517 3405 640 3460 189.
674 3403 852 3458 Fortis
879 3417 1012 3472 ergo
1037 3411 1124 3458 est
1151 3401 1256 3456 viri
1285 3415 1394 3458 non
1415 3399 1768 3458 dissimulare
1790 3417 1916 3458 cum
1941 3403 2045 3458 ati-

439 3495 568 3568 quid
595 3493 899 3562 immineat,
928 3493 1024 3549 sed
1057 3493 1430 3564 prtelenderc,
1464 3503 1520 3550 et
1549 3504 1822 3566 tamquam
1851 3497 2046 3566 explo-

444 3605 570 3644 rare
601 3587 671 3644 de
705 3587 930 3657 Specula
954 3586 1188 3658 quadam
1218 3589 1418 3644 mentis
1441 3630 1456 3654 ,
1499 3597 1554 3644 et
1584 3591 1808 3647 obviare
1839 3591 2046 3662 cogita-

442 3680 595 3734 tione
623 3677 845 3746 provida
877 3677 1038 3733 rebus
1067 3676 1288 3743 futuris,
1322 3689 1346 3715 τ’
1385 3695 1452 3734 ne
1481 3679 1626 3736 forte
1647 3680 1794 3738 dicat
1817 3665 2044 3753 postea:

445 3771 574 3828 ideo
609 3772 710 3827 ista
741 3770 940 3837 incidi,
971 3771 1098 3842 quia
1129 3787 1238 3828 non
1269 3772 1578 3829 arbitrabar
1605 3789 1767 3844 posse
1797 3777 2044 3834 evenire.

451 3866 694 3936 Denique
718 3865 820 3920 nisi
847 3865 1206 3935 explorentur
1235 3865 1485 3934 adversa,
1527 3868 1636 3924 cito
1661 3877 1950 3939 occupant.
1979 3869 2048 3927 Ut

453 3961 508 4012 in
543 3957 694 4012 bello
727 3955 1056 4027 improvisus
1086 3955 1262 4012 hostis
1289 3959 1380 4014 vix
1409 3959 1740 4026 sustinetur,
1771 3969 1827 4014 et
1865 3964 1912 4016 si
1947 3961 2050 4016 im-

454 4061 672 4122 paratos
699 4051 960 4118 inveniat,
990 4049 1148 4106 facile
1176 4052 1438 4124 opprimit
1470 4071 1484 4108 :
1513 4054 1587 4108 ita
1625 4055 1867 4112 animum
1907 4056 2048 4112 mala

453 4144 791 4216 inexplorata
817 4144 938 4214 plus
970 4143 1246 4216 frangunt.

525 4241 646 4296 190.
670 4237 689 4276 ί
719 4240 775 4295 In
809 4239 893 4294 bis
921 4238 1087 4310 igitur
1115 4239 1326 4296 duobus
1347 4240 1439 4296 illa
1469 4251 1552 4298 est
1575 4241 1740 4297 animi
1768 4243 2050 4301 excellen-

457 4336 562 4402 tia,
605 4342 665 4387 ut
693 4331 928 4404 primum
959 4333 1174 4390 animus
1202 4341 1327 4389 tuus
1353 4333 1515 4390 bonis
1551 4335 1822 4392 exercitus
1847 4337 2052 4410 cogita-

2149 3300 2310 3356 fortis
2335 3299 2400 3355 ad
2426 3299 2687 3372 pericula,
2718 3301 2950 3374 rigidior
2975 3301 3235 3360 adversus
3255 3303 3586 3376 voluptates,
3612 3304 3755 3363 dura

2148 3396 2416 3454 adversus
2445 3397 2756 3466 illecebras,
2791 3400 2993 3472 quibus
3022 3417 3212 3458 aurem
3241 3402 3456 3460 deferre
3501 3405 3754 3476 nesciat,

2151 3507 2252 3548 nec
2279 3491 2363 3564 (ut
2391 3491 2616 3564 dicitur)
2646 3507 2747 3549 ave
2769 3493 2944 3560 dicat;
2976 3493 3262 3565 pecuniam
3289 3495 3587 3568 negligat,i
3617 3511 3754 3552 ava-

2152 3583 2332 3640 ritiam
2375 3585 2547 3655 fugiat
2591 3594 2868 3657 tamquam
2912 3585 3092 3642 labem
3125 3587 3416 3658 quamdam
3443 3631 3459 3655 ,
3489 3604 3614 3656 quin
3643 3590 3757 3664 52

2153 3677 2410 3734 virtutem
2442 3677 2741 3736 effeminet.
2774 3678 2920 3734 Nihil
2951 3679 3098 3735 enim
3132 3688 3244 3737 tam
3273 3681 3610 3738 contrarium
3637 3681 3758 3738 for-

2155 3772 2368 3828 titudini
2392 3813 2407 3840 ,
2429 3789 2592 3844 quam
2623 3773 2778 3850 lucro
2807 3773 2976 3830 vinci.
3015 3772 3356 3847 Frequenter
3383 3775 3552 3847 pulsis
3580 3774 3762 3831 hosti-

2154 3867 2276 3931 bus,
2304 3875 2360 3922 et
2383 3867 2642 3923 inclinata
2669 3867 2723 3922 in
2747 3867 2926 3938 fugam
2948 3867 3389 3926 adversariorum
3411 3868 3529 3926 acie
3547 3865 3599 3938 ἱ,
3622 3867 3758 3927 dum

2155 3961 2366 4018 exuviis
2399 3976 2668 4018 caesorum
2696 3961 2908 4034 capitur
2931 3962 3231 4033 praeliator,
3262 3963 3408 4020 inter
3437 3963 3588 4034 ipsos
3617 3977 3763 4034 quos

2153 4055 2378 4124 stravit,
2411 4055 2756 4112 miserandus
2782 4055 3076 4113 occubuit:
3109 4065 3168 4112 et
3198 4056 3490 4128 triumphis
3520 4055 3632 4112 suis
3653 4055 3764 4114 de-

2149 4147 2312 4219 jectae
2345 4147 2592 4220 legiones
2616 4147 2746 4204 dum
2768 4148 2959 4220 spoliis
2989 4158 3348 4222 occupantur,
3380 4147 3594 4206 hostem
3613 4148 3670 4206 in
3695 4163 3766 4208 se

2156 4250 2574 4307 revocaverunt,
2606 4241 2698 4314 qui
2728 4240 2963 4314 fugerat.

2227 4335 2352 4394 195.
2393 4333 2680 4392 Fortitudo
2721 4333 2886 4408 igitur
2927 4342 3034 4389 tam
3083 4333 3378 4392 immanem
3417 4344 3628 4406 pestem
3657 4349 3764 4392 re-

532 4481 558 4508 “
599 4469 697 4525 llic
731 4469 894 4544 Rom.
938 4469 1073 4528 edit.
1123 4471 1467 4542 jugulaverat
1501 4471 1750 4528 voculam
1799 4474 1924 4540 quia
1949 4515 1962 4538 ,
1999 4473 2134 4536 etD
2239 4471 2254 4510 ί
2301 4471 2528 4542 Bcnign.
2585 4479 2644 4544 et
2674 4469 2787 4544 alii
2835 4468 3122 4536 nonnulli,
3171 4469 3474 4544 inexplebili
3520 4470 3705 4544 prclio
3740 4487 3764 4530 :

461 4553 558 4610 pro
588 4541 866 4615 quierimus
890 4583 907 4610 ,
954 4541 1214 4615 posuerat
1255 4559 1578 4613 qnwramns;
1624 4544 1770 4615 quod
1799 4543 2058 4602 videlicet

459 4627 675 4668 sensum
700 4613 1102 4688 quodammodo
1130 4629 1460 4688 suspensum
1488 4613 1689 4688 sllicitat
1731 4617 1950 4688 antiqua
1979 4617 2058 4673 le-

459 4689 570 4739 ctio
602 4701 615 4736 :
651 4700 836 4740 verum
874 4685 1125 4742 eamdem
1150 4701 1272 4741 cum
1301 4686 1422 4742 alia:
1449 4686 1581 4743 edit.
1611 4702 1674 4743 ac
1704 4703 1835 4743 IIISS.
1864 4685 2060 4744 omnes

461 4756 794 4830 exhibeant.
826 4755 980 4830 nobis
1009 4757 1123 4830 visa
1154 4766 1238 4814 est
1277 4757 1334 4812 in
1381 4759 1648 4830 integrum
1690 4759 2052 4815 restituenda.

461 4828 636 4901 Quare
661 4826 943 4896 periodum
968 4829 1037 4901 ita
1068 4829 1466 4900 interpreteris,
1493 4826 1550 4885 ut
1569 4831 1691 4898 ejus
1710 4845 1838 4901 pars
1865 4831 2053 4886 ultitna

460 4899 546 4956 sit.
567 4914 628 4952 ne
657 4901 788 4968 forte
813 4899 1198 4970 aggrediantur,
1219 4909 1352 4966 etc.,
1379 4917 1499 4970 qua:
1527 4901 1688 4958 verba
1712 4899 2055 4958 tantumdem

459 4971 633 5045 valent
647 4987 730 5045 ,ae
745 4969 791 5024 si
811 4969 1158 5045 scriberetur,
1176 4969 1440 5045 caveamus
1463 4989 1526 5026 ne
1543 4974 1932 5045 aggrediamur,
1947 4982 2053 5030 etc.

529 5039 556 5078 ιν
596 5040 758 5114 lbid.,
792 5056 916 5112 pag.
947 5043 1074 5110 561,
1107 5043 1204 5098 lin.
1230 5045 1264 5100 5
1291 5061 1304 5096 :
1335 5043 1418 5099 Ad
1435 5060 1544 5100 rem
1575 5039 1853 5114 gerendam
1881 5061 2057 5099 autent

457 5114 542 5186 (ιηὶ
575 5113 793 5186 accedit,
824 5123 999 5186 caveat
1011 5131 1087 5186 _ne
1115 5115 1170 5168 id
1196 5114 1352 5170 modo
1379 5113 1696 5179 consideret,
1728 5125 1837 5170 etc.

531 5199 554 5257 «ξ
597 5183 756 5257 lbid.,
779 5185 874 5257 li_t_t.
901 5184 972 5257 ις
1001 5182 1190 5257 Inque
1217 5187 1329 5257 ipso
1351 5187 1785 5241 considerandum
1818 5195 1918 5254 est,
1945 5194 2051 5244 etc.

525 5252 549 5290 ι¹
593 5253 728 5311 Ibid.
755 5297 772 5323 ,
807 5254 966 5327 lin._6
1000 5275 1014 5311 :
1049 5252 1115 5310 In
1157 5252 1394 5312 omnibus
1423 5267 1596 5312 autem
1638 5257 1858 5327 negotiis
1881 5252 1911 5322 ,ἡ
1944 5266 2052 5314 etc.

457 5325 588 5382 item
623 5328 720 5380 lin.
751 5327 821 5381 17
849 5344 863 5380 :
894 5325 1072 5382 Fortis
1111 5343 1230 5384 vero
1258 5329 1422 5384 animi
1465 5339 1512 5384 et
1540 5325 1828 5383 constantis
1855 5335 2056 5384 estnon

457 5397 752 5467 perturbari
769 5439 782 5461 ,
815 5407 922 5452 etc.

533 5481 554 5505 ε
586 5467 830 5542 Cic._lih.
858 5469 881 5522 1
905 5487 928 5542 _:
951 5468 1107 5542 Offic.
1135 5485 1256 5542 pag.
1287 5470 1546 5542 562._l_in.
1578 5469 1604 5525 1
1632 5485 1646 5522 :
1673 5467 1788 5524 Nec
1815 5469 2055 5524 commit-

457 5549 560 5610 tere
582 5548 638 5610 tit
663 5540 946 5610 aliquando
973 5539 1251 5596 dicendane
1275 5544 1340 5596 sit
1375 5559 1394 5596 :
1420 5539 1542 5594 Non
1577 5551 1836 5608 putaram.

526 5609 546 5681 τ
579 5609 638 5665 ln
664 5609 796 5666 edit.
839 5609 972 5667 Ben.
1014 5628 1299 5668 numerum
1333 5612 1437 5668 189
1491 5620 1790 5681 sequuntur
1838 5615 2057 5670 numeri

448 5680 576 5746 900,
615 5681 742 5748 201,
773 5690 910 5750 etc.,
941 5683 1178 5738 evidenti
1213 5683 1435 5740 mendo.
1468 5680 1605 5737 Enn.

520 5762 546 5825 ξ
575 5751 922 5825 :l‘res_mss.,_
933 5755 1274 5825 perturbatur
1305 5751 1726 5825 cogitationibus.

447 5827 500 5902 ξ
520 5821 548 5861 ³³
563 5821 700 5880 Cod.
717 5822 884 5894 Fisc.,
895 5821 1084 5882 Nudus
1099 5841 1330 5898 egressus
1340 5821 1454 5882 sunt
1473 5824 1539 5881 de
1551 5833 1695 5880 utero
1715 5825 1896 5882 matris
1910 5841 2054 5884 mete.

2164 4543 2336 4608 Fisc.,
2364 4541 2722 4608 insuperabili.

2240 4615 2256 4666 i
2307 4615 2424 4670 Cic.
2457 4613 2615 4669 OfIic.
2642 4613 2740 4668 lib.
2766 4613 2820 4679 1,
2853 4628 2975 4684 pag.
2999 4613 3130 4680 560,
3155 4613 3252 4668 lin.
3286 4613 3390 4670 15:
3417 4615 3768 4684 Quamobrem

2162 4696 2212 4742 et
2239 4685 2353 4756 haec
2375 4685 2587 4756 vitanda
2607 4695 2746 4746 sunt,
2780 4694 2829 4738 et
2847 4685 3104 4756 pecuniat,
3133 4693 3244 4756 etc.

2235 4755 2262 4794 τί
2303 4755 2510 4812 Eodem
2535 4771 2698 4812 sensu
2725 4756 2987 4828 Polybius
3013 4757 3110 4813 lib.
3132 4773 3166 4812 κ
3195 4755 3402 4816 Hister.
3429 4763 3564 4822 artati
3585 4759 3769 4817 πολλοί

2161 4829 2224 4890 δή
2245 4849 2376 4890 τινες
2399 4829 2832 4904 Διιριιιζορθεἶιισοξιιιιίς·
2859 4830 2986 4904 *τὰς*
3015 4829 3352 4904 ἐπιϐολᾲς....
3386 4833 3456 4904 mi-
3481 4831 3636 4904 μόνον
3657 4831 3769 4904 ἐξὲτ

2161 4922 2322 4974 necas
2341 4941 2356 4964 ,
2387 4900 2512 4956 ἀλλά
2539 4899 2652 4974 rei;
2680 4899 2812 4974 ᾇᾉοις
2849 4901 3154 4974 έᾳφᾴλησαν.
3189 4899 3504 4974 Exemplum
3529 4902 3648 4974 ejus
3671 4901 3768 4958 rei

2161 4971 2394 5044 ipsemet
2418 4970 2774 5044 suggeritlib.
2794 4987 2848 5024 v.
2871 4969 2928 5025 lii
2955 4969 3191 5044 Xenmta
3212 4970 3468 5044 Antiochi
3499 4969 3770 5044 pr'a‘feclo

2161 5041 2398 5098 Molonis
2447 5040 2741 5112 perduellis
2791 5052 2908 5099 arte
2946 5042 3015 5098 ad
3061 5040 3517 5101 internecionem
3551 5043 3766 5099 deleto.

2159 5113 2278 5188 Alia
2301 5112 2649 5188 suppeditant
2668 5113 2912 5170 Justinus
2933 5113 3030 5170 lib.
3056 5131 3070 5169 ι
3097 5115 3155 5188 in
3173 5114 3770 5188 Cyro_TomyrisAastu-

2163 5185 2232 5256 tia
2262 5183 2570 5256 proﬂigato,
2610 5194 2773 5256 atque
2807 5195 3086 5256 truncato;
3115 5183 3282 5248 Corn.
3315 5183 3543 5242 Tacitus
3566 5184 3714 5256 libro
3744 5201 3768 5243 ι

2161 5255 2454 5312 Annalium
2505 5255 2558 5310 in
2587 5255 2850 5312 Armenio
2888 5255 3288 5314 Germanorum
3319 5256 3459 5314 duce
3485 5273 3516 5312 ιι
3543 5255 3774 5314 Caecina

2159 5327 2473 5384 Germanici
2500 5327 2704 5398 legato,
2727 5339 2784 5398 et
2811 5327 2902 5384 alii
2926 5328 2980 5382 in
3011 5327 3157 5384 aliis.
3191 5328 3324 5397 Qute
3357 5329 3578 5398 quidem
3611 5326 3772 5385 haud

2161 5397 2577 5464 annotaremus,
2596 5399 2704 5470 nisi
2725 5397 3164 5468 Christanorum,
3197 5399 3303 5470 qui
3320 5397 3532 5469 patrum
3556 5413 3774 5456 memo-

2163 5471 2242 5543 ria
2263 5470 2466 5543 Turcas
2494 5469 2635 5543 apud
2667 5469 2851 5525 Erlam
2887 5471 2939 5524 in
2977 5469 3248 5543 llungaria
3283 5469 3526 5543 fusosgac
3549 5478 3776 5543 stratos

2160 5540 2421 5596 aviditate
2448 5539 2646 5613 praedae
2687 5543 2740 5596 in
2769 5557 2828 5596 se
2854 5539 3208 5608 revocarunt,
3251 5541 3482 5613 lugenda
3513 5541 3677 5597 simul
3705 5548 3775 5598 et.

2161 5612 2538 5672 erubescenda
2578 5611 2763 5669 clades
2791 5613 3114 5668 admoneret
3155 5611 3514 5680 imperatores
3541 5619 3778 5670 nostros

2161 5682 2339 5739 alieno
2352 5682 2867 5754 damnojnibilotieri
2889 5685 3182 5739 cautiores.
3208 5684 3514 5740 Prudenter
3525 5697 3655 5754 ergo
3666 5697 3776 5741 rex.

2162 5753 2330 5812 Israel
2371 5754 2410 5808 l.
2437 5770 2487 5809 tv
2521 5752 2658 5826 Reg.
2684 5770 2744 5826 7c.
2774 5755 2830 5826 8,
2859 5769 2933 5826 ne
2949 5755 3062 5826 sibi
3086 5755 3281 5826 praedae
3304 5752 3776 5826 occasione—fraus

2164 5833 2492 5893 strueretur,
2511 5823 2893 5898 prospiciebat.
2913 5823 3582 5884 Similiteretiamliomani
3595 5823 3772 5886 obset'
