4078 6306
265 300 335 360 85
1310 304 1399 360 DE
1435 302 1725 362 OFFICIIS
1762 300 2241 363 MMSTHORUM
2281 305 2408 362 LIB.
2452 305 2491 361 l.
3506 310 3577 367 86

257 421 666 490 Socrationem,
692 420 776 477 cui
802 416 1353 475 consummandorum
1396 417 1735 472 consortium
1779 430 1867 471 sa-
1895 420 1949 480 Α,
1974 418 2163 472 Assum
2187 428 2289 485 est,
2322 418 2530 490 inquit,
2580 432 2729 471 rersa
2758 427 2807 473 et
2852 418 3126 475 modum
3159 420 3239 475 ita
3268 423 3433 479 animi
3466 425 3579 479 vir-

257 523 709 582 cramentorum,
741 514 863 569 huic
888 512 1167 584 sanguinis
1196 510 1272 566 tui
1299 511 1635 566 consortium
1664 510 1871 582 negas?

258 598 403 663 Vide
447 610 520 663 nc
564 605 904 679 periclitetur
933 603 1197 676 judicium
1237 612 1421 669 tuum,
1449 602 1576 658 dum
1611 601 1869 658 fortitudo

253 697 536 755 laudatur.
589 698 840 770 Abjectio
884 696 1137 770 discipuli
1192 696 1583 753 detrimentum
1628 706 1715 753 est
1753 711 1871 752 ma-

248 794 501 867 gisterii.
533 792 674 863 Quid
702 791 880 864 lquod
912 791 1155 847 illustres
1184 799 1240 849 et
1271 798 1591 865 priestantes
1642 789 1744 845 viri
1784 788 1869 845 die

247 887 596 959 scipuiorum
622 884 1008 943 certaminibus
1032 901 1192 955 quam
1220 885 1332 940 suis
1345 886 1591 940 vincunt.
1625 884 1870 955 Denique

249 980 536 1038 Abraham
573 980 745 1036 lilium
776 979 974 1035 obtulit
1005 976 1174 1050 (Gen.
1210 994 1353 1046 un,
1384 977 1493 1049 9),
1524 978 1719 1034 Petrus
1746 977 1869 1033 Ste—

248 1074 505 1145 phanum
557 1073 821 1145 praemisit
870 1070 1024 1147 (lict.
1076 1086 1184 1138 vn,
1217 1072 1352 1142 57).
1403 1071 1470 1127 Et
1528 1080 1625 1137 tu,
1678 1079 1863 1142 pater,

246 1168 489 1224 ostende
516 1169 568 1223 in
598 1166 708 1222 tilio
735 1166 989 1222 virtutem
1020 1173 1173 1222 tuam
1191 1208 1207 1233 ,
1238 1164 1375 1221 utier
1399 1178 1563 1235 quem
1592 1164 1829 1221 erudisti
1847 1206 1865 1233 ,

245 1271 307 1318 ut
331 1270 572 1319 securus
596 1261 787 1334 iudicii
818 1262 893 1317 tui
922 1262 1185 1318 comitatu
1236 1262 1404 1317 nobili
1463 1262 1753 1333 pervenias
1797 1262 1871 1317 ad

246 1371 543 1412 coronam.

317 1448 454 1507 205.
499 1448 654 1504 Tunc
679 1448 883 1521 Xystus
901 1449 978 1504 ait
1004 1466 1018 1503 :
1047 1444 1164 1503 Non
1185 1461 1288 1519 ego
1319 1456 1404 1515 te,
1454 1446 1561 1515 ﬁli,
1611 1447 1866 1520 relinquo

244 1554 308 1598 ac
336 1542 584 1599 desero:
614 1541 715 1597 sed
738 1542 944 1613 majora
973 1542 1069 1599 tibi
1100 1542 1371 1599 debentur
1405 1543 1723 1599 certamina.
1756 1544 1867 1601 Nos

242 1637 402 1708 quasi
453 1644 621 1691 senes
674 1634 894 1692 levioris
939 1651 1131 1708 pugnae
1163 1650 1379 1692 cursum
1425 1637 1720 1707 recipimus
1763 1656 1775 1691 :
1812 1648 1864 1693 te

243 1730 406 1801 quasi
434 1726 701 1800 juvenem
733 1739 918 1785 manet
956 1728 1247 1803 gloriosior
1285 1730 1355 1787 de
1400 1736 1634 1803 tyranno
1673 1731 1864 1785 trium-

245 1822 408 1893 phus.
446 1821 579 1877 Mox
621 1821 803 1877 venies
827 1864 842 1889 ,
893 1821 1026 1879 ﬁere
1055 1822 1261 1879 desiste
1284 1865 1299 1890 ,
1354 1829 1478 1894 post
1509 1822 1747 1879 triduum
1776 1837 1865 1879 me
1891 1826 1940 1888 Β

242 1919 522 1988 sequeris.
561 1920 587 1953 ⁸
613 1915 964 1972 Sacerdotem
989 1923 1046 1973 et
1074 1916 1291 1973 ievitam
1322 1917 1410 1972 hic
1438 1918 1648 1973 medius
1676 1932 1866 1973 nume-

244 2021 338 2063 rus
388 2007 579 2064 decet.
634 2005 751 2063 Non
797 2018 915 2063 erat
970 2018 1123 2064 tuum
1150 2009 1253 2065 sub
1297 2011 1559 2081 magistro
1607 2013 1860 2077 vincere,

243 2095 399 2175 quasi
428 2101 742 2174 adiutorem
761 2116 1061 2174 quaereres.
1095 2102 1239 2172 Quid
1272 2104 1611 2159 consortium
1657 2104 1865 2174 passio-

243 2198 329 2253 nis
357 2212 500 2253 mea:
551 2196 810 2267 expetis‘l
839 2195 1028 2252 Totam
1071 2198 1164 2251 tibi
1213 2194 1595 2252 hatredltatem
1625 2195 1746 2267 ejus
1781 2195 1864 2252 di-

246 2291 427 2347 mitto.
456 2288 605 2358 Qoid
635 2290 976 2361 praesentiam
1009 2304 1185 2346 meam
1216 2289 1494 2360 requiris?
1524 2288 1724 2344 inﬁrmi
1751 2289 1863 2343 dis-

245 2383 413 2455 cipuli
459 2383 786 2454 magistrum
837 2383 1179 2454 praecedant,
1233 2384 1403 2438 tortos
1429 2392 1763 2454 sequantur,
1808 2389 1868 2437 ut

245 2479 470 2534 vincant
502 2477 645 2532 .sine
688 2477 984 2547 magistro,
1015 2477 1107 2547 qui
1150 2476 1260 2547 jam
1303 2491 1412 2531 non
1454 2475 1699 2547 indigent
1745 2490 1862 2530 ma-

245 2570 496 2642 gisterio.
555 2568 647 2625 Sic
698 2580 752 2625 et
798 2569 948 2625 Elias
994 2570 1251 2625 Elis-arum
1302 2569 1541 2639 reliquit.
1585 2567 1864 2639 Tibiorgo

246 2662 452 2719 mando
485 2672 696 2718 nostris
720 2663 935 2717 virtutis
962 2664 1392 2719 successionem.
1811 2679 1825 2690 ·

317 2756 450 2811 206.
492 2754 649 2811 Talis
671 2765 791 2811 erat
816 2756 1095 2811 contentio
1114 2796 1128 2822 ,
1160 2754 1324 2827 digna
1347 2768 1481 2811 sane
1505 2754 1576 2811 de
1601 2769 1708 2825 qua
1744 2767 1864 2810 eer-

249 2857 433 2904 tarent
458 2849 727 2904 sacerdos
755 2858 809 2906 et
837 2849 1114 2916 minister,
1137 2851 1260 2920 quis
1292 2850 1445 2919 prior
1473 2857 1746 2919 pateretur
1769 2862 1865 2918 pro

248 2940 458 2996 Christi
499 2940 744 2996 nomine.
770 2934 828 2995 in
874 2939 1075 2997 fabulis
1106 2940 1290 2996 lerunt
1336 2941 1558 3011 tragicis
1599 2941 1863 2996 excitatos

180 3096 187 3103 _
254 3033 456 3090 theatri
495 3047 729 3105 magnos
754 3048 876 3090 esse
918 3035 1172 3105 plausus,
1226 3049 1349 3089 eum
1375 3049 1437 3089 se
1463 3032 1697 3105 Pylades
1731 3036 1864 3088 Ore-

249 3135 391 3184 stem
422 3128 669 3194 diceret;
697 3128 940 3197 Orestes,
969 3138 1028 3183 ut
1055 3138 1195 3196 erat,
1209 3128 1457 3184 Orestem
1484 3142 1545 3183 se
1568 3141 1691 3182 esse
1714 3140 1860 3181 asse-

1975 518 2091 567 tute
2115 512 2367 567 vincebat
2405 511 2543 583 ignis
2570 522 2840 568 naturam.

2540 601 2775 661 CAPUT
2837 603 3007 660 XLIL

2111 696 2402 756 Potestotes
2438 715 2542 755 non
2581 699 2897 768 irrirmrdos,
2936 714 3109 774 neque
3136 702 3435 760 manus

2518 792 2821 864 prwbendus
2856 808 3029 850 aures.

2040 883 2165 940 207.
2208 884 2527 941 Cavendum
2550 886 2715 941 etiam
2758 899 2915 953 reor,
2946 902 3021 942 ne
3042 886 3177 943 dum
3196 888 3362 960 aliqui
3406 888 3573 946 nimia

1968 977 2158 1048 gloria:
2201 977 2473 1034 ducuntur
2521 979 2850 1049 cupiditate,
2908 981 3237 1037 insolentius
3283 985 3579 1040 abutantur

1970 1072 2361 1141 potestatibus,
2391 1082 2445 1128 et
2476 1073 2797 1143 plerumque
2824 1088 3044 1129 aversos
3083 1089 3113 1130 ι
3161 1076 3321 1133 nobis
3361 1080 3579 1134 animos

1967 1164 2255 1235 gentilium
2310 1168 2363 1219 in
2410 1166 2588 1221 studia
2635 1166 3032 1237 persecutionis
3079 1167 3317 1225 excitent
3346 1212 3361 1235 ,
3411 1180 3582 1242 atque

1968 1250 2308 1315 inﬂamment
2342 1257 2415 1314 ad
2456 1258 2814 1315 iracundiam.
2868 1258 3057 1331 itaque
3101 1269 3160 1316 ut
3207 1261 3281 1316 illi
3324 1274 3585 1333 perseve-

1967 1368 2092 1408 rare
2138 1353 2377 1424 possint,
2431 1362 2487 1410 et
2507 1354 2771 1425 supplicia
2818 1355 3072 1422 vincere,
3122 1363 3358 1427 quantos
3396 1358 3577 1428 perire

1968 1442 2173 1501 faciunt
2192 1444 2216 1499 i

2038 1536 2165 1593 208.
2202 1548 2224 1577 ε
2267 1537 2721 1609 Prospiciendum
2739 1538 2907 1595 etiam
2943 1553 3017 1595 ne
3049 1538 3399 1596 adulantibus
3446 1552 3577 1609 ape-

1967 1631 2174 1687 riamus
2195 1644 2416 1696 aurem;
2439 1630 2676 1687 emolliri
2706 1631 2852 1687 enim
2879 1632 3222 1700 adulatione,
3256 1647 3370 1690 non
3386 1634 3569 1691 solum

1966 1723 2305 1782 lenitudinis
2328 1743 2436 1783 non
2459 1740 2582 1783 esse
2607 1767 2623 1792 ,
2645 1725 2744 1783 sed
2773 1727 2936 1785 etiam
2967 1727 3197 1799 ignavias
3223 1728 3456 1784 videtur.

2532 1819 2617 1877 CA
2629 1819 2764 1877 PUT
2803 1819 2988 1876 XLIII.

1969 1913 2049 1970 De
2084 1916 2424 1987 tentperontio
2462 1925 2511 1971 et
2550 1917 2827 1988 principalis
2853 1920 2968 1990 ejus
2999 1918 3235 1987 portibus
3256 1959 3276 1987 ,
3326 1920 3573 1974 nimirum

2037 2011 2201 2064 animi
2222 2010 2601 2077 tranquillitate
2621 2026 2686 2066 ao
2704 2011 3082 2079 moderatione,
3107 2013 3391 2069 honestatis
3420 2028 3571 2085 cura,

2040 2113 2087 2159 et
2114 2104 2316 2158 decoris
2344 2104 2776 2160 consideratione.

2037 2196 2163 2253 209.
2195 2195 2460 2265 Quoniam
2489 2197 2559 2254 de
2586 2198 2761 2253 tribus
2783 2198 3075 2256 virtutibus
3105 2200 3376 2269 diximus,
3415 2200 3442 2239 ἀ
3483 2216 3574 2260 rc-

1967 2301 2076 2349 stat
2103 2300 2160 2346 ut
2187 2291 2255 2347 de
2287 2302 2475 2362 quarta
2516 2293 2721 2348 virtute
2738 2292 2985 2348 dicamus
3009 2335 3024 2363 ,
3058 2310 3180 2365 quae
3212 2300 3572 2367 temperantia

1966 2398 2030 2441 ac
2070 2385 2336 2441 modestia
2386 2392 2648 2440 vocatur:
2683 2388 2739 2441 in
2779 2398 2883 2456 qua
2937 2390 3176 2443 maxime
3204 2391 3572 2461 tranquillitas

1966 2477 2171 2543 animi,
2217 2476 2456 2532 stadium
2496 2478 2970 2545 mansuetudinis,
3021 2480 3417 2539 moderationis
3453 2498 3578 2554 gra-

1968 2572 2073 2639 tia,
2118 2571 2333 2626 honesti
2380 2584 2542 2637 cura,
2597 2571 2815 2627 deceris
2870 2573 3242 2631 consideratio
3298 2585 3578 2647 spectatur

1966 2669 2023 2718 et
2050 2660 2334 2733 queritur.
3334 2658 3341 2663 ’

2035 2755 2163 2810 210.
2198 2753 2346 2810 Ordo
2366 2754 2533 2825 igitur
2559 2754 2781 2826 quidam
2806 2757 2931 2812 vita
2962 2757 3122 2813 nobis
3152 2758 3419 2816 tenendus
3448 2772 3568 2827 ost,

1965 2857 2078 2905 uta
2111 2847 2447 2905 verecundia
2473 2850 2645 2919 prima
2692 2849 2946 2920 quadam
2985 2851 3339 2911 fundamenta
3363 2852 3573 2913 ducan-

1966 2951 2094 2999 tur:
2139 2957 2264 3014 quas
2291 2944 2442 2997 socia
2487 2957 2550 2997 ac
2580 2942 2871 2998 familiaris
2895 2952 2980 2999 est
3008 2945 3210 3000 mentis
3252 2945 3359 3020 δ’]
3395 2946 3571 3018 placi-

1964 3036 2125 3093 ditati
2147 3080 2162 3105 ,
2188 3036 2479 3107 proterviae
2506 3034 2741 3108 fugitans
2761 3076 2776 3101 ,
2805 3037 2875 3091 ab
2902 3039 3053 3093 omni
3075 3039 3254 3095 aliena
3283 3040 3442 3105 luxu,
3481 3054 3571 3094 suo

1966 3132 2256 3188 brietatem
2303 3132 2519 3203 diligit,
2565 3134 2906 3189 honestatem
2939 3132 3125 3202 fovet,
3153 3135 3413 3192 decorum
3440 3136 3572 3192 illud

249 3230 473 3276 voraret
523 3236 539 3275 :
574 3221 667 3276 ille
708 3227 768 3276 ut
814 3235 915 3293 pro
960 3221 1154 3277 Oreste
1194 3232 1512 3286 necaretur,
1541 3221 1760 3276 Orestes
1788 3233 1857 3276 ne
1884 3230 1929 3292 ο
1962 3226 2213 3297 requirit.

250 3312 517 3385 Pyladem
541 3326 640 3385 pro
668 3327 729 3371 se
758 3322 1036 3386 pateretur
1067 3315 1269 3370 necari.
1299 3313 1405 3370 Sed
1438 3314 1546 3369 illis
1568 3328 1674 3367 non
1724 3312 1858 3367 lice-

249 3408 345 3463 bat
374 3410 567 3465 vivere
588 3448 603 3475 ,
630 3409 773 3477 quod
808 3421 1038 3481 uterque
1069 3410 1179 3484 50
1213 3418 1360 3465 esset
1389 3407 1661 3479 parricidii
1691 3421 1854 3463 reus:

249 3503 397 3558 alter
424 3500 572 3573 qui‘
612 3503 853 3571 iecisset,
907 3508 1046 3561 alter
1074 3506 1163 3575 qui
1213 3504 1531 3575 adjuvisset.
1574 3502 1672 3558 ilic
1715 3501 1856 3557 Lau-

249 3599 503 3655 rentium
528 3605 773 3654 sanctum
801 3600 866 3655 ad
901 3602 1002 3657 hoc
1034 3601 1212 3656 nullus
1253 3598 1512 3670 urgebat,
1557 3598 1660 3652 nisi
1700 3612 1855 3651 amor

247 3691 604 3758 devotionis;
639 3702 812 3748 tamen
841 3703 898 3750 et
927 3695 1042 3766 ipse
1073 3704 1195 3765 post
1237 3692 1509 3757 triduum,
1540 3705 1667 3747 cum
1694 3690 1855 3745 illuso

253 3791 523 3856 tyranno,
573 3784 857 3857 impositus
902 3803 1067 3859 super
1113 3786 1431 3843 craticulam
1484 3794 1853 3842 exoreretur:

250 3925 570 4010 sanctiﬁcat,
596 3926 679 4010 {tio
698 3926 1016 4010 sanctiﬁcata
1036 3924 1481 4010 disputatum?
1497 3923 1657 4010 verba
1682 3922 1844 4010 etiam

252 3995 501 4066 reperire
530 3995 615 4053 est
638 4000 777 4069 apud
809 3995 1070 4053 Isidorum
1093 3995 1239 4055 lib.“
1266 3997 1373 4053 Oli.
1408 3995 1768 4069 Eccl.gcap.8.
1793 4000 1850 4048 et

255 4080 501 4143 veterem
530 4080 809 4126 auctorem
831 4072 921 4140 qui
954 4070 1267 4143 Hieronymi
1294 4070 1511 4143 titulum
1545 4068 1685 4143 falso
1713 4080 1853 4143 prat-

258 4141 380 4197 fert.
406 4140 663 4196 Coactior
687 4139 866 4197 autem
897 4142 1010 4197 haec
1037 4145 1086 4199 ei
1117 4139 1224 4197 non
1254 4141 1527 4197 videbitur
1542 4139 1856 4206 exolicatio,

255 4216 345 4280 qui
390 4228 520 4268 cum
550 4213 678 4267 Ant.
712 4214 938 4270 Godello
971 4214 1224 4270 Historiae
1264 4213 1419 4283 Eccl.
1461 4224 1591 4266 tom.
1620 4210 1637 4265 Ι
1664 4251 1679 4276 ,
1734 4223 1855 4280 pag.

256 4284 383 4351 579,
414 4287 769 4355 perpenderit
792 4287 843 4340 in
875 4287 992 4356 ipso
1016 4287 1193 4342 missa:
1224 4283 1494 4340 sacriﬁcio
1521 4284 1648 4337 dum
1681 4283 1734 4336 in
1767 4296 1860 4356 ca-

258 4357 361 4411 lice
388 4352 656 4428 particula
685 4360 876 4411 hostiae
895 4352 1073 4413 sacrae
1105 4358 1446 4428 immittitur,
1484 4352 1857 4428 consecratio-

258 4425 555 4483 nem'sumi
586 4442 687 4498 pro
718 4444 775 4483 re
796 4440 1134 4487 consecrata.
1161 4429 1272 4483 Huc
1295 4427 1436 4482 adde
1461 4426 1604 4497 quod
1632 4425 1709 4479 ait
1737 4439 1855 4478 car-

2029 3317 2157 3373 2“.
2192 3317 2465 3388 Sequatur
2499 3319 2939 3375 conversationis
2976 3320 3194 3387 electio,
3223 3329 3246 3359 ο
3281 3331 3337 3376 ut
3376 3321 3571 3391 adjun-

1959 3424 2151 3481 gamur
2190 3410 2589 3480 probatissiinis
2629 3411 2936 3481 quibusque
2965 3412 3294 3469 senioribus.
3325 3412 3571 3485 Namque

1961 3512 2021 3558 ut
2046 3503 2336 3574 tequalinm
2363 3518 2495 3559 usus
2520 3503 2752 3571 dulcior,
2797 3507 2867 3559 ita
2896 3519 3091 3561 senum
3122 3507 3288 3562 tutior
3329 3514 3443 3575 est,
3473 3509 3567 3579 qui

1962 3599 2275 3668 magisterio
2300 3597 2534 3668 quodam
2565 3607 2623 3654 et
2650 3597 2817 3654 ductu
2849 3600 2973 3655 vita:
3001 3600 3211 3656 colorat
3231 3614 3416 3658 mores
3436 3602 3567 3658 ado-

1961 3692 2306 3759 lescentiom,
2323 3700 2378 3748 et
2402 3693 2553 3749 velut
2572 3694 2781 3748 murice
2803 3692 3089 3763 probitatis
3113 3694 3305 3750 inlicit.
3320 3694 3565 3766 Namque

1962 3786 2007 3840 si
2041 3787 2094 3841 lii
2117 3787 2207 3858 qui
2231 3796 2356 3842 sunt
2386 3787 2558 3858 ignari
2592 3787 2854 3854 locorum,
2882 3800 3004 3843 cum
3032 3788 3322 3844 solertibus
3349 3790 3561 3845 viarum

1972 3920 2455 3995 litamrutpostea
2504 3922 2933 3995 Syn_._gAquisgr.
2988 3940 3105 3993 cap.
3160 3926 3222 3991 7,
3268 3940 3333 3981 ex
3382 3925 3477 3985 lib.
3528 3943 3566 3995 tt

1972 3992 2204 4049 Constit.
2234 3994 2420 4064 Apost.
2459 3992 2580 4064 cap.
2606 3992 2700 4059 25,
2734 3992 2787 4049 ct
2821 3992 2982 4065 epist.
3025 3992 3094 4051 8’5
3136 3998 3307 4051 sancti
3345 3992 3567 4056 liicrmi.

1971 4065 2251 4139 deﬁnivit:
2286 4066 2636 4139 Diaconorum
2663 4068 2790 4121 ordo
2816 4083 2847 4121 α
2881 4066 3015 4121 tribu
3041 4065 3162 4121 Levi
3186 4070 3384 4139 occepit
3410 4084 3565 4124 exor-

1968 4136 2137 4208 dium)
2165 4146 2291 4207 apte
2332 4138 2598 4193 asseritur
2629 4138 2769 4193 inter
2798 4149 3088 4208 utrumque
3115 4140 3279 4193 tridui
3310 4136 3559 4196 intersti-

1970 4200 2461 4285 tium'co'nvenire;
2502 4218 2629 4285 sunt
2670 4208 2818 4285 enim
2868 4200 3083 4285 tres'in
3134 4209 3433 4285 hierarchia
3474 4212 3562 4267 di-

1966 4281 2149 4355 stincti
2186 4280 2737 4355 g_rad_us,g'episcopi,
2772 4282 3075 4355 presbyteri
3117 4297 3181 4355 ac
3217 4281 3429 4355 diaconi
3454 4325 3469 4349 ,
3505 4293 3565 4355 ut

1967 4350 2157 4423 Patres
2200 4351 2503 4408 Tridentini
2549 4353 2819 4423 majorum
2870 4350 3148 4408 traditioni
3193 4350 3559 4419 adlimrcntes,

1966 4422 2374 4479 confirmarunt.

257 4499 450 4555 dinalis
483 4493 629 4554 Bona
664 4503 785 4555 loco
817 4493 1493 4566 laudato,dicldiaconmn’
1507 4510 1854 4560 consecrare,
1882 4507 1938 4569 D
2037 4493 2063 4539 δ
2095 4496 2239 4551 Alter
2260 4496 2347 4566 qui
2370 4496 2592 4569 fecisset,
2618 4494 2669 4549 id
2692 4503 2795 4561 est,
2816 4494 3039 4552 Orestes
3060 4494 3152 4567 qui
3179 4504 3406 4551 matrem
3434 4495 3561 4569 Cly-

256 4583 511 4645 quateuus
533 4574 835 4645 sanguinem
876 4574 1140 4645 dispensat
1166 4614 1179 4637 ,
1221 4574 1307 4643 qui
1332 4580 1417 4645 est,
1450 4570 1768 4645 consecratio
1809 4578 1853 4645 et
1894 4567 1914 4569 ”
1964 4574 2313 4645 temnestram
2345 4569 2396 4621 in
2425 4567 2684 4645 ultionem
2709 4569 3055 4645 oc_cisi__ah_ca
3082 4569 3250 4645 patris
3277 4567 3563 4645 Agamem-

257 4644 602 4711 sanetiﬂcatio
625 4640 825 4711 nostra,
849 4656 897 4699 et
916 4640 1034 4715 [om
1062 4655 1211 4713 atque
1234 4640 1453 4715 essentid
1475 4643 1639 4695 omnis
1664 4640 1857 4715 sancti-

261 4714 533 4787 ﬁcationis.
572 4716 757 4787 Apage
784 4713 928 4787 ergo
952 4731 1147 4770 vanum
1189 4713 1711 4787 quorumdamcum
1745 4713 1855 4787 ilo-

259 4786 510 4858 spiuiano
537 4783 930 4850 commentum.
958 4788 1052 4858 qui
1083 4789 1205 4842 loco
1233 4788 1401 4858 citato
1429 4794 1500 4858 et‘
1522 4784 1616 4839 lib.
1643 4783 1857 4858 tejus-

260 4856 378 4912 dem
411 4859 553 4913 Hist.
577 4861 730 4915 Sacr.
755 4876 874 4930 cap.
902 4855 998 4923 23',
1031 4873 1098 4915 ex
1122 4861 1203 4912 liis
1231 4855 1504 4912 Ambrosii
1540 4855 1727 4930 verbis
1758 4869 1851 4907 ex-

263 4932 498 4998 primere
522 4941 754 4986 conatur
771 4927 988 4987 licuisse
1010 4933 1139 4985 olim
1162 4930 1408 4985 diaconis
1434 4930 1484 4982 in
1510 4927 1856 4982 sacerdotum

261 5002 504 5058 absentia
550 5004 918 5058 eucharistam
962 5004 1253 5058 coniicere.
1311 5000 1443 5055 Nam
1492 5007 1854 5069 praeterquam

261 5074 399 5147 quod
426 5077 481 5129 in
514 5089 649 5129 mss.
679 5075 962 5147 plusquam
991 5075 1083 5141 24,
1113 5080 1184 5142 et]
1208 5076 1260 5128 in
1288 5072 1542 5125 omnibus
1571 5070 1856 5147 scriptori-

261 5141 358 5200 bus
388 5161 418 5201 a
440 5148 641 5216 quibus
675 5141 763 5201 hic
792 5141 930 5201 idem
972 5147 1122 5202 locus
1148 5141 1347 5200 citetur
1366 5182 1380 5209 ,
1412 5144 1649 5216 corporis
1674 5141 1859 5196 Domi-

264 5218 365 5272 nici
408 5214 683 5273 omittitur
713 5218 955 5284 mentio;
995 5221 1230 5285 ipsemet
1275 5224 1496 5270 sanctus
1525 5214 1711 5268 Levila
1749 5229 1857 5267 non

263 5290 661 5344 sacriﬁcantem
688 5332 703 5355 ,
731 5291 827 5345 sed
856 5290 1210 5346 sacriﬁcantis
1243 5288 1553 5342 ministrum
1595 5300 1655 5339 se
1691 5286 1858 5355 proli-

264 5366 442 5427 tetur,
472 5376 574 5417 nec
613 5362 683 5417 de
713 5361 1019 5416 sacerdotis
1060 5362 1305 5415 absentia
1338 5360 1614 5428 loquitur,
1654 5355 1752 5412 sed
1795 5358 1861 5411 de

264 5434 563 5487 consortio.
594 5434 939 5504 Quapropter
964 5434 1137 5488 sicubi
1160 5431 1420 5487 diaconos
1452 5430 1559 5483 alio
1584 5443 1754 5504 sensu
1787 5430 1864 5504 Ion

268 5503 434 5576 ginius
459 5500 858 5566 consecrasse]
895 5505 946 5560 id
974 5505 1224 5576 superbae
1247 5518 1310 5558 ac
1342 5500 1650 5557 temeraria:
1685 5500 1859 5566 ascri-

270 5575 497 5629 bendum
526 5583 614 5631 est
643 5578 1004 5645 usurpationi.

338 5650 360 5672 "
397 5647 603 5703 Omnes
618 5649 752 5702 edit.
774 5644 831 5701 et
847 5663 976 5701 mss.
991 5648 1219 5718 aliquot,
1238 5646 1378 5701 Inter
1395 5644 1733 5707 sacerdotem,
1753 5648 1861 5697 etc.

273 5717 339 5797 A_t
368 5718 553 5797 plures
579 5733 714 5774 mss.
739 5719 995 5797 omittunt
1020 5721 1174 5774 inter.
1208 5720 1342 5775 Cum
1368 5727 1547 5797 autem
1572 5731 1664 5797 per
1690 5729 1863 5767 sacer-

274 5786 437 5844 dotem
464 5792 756 5863 episcopus
782 5792 1129 5863 intelligatur,
1156 5800 1210 5847 et
1240 5806 1337 5863 per
1364 5788 1572 5845 teritum
1602 5786 1865 5842 diaconus

1962 4639 2121 4693 nonis
2147 4636 2516 4714 interemerat.
2545 4638 2687 4714 Alter
2707 4640 2793 4709 qui
2814 4636 3116 4712 adjuoisset,
3142 4636 3374 4714 Pylades
3400 4641 3557 4696 nimi-

1960 4725 2079 4782 rum
2124 4710 2370 4780 ejusdem
2416 4708 2623 4765 Orestis
2665 4708 2928 4781 cognatus
2974 4720 3133 4782 atque
3172 4708 3378 4767 amicus
3422 4715 3561 4769 adeo

1961 4781 2157 4848 tidelis,
2201 4790 2261 4836 ut
2299 4790 2527 4850 uterque
2560 4794 2657 4849 pro
2686 4798 2833 4837 verae
2877 4781 3129 4838 amicitia:
3175 4783 3347 4839 forma
3395 4783 3560 4840 fuerit

1962 4852 2200 4926 habitus.
2229 4854 2326 4907 Hic
2347 4862 2528 4926 autem
2545 4854 3023 4926 locusdesumptus
3038 4855 3557 4926 translatusqneest,

1962 4939 2067 4978 non
2093 4941 2156 4979 ex
2190 4922 2768 4997 Euripidis‘lphigeoia
2807 4930 2860 4980 in
2904 4922 3111 4988 Tauris,
3142 4936 3201 4981 ut
3231 4928 3283 4981 in
3317 4922 3561 4997 margine

1962 4997 2170 5051 nutavit
2198 4996 2356 5051 Rom.
2390 4995 2548 5061 etlit.,
2581 4995 2676 5051 sed
2705 5013 2773 5053 ex
2800 4998 2974 5053 Cicer.
3005 4999 3138 5054 lih.v
3166 4999 3232 5053 de
3264 4997 3385 5053 Fin.
3422 4995 3556 5052 Bon.

1959 5076 2015 5142 et
2046 5068 2168 5122 Mal.
2205 5066 2482 5142 pag._199,
2506 5078 2562 5123 et
2587 5069 2720 5142 Dial.
2747 5069 3014 5142 deAmic.
3042 5086 3158 5142 pag.
3184 5069 3312 5131 Hi,
3344 5069 3431 5125 ubi
3460 5071 3559 5124 llOS

1961 5140 2180 5209 plausus
2206 5142 2259 5193 in
2290 5138 2360 5212 bi.
2386 5140 2601 5195 Pacuvii
2632 5141 2888 5212 tragmdia
2921 5138 3182 5198 excitatos
3210 5151 3412 5195 narrat.

2036 5221 2058 5249 ο
2093 5212 2206 5267 Cic.
2254 5210 2412 5266 Ol‘lic.
2459 5212 2551 5266 lib.
2585 5226 2633 5279 1,
2670 5210 2791 5283 pag.
2823 5213 2961 5276 565,
2999 5214 3093 5269 lin.
3124 5214 3232 5268 ὅθι
3264 5210 3558 5265 Cavendum

1961 5292 2037 5337 est
2065 5298 2128 5336 ne
2156 5284 2560 5337 assentatoribus
2598 5282 2984 5354 patr/iaciamus
3013 5300 3189 5349 aures,
3224 5298 3313 5337 nec
3347 5282 3556 5337 adulari

1960 5370 2053 5408 nos
2078 5357 2329 5423 sinamus,
2358 5367 2463 5410 etc.

2036 5424 2062 5465 ἀ
2093 5426 2254 5492 iltid.,
2304 5425 2531 5482 litus“:
2563 5426 2810 5499 Sequitur
2849 5436 2906 5481 ut
2939 5427 3002 5483 de
3039 5428 3131 5481 illa
3167 5425 3366 5493 reliqua
3412 5436 3561 5496 parte

1967 5497 2245 5568 honestatis
2268 5498 2544 5552 dicendum
2565 5497 2655 5561 sit,
2680 5500 2731 5553 in
2755 5516 2855 5568 qua
2880 5499 3211 5568 verecundia,
3235 5504 3341 5551 etc.

2039 5579 2063 5608 ο
2092 5567 2207 5623 Cic.
2254 5570 2411 5625 Ol'lic.
2452 5571 2544 5623 lib.
2570 5585 2608 5636 ι,
2640 5586 2694 5640 p.
2721 5566 2860 5633 568,
2892 5570 2987 5622 lin.
3022 5569 3056 5623 5
3086 5586 3099 5622 :
3131 5566 3227 5622 Est
3250 5568 3411 5638 igitur
3433 5569 3562 5624 odo-

1969 5641 2206 5696 lescentis
2253 5644 2475 5713 majores
2521 5651 2679 5706 natu,
2707 5649 2816 5699 etc.
2852 5641 2981 5713 item
3011 5640 3104 5713 lib.
3142 5655 3179 5693 tt
3209 5681 3223 5705 ,
3252 5653 3373 5710 pag.
3410 5640 3518 5697 580
3543 5683 3557 5707 ,

1970 5712 2062 5766 lin.
2104 5714 2211 5768 ὅθι
2244 5710 2520 5765 Facillime
2545 5722 2712 5765 autem
2737 5750 2751 5775 ,
2795 5721 2840 5764 et
2870 5712 2923 5764 in
2958 5712 3204 5781 optimam
3236 5720 3437 5780 partem
3467 5728 3557 5767 oo-

1965 5793 2283 5855 gnosctmtur
2302 5783 2665 5849 adolescentes,
2692 5790 2797 5837 etc.
