4078 6306
492 265 558 320 87
1446 219 1452 230 Ι
1798 269 2046 330 SANCTI
2084 271 2408 329 AMBROSII
3730 267 3807 325 83

488 380 594 435 iter
613 379 823 436 adoriri
841 381 1113 453 gestiunt;
1141 389 1348 452 quanto
1371 381 1541 452 magis
1565 383 1945 442 adolescentes
1965 401 2088 444 cum
2116 390 2169 452 Α
2197 385 2448 443 militiam
2470 386 2742 455 feruntur,
2762 401 2994 457 quarunt
3015 384 3384 444 militaverunt
3404 395 3680 458 parentes,
3704 385 3804 442 alii

491 472 720 528 senibus
748 473 952 530 debent
995 488 1197 530 novum
1241 473 1346 530 sibi
1379 474 1484 530 iter
1522 475 1646 531 vita:
1685 476 1934 548 aggredi,
1981 493 2090 550 quo

493 564 671 620 minus
699 580 889 622 errare
928 566 1160 637 possint,
1187 575 1242 623 et
1272 582 1312 619 a'
1332 582 1465 624 vero
1496 568 1715 624 tramite
1743 569 1963 627 virtutis
1987 570 2088 628 de-

488 656 718 716 ﬂectere
743 659 758 714 ἔ
783 658 933 716 Nihil
959 660 1104 716 enim
1133 659 1416 730 pulchrius
1441 677 1603 733 quam
1633 662 1856 720 eosdem
1885 671 1944 722 et
1957 679 2090 720 ma-

485 751 691 824 gistros
719 752 844 808 vitae
873 762 929 810 et
959 762 1126 810 testes
1154 753 1380 811 habere.

555 844 685 900 212.
717 844 1080 915 Quaerendum
1115 848 1281 904 etiam
1319 848 1372 904 in
1407 849 1556 906 omni
1586 859 1712 906 actu
1741 857 1769 887 ⁸
1797 850 1928 923 quid
1960 867 2088 924 per-

485 938 640 995 sonis
665 981 682 1010 ,
731 940 860 1011 quid
893 942 1231 1013 temporibus
1265 943 1554 1001 conveniat
1582 954 1743 1016 atque
1792 948 2046 1004 aetatibus
2071 990 2086 1018 ,

485 1031 614 1102 quid
654 1032 820 1088 etiam
871 1033 1214 1106 singulorum
1263 1038 1497 1108 ingeniis
1535 1039 1608 1094 sit
1645 1041 2084 1099 accommodum.

485 1125 644 1195 Saepe
674 1127 824 1184 enim
853 1129 996 1200 quod
1029 1130 1262 1188 alterum
1291 1131 1472 1200 decet,
1504 1133 1736 1190 alterum
1770 1150 1878 1192 non
1906 1135 2084 1194 decet.

483 1214 646 1274 Aliud
686 1219 880 1290 juveni
909 1230 1096 1293 aptum
1120 1263 1135 1287 ,
1166 1223 1314 1282 aliud
1339 1226 1459 1282 seni
1487 1243 1505 1282 :
1533 1227 1684 1284 aliud
1717 1227 1771 1284 in
1799 1230 2084 1300 periculis,

483 1311 630 1367 aliud
652 1312 706 1369 in
737 1315 904 1372 rebus
929 1318 1209 1376 secundis.

551 1404 680 1462 215.
705 1406 1077 1467 Saltavitante
1101 1425 1284 1468 arcam
1319 1413 1534 1470 Domini
1565 1415 1732 1471 David
1761 1416 1826 1488 (ll
1850 1417 1981 1491 Reg.
2011 1436 2082 1484 vi,

384 1543 400 1560 ,
473 1496 573 1568 14)
599 1516 614 1554 :
643 1514 749 1556 non
778 1501 994 1560 saltavit
1018 1503 1272 1573 Samuel;
1303 1506 1552 1565 necideo
1573 1508 1667 1565 ille
1693 1509 2081 1581 reprehensus,

476 1594 573 1650 sed
601 1597 772 1666 magis
806 1597 910 1653 iste
935 1597 1207 1657 laudatus.
1235 1601 1462 1658 Mutavit
1487 1603 1695 1660 vultum
1721 1601 1751 1643 δ
1779 1613 1970 1661 contra
1999 1621 2086 1663 re-

475 1701 636 1758 gem,
662 1689 750 1744 cui
783 1705 984 1746 nomen
1025 1693 1196 1750 Achis
1224 1693 1270 1768 (l
1314 1695 1443 1770 Reg.
1479 1711 1596 1766 xxi,
1642 1699 1732 1771 15)
1761 1717 1776 1754 :
1807 1709 1865 1756 at
1903 1700 2007 1756 hoc
2036 1702 2082 1756 si

2191 479 2260 534 ad
2289 480 2538 537 actiones
2567 479 2830 536 diversas.

2261 571 2389 627 2l7.
2423 571 2480 628 ln
2507 572 2883 630 ecclesiastico
2909 587 3043 629 vero
3069 571 3248 629 ofﬁcio
3273 571 3403 630 nihil
3433 573 3614 630 rarius
3641 573 3806 630 inve-

2192 666 2311 722 nias
2338 681 2501 736 quam
2529 681 2653 724 eum
2683 665 2777 739 qui
2805 675 3068 739 sequatur
3091 668 3396 724 institutum
3418 667 3446 707 ιι
3474 671 3688 740 patris:
3712 669 3802 726 vel

2190 759 2316 831 quia
2343 760 2532 830 gravis
2557 759 2802 817 deterret
2830 771 3002 828 actus,
3026 759 3112 817 vel
3151 761 3274 831 quia
3315 761 3370 816 in
3401 761 3606 818 lubrica
3629 770 3802 820 tctate

2189 854 2466 912 difﬁcilior
2509 854 2837 912 abstinentia
2866 898 2882 924 ,
2927 856 3014 914 vel
3051 857 3176 927 quia
3207 855 3375 912 alacri
3407 855 3801 914 adolescentia

2189 949 2405 1005 videtur
2448 949 2558 1006 vita
2586 949 2909 1017 obscurior;
2943 961 3000 1008 et
3038 950 3161 1008 ideo
3201 951 3268 1006 ad
3307 967 3371 1008 ea
3399 963 3804 1011 convertuntur

2188 1043 2412 1107 studia,
2469 1060 2590 1116 qua:
2653 1045 3028 1116 plansibiliora
3081 1045 3437 1102 arbitrantur.
3493 1045 3800 1104 Praesentia

2190 1139 2393 1211 quippe
2443 1139 2632 1211 plures
2681 1155 2843 1211 quam
2890 1139 3073 1196 futura
3118 1139 3435 1212 praal‘erunt.
3478 1138 3560 1198 illi
3606 1151 3800 1199 autem

2191 1235 2576 1306 praesentibus,
2604 1251 2704 1292 nos
2725 1235 2921 1292 futuris
2961 1236 3275 1293 militamus.
3320 1235 3478 1294 Unde
3504 1251 3616 1309 quo
3652 1251 3802 1310 pra-

2190 1329 2425 1385 stantior
2447 1343 2636 1396 causa,
2667 1345 2736 1386 eo
2766 1329 2932 1386 debet
2956 1345 3078 1386 esse
3100 1345 3230 1386 cura
3258 1327 3536 1387 attentior.

2771 1421 2999 1480 CAPUT
3039 1422 3202 1478 XLV.

2189 1511 2270 1570 De
2296 1515 2514 1587 pulchro
2542 1526 2592 1572 et
2621 1517 2835 1572 honesto
2853 1533 2874 1572 :
2901 1516 3028 1588 quid
3067 1519 3134 1572 sit
3170 1517 3305 1572 inter
3334 1517 3432 1573 illa
3470 1517 3800 1576 discriminis

2371 1619 2477 1663 tam
2500 1613 2646 1680 apud
2662 1612 2913 1682 profanos
2939 1619 3204 1680 auctores,
3226 1627 3382 1681 quam
3409 1626 3607 1667 sacros.

2260 1701 2390 1758 218.
2419 1702 2727 1759 Teneamus
2752 1704 2918 1775 igitur
2957 1704 3342 1762 verecundiam
3372 1747 3389 1774 ,
3429 1714 3486 1764 et
3519 1720 3640 1762 eam
3666 1721 3798 1778 qua:

473 1777 702 1837 fecisset
732 1792 942 1839 remota
972 1784 1267 1844 formidine
1293 1787 1612 1859 quominus
1636 1804 2080 1864 cognosceretur,
2114 1800 2163 1862 Β
2192 1796 2360 1853 totius
2385 1799 2508 1854 vitae
2543 1809 2792 1854 ornatum
2841 1800 3038 1856 attollit
3083 1800 3428 1858 modestiam.
3483 1799 3604 1856 Non
3641 1801 3796 1858 enim

477 1889 820 1945 nequaquam
849 1877 1088 1935 levitatis
1119 1881 1547 1951 reprehensione
1571 1899 1763 1942 carere
1789 1888 2083 1958 potuisset.

475 1967 608 2026 Sani
634 1983 853 2038 quoque
879 1970 1110 2027 vallatus
1132 1971 1304 2030 choro
1327 1975 1742 2047 prophetarum,
1775 1980 1940 2035 etiam
1965 1981 2087 2051 ipse

478 2060 862 2130 prophetavit;
908 2073 962 2120 et
997 2065 1068 2122 de
1093 2067 1212 2122 solo
1257 2070 1412 2137 quasi
1453 2071 1676 2142 indigno
1718 2083 2084 2130 memoratum

474 2161 562 2209 cst
593 2170 604 2206 :
641 2151 706 2209 Et
734 2153 870 2210 Saul
896 2155 1033 2212 inter
1056 2158 1337 2229 prophetas
1365 2159 1413 2230 (Ι
1444 2160 1576 2234 Reg.
1600 2178 1715 2228 XIX,
1745 2163 1862 2234 24).

1053 2253 1284 2312 CAPUT
1323 2255 1510 2314 XLIV.

482 2341 677 2414 Officio
721 2343 820 2400 sibi
873 2361 1102 2416 congruo
1144 2364 1394 2421 quemque
1438 2351 1648 2408 studere
1687 2363 1922 2425 oportere
1947 2371 1966 2409 :
1996 2358 2086 2410 sed

552 2437 746 2494 multo:
777 2439 1016 2509 impediri
1048 2451 1380 2512 paternorum
1425 2445 1714 2526 imitatione
1750 2450 2042 2505 stadiorum
2065 2467 2086 2516 ;

547 2541 732 2588 contra
761 2549 915 2604 quam
943 2531 1300 2593 Ecclesiastici
1327 2539 1425 2594 viri
1449 2541 1672 2612 faciunt.

548 2622 676 2680 2M.
703 2623 1089 2700 Unusquisque
1110 2629 1275 2700 igitur
1295 2647 1452 2688 suum
1479 2633 1760 2707 ingenium
1795 2649 1818 2678 ο
1850 2641 2085 2710 noverit,

475 2728 531 2778 et
559 2719 627 2775 ad
660 2720 711 2776 id
741 2736 800 2778 se
831 2724 1103 2794 applicet,
1135 2727 1282 2798 quod
1312 2727 1419 2784 sibi
1456 2743 1644 2802 aptum
1673 2733 1924 2808 elegerit.
1981 2737 2090 2794 Ita-

477 2827 584 2884 que
613 2814 743 2885 quid
775 2829 1063 2888 sequatur,
1094 2821 1251 2892 prius
1276 2823 1608 2882 consideret.
1639 2824 1668 2865 ἀ
1696 2827 1922 2888 Noverit
1944 2833 2088 2890 bona

475 2922 575 2964 sua
603 2949 619 2974 ,
651 2909 750 2966 sed
775 2911 942 2968 etiam
971 2914 1100 2970 vitia
1127 2927 1424 2987 cognoscat
1455 2935 1468 2974 :
1505 2922 1885 2994 arqualemque
1909 2940 1971 2982 se
1995 2925 2089 2998 ju-

479 3000 656 3058 dieem
697 3003 780 3059 sui
822 3005 1104 3075 praebeat,
1149 3017 1205 3064 ut
1249 3008 1407 3066 bonis
1435 3012 1712 3082 intendat,
1748 3016 1878 3073 vitia
1920 3020 2090 3076 decli-

483 3104 600 3151 net.

2192 1889 2468 1948 mediocre
2507 1899 2594 1948 est
2617 1892 2783 1948 rebus
2809 1893 3038 1965 singulis
3063 1891 3281 1950 modum
3316 1909 3540 1951 servare
3564 1937 3579 1961 ,
3626 1903 3798 1967 atque

2191 1985 2457 2056 impartiri
2480 1985 2752 2054 ordinem,
2784 1985 2799 2023 ί
2829 1988 2881 2042 in
2911 2003 3018 2059 quo
3037 2003 3164 2045 vere
3195 1988 3458 2060 praelucet
3481 1989 3615 2046 illud
3643 1989 3798 2060 quod

2189 2081 2450 2138 decorum
2479 2080 2684 2138 dicitur
2713 2099 2728 2137 :
2759 2081 2903 2154 quod
2935 2083 3006 2138 ita
3031 2098 3154 2139 cum
3183 2083 3416 2140 honesto
3437 2085 3710 2158 jungitur,
3735 2093 3800 2142 ut

2191 2177 2440 2248 separari
2479 2192 2588 2232 non
2616 2187 2800 2248 queat.
2833 2177 3113 2250 Siquidem
3140 2189 3198 2234 et
3225 2179 3372 2250 quod
3409 2179 3590 2249 decet,
3619 2179 3798 2240 hone-

2189 2278 2330 2326 stum
2359 2280 2467 2338 est,
2496 2281 2551 2328 et
2579 2271 2724 2342 quod
2752 2273 3040 2330 honestum
3072 2282 3177 2338 est,
3203 2272 3394 2341 decet;
3431 2282 3494 2329 ut
3515 2274 3690 2346 magis
3735 2274 3794 2331 in

2189 2377 2447 2422 sermone
2477 2363 2760 2421 distinctio
2798 2366 2904 2433 sit,
2947 2380 3109 2438 quam
3158 2365 3214 2421 in
3257 2367 3457 2423 virtute
3505 2365 3789 2424 discretio.

2189 2455 2420 2516 Diﬂ‘crre
2439 2457 2588 2514 enim
2628 2473 2694 2515 ea
2731 2460 2876 2516 inter
2916 2475 2978 2518 se
3013 2461 3246 2534 intelligi
3277 2469 3493 2532 potest,
3526 2461 3797 2534 explicari

2189 2563 2300 2605 non
2333 2559 2534 2620 potest.

2260 2641 2388 2700 219.
2424 2643 2494 2698 Et
2534 2653 2593 2700 ut
2637 2659 2902 2702 conemur
2930 2647 3136 2720 aliquid
3165 2663 3366 2706 eruere
3386 2648 3794 2722 distinctionis,

2191 2736 2208 2786 i
2251 2733 2511 2793 honestas
2543 2737 2694 2794 velut
2721 2739 2862 2795 bona
2893 2741 3148 2799 valetudo
3176 2752 3264 2800 est
3285 2784 3301 2810 ,
3345 2752 3402 2800 et
3425 2744 3674 2816 quadam
3703 2760 3800 2802 sa-

2191 2826 2422 2885 lubritas
2461 2833 2754 2904 corporis:
2783 2835 2949 2892 decus
2989 2846 3171 2910 autem
3219 2847 3491 2911 tamquam
3533 2847 3796 2898 venustas

2193 2931 2249 2977 et
2289 2922 2658 2994 pulchritudo.
2699 2927 2854 2985 Sicut
2883 2944 3014 3002 ergo
3058 2928 3406 3000 pulchritudo
3449 2946 3617 3004 super
3643 2932 3797 2990 salu-

2193 3016 2445 3074 britatem
2471 3033 2537 3075 ac
2569 3021 2934 3078 valetudinem
2963 3023 3179 3081 videtur
3203 3025 3499 3094 excellere,
3525 3035 3583 3084 et
3607 3035 3794 3085 tamen

2193 3111 2313 3166 sine
2335 3110 2420 3167 his
2441 3126 2565 3168 esse
2595 3127 2702 3169 non
2734 3124 2950 3185 potest,
2975 3132 3153 3188 neque
3181 3117 3292 3173 ullo
3313 3119 3559 3191 separari
3587 3119 3792 3190 modo;

546 3187 676 3244 215.
711 3189 868 3245 Alius
900 3201 923 3229 ο
961 3191 1368 3264 distinguendae
1401 3197 1618 3256 lectioni
1674 3203 1856 3272 aptior
1877 3248 1891 3272 ,
1946 3208 2085 3266 alius
2113 3193 2161 3258 Ο
2191 3203 2446 3275 quoniam
2479 3205 2582 3262 nisi
2615 3207 2755 3262 bona
2789 3207 3049 3265 valetudo
3070 3187 3171 3276 Vsit,
3201 3187 3550 3282 pulchritudo
3577 3227 3702 3271 esse
3727 3187 3796 3272 ac

477 3277 692 3348 psalmo
732 3281 980 3350 gratior,
1019 3283 1160 3340 alius
1189 3288 1573 3346 exorcizandis
1604 3293 1697 3364 qui
1740 3296 1884 3352 malo
1927 3298 2082 3356 labo-

478 3381 604 3429 rant
640 3374 876 3443 spiritu,
918 3377 1208 3436 sollicitior
1233 3421 1251 3448 ,
1293 3382 1436 3439 alius
1474 3387 1718 3442 sacrario
1761 3393 2086 3459 oportunior

479 3462 734 3521 habetur.
768 3467 897 3524 llzec
922 3471 1106 3526 omnia
1128 3482 1341 3543 spectet
1363 3479 1642 3546 sacerdos,
1667 3492 1722 3536 et
1739 3483 1868 3552 quid
1888 3485 2086 3557 cuique

481 3569 768 3630 congruat,
793 3561 843 3616 id
866 3563 1034 3620 ofﬁcii
1063 3565 1310 3636 deputet.
1337 3568 1458 3636 Quo
1485 3574 1690 3629 etenim
1723 3591 2087 3649 unumquem-

477 3667 590 3722 que
617 3667 774 3708 suum
805 3653 955 3710 ducit
983 3657 1284 3728 ingenium,
1316 3671 1412 3718 aut
1436 3665 1581 3733 quod
1609 3666 1846 3724 ofﬁcium
1886 3669 2084 3741 decet,

485 3744 540 3800 id
574 3745 777 3816 majore
808 3744 828 3784 ί
861 3747 1120 3818 impletur
1139 3753 1336 3822 gratia.

561 3838 691 3894 216.
743 3839 850 3896 Sed
881 3839 936 3896 id
967 3856 1092 3896 cum
1127 3844 1179 3898 in
1229 3847 1379 3900 omni
1414 3847 1516 3902 vita
1563 3848 1814 3916 difﬁcile,
1851 3863 1969 3911 tum
2029 3859 2084 3916 in

487 3931 596 4004 58
622 3941 810 3988 nostro
832 3945 956 3990 actu
983 3934 1362 3994 difficillimum
1389 3952 1492 3995 est.
1514 3951 1540 3987 κ
1563 3947 1720 3998 Amat
1751 3949 1894 4003 enim
1921 3967 2086 4008 unus-

481 4024 712 4096 quisque
741 4026 894 4097 sequi
925 4027 1090 4084 vitam
1123 4040 1429 4100 parentum.
1458 4035 1698 4107 Denique
1739 4041 1984 4112 plerique
2013 4047 2080 4100 atl

560 4175 588 4200 ’ί
617 4163 731 4220 Cic.
761 4163 915 4240 Ql'licr.
946 4166 1039 4222 lib.
1060 4183 1096 4233 t,
1125 4183 1244 4238 pag.
1280 4169 1406 4231 565,
1441 4172 1534 4228 lin.
1567 4172 1666 4230 λης
1703 4177 1878 4235 Altera
1907 4193 2080 4240 autem

483 4251 600 4364 qua:
623 4237 832 4307 praprie
859 4239 1077 4309 singulis
1123 4237 1197 4294 est
1219 4243 1500 4308 attributa;
1532 4255 1588 4299 ut
1608 4248 1744 4302 enim
1770 4251 1825 4305 in
1850 4237 2086 4326 corpori;

524 4325 612 4364 ut.
653 4321 759 4363 etc.

524 4325 582 4362 us
653 4321 759 4363 etc.

561 4350 756 4460 b'lgdit.
782 4389 836 4435 et
859 4395 1122 4462 ttiss._t}on
1146 4385 1298 4462 pauci
1328 4402 1505 4462 coram
1524 4405 1677 4462 rege:
1704 4393 1796 4449 alii
1822 4411 1954 4453 vero
1975 4414 2082 4455 non

492 4453 812 4542 pauciores:
845 4452 938 4507 sed
972 4451 1530 4537 iidemantiquiores,
1567 4451 1748 4520 contra
1774 4451 1946 4542 regent
1967 4451 2081 4538 ,Mid

488 4535 594 4587 est,
625 4539 695 4578 ex
727 4525 956 4579 adverso
983 4527 1147 4595 regis.

565 4607 588 4634 ο
631 4596 745 4650 (lic.
790 4595 944 4670 Qtiic.
977 4595 1070 4652 lib.
1112 4613 1150 4664 ι,
1185 4613 1304 4668 pag.
1338 4599 1468 4668 566,
1503 4603 1598 4660 lin.
1635 4607 1700 4664 16
1740 4611 2080 4670 :Admodum

483 4677 655 4747 {ratem
677 4667 872 4747 tuenda
898 4677 1020 4747 sunt
1040 4685 1138 4724 sua
1165 4667 1369 4747 cuique,
1401 4667 1507 4731 etc.
1545 4677 1612 4732 Et
1641 4680 1800 4747 infra,
1833 4667 1936 4739 lin.

483 4738 860 4830 §lt£tmpigilli£
885 4741 1099 4830 quisque
1140 4738 1317 4830 noscat
1343 4745 1626 4830 ingenium,
1658 4763 1766 4808 etc.
1790 4738 1924 4830 item
1953 4738 2072 4830 pag:

482 4810 612 4877 367,
648 4811 743 4865 lin.
793 4812 860 4866 '50
883 4827 897 4864 :
919 4810 993 4899 [nn
1020 4829 1120 4880 qua
1146 4810 1516 4899 deliberatione
1653 4841 1800 4879 suam
1831 4810 2078 4899 cujusqiie

484 4895 723 4962 naturam
743 4923 771 4962 ,ε
787 4883 1060 4938 consilium
1084 4895 1158 4938 est
1183 4901 1332 4962 omne
1359 4893 1721 4962 revocandum,
1754 4904 1860 4954 etc.

553 4953 582 4992 ιι
610 4955 772 5036 Dauci
803 4968 939 5036 mss.
957 4964 1014 5009 et
1037 4965 1142 5036 vet.
1173 4957 1330 5036 edit,
1365 4960 1488 5016 Non
1519 4964 1691 5020 solum
1708 4953 1936 5036 noverit,
1965 4981 2071 5028 ctc.

558 5036 582 5063 θ
602 5025 867 5111 Quamvis
890 5025 976 5111 hic
998 5028 1150 5110 nulla
1173 5029 1272 5111 ﬁat
1287 5036 1491 5088 mentio
1511 5037 1749 5111 acolythi
1767 5049 1821 5096 et
1840 5025 2073 5111 ostiarii,

485 5097 709 5172 minime
747 5105 926 5152 tamen
956 5096 1084 5156 hinc
1121 5102 1370 5172 sequitur
1399 5121 1584 5161 eorum
1631 5096 1850 5168 ordines
1881 5112 1935 5166 in
1973 5096 2074 5170 Ec:

481 5169 651 5253 clesia
683 5177 794 5222 tum
825 5171 1086 5254 temporis
1117 5169 1224 5228 non
1248 5177 1548 5254 exstitisse,
1579 5196 1702 5236 cum
1732 5182 1808 5236 illi
1839 5169 2074 5254 quatuor

481 5241 573 5316 qui
606 5251 985 5316 recensentur,
1012 5251 1216 5316 tantum
1238 5249 1474 5316 exempli
1497 5241 1657 5306 causa
1681 5241 2072 5312 memorentur.

480 5311 633 5389 Quod
661 5323 845 5389 autem
867 5327 987 5368 cum
1012 5313 1214 5389 lectore
1235 5311 1692 5389 atque-exorcista
1718 5311 2075 5386 numerantur

483 5385 758 5468 psalmista
787 5394 844 5438 et
871 5386 1095 5468 sacrarii
1114 5385 1350 5468 custos,
1393 5408 1620 5460 quorum
1663 5397 1805 5468 apud
1835 5412 1934 5451 nos
1957 5385 2071 5468 jam

480 5456 611 5510 nulli
649 5465 776 5538 sunt
811 5457 1067 5540 ordines;
1098 5459 1214 5540 .ltoc
1253 5462 1393 5540 inde
1412 5456 1664 5540 putamus
1697 5456 1898 5522 iactum
1923 5456 2070 5540 quod

476 5541 600 5581 cum
621 5528 864 5582 minores
887 5529 962 5582 illi
980 5529 1266 5586 clericatus
1280 5528 1664 5590 ecclesiasticte
1683 5545 1891 5594 tantum
1914 5528 2071 5599 insti-

473 5601 701 5682 tutionis
739 5599 879 5680 sint,
913 5615 1010 5682 pro
1035 5603 1202 5682 variis
1228 5603 1647 5682 necessitatibus
1689 5609 1850 5682 [nodo
1879 5614 2020 5669 aucti
2049 5658 2064 5682 ,

475 5670 638 5751 modo
657 5671 924 5751 imminuti
947 5671 1014 5728 ab
1038 5671 1275 5751 Ecclesia
1299 5675 1664 5751 reperiuntur.
1685 5679 1764 5736 De
1787 5670 2065 5751 psalmista

469 5741 691 5820 quidem
719 5741 832 5797 sive
851 5754 1084 5820 cantare
1101 5744 1340 5820 loquitur
1365 5741 1520 5820 conc.
1546 5741 1803 5820 carthag:
1829 5769 1906 5820 Ill,
1934 5741 2058 5813 can.

467 5808 528 5871 Si
555 5829 569 5877 ;
604 5817 730 5872 item
761 5828 836 5878 tv.
865 5828 990 5870 can.
1023 5813 1118 5870 1ος
1155 5808 1450 5889 Gregorius
1475 5808 1702 5889 magnus
1727 5808 1822 5880 lib.
1857 5808 2056 5899 κῖξεῖξ

2191 3311 2448 3355 venustas
2478 3315 2584 3356 non
2616 3310 2832 3370 potest:
2861 3301 2942 3358 sic
2983 3302 3240 3360 honestas
3261 3304 3521 3362 decorum
3560 3305 3692 3363 illud
3737 3306 3793 3363 in

2191 3408 2252 3449 se
2279 3393 2542 3461 continet,
2576 3407 2632 3449 ut
2661 3395 2730 3452 ab
2761 3409 2827 3452 ea
2855 3395 3155 3466 profectum
3187 3397 3458 3468 videatur,
3485 3407 3541 3456 et
3566 3399 3688 3456 sine
3723 3414 3793 3457 ea

2191 3502 2316 3544 esse
2339 3503 2447 3544 non
2477 3490 2668 3560 possit.
2709 3489 2867 3546 Velut
2893 3490 3188 3548 salubritas
3216 3491 3380 3563 igitur
3417 3494 3582 3550 totius
3605 3494 3792 3565 operis

2191 3592 2458 3654 actusque
2503 3585 2673 3640 nostri
2701 3583 2964 3642 honestas
3012 3597 3098 3643 est
3124 3627 3140 3654 ,
3187 3597 3244 3644 et
3279 3589 3426 3644 sicut
3459 3589 3674 3660 species
3702 3598 3791 3647 est

2189 3675 2452 3733 decorum
2478 3719 2495 3743 ,
2523 3677 2670 3749 quod
2701 3693 2822 3734 cum
2859 3679 3146 3736 honestate
3173 3680 3461 3738 confusum
3484 3723 3500 3750 ,
3529 3683 3790 3754 opinione

2187 3768 2558 3840 distinguitur.
2615 3769 2748 3827 Nam
2779 3771 2880 3827 etsi
2913 3772 2964 3827 in
2987 3772 3170 3841 aliquo
3196 3773 3445 3831 videatur
3473 3773 3745 3832 excellere
3769 3817 3790 3843 ,

2191 3872 2370 3918 tamen
2401 3862 2454 3918 in
2487 3863 2670 3920 radice
2696 3876 2782 3921 εει
2815 3866 3114 3921 honestatis
3134 3907 3150 3932 ,
3179 3866 3274 3922 sed
3307 3867 3440 3924 flore
3470 3868 3746 3940 praecipuo
3771 3911 3788 3937 ,

2190 3966 2246 4011 ut
2278 3957 2398 4012 sine
2428 3972 2490 4013 ea
2517 3958 2770 4026 decidat,
2804 3961 2856 4015 in
2887 3975 2948 4015 ea
2984 3959 3195 4018 ﬂoreat.
3222 3961 3362 4032 Quid
3391 3963 3534 4018 enim
3562 3972 3645 4020 est
3689 3964 3792 4018 ho-

2191 4059 2398 4117 aestas,
2428 4051 2536 4108 nisi
2563 4068 2682 4124 quae
2712 4055 3102 4124 turpitudinem
3127 4057 3278 4128 quasi
3309 4067 3541 4114 mortem
3567 4057 3737 4129 fugiat
3765 4059 3791 4114 ?

2191 4189 2339 4274 prtio
2370 4191 2531 4276 Rom.
2575 4205 2636 4276 et
2671 4197 2760 4252 alii
2787 4215 2800 4251 :
2830 4200 2911 4276 de_
2937 4199 3164 4276 custode
3190 4215 3322 4276 vero
3355 4201 3599 4276 sacrarii
3622 4211 3792 4276 atque

2187 4260 2358 4343 ipsius
2381 4263 2568 4323 ofﬁcio
2587 4267 2829 4324 dicemus
2847 4271 2913 4326 ad
2939 4281 3102 4342 caput
3123 4271 3284 4343 hujus
3311 4274 3436 4330 libri
3462 4290 3512 4330 ι.
3539 4260 3793 4332 Observa

2187 4333 2407 4419 interim
2451 4354 2556 4419 non
2588 4355 2782 4419 attines
2807 4333 3062 4400 omnibus
3086 4387 3102 4410 ,
3155 4333 3251 4419 sed
3279 4347 3507 4418 singulis
3535 4347 3789 4419 singulos

2189 4405 2408 4490 ordines
2441 4409 2603 4490 tribui
2635 4411 2826 4468 solitos
2851 4430 2866 4471 :
2888 4405 3232 4490 necnoain
3275 4405 3515 4490 episcopi
3545 4405 3788 4490 positum

2107 4509 2162 4569 Β
2191 4477 2356 4569 fuisse
2381 4481 2606 4537 arbitrio
2625 4487 2900 4569 qtt‘etnocui
2927 4487 3104 4543 ordini
3135 4477 3456 4569 destinaret.

2265 4550 2283 4587 ί
2313 4551 2386 4629 Ita
2419 4569 2551 4629 mss.
2595 4550 2838 4629 melioris
2883 4569 3065 4614 notat:
3103 4561 3196 4616 alii
3237 4577 3368 4618 vero
3397 4570 3454 4618 et
3477 4561 3638 4629 edit.,
3668 4580 3791 4621 ma-

2175 4623 2298 4694 jore
2319 4623 2494 4697 implet
2523 4627 2708 4697 gratia,
2747 4643 2934 4697 parum
2959 4630 3250 4688 admodum
3274 4635 3494 4691 diverso
3516 4623 3705 4692 sensu.

2256 4702 2282 4741 8
2315 4691 2426 4751 Cic.
2460 4691 2768 4774 Of'lic.‘Lib'.
2795 4715 2986 4774 apag.
3019 4702 3144 4766 567,
3181 4704 3325 4761 lin.5
3352 4723 3366 4760 :
3401 4691 3636 4774 Quorum
3658 4691 3786 4767 uero

2183 4775 2354 4847 patres
2398 4777 2484 4847 aut
2519 4772 2756 4847 _maj0res
2781 4772 2956 4844 aliqua
2992 4775 3160 4844 gloria
3185 4772 3556 4847 praestiterunt,
3593 4797 3786 4840 eorum

2183 4835 2410 4913 plerique
2433 4840 2486 4913 in
2511 4835 2814 4913 ltoc'genere
2829 4885 2844 4909 ,
2867 4835 2974 4902 etc.

2252 4904 2281 4942 ιι
2313 4904 2520 4986 Patris,
2546 4904 2806 4980 spiritalis
2833 4904 3044 4972 scilicet
3069 4959 3086 4983 ,
3119 4916 3170 4973 id
3204 4927 3289 4981 est
3313 4961 3328 4983 ,
3358 4921 3686 4980 instittttort's
3711 4942 3784 4986 ac
3821 4927 3828 4931 ’

2183 4980 2436 5060 magistri
2463 5000 2476 5038 :
2509 4993 2605 5037 aut
2639 4999 2682 5060 si
2713 4980 3079 5060 contenderis
3105 4980 3323 5060 patrem
3352 4995 3653 5058 naturalem
3686 4980 3782 5054 in;

2182 5051 2532 5133 telligendnm
2559 5097 2572 5116 .
2606 5056 2830 5133 minime
2855 5073 2987 5133 sane
3011 5051 3431 5133 repugnabimus
3454 5106 3470 5131 ,
3497 5051 3660 5123 modo
3689 5051 3785 5126 iii-

2181 5122 2458 5210 tclleiteris
2501 5127 2585 5210 de,
2611 5137 2762 5198 patre
2801 5129 2857 5185 in
2892 5122 3213 5210 minoribus
3259 5122 3468 5210 tantum
3514 5122 3784 5210 gradibus

2178 5196 2512 5278 constituto,
2538 5208 2596 5254 et
2613 5196 2846 5256 eatenus
2874 5202 3179 5278 deginitiato
3207 5196 3549 5278 majoribus:
3581 5196 3783 5278 quate;

2180 5279 2280 5341 nus
2315 5282 2410 5341 eos
2439 5269 2643 5341 liberos
2673 5282 2799 5328 ante
2837 5273 3248 5332 ordinationem’
3279 5269 3435 5335 suam
3463 5269 3776 5341 sustulerit.

2179 5335 2390 5394 Etenim
2421 5340 2488 5394 ab
2525 5343 2626 5396 hoc
2655 5345 2847 5398 ultinto
2889 5349 3197 5404 necessarie
3233 5335 3780 5411 servandamrco'nti;

2177 5411 2813 5496 uetitiam_i\mhrositttn
2853 5431 3094 5496 nostrum
3144 5421 3396 5480 docuisse
3436 5435 3622 5496 postea
3665 5441 3778 5487 suo

2175 5479 2296 5536 loco
2321 5483 2728 5542 evidentissima
2758 5490 3127 5546 ostendemus.

2252 5550 2419 5632 i_(.‘ic.
2461 5555 2615 5632 Ql‘ﬁc.
2647 5559 2818 5632 lib.7t,
2868 5574 2992 5632 pag.
3043 5562 3170 5626 565,
3215 5563 3310 5620 Ιίη.
3340 5567 3454 5621 47ε
3495 5566 3608 5623 Hoc
3650 5569 3774 5628 loco

2171 5624 2461 5706 continetur
2480 5629 2535 5681 id
2563 5631 2826 5706 (μιθέξᾴἰεὶ
2853 5624 3304 5706 ιαῆηεαεερζυηι
3330 5647 3517 5706 potest,
3546 5650 3652 5696 etc.

2244 5693 2470 5778 ginta,
2507 5693 2632 5773 pag.
2664 5703 2802 5778 aut,
2851 5704 2950 5768 lin.
3004 5705 3118 5762 to:
3163 5705 3232 5762 Ut
3261 5693 3678 5778 ent-mirans.
3717 5728 3770 5770 ρι

2165 5766 2524 5898 ἔῃιειιτὶἷμιιί
2549 5766 2796 5845 ὦψαι-ἰδ’
2827 5766 3024 5834 secerni
3071 5793 3176 5835 non
3244 5768 3410 5851 potest
3465 5769 3498 5837 tt
3563 5766 3768 5841 vitleth

2200 5853 2306 5898 me.
2337 5855 2368 5898 e
2394 5856 2444 5898 c.

2200 5853 2306 5905 me.
2337 5853 2444 5899 etc.
