4078 6306
263 299 334 352 89
1312 293 1399 348 DE
1438 289 1728 348 OFFICIIS
1768 289 2244 351 MINIS’I‘BORUM
2289 292 2419 348 LIB.
2462 294 2499 349 Ι.
3509 297 3586 356 9o

261 413 405 483 Quid
427 428 562 471 vero
589 415 958 479 inhonestum,
987 410 1091 467 nisi
1111 409 1254 482 quod
1290 408 1595 466 ariditatem
1624 423 1690 465 ac
1720 423 1867 465 mor—
1890 410 1945 473 Α
1970 423 2122 481 gere,
2142 418 2200 465 et
2228 419 2386 482 turpe
2413 418 2498 466 est
2539 408 2682 482 quod
2707 409 2778 466 sit
2804 418 2994 466 contra
3022 418 3293 468 naturam.
3321 411 3410 469 Ait
3430 414 3583 471 enim

264 516 374 562 tem
405 506 639 563 aﬂ'erat?
671 507 890 564 Virente
918 506 1080 577 igitur
1103 502 1406 561 substantia
1434 503 1670 569 virtutis,
1702 502 1869 560 deco-
1970 501 2270 574 Apostolus
2291 489 2826 577 quasi-immane
2856 521 2869 557 :
2900 500 3059 559 Decet
3083 504 3349 559 mulierem
3373 520 3479 561 non
3498 521 3585 561 ue-

261 614 387 655 rum
410 599 549 655 illud
581 609 855 672 tamquam
882 597 981 654 ﬂos
1006 599 1227 664 emicat,
1250 598 1378 669 quia
1393 596 1546 652 radix
1570 596 1721 653 salva
1743 604 1862 652 est:
1968 594 2134 650 latam
2160 612 2311 650 orare
2336 594 2699 656 Πειρήνη
2717 595 2843 667 ipsa
2867 606 3056 651 natura
3086 594 3106 633 ί
3154 596 3300 652 docet
3328 612 3417 653 uos
3437 598 3581 669 quod

261 699 317 746 at
330 691 973 764 vero‘prOpositinostri
993 691 1179 747 radice
1192 690 1559 757 vitiosa,nihil
1576 689 1861 765 germinat.
1966 691 2046 744 vir
2071 690 2283 761 quidem
2309 690 2355 744 si
2380 705 2581 744 comam
2613 688 2796 745 habeat
2822 732 2837 756 ,
2868 689 3153 765 ignominia
3182 699 3257 746 est
3294 690 3414 758 illi;
3449 706 3583 763 quo-

331 782 444 855 59
469 760 602 841 θέο.
626 760 816 841 Ἰίδὺθε
858 786 960 840 hoc
990 783 1042 838 in
1077 784 1280 839 nostris
1309 760 1598 855 aliquanto
1631 760 1862 881 exfr'esy
1967 760 2109 837 niam
2137 793 2320 838 contra
2358 793 2596 837 naturam
2638 792 2713 838 est
2744 783 2789 852 (Ι
2818 760 2937 838 Cor.
2982 798 3060 848 st,
3096 781 3237 855 l3)?
3270 782 3336 838 Et
3375 760 3576 840 iterum

256 877 395 936 sius.
426 877 569 933 Dicit
597 878 746 935 enim
778 878 940 934 David
975 896 990 932 :
1030 878 1291 934 Dominus
1319 879 1551 950 regnavit
1572 919 1590 946 ,
1631 876 1867 953 decorem
1894 883 1926 906 ’-
1966 877 2099 934 dicit
2129 895 2144 933 :
2204 878 2400 934 Mulier
2425 894 2544 934 vero
2571 879 2617 933 si
2645 878 2869 947 capillos
2908 876 3092 933 habent
3116 918 3133 944 ,
3179 877 3351 949 gloria
3378 886 3455 933 est
3494 877 3578 933 illi

255 973 431 1028 induit
453 972 634 1046 (Psal.
664 989 797 1042 xcu,
831 975 908 1047 1).
939 974 1007 1031 Et
1030 974 1326 1045 Apostolus
1348 976 1458 1030 ait:
1488 975 1638 1031 Sicut
1663 976 1715 1029 in’
1741 975 1860 1042 die,
1966 972 2132 1049 (Ibid.
2171 974 2290 1046 15).
2323 974 2423 1030 Est
2459 971 2602 1028 enim
2627 972 2930 1031 secundum
2972 982 3220 1029 naturam
3249 1013 3265 1038 ,
3311 971 3574 1043 quoniam

255 1064 472 1124 honeste
495 1067 760 1123 ambulate
801 1068 980 1140 (Rom.
1013 1083 1141 1136 xm,
1176 1067 1292 1141 l3).
1323 1067 1360 1107 ξι
1380 1066 1535 1141 Quod
1556 1064 1748 1124 Graeci
1778 1066 1864 1123 di-
1964 1068 2183 1140 quidem
2217 1068 2401 1138 capilli
2432 1083 2529 1137 pro
2552 1067 2827 1124 velamine
2856 1077 3019 1132 sunt;
3051 1066 3155 1123 hoc
3179 1074 3265 1122 est
3292 1065 3440 1121 enim
3472 1079 3577 1119 na-

252 1170 385 1217 cunt
412 1164 780 1236 εὐσχημόνως,
809 1162 914 1220 hoc
933 1172 1115 1228 autem
1147 1148 1367 1235 proprie
1396 1163 1686 1235 signiﬁcat,
1717 1163 1863 1218 bono
1967 1162 2142 1218 turale
2178 1163 2452 1218 velamen.
2503 1161 2804 1218 Personam
2838 1161 3005 1232 igitur
3050 1159 3209 1216 nobis
3239 1171 3295 1217 et
3332 1159 3574 1231 speciem

254 1252 485 1323 habitu,
535 1256 676 1311 bona
715 1255 916 1326 specie.
964 1256 1107 1312 Deus
1136 1272 1269 1327 ergo
1312 1255 1542 1326 primum
1583 1255 1860 1311 hominem
1965 1266 2157 1312 natura
2188 1256 2302 1326 ipsa
2330 1256 2613 1326 dispensat
2636 1299 2652 1325 ,
2692 1272 2852 1328 quam
2878 1271 3099 1312 servare
3128 1255 3391 1311 debemus
3418 1272 3433 1308 :
3459 1254 3573 1327 ω

253 1365 378 1405 cum
408 1352 678 1407 conderet
698 1394 713 1419 ,
744 1351 883 1407 bona
917 1351 1239 1409 habitudine
1265 1394 1279 1420 ,
1309 1354 1449 1408 bona
1484 1351 1856 1407 membrorum
1961 1348 2281 1419 utinamque
2309 1356 2364 1404 et
2393 1347 2766 1404 innocentiam
2794 1348 2913 1417 eius
2941 1347 3221 1404 custodire
3254 1348 3530 1418 possimus
3550 1388 3570 1416 ,

248 1443 654 1514 compositione
681 1443 959 1512 formavit,
988 1453 1045 1500 et
1064 1444 1322 1516 optimam
1350 1443 1400 1500 ei
1421 1444 1663 1515 speciem
1684 1441 1856 1499 dedit.

250 1534 660 1594 Remissionem
698 1553 804 1593 non
837 1538 1063 1594 dederat
1094 1545 1442 1605 peccatorum
1472 1554 1484 1591 :
1518 1537 1611 1594 sed
1646 1545 1860 1607 postea-

247 1644 409 1701 quam
458 1631 738 1688 renovavit
769 1647 892 1688 eum
925 1631 1119 1703 spiritu
1146 1673 1163 1700 ,
1194 1641 1250 1688 et
1290 1630 1484 1687 inludit
1513 1631 1561 1686 ei
1586 1630 1817 1703 gratiam
1839 1671 1857 1697 ,

244 1723 337 1796 qui
365 1735 599 1782 venerat
624 1725 680 1781 in
715 1726 856 1782 servi
884 1725 1082 1791 forma,
1112 1733 1169 1781 et
1198 1725 1252 1780 in
1288 1724 1522 1780 hominis
1555 1721 1741 1794 specie
1769 1737 1857 1778 as-

1962 1458 2065 1500 nec
2090 1451 2371 1514 acceptam
2400 1453 2586 1498 nostra
2616 1441 2823 1498 malitia
2853 1449 3090 1498 mutaret
3118 1441 3135 1497 !

2032 1534 2212 1590 223.8
2255 1533 2434 1591 Habes
2474 1534 2577 1589 hoc
2621 1534 2884 1591 decorum
2928 1533 3186 1605 generale
3213 1573 3229 1600 ,
3278 1531 3405 1602 quia
3438 1529 3575 1588 fecit

1962 1629 2107 1685 Deus
2157 1627 2346 1683 mundi
2393 1628 2547 1684 istius
2601 1626 3092 1699 pulchritudinem.
3141 1625 3323 1682 Habes
3366 1634 3423 1681 et
3469 1639 3574 1696 per

1959 1731 2144 1794 partes
2168 1764 2183 1788 ,
2217 1722 2344 1792 quia
2370 1735 2492 1778 eum
2525 1723 2726 1777 laceret
2753 1720 2897 1776 Deus
2925 1720 3140 1788 lucem,
3172 1728 3228 1774 et
3276 1717 3420 1773 diem
3465 1730 3571 1773 no-

243 1818 488 1888 sumpsit
508 1818 762 1874 decorem
780 1818 1173 1890 redemptionis
1196 1818 1467 1874 humanae.
1493 1816 1562 1872 Et
1581 1817 1701 1872 ideo
1722 1815 1857 1872 dixit
1885 1816 1934 1877 B
1962 1828 2214 1887 ctemque
2242 1815 2604 1887 distingueret
2630 1812 2840 1887 (Genet.
2876 1829 2916 1882 ι,
2954 1816 2989 1871 3
3015 1822 3060 1868 et
3091 1811 3251 1886 seq.),
3284 1826 3407 1867 cum
3433 1824 3571 1867 con-

243 1909 523 1982 Propheta
559 1930 572 1966 :
605 1912 857 1968 Dominus
894 1914 1146 1985 regnauit,
1180 1912 1415 1967 decorem
1435 1912 1624 1966 induit.
1652 1910 1857 1967 Deinde

242 2002 371 2059 alibi
411 2004 594 2060 dicit:
627 2005 698 2060 Te
736 2006 877 2060 decet
907 2007 1130 2078 hymnus
1156 2048 1172 2073 ,
1205 2003 1347 2061 Deus
1368 2047 1383 2072 ,
1415 2006 1466 2059 in
1494 2004 1628 2061 Sion
1653 2004 1674 2077 (
1700 2004 1850 2060 Psal.

243 2109 387 2163 utv,
412 2094 515 2169 2);
543 2097 648 2153 hoc
673 2108 758 2154 est
783 2098 969 2154 dicere
998 2115 1011 2153 :
1057 2098 1356 2154 Honestum
1382 2106 1468 2153 est
1496 2107 1552 2151 ut
1583 2108 1634 2153 te
1664 2097 1856 2154 timea-

242 2203 364 2244 mus
388 2231 405 2256 ,
439 2198 500 2246 te
530 2189 822 2261 diligamus
844 2232 860 2255 ,
891 2200 943 2247 te
974 2206 1284 2261 precemur,
1308 2198 1363 2245 te
1392 2190 1813 2247 honoriﬁcemus
1838 2207 1853 2256 ;

241 2282 511 2354 scriptum
539 2293 625 2340 est
653 2285 800 2341 enim
825 2302 839 2338 :
876 2285 1065 2340 Omnia
1085 2295 1254 2340 uestra
1284 2284 1491 2340 honeste
1514 2285 1642 2356 ﬁant
1661 2284 1701 2358 (Ι
1725 2281 1851 2341 Cor.

240 2389 352 2443 ιιν,
373 2373 502 2446 40).
528 2375 639 2434 Sed
670 2391 961 2447 possumus
983 2387 1038 2432 et
1061 2376 1340 2432 hominem
1368 2378 1582 2445 timere,
1602 2377 1852 2447 diligere,

242 2482 436 2540 rogare
467 2509 484 2538 ,
516 2468 792 2527 honorare
822 2488 836 2524 :
871 2471 1108 2544 hymnus
1137 2472 1449 2542 specialiter
1477 2471 1588 2527 Deo
1631 2470 1852 2527 dicitur.

242 2560 360 2618 Hoc
399 2571 688 2634 tamquam
734 2563 1092 2620 excellentius
1122 2565 1338 2621 caeteris
1381 2564 1610 2620 credere
1638 2573 1723 2621 est
1759 2564 1855 2619 tle-

240 2670 472 2725 corum,
503 2658 647 2729 quod
681 2658 977 2715 deferimus
1011 2659 1146 2715 Deo.
1181 2658 1461 2715 Mulierem
1497 2675 1712 2731 quoque
1742 2671 1765 2701 ε
1798 2662 1851 2716 in

243 2748 430 2807 habitu
467 2761 663 2807 ornato
702 2766 860 2809 orare
909 2751 1165 2808 convenit
1198 2769 1213 2806 ι
1256 2752 1352 2809 sed
1383 2752 1693 2822 specialiter
1728 2768 1849 2807 eam

243 2841 402 2899 decet
425 2858 593 2899 orare
620 2845 850 2901 velatam
870 2886 887 2913 ,
915 2853 971 2902 et
993 2860 1153 2901 orare
1181 2845 1586 2915 promittentem
1629 2846 1852 2901 castita-

244 2946 353 2995 tem
378 2952 509 2995 cum
538 2937 680 2996 bona
708 2939 1126 2999 conversatione
1155 2938 1199 3013 (l
1234 2939 1365 2994 Tim.
1400 2955 1468 3004 n,
1500 2939 1558 3006 9,
1594 2938 1704 3010 10).

822 3033 1049 3091 CAPUT
1087 3033 1273 3089 XLVI.

247 3122 572 3199 Proponitur
606 3126 768 3197 biﬁda
791 3127 965 3183 decori
986 3128 1171 3184 divisio
1196 3143 1216 3182 :
1248 3137 1355 3181 tum
1383 3136 1656 3198 postquam
1680 3136 1853 3182 osten-

1959 1910 2119 1966 deret
2145 1909 2345 1966 caelum
2376 1950 2392 1977 ,
2427 1923 2551 1964 cum
2585 1918 2758 1963 terras
2787 1919 2841 1963 et
2872 1907 3041 1961 maria
3081 1913 3406 1976 separaret,
3438 1917 3567 1958 cum

1958 2005 2130 2062 solem
2160 2012 2217 2059 et
2247 2006 2426 2058 lunam
2466 2013 2520 2058 et
2558 2003 2748 2058 stellas
2790 2002 3150 2057 constitueret
3178 2000 3359 2055 lucere
3398 2012 3572 2069 super

1961 2107 2163 2153 terram
2191 2138 2207 2160 ,
2238 2096 2487 2167 probavit
2513 2095 2742 2166 singula.
2775 2094 2921 2166 Ergo
2949 2093 3209 2149 decorum
3241 2092 3344 2147 hoc
3367 2132 3381 2157 ,
3415 2089 3567 2161 quod

1960 2190 2013 2245 in
2054 2188 2280 2260 singulis
2319 2187 2505 2243 mundi
2534 2188 2780 2259 partibus
2810 2187 3087 2253 elucebat,
3121 2186 3174 2240 in
3205 2183 3567 2239 universitate

1958 2282 2299 2355 resplenduit
2325 2324 2340 2348 ,
2384 2284 2525 2338 sicut
2564 2281 2763 2353 prohat
2803 2279 3079 2351 Sapientia
3109 2319 3125 2344 ,
3174 2277 3366 2333 dicens
3398 2294 3414 2332 :
3448 2275 3568 2350 Ego

1957 2394 2098 2432 eram
2124 2378 2208 2432 cui
2239 2375 2710 2448 applaudebat.....
2745 2391 2864 2430 cum
2897 2373 3163 2429 uetaretur
3188 2371 3308 2427 orbe
3337 2370 3567 2443 perfecto

1958 2471 2144 2547 (Prov.
2188 2488 2303 2540 vnt,
2337 2472 2431 2540 30,
2464 2471 2578 2541 3i).
2611 2470 2877 2525 Similiter
2899 2482 3030 2540 ergo
3058 2475 3115 2524 et
3140 2466 3192 2522 in
3222 2464 3429 2521 fabrica
3456 2461 3565 2519 hu-

1958 2567 2104 2624 mani
2135 2567 2383 2637 corporis
2413 2576 2563 2636 grata
2607 2573 2693 2621 est
2724 2562 3149 2634 uniuscujusque
3178 2556 3409 2616 membri
3439 2570 3569 2628 por-

1958 2663 2070 2718 tio:
2105 2659 2203 2717 sed
2248 2661 2368 2731 plus
2414 2661 2466 2714 in
2506 2674 2798 2714 commune
2825 2654 3155 2727 compositio
3193 2649 3565 2708 membrorum

1955 2767 2083 2827 apta
2124 2754 2406 2821 delectat,
2448 2753 2592 2825 quod
2622 2753 2694 2810 ita
2739 2752 2843 2808 sibi
2874 2750 3145 2823 quadrare
3180 2757 3235 2806 et
3264 2743 3565 2803 convenire

1954 2849 2261 2906 videantur.

2515 2940 2747 3000 CAPUT
2786 2939 3000 2998 XLVII.

1960 3036 2031 3096 Ut
2057 3039 2112 3094 in
2137 3038 2243 3094 vita
2274 3047 2453 3094 nostra
2472 3037 2669 3092 eluceat
2694 3036 2940 3092 decorum
2971 3034 3107 3089 illud
3131 3075 3146 3100 ,
3168 3032 3293 3105 quid
3316 3038 3563 3104 praestare

2136 3150 2232 3189 nos
2252 3141 2505 3205 aporteat,
2537 3147 2726 3203 quosue
2751 3130 3012 3201 appetitus
3044 3125 3378 3200 refrwnare?

318 3236 435 3274 sum
449 3228 529 3275 est
546 3220 689 3292 quod
701 3220 983 3275 secundum
1008 3229 1248 3275 naturam
1267 3220 1356 3287 sit,
1381 3218 1649 3274 honestum
1675 3235 1695 3271 :
1714 3219 1851 3283 quod
1877 3216 1923 3280 C
2024 3226 2155 3283 9.24.
2186 3225 2247 3283 Si
2270 3227 2392 3297 quis
2423 3226 2588 3297 igitur
2615 3222 2645 3262 ιι
2676 3223 3101 3294 mquabilitatem
3122 3220 3391 3276 universa:
3411 3220 3561 3287 vitm,

315 3329 465 3367 secus
487 3353 503 3379 ,
548 3323 698 3383 turpe
737 3313 1084 3379 censendum;
1116 3313 1364 3385 exemplis
1409 3312 1707 3369 illustratur
1741 3314 1853 3368 Inec

317 3406 439 3475 ipsa
469 3406 673 3462 divisio.

319 3498 456 3554 ειη.
512 3499 611 3556 Est
637 3502 798 3572 igitur
822 3502 1085 3561 decorum
1110 3504 1254 3575 quod
1286 3504 1599 3575 praaeminet
1629 3544 1644 3570 ,
1697 3502 1852 3574 cujus

246 3591 274 3628 ἀ
287 3591 494 3649 divisio
515 3594 727 3662 gemina
750 3605 848 3652 est.
871 3596 1005 3653 Nam
1023 3606 1109 3653 est
1124 3597 1380 3654 decorum
1391 3597 1546 3666 quasi
1568 3596 1850 3668 generale,

245 3685 396 3755 quod
428 3700 531 3757 per
560 3687 966 3746 universitatem
997 3689 1242 3746 funditur
1270 3691 1590 3751 honestatis,
1619 3697 1676 3745 et
1699 3689 1852 3760 quasi

247 3779 301 3833 in
329 3787 448 3833 toto
475 3788 749 3849 spectatur
778 3796 1047 3853 corpore:
1081 3791 1168 3839 est
1196 3785 1358 3838 etiam
1405 3781 1665 3854 speciale,
1704 3781 1851 3853 quod

247 3873 299 3928 in
342 3884 500 3945 parte
549 3875 735 3947 aliqua
764 3878 955 3935 enitet.
1003 3877 1139 3933 Illud
1166 3877 1422 3950 generale
1450 3878 1520 3933 ita
1549 3886 1635 3934 est
1659 3918 1675 3942 ,
1706 3892 1771 3932 ac
1802 3879 1849 3933 si

249 3968 573 4039 aequabilem
620 3968 845 4025 formam
894 3981 1057 4041 atque
1103 3970 1513 4027 universitatem
1550 3970 1851 4028 honestatis

248 4060 301 4116 in
342 4062 496 4117 omni
535 4072 662 4118 actu
702 4077 801 4119 suo
828 4063 1021 4121 habeat
1066 4066 1478 4129 concinentem;
1512 4078 1637 4118 cum
1674 4061 1850 4117 omnis

247 4154 349 4210 sibi
379 4155 501 4227 ejus
530 4157 635 4212 vita
662 4160 965 4226 consentit,
1001 4174 1100 4214 nec
1128 4161 1178 4214 in
1211 4160 1317 4215 ulla
1355 4159 1532 4229 aliqua
1558 4174 1618 4214 re
1639 4157 1848 4214 discre-

247 4257 337 4318 pat
364 4268 377 4303 :
413 4249 523 4306 hoc
548 4252 810 4322 speciale,
843 4267 965 4308 cum
998 4253 1236 4324 aliquem
1266 4262 1444 4310 actum
1471 4254 1523 4308 in
1545 4253 1658 4308 suis
1690 4253 1852 4308 habet

248 4341 541 4400 virtutibus
569 4348 1044 4416 praeminentem.

313 4435 444 4492 222.
475 4437 652 4494 Simul
701 4439 831 4496 illud
878 4440 1101 4498 adverte
1140 4442 1284 4514 quod
1326 4451 1381 4499 et
1413 4452 1437 4479 θ
1465 4442 1726 4498 decorum
1767 4452 1853 4499 est

247 4531 544 4587 secundum
575 4539 820 4588 naturam
855 4534 1041 4591 vivere
1064 4576 1079 4599 ,
1120 4535 1419 4591 secundum
1464 4545 1713 4591 naturam
1752 4533 1853 4591 de-

1955 3328 2013 3375 et
2039 3318 2373 3390 singularum
2399 3316 2896 3377 actionum-modos
2924 3322 3123 3377 servet,
3153 3312 3404 3368 ordinem
3425 3325 3563 3382 quo-

1954 3429 2084 3485 que,
2114 3424 2170 3469 et
2197 3414 2563 3469 constantiam
2593 3412 2862 3467 dictorum
2894 3420 3059 3480 atque
3091 3422 3341 3479 operum,
3374 3404 3563 3461 mode-

1953 3508 2333 3578 rationemque
2382 3507 2699 3571 custodiat,
2732 3506 2784 3559 in
2828 3505 2950 3575 ejus
2975 3502 3082 3558 vita
3122 3501 3381 3556 decorum
3423 3496 3560 3555 illud

1952 3600 2193 3666 excellit,
2224 3608 2279 3655 et
2307 3602 2462 3670 quasi
2496 3601 2549 3654 in
2577 3598 2812 3668 quodam
2841 3594 3066 3667 speculo
3087 3595 3286 3649 elucet.

2002 3671 2153 3750 Μ.
2184 3693 2422 3749 Accedat
2451 3702 2630 3748 tamen
2669 3693 2686 3729 ί
2725 3689 2912 3746 suavis
2938 3703 3121 3745 sermo
3145 3730 3161 3753 ,
3205 3696 3263 3742 ut
3302 3682 3563 3741 conciliet

1953 3786 2058 3844 sibi
2087 3786 2340 3843 affectum
2370 3787 2706 3842 audientium
2732 3827 2745 3850 ,
2774 3793 3096 3855 gratumque
3124 3796 3185 3837 se
3215 3781 3301 3836 vel
3326 3777 3562 3835 familia-

1952 3882 2127 3948 ribus,
2158 3883 2246 3937 vel
2276 3883 2508 3950 eivihus,
2540 3882 2650 3944 vel.
2676 3880 2722 3937 si
2753 3879 2869 3935 lteri
2906 3889 3104 3950 potest,
3133 3876 3388 3933 omnibus
3415 3889 3556 3945 prte-

1952 3975 2098 4031 beat.
2138 3974 2324 4047 Neque
2352 3975 2667 4031 adulantem
2701 3990 2761 4030 se
2786 4015 2801 4039 ,
2847 3987 3023 4043 neque
3065 3968 3397 4026 adnlandum
3444 3967 3559 4025 cui-

1952 4083 2112 4138 quam
2139 4069 2387 4135 esibeat;
2408 4070 2641 4125 alterum
2664 4068 2809 4125 enim
2832 4066 3146 4123 calliditatis
3170 4075 3276 4131 est,
3299 4061 3559 4119 vanitatis

1951 4160 2205 4216 alterum.

2022 4255 2152 4313 2'26.
2183 4255 2299 4312 Non
2333 4256 2347 4307 i
2384 4256 2653 4325 chpiciet
2700 4253 2828 4326 quid
2873 4253 2942 4310 de
2984 4268 3043 4309 se
3085 4250 3457 4321 unusquisque
3500 4258 3558 4305 et

1954 4349 2197 4405 maxime
2230 4353 2314 4406 vir
2350 4352 2587 4421 optimus
2622 4354 2850 4414 sentiat;
2884 4350 2984 4404 hoc
3024 4349 3167 4404 enim
3214 4344 3378 4401 modo
3399 4343 3563 4400 discit

1956 4441 2112 4497 bonis
2137 4442 2353 4500 deferre
2381 4448 2767 4501 reverentiam.
2806 4443 2938 4499 Nam
2972 4443 3248 4513 negligere
3287 4439 3556 4495 bonorum

1951 4534 2156 4605 judicia
2183 4538 2269 4594 vel
2311 4541 2672 4611 arrogantlte,
2716 4539 2802 4595 vel
2846 4535 3224 4593 dissolutionis
3263 4544 3388 4592 est:
3418 4548 3557 4606 quo-

320 4711 346 4739 ⁸
377 4710 508 4766 Mss.
544 4711 785 4781 aliquot,
814 4713 867 4767 in
889 4713 1074 4766 virtute
1103 4712 1354 4782 propositi
1383 4712 1579 4775 nostri;
1608 4719 1663 4766 at
1689 4724 1839 4766 com-
1863 4708 1915 4770 D
1943 4729 2095 4768 neum
2124 4717 2191 4771 sit
2215 4717 2437 4773 hominis
2458 4719 2793 4781 excellentia,
2838 4727 2945 4772 etc.
2975 4715 3107 4772 Item
3148 4715 3284 4773 infra
3318 4716 3415 4772 lin.
3437 4715 3547 4773 40:

248 4782 463 4837 modius
497 4783 547 4838 in
580 4785 724 4849 aliis,
754 4799 855 4839 nec
880 4800 986 4838 non
1012 4785 1062 4839 in
1084 4785 1215 4839 edit.
1246 4786 1422 4847 deest,
1448 4783 1501 4837 in
1525 4785 1730 4837 uirtute.

320 4853 345 4891 ¹³
374 4855 521 4911 Edit.
548 4855 851 4926 etquidem
878 4870 1034 4920 mss.,
1071 4855 1224 4923 Quod
1254 4853 1433 4909 Greece
1457 4855 1669 4909 dicitur.

321 4936 343 4962 ε
368 4926 530 4981 Rom.
556 4925 712 4993 cdil.,
736 4928 791 4980 in
818 4926 993 4980 habitu
1015 4928 1253 4981 ordinato
1270 4942 1289 4980 :
1308 4936 1522 4985 caetera:
1548 4943 1654 4981 non
1682 4925 1844 4979 modo

249 5009 364 5051 eum
398 5013 535 5052 mss.
568 4999 662 5053 sed
704 5000 863 5053 etiam
894 5014 1014 5053 cum
1046 4999 1255 5065 vulgata
1293 5013 1439 5052 vers.
1471 4999 1525 5051 in
1555 4997 1731 5052 habitu
1760 5014 1846 5051 or-

251 5079 367 5121 ttalo
406 5086 471 5123 es
492 5068 700 5143 _Gl'3€CO_
722 5071 952 5143 scilicet,
984 5072 1032 5125 ἐν
1060 5070 1347 5129 καταστολῆ
1377 5072 1595 5143 κοσμίῳ.
1634 5071 1839 5124 ltnrsus

253 5154 375 5212 vero
402 5141 595 5197 eadem
636 5141 770 5197 edit.
804 5141 960 5195 Rom.
997 5158 1091 5210 pro
1129 5159 1195 5197 eo
1238 5147 1379 5212 quod
1406 5141 1564 5207 aliae,
1597 5155 1661 5195 ac
1704 5157 1836 5197 mss.

252 5211 428 5278 plures
460 5212 682 5277 habent,
707 5229 822 5268 cum
848 5214 982 5267 bona
1012 5214 1396 5267 conversatione
1451 5213 1693 5281 reposuit
1715 5228 1836 5268 cum

254 5285 544 5350 nonnullis,
574 5302 666 5355 per
682 5284 864 5339 bonam
878 5287 1336 5343 conuersationem.
1371 5286 1667 5353 respiciens
1690 5285 1841 5339 scili-

254 5366 336 5430 cet
351 5358 415 5409 ad
441 5356 570 5410 illud
586 5355 833 5430 Apostoli
863 5372 929 5411 ex
956 5358 1287 5430 locogeita‘to.
1466 5356 1515 5418 (ὁ
1539 5358 1725 5430 πρέπει
1745 5379 1841 5430 γυ-

253 5429 400 5506 ναξξίν
426 5429 900 5506 ἓπαγμιλλομέναες
920 5426 1224 5506 θεοσέϐειαν)
1250 5426 1476 5506 Eripe/mu
1716 5426 1839 5506 pro-

256 5500 504 5554 mittentes
541 5499 783 5570 pietatem
825 5516 915 5569 per
943 5501 1077 5553 bona
1122 5516 1280 5567 opera
1316 5499 1352 5555 ε’
1379 5499 1469 5556 ubi
1517 5499 1839 5557 Ambrosius

255 5571 490 5639 pietatem
516 5573 676 5624 etiam
707 5573 931 5627 mulavit
953 5574 1006 5626 in
1034 5573 1344 5628 castitatem.

322 5637 349 5677 ⁸³
379 5644 496 5714 Cie.
543 5642 702 5697 Ollic.
727 5643 835 5714 lib.
884 5657 922 5709 ι,
965 5658 1089 5714 pag.
1121 5643 1247 5710 364,
1284 5646 1379 5697 lin.
1410 5645 1508 5699 l3:
1544 5641 1641 5697 Est
1673 5652 1844 5699 autent

256 5714 363 5835 gitis
390 5712 673 5835 descgptio
698 5713 911 5786 duplex.
949 5712 1087 5768 Nam
1116 5724 1164 5769 et
1197 5716 1435 5787 generale
1462 5716 1720 5785 quoddam
1749 5716 1842 5771 de-

287 5800 315 5835 o
345 5801 450 5835 nm.
481 5801 514 5835 e
575 5826 590 5835 .
762 5798 765 5803 ·
895 5801 923 5831 ηε

287 5794 450 5849 orum,
481 5792 591 5843 etc.
761 5798 765 5849 ξ

332 5827 701 5925 ἶῖἶῖἱέίξίίη.
753 5847 854 5914 l5:
884 5827 1138 5914 Decorum
1168 5854 1222 5914 id
1254 5864 1363 5913 esse
1395 5852 1534 5927 quod
1570 5862 1843 5912 contentas

1950 4784 2201 4859 Qﬂicium
2220 4800 2388 4844 autent
2415 4793 2554 4857 quod
2575 4790 2638 4845 ab
2663 4807 2724 4845 eo
2752 4789 2978 4853 ducitur,
3002 4788 3137 4844 hunc
3162 4791 3407 4859 primum,
3438 4799 3546 4845 etc.

1948 4855 2107 4925 lbi’d.,
2143 4876 2263 4931 pag.
2296 4855 2435 4928 367,
2459 4863 2553 4917 lin.
2587 4863 2649 4917 31
2677 4879 2690 4916 :
2723 4859 2864 4915 Nam
2894 4877 3011 4914 cum
3056 4863 3109 4915 in
3160 4855 3395 4915 omnibus
3432 4875 3550 4933 qua

1946 4940 2193 5001 aguntur,
2229 4943 2335 4987 etc.

2025 5002 2042 5039 ί
2075 5005 2277 5058 Omnes
2307 5005 2467 5069 cdit.,
2497 5021 2592 5057 nos
2627 5007 2773 5061 docet
2802 5006 2939 5076 quod
2974 5006 3072 5070 vir,
3112 5013 3245 5076 ete.,
3276 5003 3372 5060 sed
3411 5018 3545 5060 con-

1949 5081 2032 5127 tra
2066 5088 2193 5127 mss.
2228 5078 2626 5140 auctoritatem,
2658 5075 2854 5148 quibus
2881 5079 3046 5148 etiam
3078 5075 3404 5147 suffragatur
3429 5085 3547 5131 tex-

1948 5149 2426 5225 tusApostolicus,
2454 5147 2688 5207 suam
2710 5150 2847 5223 ὑμᾶς
2874 5147 3117 5225 ὃτιὰνήρ,
3142 5157 3248 5202 etc.
3282 5163 3390 5201 non
3414 5160 3545 5203 vero

1946 5215 2177 5274 διδάσκει
2200 5221 2359 5292 ἡμᾶς,
2386 5230 2494 5274 etc.
2745 5215 2754 5223 ’
2959 5290 2994 5292 __
3045 5215 3075 5292 A'
3156 5290 3163 5292 ξ
3332 5290 3340 5292 _
3478 5246 3493 5261 ν

2021 5298 2047 5337 ε
2071 5290 2323 5414 Nolnnulh
2357 5307 2483 5346 mss.
2520 5301 2575 5348 et
2604 5302 2713 5347 vet.
2751 5293 2910 5357 cdit.,
2950 5290 3119 5346 Habes
3143 5290 3280 5343 hunc
3306 5290 3542 5347 decorem

2021 5376 2135 5414 nera
2163 5378 2259 5414 em.

1946 5375 2259 5432 generatem.

2021 5431 2048 5468 δ
2077 5432 2193 5489 Cic.
2226 5432 2380 5489 Ollio.
2412 5434 2504 5489 lib.
2535 5450 2574 5501 ι,
2611 5451 2732 5505 pag.
2762 5434 2889 5494 364.
2928 5434 3021 5487 lin.
3054 5433 3123 5488 33
3151 5449 3164 5485 :
3197 5431 3289 5489 Sic
3329 5437 3427 5489 hoc
3450 5438 3543 5493 de-

1949 5520 2129 5559 corum
2154 5506 2290 5574 quod
2320 5506 2482 5560 elucet
2507 5507 2559 5561 in
2585 5509 2708 5572 vita,
2738 5513 2920 5566 movet,
2948 5514 3053 5558 etc.

2024 5575 2210 5641 ‘Ibid.,
2244 5591 2364 5648 pag.
2396 5577 2522 5643 370,
2551 5577 2645 5632 lin.
2667 5578 2736 5631 5:
2761 5575 3091 5648 Maximeque
3117 5575 3433 5648 curandum,
3458 5597 3544 5636 eos

1946 5648 2253 5728 quibuscum
2278 5664 2561 5702 sermonem
2591 5647 2901 5717 conferimus
2936 5657 2981 5699 et
3025 5647 3188 5699 vereri
3233 5656 3279 5701 et
3323 5650 3542 5722 diligere

1945 5717 2230 5772 uideamur.
3422 5717 3441 5722 ⁷

1952 5860 1959 5863 Α
2024 5789 2037 5837 l
2091 5787 2255 5863 Ibid.,
2298 5803 2420 5861 pug.
2449 5787 2595 5863 364,
2639 5787 2732 5840 lin.
2911 5784 3214 5863 ddhlbendn
3257 5798 3332 5844 est
3375 5792 3540 5862 igitur

1947 5859 2186 5917 "Iwan
2211 5854 2492 5914 reret-inriti
2520 5865 2764 5913 adversus
2789 5854 3045 5926 homines,
3077 5865 3185 5913 etet

3627 3680 3721 3740 ν’
3769 3671 3948 3732 3.15

4042 2912 4043 2971 l

4042 2980 4043 3015 ι

4042 3022 4044 3087 ἱ

4042 3090 4043 3165 1
