4078 6306
497 304 570 374 9f
1842 309 2085 370 SANCTI

2220 301 2476 377 'DROSH,
3745 309 3778 367 ς
3785 313 3828 367 9

499 442 618 490 tum
646 427 892 488 alienior
914 427 1188 502 superrbia!
1215 429 1532 498 aScl'ibltur,
1563 428 1794 486 alterum
1828 429 2110 500 negligen-
2134 415 2188 492 Α
2215 427 2535 499 prmfatione
2565 426 2851 497 posuimus
2887 425 2912 495 ε
2929 423 3062 497 (inp.
3089 439 3147 480 tt.
3179 425 3232 493 ο,
3274 426 3308 480 7
3328 425 3371 496 γ,
3421 435 3692 498 prtecepta
3729 429 3826 486 ἣν

507 525 617 582 tua.

573 607 703 678 227.
732 615 934 676 Caveat
952 617 1118 676 etiam
1133 614 1161 656 ά
1187 626 1366 674 motus
1388 611 1689 684 animisni;
1711 614 1826 687 ipse
1845 607 2112 672 cuiuisibi

501 707 558 770 et
583 707 958 770 obserVandus
979 711 1032 768 e‘t
1055 707 1577 782 Circumspiciendus
1605 705 1692 768 est
1715 725 1731 765 :
1755 719 1812 766 et
1838 715 1900 766 ut
1916 705 2109 765 adver-

504 813 623 862 sum
653 819 714 863 se
734 805 1030 873 cavendus,
1058 807 1128 862 ita
1154 807 1318 862 etiam
1346 800 1412 862 de
1433 821 1492 862 se
1521 803 1773 861 tuendus.
1793 800 1939 861 Sunt
1961 803 2108 860 enim

507 910 709 968 motus,
735 889 787 955 in
817 899 1013 970 quibus
1039 905 1122 955 est
1143 901 1418 972 appetitus
1441 897 1552 966 ille,
1578 899 1666 970 qui
1691 897 1848 970 quasi
1869 897 2108 969 quodam

507 993 820 1064 prorumpit
843 993 1091 1061 impetu;
1141 993 1284 1048 unde
1312 991 1502 1049 Graece
1545 991 1676 1069 ὁρμή
1726 992 1926 1047 dicitur
1961 984 2110 1061 quod

503 1081 532 1126 ἶ)
549 1087 602 1143 vi
623 1081 856 1158 quadam
875 1098 935 1144 se
947 1095 1169 1156 repente
1193 1083 1472 1156 proripiai.
1501 1079 1616 1141 Non
1635 1085 1924 1141 mediocris
1946 1087 1999 1140 in
2023 1085 2108 1143 bis

431 1195 440 1200 ·
501 1185 585 1240 vis
608 1182 854 1254 quaedam
880 1181 1048 1237 animi
1077 1191 1238 1253 atque
1270 1189 1478 1236 natura
1509 1189 1613 1236 est.
1641 1177 1774 1248 Quae
1811 1185 1993 1236 tamen
2024 1179 2106 1238 vis

502 1277 718 1351 gemina
741 1285 852 1346 est,
879 1291 984 1333 una
1017 1275 1067 1331 io
1091 1275 1353 1349 appetitu.
1385 1277 1553 1332 altera
1585 1275 1638 1331 in
1671 1275 1884 1331 ratione
1905 1276 2102 1346 posita,

503 1382 626 1444 quae
653 1372 949 1444 appetitum
979 1367 1238 1436 refrenet,
1271 1372 1328 1426 et
1349 1369 1454 1425 sibi
1482 1368 1828 1426 obedientem
1863 1377 2104 1440 praastet,

505 1475 560 1520 ct
589 1463 751 1520 ducat
788 1477 894 1534 quo
937 1461 1074 1518 velit
1105 1471 1122 1516 ἐ
1158 1470 1212 1518 et
1256 1469 1528 1534 tamquam
1562 1459 1754 1518 Sedulo
1793 1459 2110 1532 magisterio

501 1555 728 1612 edoceat
757 1556 886 1625 quid
918 1553 1066 1624 iieri,
1099 1553 1228 1628 quid
1259 1555 1460 1612 evitari
1491 1563 1774 1626 oporteat,
1808 1564 1832 1595 θ
1863 1563 1924 1611 ut
1951 1555 2105 1612 bona:

502 1643 772 1706 domitricl
799 1648 1160 1720 obtemperet.
1291 1633 1296 1638 ’

577 1742 708 1802 228.
739 1741 968 1800 Solliciti
992 1746 1136 1800 enim
1162 1741 1427 1802 debemus
1449 1741 1634 1809 esse;l
1660 1759 1728 1801 ue
1751 1742 1879 1814 quid
1906 1741 2108 1799 timere

2210 531 2444 579 strtmnt.
2479 517 2718 578 Pulchre
2739 528 2923 578 autem
2965 527 3026 577 et
3050 520 3159 577 hoc
3184 520 3392 578 accidit
3410 563 3426 589 ,
3457 533 3520 578 ut
3545 523 3826 595 scripturi

2209 616 2281 674 de
2305 615 2512 672 Ufticiis
2534 659 2550 683 ,
2596 629 2658 672 ea
2694 614 3035 688 prafaﬁouis
3056 620 3260 671 nostrae
3285 617 3596 674 assertione
3619 626 3824 676 utere-

2209 727 2334 771 mor
2369 727 2490 785 quae
2517 723 2569 769 et
2594 715 2710 784 ipsa
2738 712 2806 768 ad
2831 711 2999 768 ofﬁcii
3023 713 3400 784 magisterium
3427 715 3755 784 pertineret.

2235 833 2246 844 -
2280 805 2382 863 251
2424 804 2571 862 iSed
2595 805 2724 876 quia
2747 819 2932 876 supra,
2967 813 3022 860 ut
3048 805 3357 876 oportebat,
3385 803 3822 876 perstrinximus

2209 898 2666 974 quemadmodum
2701 899 3074 970 unusquisque
3101 910 3298 954 cavere
3333 900 3533 970 possit,
3566 910 3641 956 ne
3664 902 3830 956 exei-

2210 1003 2355 1052 tetur
2381 1003 2598 1063 accepta
2629 994 2844 1064 iniuria,
2877 1003 3136 1050 verentes
3159 1009 3236 1051 ne
3259 993 3508 1065 prafatio
3547 994 3828 1066 prolixior

2208 1090 2398 1158 fieret,
2445 1099 2588 1144 noue
2627 1087 2695 1144 de
2742 1103 2810 1145 eo
2852 1088 3074 1145 uberius
3123 1088 3504 1160 disputandum
3547 1089 3819 1144 arbitror.

2207 1184 2386 1242 Locus
2412 1185 2555 1241 enim
2577 1185 2912 1256 opportunius
2943 1187 3050 1251 est,
3075 1186 3210 1240 utin
3233 1183 3477 1256 partibus
3504 1193 3821 1256 temperan-

2209 1278 2300 1335 tiat
2325 1277 2567 1335 dicamus
2591 1276 3050 1349 quemadmodum
3072 1278 3397 1347 reprimitur
3423 1275 3721 1333 irawndia.

2746 1369 2982 1428 CAPUT
3023 1370 3259 1427 XLVIII.

2209 1467 2448 1539 Repetito
2517 1465 2904 1539 eornpescendce
2957 1467 3248 1522 iracundia
3300 1476 3608 1537 argumento
3632 1509 3647 1533 ,
3703 1473 3828 1524 tre!

2277 1575 2456 1616 eorum
2483 1561 2572 1633 qui
2599 1561 2926 1615 lacessimur
2948 1561 3181 1634 injuriis,
3204 1559 3411 1615 ordines
3436 1560 3776 1629 explicantur
3793 1575 3820 1616 ξ

2277 1657 2353 1710 ad
2373 1668 2590 1726 quorum
2628 1655 3058 1730 perfectissimam
3087 1654 3370 1724 Apostolus
3408 1668 3470 1710 ac
3513 1653 3686 1710 David
3730 1655 3820 1710 di.-
3912 1707 3920 1713 .

2275 1759 2462 1804 cuntur
2487 1751 2808 1821 peruenisse:
2858 1748 2944 1803 ubi
2993 1759 3058 1804 ea:
3087 1748 3358 1803 occasione
3385 1749 3622 1817 quadam
3647 1748 3818 1823 hujus

502 1842 594 1896 aut
646 1841 918 1896 incuriose
963 1846 1253 1913 geramds,
1295 1840 1392 1895 aut
1415 1831 1704 1909 quidquam
1734 1837 1841 1911 ει
1883 1839 2104 1893 omnino
2134 1823 2183 1888 Β
2278 1859 2340 1900 ac
2360 1843 2552 1914 fulturis
2573 1847 2689 1900 vita
2721 1841 3001 1898 tradantur
3021 1841 3345 1898 discrimina.

503 1931 656 2002 cujus
688 1928 1020 2003 probabilem
1065 1945 1171 1987 non
1221 1931 1493 2002 possimus
1538 1929 1801 1985 rationem
1848 1929 2097 1987 reddere.

503 2017 673 2080 Actus
698 2025 842 2080 enim
872 2023 1045 2079 nostri
1066 2036 1228 2080 causa
1254 2067 1270 2092 ,
1294 2025 1399 2082 etsi
1421 2034 1524 2080 no"
1555 2025 1808 2080 omnibus
1832 2025 2100 2096 redditur,

505 2119 686 2174 tamen
714 2117 784 2172 ab
813 2115 1065 2172 omnibus
1096 2117 1459 2174 examinator.
1492 2117 1601 2174 Nec
1637 2131 1769 2174 vero
1801 2117 2061 2174 habemus
2085 2157 2102 2182 ,

507 2213 560 2268 in
586 2227 696 2286 quo
725 2227 826 2268 nos
849 2211 1122 2282 possimus
1147 2225 1424 2269 excusare.
1456 2211 1592 2268 Nam
1617 2210 1723 2269 etsi
1749 2214 1832 2268 vis
1855 2211 2102 2284 qumdam

504 2311 713 2361 natura:
734 2305 786 2360 in
809 2303 962 2360 omni
986 2305 1228 2376 appetitu
1259 2305 1364 2372 sit;
1397 2317 1420 2344 υ
1449 2313 1630 2361 tamen
1661 2303 1803 2361 idem
1833 2304 2106 2376 appetitus

509 2395 736 2453 rationis
773 2397 1052 2466 subjectus
1079 2403 1162 2453 est
1194 2397 1314 2468 lege
1341 2411 1547 2454 natura:
1583 2398 1755 2470 ipsius
1778 2441 1794 2465 ,
1837 2407 1893 2454 et
1921 2396 2108 2455 obedlt

504 2485 574 2546 ei.
604 2487 759 2546 Unde
783 2489 908 2546 boni
937 2490 1296 2563 speculatoris
1325 2501 1408 2558 est
1437 2493 1506 2546 ita
1537 2493 1875 2562 praetendere
1898 2492 2106 2559 animo,

505 2589 566 2638 ut
591 2585 865 2655 appetitus
895 2599 1071 2654 neque
1097 2591 1396 2656 prazcurrat
1425 2585 1715 2652 rationem,
1747 2599 1922 2656 neque
1947 2584 2110 2642 dese-

511 2676 633 2744 rat;
668 2694 735 2734 ne
767 2677 1149 2750 praecurrentia
1175 2679 1454 2750 perturbet
1475 2687 1639 2751 atque
1665 2679 1936 2748 excludat,
1959 2697 2107 2738 eam-

505 2787 610 2844 que
640 2771 948 2828 desereudo
987 2770 1270 2828 destituat.
1309 2771 1648 2830 Perturllatio
1679 2773 1822 2830 tollit
1846 2777 2106 2832 constan-

505 2868 634 2921 tiam
663 2909 678 2933 ,
711 2865 992 2922 destitutio
1019 2864 1200 2936 prodit
1231 2866 1496 2942 ignaviam
1515 2907 1530 2934 ,
1561 2877 1780 2923 accusat
1811 2867 2102 2939 pigritiam.

507 2960 826 3017 Perturbato
865 2961 1010 3016 enim
1053 2970 1236 3017 mente
1268 2961 1429 3018 latius
1469 2975 1531 3018 se
1559 2977 1622 3018 ac
1671 2963 1887 3034 longius
1937 2963 2109 3021 fundit

507 3055 801 3127 appetitus,
835 3063 891 3111 et
921 3064 1194 3128 tamquam
1223 3053 1448 3112 elferato
1479 3052 1682 3128 impetu
1714 3054 1898 3112 frenos
1926 3058 2110 3114 ratio-

507 3148 592 3203 nis
618 3157 725 3204 non
753 3147 1002 3218 suscipit,
1037 3161 1137 3204 nec
1159 3146 1264 3203 ulla
1294 3151 1459 3204 sentit
1485 3149 1688 3220 auriga!
1713 3148 2104 3216 moderamina,

2277 1937 2404 1994 252.
2435 1939 2560 1995 Tria
2602 1941 2784 2008 itaque
2813 1948 3012 2013 genera
3063 1947 3186 1992 esse
3226 1935 3511 1992 hominum
3555 1935 3824 2006 iniuriam

2207 2030 2587 2102 accipientium
2621 2031 2674 2086 in
2722 2027 3021 2100 Scripturi‘s
3058 2026 3254 2083 divinis
3294 2027 3678 2084 demonstrare
3719 2039 3822 2083 vo-

2210 2125 2411 2192 lumus,
2435 2126 2482 2179 si
2512 2137 2816 2196 possumus.
2849 2121 3030 2180 Unum
3056 2129 3140 2178 est
3166 2132 3354 2178 eorum
3382 2120 3582 2193 quibus
3611 2131 3820 2191 peccas

2210 2226 2296 2273 tor
2324 2215 2589 2284 insultat,
2633 2215 2649 2267 l
2689 2215 3056 2280 conviciator,
3090 2213 3372 2284 inequitat.
3407 2214 3476 2268 lis
3505 2213 3630 2282 quia
3660 2213 3826 2270 deest

2204 2312 2436 2383 iustitia,
2472 2311 2647 2381 pudor
2665 2308 2880 2374 crescit,
2909 2319 3138 2382 augetur
3165 2305 3341 2363 dolor.
3367 2306 3572 2363 Horum
3605 2307 3821 2364 simila

2210 2405 2425 2477 plurimi
2456 2403 2524 2459 de
2557 2417 2678 2458 meo
2707 2400 2918 2468 ordine,
2950 2401 3018 2456 de
3051 2415 3174 2456 meo
3199 2415 3447 2456 numero.
3490 2393 3628 2455 Nam
3677 2400 3823 2456 mihi

2212 2500 2428 2556 iniirmo
2455 2498 2508 2556 si
2535 2497 2656 2574 quis
2689 2497 2938 2568 iniuriam
2971 2495 3162 2563 faciat,
3201 2495 3424 2551 forsitan
3451 2534 3468 2560 ,
3501 2495 3626 2551 licet
3655 2495 3820 2550 iniit»

2212 2608 2366 2659 mus,
2401 2591 2598 2648 donem
2639 2591 2890 2662 lnjuriam
2931 2604 3130 2646 meam.
3183 2585 3210 2626 ¹ι
3235 2587 3526 2646 Sicrlmeu
3553 2587 3819 2658 obiiciat,

2209 2689 2320 2762 62
2365 2700 2473 2744 non
2517 2701 2634 2744 sum
2683 2696 2888 2753 tantus,
2923 2691 2982 2741 ut
3011 2683 3112 2740 sint
3145 2691 3432 2740 contentus
3476 2683 3816 2739 coruscieotia

2213 2800 2354 2851 mea,
2393 2781 2612 2841 etiamsi
2653 2795 2740 2838 me
2771 2781 2891 2852 ejus
2913 2777 3108 2850 objecti
3139 2779 3372 2834 alienum
3401 2775 3683 2832 noverim:
3717 2775 3818 2834 sed

2211 2879 2372 2950 cupio
2403 2877 2626 2933 abluere
2675 2873 2694 2914 ι
2741 2873 2963 2948 ingenui
3012 2871 3234 2944 pudoris
3285 2881 3500 2938 notam,
3536 2873 3817 2942 tamquam

2216 2970 2484 3026 inﬁrmus.
2535 2967 2675 3040 Ergo
2703 2968 2918 3024 oculum
2965 2981 3064 3040 pro
3092 2965 3252 3022 oculo
3277 3009 3290 3035 ,
3345 2973 3401 3021 et
3438 2965 3657 3020 dentem
3713 2979 3817 3038 pro

2213 3063 2376 3119 dente
2403 3062 2580 3132 exigo,
2608 3069 2664 3116 et
2690 3058 2990 3116 convicium
3032 3057 3278 3114 convicio
3304 3058 3568 3128 rependo.

2283 3153 2410 3211 255.
2443 3154 2498 3210 Si
2533 3167 2661 3209 vero
2692 3153 2738 3209 is
2785 3169 2905 3209 sum
2935 3151 3026 3225 qui
3072 3150 3381 3222 proficiam,
3430 3151 3536 3208 etsi
3571 3151 3816 3208 nondum

504 3239 697 3312 quibus
727 3241 896 3312 possit
925 3237 1155 3297 reflecti.
1215 3239 1369 3298 Unde
1399 3239 1722 3312 plerumque
1769 3255 1879 3298 non
1924 3243 2102 3300 solum
2134 3226 2181 3293 Ο
2212 3247 2507 3321 perfectus,
2537 3261 2642 3302 non
2667 3255 2958 3317 retorqueo
2979 3245 3396 3300 contumeliam:
3427 3244 3529 3301 etsi
3561 3251 3603 3281 ι
3625 3243 3818 3300 influat

507 3341 528 3382 ί
560 3337 774 3393 animus
795 3337 1100 3408 exagitatur
1127 3379 1144 3405 ,
1177 3337 1444 3393 amittitur
1479 3338 1652 3405 ratio;
1697 3337 1792 3394 sed
1816 3338 1982 3395 etiam
2015 3339 2101 3394 iu-

506 3431 810 3490 tlammatur
841 3431 1019 3488 vultus
1041 3475 1057 3501 ,
1099 3434 1185 3488 vel
1236 3429 1543 3497 iracundia,
1580 3433 1666 3490 vel
1698 3433 1922 3491 libidine
1949 3453 1963 3489 :
1987 3435 2105 3506 pal-

505 3525 663 3584 lescit
686 3527 900 3594 timore,
934 3527 1216 3598 voluptate
1241 3541 1300 3582 se
1330 3541 1436 3584 non
1465 3527 1633 3599 capit,
1655 3537 1711 3586 et
1740 3527 1902 3585 nimia
1941 3529 2103 3606 gestit

503 3622 710 3681 hctitia.

569 3715 698 3772 229.
729 3715 854 3772 time
883 3731 1004 3772 cum
1035 3715 1188 3781 liunt,
1219 3709 1474 3789 abjicitur
1499 3715 1587 3774 illa
1619 3729 1646 3767 ις
1669 3720 1931 3776 naturalis
1957 3733 2107 3792 quso-

507 3807 628 3864 datn
660 3811 1282 3881 ceusura,gravitasque
1313 3825 1522 3866 morum
1551 3830 1565 3868 ε
1599 3825 1704 3868 nec
1736 3813 1905 3868 teneri
1929 3814 2111 3885 potest

507 3901 600 3960 illa
627 3921 748 3976 qua:
775 3903 828 3960 in
854 3899 1019 3962 rebus
1050 3905 1306 3976 gerendis
1327 3913 1489 3976 atque
1515 3905 1760 3962 consiliis
1785 3905 1898 3962 sola
1927 3915 2106 3980 potest

507 3999 889 4056 auctoritatem
925 4015 1102 4068 suam,
1135 4009 1298 4073 atque
1329 4000 1462 4058 illud
1491 3999 1634 4074 quod
1676 4001 1866 4059 deceat
1889 4010 2102 4072 tenere,

509 4094 836 4150 constantia.

577 4187 706 4244 230.
753 4188 985 4246 Gravior
1024 4198 1211 4246 autem
1254 4191 1524 4263 appetitus
1568 4190 1597 4229 h
1638 4207 1707 4248 ex
1736 4189 2108 4266 indignatione

507 4279 673 4338 nimia
704 4285 981 4348 nascitur,
1027 4299 1190 4356 quam
1218 4295 1459 4355 acceptae
1510 4285 1833 4356 plerumque
1857 4287 2111 4344 accendit

507 4373 721 4446 injuriae
759 4373 938 4433 dolor.
989 4377 1068 4434 De
1105 4392 1216 4450 quo
1252 4377 1387 4434 satis
1435 4391 1536 4436 nos
1592 4377 1784 4451 psalmi
1839 4396 2000 4452 quem
2055 4381 2109 4440 in

575 4545 603 4576 ⁸
630 4537 746 4595 Cic.
785 4535 966 4594 Ofliic.
1014 4537 1108 4594 lib.
1139 4551 1180 4600 ι,

507 4611 683 4693 solum.
707 4610 1062 4693 corporis"...
1087 4609 1179 4693 sed
1206 4610 1368 4693 multo
1396 4611 1550 4664 etiam
1578 4613 1742 4684 magis
1768 4609 1960 4681 animi,
1992 4622 2100 4669 etc.

573 4682 602 4766 li
628 4681 762 4766 lites.
793 4682 1002 4766 aliquot
1025 4721 1043 4749 ,
1071 4683 1120 4737 ai
1146 4681 1371 4766 quadam
1398 4694 1650 4766 serpente.

577 4765 600 4796 ο
625 4749 828 4812 Omnes
849 4749 981 4810 edit.
1009 4768 1071 4809 ac
1095 4749 1228 4812 mss.
1259 4749 1494 4822 aliquot,
1509 4765 1564 4810 ut
1587 4753 1733 4814 bona:
1752 4753 2104 4822 dominatrict';

502 4824 590 4882 alii
616 4795 828 4900 Eiiii'és"
846 4795 1228 4900 ἦὸἱῖὸῗέεἱιῖιῗζ
1259 4795 1493 4900 ιῖῖὶὲἱιῖἕιξ
1509 4795 2103 4900 ’ἆὶιιζὲὶὲἷοὶἜῖἰὶῖἲῖἑῖἱί

503 4897 756 5043 qu‘idem‘;
788 4897 1022 5024 rtefertur
1049 4899 1194 4953 enim
1221 4899 1287 4954 ad
1316 4897 1594 4971 superiora
1616 4941 1631 4965 ,
1675 4915 1791 4967 qua:
1819 4897 2104 4972 appetitum

505 4987 561 5028 re
591 4987 710 5026 rene
737 5013 752 5034 ,
777 4987 806 5026 e
833 4986 884 5026 c.

505 4986 752 5034 retrenet,
777 4986 884 5026 CIC.

575 5039 601 5080 ἀ
635 5042 750 5100 Cic.
787 5039 946 5099 Ofiic.
984 5041 1083 5114 lib.
1117 5058 1156 5109 I,
1187 5056 1315 5114 pag.
1345 5041 1483 5110 564,
1513 5041 1610 5098 lin.
1645 5039 1757 5099 48:
1793 5041 1975 5098 Omnis
2005 5059 2101 5100 au-

504 5120 605 5170 tem
627 5115 760 5170 actio
784 5113 1144 5186 vacaredebet
1168 5113 1462 5186 tentet-itote
1479 5125 1524 5170 et
1553 5114 1888 5186 negligentia,
1920 5121 2026 5169 etc.

576 5195 600 5224 °
628 5187 744 5242 Cic.
777 5187 874 5251 lib,
901 5203 942 5250 ι,
968 5184 1152 5253 Ollio,
1175 5186 1268 5241 lin.
1302 5201 1355 5241 ιε
1391 5183 1739 5257 Efﬁciendum
1763 5195 1937 5244 autem
1959 5193 2104 5247 estut

576 5261 760 5312 uetitas
784 5259 974 5312 rationi
993 5259 1250 5312 obrdiant.
1281 5264 1388 5312 etc.

501 5264 760 5328 appetitus
784 5264 974 5314 rationi
993 5264 1250 5324 obediant,
1281 5264 1388 5314 etc.

578 5327 598 5370 ί
634 5329 792 5412 lbid.,
828 5345 949 5400 pag.
979 5330 1106 5412 ἦ(ἰὸ2
1137 5330 1233 5384 lin.
1263 5329 1325 5386 6:
1357 5329 1399 5384 Α
1421 5325 1603 5412 quibus
1625 5343 1727 5412 non
1761 5327 1914 5412 modo
1947 5327 2108 5390 animi

505 5398 1012 5470 perturbantem—sed
1040 5402 1191 5456 etiam
1227 5417 1471 5476 corpora.
1523 5398 1666 5454 Licet
1709 5414 1804 5456 ora
1836 5403 1950 5478 ipsa
1997 5416 2108 5456 cer-

505 5488 644 5524 nere.
675 5486 780 5524 8H3.

505 5488 644 5539 nere,
675 5488 780 5529 etc.

576 5554 601 5592 ε
633 5544 792 5610 ihid.,
831 5545 926 5602 lin.
963 5544 1026 5602 ii
1055 5562 1068 5599 :
1103 5543 1283 5616 Neque
1312 5543 1447 5603 enim
1471 5543 1547 5598 ita
1573 5541 1896 5614 generati..."
1919 5541 2010 5600 sed
2038 5541 2108 5598 ad

511 5618 828 5686 severitatem
854 5617 1046 5686 potius.
1071 5625 1177 5672 etc.

533 5759 544 5772 .
597 5685 821 5772 1'__l_bitl.,
847 5685 981 5772 pag.
1016 5689 1144 5772 3370,
1178 5691 1270 5744 lin.
1299 5687 1396 5744 i2:
1427 5685 1645 5771 flectant
1669 5692 1741 5768 est
1761 5687 2110 5772 automedon;

525 5759 578 5818 in
604 5763 714 5843 illis
739 5758 1274 5843 contentionibusqu
1291 5775 1408 5819 cum
1435 5758 1801 5843 inimicissimis
1821 5758 1972 5843 ﬁunt,
1999 5767 2107 5843 etc:

607 5831 624 5872 ί
667 5833 725 5904 lu
755 5833 1023 5906 superior.
1047 5825 1183 5904 edit;
1211 5831 1316 5908 hoc
1334 5839 1456 5910 erat
1483 5825 1694 5897 ltili-illm
1722 5825 1843 5916 call-
1872 5825 1944 5891 ‘8
1962 5871 1982 5900 ι
2005 5831 2103 5908 δθα

2209 3343 2299 3400 ille
2329 3341 2629 3398 convicium
2652 3381 2667 3404 ,
2712 3347 2768 3396 et
2812 3339 3040 3395 inundet
3068 3353 3228 3396 aures
3256 3353 3402 3396 meas
3431 3338 3810 3408 contumeliis,

2207 3451 2312 3508 ego
2345 3445 2520 3501 taceo,
2554 3442 2608 3490 et
2637 3431 2773 3488 nihil
2806 3432 3130 3502 respondeo.

2275 3529 2404 3587 254.
2457 3521 2513 3586 Si
2541 3541 2672 3584 vero
2706 3527 2978 3600 perfectus
3006 3528 3109 3584 sim
3155 3526 3330 3598 (verbi
3358 3529 3528 3600 gratia
3573 3527 3810 3600 loquor,

2214 3641 2335 3682 nam
2367 3626 2596 3682 veritate
2627 3624 2874 3680 inﬁrmus
2905 3624 3054 3692 sum)
3096 3623 3141 3679 si
3193 3635 3324 3695 ergo
3344 3620 3619 3694 perfectura
3663 3621 3771 3678 sim
3795 3665 3810 3691 ,

2209 3718 2472 3779 benedice
2487 3715 2925 3786 maledicentem,
2949 3720 3092 3774 sicut
3129 3715 3483 3775 benedicebat
3499 3715 3810 3786 etPaulus:

2207 3817 2296 3889 qui
2327 3819 2400 3872 ait
2421 3835 2434 3871 :
2475 3815 2864 3881 Malediciumr,
2890 3822 2920 3850 ιι
2943 3824 2990 3868 et
3017 3809 3362 3869 benedicimus
3383 3809 3428 3880 (l
3449 3808 3572 3866 Cor.
3597 3827 3672 3876 Iv,
3694 3808 3808 3882 12).

2208 3911 2472 3971 Audierat
2513 3911 2656 3966 enim
2706 3908 3014 3966 dicentem:
3050 3904 3274 3978 Diligite
3319 3905 3558 3960 inimicos
3583 3911 3810 3972 uestros,

2205 4015 2348 4063 orate
2374 4020 2468 4075 pro
2489 3999 2924 4057 calumniantibus
2950 4009 2997 4054 et
3028 3995 3445 4070 persequentibus
3467 4012 3554 4052 vos
3589 3993 3810 4068 (Matth.

2207 4116 2261 4166 v,
2293 4098 2364 4154 44
2386 4099 2428 4172 ).
2459 4095 2586 4155 ideo
2618 4111 2748 4168 ergo
2775 4095 2976 4151 Paulus
3011 4093 3445 4165 persecutionem
3475 4091 3806 4164 patiebatur,

2207 4203 2262 4251 et
2292 4193 2628 4259 sustinebat,
2663 4189 2784 4262 quia
2818 4187 3069 4244 vincebat
3107 4193 3165 4242 et
3200 4185 3480 4258 mitigabat
3512 4185 3813 4239 humanum

2212 4284 2463 4341 alTectum
2512 4284 2807 4353 propositae
2847 4280 3121 4338 mercedis
3159 4278 3371 4352 gratia;
3420 4283 3481 4333 ut
3529 4277 3672 4333 illius
3717 4273 3814 4332 Dei

2212 4380 2401 4442 fieret,
2434 4377 2482 4434 si
2503 4376 2791 4433 dilexisset
2821 4375 3120 4430 inimicum.

1215 4553 1269 4608 p.
1301 4535 1568 4624 §64,_.lin.
1596 4537 1671 4593 u
1700 4555 1716 4624 ξ
1747 4536 1930 4624 Neque
1967 4541 2104 4624 enim
2129 4543 2186 4605 D
2209 4540 2574 4624 incommode.

2283 4615 2296 4665 i
2337 4615 2463 4669 Mss.
2494 4613 2734 4682 aliquot,
2763 4609 3081 4664 conviciator
3105 4607 3351 4682 iniquus;
3380 4605 3813 4682 unus_conricia-

2206 4694 2288 4756 tor
2311 4677 2638 4756 iniquitatis:
2665 4683 2756 4756 alii
2787 4697 2894 4756 non
2926 4682 3114 4756 pauci,
3146 4677 3494 4756 conviciatur_
3525 4677 3810 4748 iniquitas.-

2206 4739 2371 4827 aliqui
2397 4739 2630 4827 'ctetlit.
2670 4739 2944 4827 Amerb.,'
2969 4739 3289 4827 conviciator
3335 4739 3640 4827 iniquitate}
3673 4765 3810 4827 unn-

2211 4821 2366 4885 nul'li.
2400 4842 2464 4882 ac
2494 4826 2646 4886 Erus.
2679 4834 2736 4883 et
2773 4821 2943 4892 Gill.',
2982 4823 3322 4887 conviciator,
3364 4823 3644 4890 inquietat;
3675 4821 3808 4886 duo,

2207 4895 2546 4964 concidatur,
2592 4897 2886 4969 iniquitates
2914 4895 3122 4962 incitat;
3152 4895 3336 4954 c:cleri
3379 4892 3614 4969 denique
3643 4902 3809 4964 atque

2209 4972 2342 5030 edit.
2379 4963 2563 5036 Rum.,
2587 4963 2904 5027 conﬁciatur
2929 5009 2944 5032 ,
2971 4969 3222 5032 inequitat
3245 4982 3264 5020 :
3307 4963 3451 5036 quod
3495 4963 3727 5036 verbum
3777 4979 3806 5016 a

2205 5043 2398 5100 scribis
2427 5035 2662 5116 minime
2681 5039 3038 5116 intellectum
3053 5035 3501 5116 t_anta_tn-peperit
3521 5035 3810 5116 diversita:

2207 5124 2347 5180 tem;
2381 5129 2502 5170 cum
2533 5112 2618 5168 llic
2643 5111 2894 5182 inequitat
2915 5151 2932 5178 ,
2965 5108 3098 5164 nihil
3139 5105 3416 5174 aliud’sit,
3449 5121 3608 5178 quam
3640 5105 3807 5164 veluti

2207 5186 2512 5245 calcaribus
2543 5184 2732 5244 incitat
2757 5183 3124 5254 exagitatque.

2282 5257 2308 5296 "
2345 5253 2481 5316 Cod.
2515 5257 2657 5327 Big.,
2687 5249 3104 5328 Sciens'menon
3131 5252 3427 5328 egisseqmc
3455 5249 3683 5328 objiciat,
3705 5263 3806 5304 non

2213 5345 2330 5396 sitm
2355 5323 2863 5397 tatttus,.'..'etiamsi
2892 5327 2991 5380 mei
3021 5323 3204 5394 objecti
3232 5323 3456 5380 alienant
3486 5323 3731 5376 noverim.

2289 5399 2307 5439 ί
2341 5401 2468 5462 Mss,
2500 5399 2770 5464 nonnulli,
2794 5397 2974 5466 injecit
3002 5397 3216 5470 pudoris
3239 5401 3437 5470 notant?

2281 5481 2320 5510 ¹¹¹
2350 5460 2489 5534 Edit.
2535 5460 2592 5528 et
2630 5460 2786 5542 pauci
2832 5460 3014 5540 tuss.,'
3041 5469 3230 5542 inﬂuat
3277 5467 3366 5542 ille
3406 5463 3680 5530 conuiciis;
3715 5460 3807 5542 alii

2212 5559 2342 5599 mss.
2375 5543 2531 5614 longe.
2562 5535 3286 5614 pluriminn...convicium.
3310 5539 3514 5592 Rursus
3543 5551 3670 5589 vero
3716 5535 3804 5614 ubi

2209 5616 2342 5672 edit.
2369 5625 2424 5672 et
2445 5605 2574 5672 loss:
2611 5614 2877 5684 plerique,
2901 5611 3035 5668 nihil
3063 5610 3370 5684 respondeo;
3397 5623 3529 5680 mss.
3562 5605 3806 5662 nonnulli

2213 5687 2440 5753 habent,
2472 5685 2606 5742 nihil
2633 5689 2878 5758 rependo;

2289 5768 2315 5796 η
2349 5749 2463 5838 Duo
2491 5773 2646 5824 mss.,
2676 5749 2722 5812 ét
2749 5755 3118 5820 benedicimus;
3134 5753 3532 5824 persecutionem
3555 5749 3805 5838 patimur,

2208 5841 2258 5895 et
2277 5831 2612 5909 tudinem”:
