4078 6306
540 240 621 305 95
1913 250 2157 309 SANCTI
2196 252 2520 312 AMBROSII
3791 263 3862 322 06

541 363 704 422 derat
727 364 875 423 enim
903 364 1109 424 Rachel
1155 366 1445 425 simulacra
1480 366 1710 425 deorum
1743 368 1862 441 ejus
1888 382 2054 425 aurea
2084 377 2141 426 et
2164 370 2223 434 Α
2244 370 2479 442 pinxerit
2501 370 2842 430 Hierusalem
2895 374 3157 432 Dominus
3192 375 3263 433 ad
3316 377 3609 451 imaginem
3657 394 3855 448 suam,

543 466 827 530 argentea.

617 550 747 608 241.
787 550 977 624 Itaque
1020 552 1067 608 si
1098 553 1372 626 sapientia
1395 596 1410 620 ,
1456 555 1503 610 si
1536 553 1691 620 lides,
1736 553 1782 610 si
1806 562 2153 625 contemptus

548 645 765 735 saeculi,
809 645 857 701 si
902 646 1072 718 gratia
1120 656 1213 703 tua
1241 648 1541 705 abscondat
1576 664 1790 705 omnem
1834 649 2147 720 perﬁdiam,

547 735 751 797 beatus
778 741 927 807 eris;
959 740 1088 813 quia
1116 758 1225 797 non
1268 744 1494 814 respicis
1525 743 1577 798 in
1608 743 1874 799 vanitates
1904 751 1963 801 et
2002 743 2152 798 insa-

550 832 673 889 nias
705 832 871 890 falsas
900 833 1073 907 (Psal.
1104 851 1291 902 xxxix,
1325 837 1513 909 5).Au
1548 836 1823 894 mediocre
1844 847 1927 893 est
1960 838 2153 895 tollere

549 942 745 985 vocem
767 930 1104 998 adversario,
1136 940 1195 986 ut
1220 930 1478 1002 arguendi
1502 940 1554 987 te
1584 946 1692 987 non
1733 932 1905 1000 possit
1950 931 2152 988 habere

544 1025 978 1082 auctoritatem?
1005 1024 1191 1097 Itaque
1220 1026 1313 1098 qui
1342 1040 1448 1081 non
1489 1026 1714 1096 respicit
1755 1026 1811 1081 iu
1842 1026 2147 1091 vanitates,

547 1130 661 1172 non
688 1118 1088 1184 conturbatur;
1122 1118 1212 1189 qui
1250 1118 1393 1172 cnim
1440 1117 1663 1189 respicit
1690 1118 2067 1186 conturbatur,
2097 1127 2153 1175 et

547 1210 848 1267 vanissime
872 1210 1113 1282 quidem.
1144 1210 1284 1280 Quid
1316 1221 1402 1268 est
1436 1213 1581 1267 enim
1612 1227 1949 1285 congregare
1993 1227 2151 1283 opes,

548 1304 657 1362 nisi
686 1319 920 1372 vanum;
953 1306 1077 1377 quia
1101 1304 1304 1361 caduca
1327 1321 1576 1375 quaerere
1614 1321 1810 1361 vanum
1843 1315 1927 1361 est
1975 1306 2155 1362 satis?

549 1397 684 1456 Cum
717 1407 899 1455 autem
928 1400 1347 1472 congregaveris
1372 1442 1388 1470 ,
1436 1400 1529 1472 qui
1580 1401 1723 1457 scias
1761 1416 1829 1457 an
1868 1401 2153 1474 possidere

544 1491 712 1550 liceat
737 1493 830 1550 tibi
851 1493 876 1549 τ

620 1585 749 1643 242.
790 1586 981 1644 Nonne
1013 1602 1216 1644 vanum
1261 1597 1348 1644 est
1388 1597 1445 1644 ut
1490 1599 1762 1646 mercator
1791 1589 2045 1646 noctibus
2091 1604 2154 1647 ac

544 1679 741 1736 diebus
766 1680 1019 1736 conﬁciat
1047 1681 1175 1748 iter,
1208 1688 1234 1718 α
1256 1695 1366 1753 quo
1392 1697 1687 1754 aggregare
1715 1683 1887 1752 possit
1914 1683 2152 1739 thesauri

2254 471 2383 521 tunc
2411 462 2843 521 adversariorum
2875 466 3053 522 omnis
3082 468 3260 541 imago
3288 468 3522 527 deletttr.

2880 558 3111 617 CAPUT
3152 560 3216 617 L.

2251 650 2455 707 chitas
2493 671 2526 708 a
2574 653 2788 708 terrenis
2829 653 3201 725 cupiditatibus
3245 657 3469 711 maxime
3509 657 3714 712 alienos
3748 674 3863 714 esse

2324 747 2522 802 debere.
2560 746 2689 814 Qua:
2709 748 2812 802 sint
2838 748 3044 802 illorum
3068 749 3277 804 virtutes
3304 767 3372 806 ea:
3394 750 3664 822 Apostolo,
3687 766 3864 823 quan-

2325 848 2437 893 tave
2462 839 2515 892 in
2547 840 2673 911 ipsis
2699 840 3005 894 castimonia
3035 842 3374 912 requiratur:
3393 844 3510 899 item
3537 859 3652 915 quae
3681 832 3863 916 digni-

2325 940 2402 985 tas
2432 946 2608 984 eorum
2652 941 2809 1003 atque
2835 933 3081 1019 ﬁcium,
3114 936 3182 988 ad
3226 934 3364 1005 quod
3400 935 3667 1008 primaria:
3696 938 3866 990 virtu-

2325 1035 2397 1078 tes
2435 1035 2554 1078 sunt
2586 1016 2908 1107 necessarii.
2939 1025 3107 1082 Hasce
3137 1028 3341 1098 ignotas
3366 1045 3466 1085 non
3495 1029 3657 1101 fuisse
3685 1028 3865 1097 philo-

2324 1118 2520 1189 sOphis,
2541 1118 2633 1174 sed
2660 1120 2715 1173 in
2745 1108 2930 1174 ordine
2958 1120 3077 1175 illos
3103 1122 3397 1194 peccavisse
3425 1138 3445 1176 :
3468 1122 3723 1176 nonnulla
3752 1136 3864 1178 esse

2323 1221 2515 1293 natura
2555 1212 2834 1267 secmtdum
2880 1214 3122 1284 oﬂicium,
3169 1230 3285 1286 qua:
3326 1215 3389 1269 ob
3431 1214 3686 1288 adjuncta
3726 1214 3864 1286 ﬁant

2327 1318 2504 1361 contra
2539 1306 2802 1377 oﬁicium;
2844 1308 2983 1362 unde
3009 1307 3279 1378 colligitur
3303 1317 3523 1377 quantas
3560 1306 3707 1362 dotes
3738 1323 3866 1378 pos—

2326 1399 2449 1453 tulet
2497 1400 2723 1473 dignitas
2774 1400 3041 1455 levitarum
3087 1418 3105 1456 :
3141 1417 3257 1469 qua:
3314 1401 3544 1473 sequitur
3583 1401 3867 1456 uerborum

2327 1493 2525 1566 Moysis
2552 1496 2707 1551 tribui
2730 1497 2947 1552 leuiticw
2971 1496 3315 1552 benediceutis
3337 1496 3613 1567 expositio.

2325 1588 2457 1644 245.
2504 1588 2662 1657 Quod
2711 1589 2758 1645 si
2806 1588 3109 1659 Evangelio
3149 1589 3363 1644 Domini
3411 1589 3575 1644 etiam
3623 1586 3865 1660 populus

2256 1684 2373 1753 ipse
2403 1681 2470 1737 ad
2501 1682 2920 1751 despicientiam
2956 1696 3121 1753 opum
3149 1681 3476 1741 infcrmatns
3505 1690 3670 1752 atque
3702 1680 3873 1735 insti-

543 1788 803 1842 acervos,
834 1772 863 1813 δ
890 1789 1104 1831 merces
1145 1784 1471 1847 congregat,
1500 1778 1874 1833 'conturbetur
1902 1777 1970 1833 ad
1997 1793 2093 1851 pre
2116 1807 2142 1819 -
2174 1777 2222 1838 Β
2250 1787 2401 1834 tutus
2435 1787 2553 1844 est;
2587 1788 2793 1848 quanto
2819 1778 2995 1848 magis
3019 1792 3115 1833 vos
3156 1777 3350 1833 levitas
3378 1783 3599 1848 Oportet
3628 1774 3873 1830 terrenis

548 1868 724 1935 tium,
762 1883 829 1924 ne
857 1866 1001 1925 forte
1045 1870 1270 1927 minoris
1297 1870 1499 1926 vendat
1530 1887 1691 1944 quam
1723 1872 1949 1941 emerit,
1980 1886 2149 1928 aucu-

546 1972 713 2036 petur
740 1963 989 2019 locorum
1033 1965 1240 2035 pretia,
1273 1973 1327 2019 et
1351 1966 1533 2021 subito
1562 1974 1657 2020 aut
1677 1966 1917 2021 latrones
1951 1976 1973 2005 ο
2008 1965 2060 2039 in
2093 1980 2154 2022 se

548 2056 755 2114 invidia
778 2059 1000 2116 famosae
1030 2061 1414 2131 negotiationis
1440 2061 1643 2116 excitet
1666 2102 1682 2127 ,
1705 2069 1803 2116 aut
1824 2076 1930 2117 non
1960 2076 2155 2131 exspe-

547 2153 711 2207 ctatis
728 2154 1101 2210 serenioribus
1122 2154 1360 2222 flatibus,
1382 2154 1510 2210 dum
1526 2155 1731 2211 lucrum
1744 2156 1957 2228 quaerit,
1974 2152 2002 2193 ἀ
2021 2171 2156 2211 nau-

550 2243 782 2316 fragium
822 2248 1110 2317 impatiens
1140 2262 1305 2303 morzc
1336 2248 1577 2305 incidat?

619 2337 750 2395 245.
775 2337 971 2395 Annon
1008 2341 1371 2397 conturbatur
1390 2342 1555 2398 etiam
1584 2341 1677 2398 ille
1702 2357 1862 2410 vane,
1892 2344 1987 2414 qui
2008 2357 2157 2399 sum-

549 2448 644 2490 mo
669 2433 855 2490 labore
879 2445 1187 2503 coacervat,
1221 2434 1369 2508 quod
1400 2437 1608 2493 nesciat
1640 2438 1728 2493 cui
1749 2437 1952 2493 hmredi
1984 2437 2157 2493 relin-

554 2538 689 2599 quat
707 2527 734 2580 ‘l
771 2527 929 2599 Saepe
956 2528 1100 2601 quod
1129 2544 1326 2585 avarus
1346 2545 1557 2586 summa
1583 2532 1926 2604 congesserit
1954 2530 2158 2588 sollici-

556 2620 769 2688 tudine,
794 2622 1055 2694 prmcipiti
1087 2621 1353 2680 ell‘usione
1376 2624 1402 2655 °
1433 2625 1696 2681 dilacerat
1725 2626 1899 2681 haeres
1918 2625 2159 2681 luxurio-

557 2730 695 2773 sus:
728 2726 782 2772 et
821 2716 915 2773 diu
945 2719 1172 2789 quaesita
1216 2720 1387 2791 turpis
1415 2719 1622 2788 helluo,
1662 2722 2014 2792 praisetitium
2054 2736 2160 2777 cae-

555 2823 680 2875 cus,
713 2808 879 2864 l'uturi
922 2810 1280 2880 improvidus,
1314 2812 1548 2883 quadam
1588 2812 1846 2869 absorbet
1870 2814 2155 2884 voragine.

559 2900 719 2972 Saepe
763 2902 930 2958 etiam
979 2914 1229 2975 speratus
1277 2920 1564 2961 successor
1616 2905 1874 2960 invidiam
1920 2904 1938 2943 τ
1988 2915 2160 2977 partae

559 2993 797 3065 acquirit
827 2994 1183 3075 bgereditatis,
1216 3004 1275 3053 et
1301 2998 1466 3053 celeri
1499 2997 1652 3053 obitu
1681 2998 1959 3053 extraneis
1999 2997 2161 3054 aditus

557 3088 929 3144 successionis
962 3089 1277 3146 transcribit
1306 3089 1651 3160 compendia.

2257 1886 2366 1928 non
2398 1871 2569 1928 teneri
2618 1871 3031 1941 cupiditatibus,
3070 1884 3307 1941 quorum
3339 1869 3486 1925 Deus
3518 1869 3699 1939 portio
3742 1868 3873 1923 est?

2256 1966 2392 2022 Nam
2420 1982 2541 2021 cum
2575 1964 2914 2023 divideretur
2934 1978 2964 2019 a
2994 1963 3180 2035 Moyse
3220 1961 3497 2033 possessio
3525 1972 3742 2018 terrena
3768 1976 3875 2032 po-

2256 2060 2386 2133 pulo
2409 2074 2623 2130 parum,
2648 2054 2868 2128 excepit
2888 2057 3080 2114 levitas
3104 2057 3365 2111 Dominus
3390 2055 3403 2107 i
3433 2072 3462 2110 a
3486 2063 3722 2111 terrente
3736 2068 3874 2124 pos-
3962 2112 3967 2115 _

2257 2153 2521 2210 sessionis
2549 2152 2856 2218 consortio,
2892 2151 3036 2222 quod
3082 2152 3198 2221 ipse
3244 2150 3356 2207 illis
3398 2157 3547 2206 esset
3588 2147 3874 2205 funiculus

2260 2247 2599 2303 btereditatis
2627 2245 2817 2319 (Num.
2844 2261 2995 2314 xvttt,
3014 2245 3125 2318 25).
3155 2243 3309 2301 Unde
3337 2244 3413 2299 ait
3446 2241 3621 2298 David
3647 2238 3880 2297 ει)οωί-

2258 2359 2356 2398 nus
2387 2359 2508 2412 pars
2529 2341 2847 2397 htereditatis
2875 2357 3019 2407 mete,
3048 2350 3094 2395 et
3115 2340 3291 2395 colicis
3319 2341 3418 2394 mei
3450 2337 3626 2410 (Psal.
3653 2353 3746 2404 xv,
3779 2336 3876 2410 5).

2258 2435 2505 2507 Denique
2534 2437 2615 2491 sic
2660 2435 2972 2507 appellatur
3014 2434 3175 2489 levita
3197 2432 3225 2470 ¹ι
3260 2434 3377 2504 ipse
3422 2447 3598 2498 meus,
3628 2430 3718 2487 vel
3748 2431 3881 2502 ipse

2260 2544 2357 2600 pro
2402 2545 2507 2585 me.
2542 2529 2793 2601 Magnum
2842 2544 2974 2601 ergo
3003 2541 3201 2583 munus
3227 2526 3369 2597 ejus,
3396 2538 3452 2582 ut
3483 2524 3552 2581 de
3582 2538 3649 2581 eo
3681 2523 3880 2579 Domi-

2260 2640 2361 2681 nus
2410 2623 2557 2679 dicat
2591 2640 2604 2678 :
2638 2624 2759 2695 ipse
2809 2638 2999 2688 meus;
3054 2622 3141 2677 vel
3187 2618 3643 2691 quemadmodum
3701 2616 3882 2673 Petro

2259 2717 2397 2774 dixit
2421 2716 2490 2773 de
2514 2726 2719 2773 statere
2761 2716 2813 2770 in
2856 2730 2951 2771 ore
2984 2713 3147 2786 piscis
3181 2720 3398 2784 reperto
3425 2729 3439 2766 :
3469 2709 3634 2766 Dabis
3672 2711 3747 2765 eis
3774 2726 3881 2778 pro

2262 2827 2341 2865 me
2385 2820 2434 2866 et
2463 2826 2556 2882 pro
2604 2819 2650 2864 te
2678 2808 2897 2883 (Matth.
2940 2823 3070 2872 xvu,
3112 2805 3230 2878 26).
3273 2804 3435 2887 Unde.
3474 2811 3531 2859 et
3569 2801 3883 2875 Apostolus

2261 2921 2385 2963 cum
2425 2907 2745 2978 episcopum
2773 2904 3004 2960 dixisset
3030 2902 3234 2958 debere
3260 2916 3384 2957 esse
3415 2898 3682 2961 sobrium,
3712 2896 3882 2967 pudi-

2261 3016 2408 3066 cum,
2442 3008 2721 3066 ornatum,
2748 2996 3100 3068 hospitalem,
3134 2994 3450 3057 docibilem,
3481 3007 3587 3047 non
3618 3006 3879 3058 avarum,

2265 3109 2373 3149 non
2410 3092 2730 3162 litigiosum,
2761 3091 2945 3146 domui
2992 3105 3103 3144 sua:
3130 3089 3271 3145 bene
3318 3086 3691 3159 prmpositum,
3720 3084 3885 3141 addi-

628 3183 758 3240 244.
789 3183 925 3253 Quid
959 3193 986 3232 κ
1014 3199 1146 3257 ergo
1170 3199 1309 3240 vane
1335 3200 1589 3242 araneam
1633 3186 1774 3243 texis
1798 3226 1814 3254 ,
1837 3202 1957 3258 quae
1988 3186 2162 3242 inanis
2191 3178 2238 3243 C
2269 3186 2350 3243 dit
2381 3204 2395 3241 :
2422 3185 2684 3240 Diaconos
2705 3185 2943 3239 similiter
2981 3191 3183 3253 oportet
3208 3198 3319 3237 esse
3344 3196 3546 3254 graves,
3570 3195 3674 3233 non
3719 3178 3884 3233 bilin—

557 3287 616 3336 et
637 3279 757 3335 sine
777 3278 958 3335 fructu
981 3287 1087 3344 est,
1116 3288 1174 3334 et
1209 3290 1482 3352 tamquam
1507 3295 1693 3337 casses
1727 3282 2016 3354 suspendis
2042 3283 2164 3338 inu-

561 3370 689 3427 tiles
718 3370 1032 3428 divitiarum
1060 3372 1285 3441 copias:
1332 3388 1455 3443 qua:
1483 3374 1588 3429 etsi
1618 3372 1823 3443 ﬂuant,
1866 3374 2002 3431 nihil
2032 3391 2160 3447 pro-

558 3473 728 3532 sunt;
776 3467 944 3521 immo
970 3475 1181 3522 exuunt
1209 3475 1264 3521 te
1312 3466 1603 3538 imaginem
1652 3468 1769 3535 Dei,
1824 3481 1879 3526 et
1932 3470 2166 3525 induunt

554 3557 760 3615 terreni
820 3559 1155 3631 imaginem?
1206 3556 1233 3597 ι·
1265 3558 1322 3616 Si
1356 3561 1569 3633 tyranni
1623 3561 1819 3633 aliquis
1870 3562 2161 3635 imaginem

556 3652 775 3719 habeat,
810 3669 991 3711 nonne
1019 3654 1295 3711 obnoxius
1316 3663 1402 3711 est
1420 3656 1797 3712 damnationi?
1824 3656 1905 3712 Tu
1935 3657 2164 3728 deponis

555 3746 848 3818 imaginem
879 3748 1072 3803 aeterni
1104 3747 1474 3829 imperatoris,
1505 3757 1562 3803 et
1608 3747 1776 3820 erigis
1804 3750 1857 3805 in
1890 3757 1945 3806 te
1976 3750 2167 3822 imagi-

554 3838 739 3909 ginem
779 3839 996 3894 mortis.
1046 3838 1199 3908 Ejice
1249 3839 1419 3910 magis
1466 3840 1534 3896 de
1580 3840 1799 3897 civitate
1828 3840 2025 3897 anima:
2059 3851 2166 3896 tuze

555 3931 848 4003 imaginem
875 3930 1100 3999 diaboli,
1124 3941 1180 3988 et
1212 3931 1227 3969 ί
1259 3931 1448 3988 attolle
1473 3933 1763 4004 imaginem
1786 3932 2013 3989 Christi.
2038 3934 2166 3990 Haec

556 4024 613 4079 in
647 4031 700 4079 te
727 4021 951 4094 fulgeat,
976 4023 1032 4079 in
1061 4033 1147 4078 tua
1173 4023 1414 4091 civitate,
1448 4023 1556 4080 hoc
1575 4033 1680 4090 est,
1712 4022 1896 4079 anima
1919 4024 2168 4093 resplen—

557 4118 705 4186 deat,
729 4134 850 4190 quae
878 4120 1154 4176 oblitterat
1177 4118 1435 4174 vitiorum
1462 4119 1751 4190 imagines.
1768 4119 1850 4174 De
1867 4118 2068 4186 quibus
2088 4119 2166 4174 ait

559 4215 730 4273 David
760 4234 774 4271 :
803 4214 1049 4283 Domine,
1073 4216 1131 4271 in
1168 4215 1487 4281 ciuitatetua,
1515 4213 1627 4288 65
1652 4213 1723 4269 ad
1747 4213 1967 4268 nihilum
1994 4213 2161 4268 dedu-

557 4326 642 4368 ces
665 4312 915 4385 imagines
945 4326 1122 4367 eorum
1158 4307 1337 4383 (Psal.
1370 4323 1537 4375 uxu,
1568 4306 1694 4378 20).
1723 4304 1859 4362 Cum
1888 4305 2033 4362 enim
2064 4304 2160 4363 de-

2268 3297 2416 3353 gues,
2446 3296 2550 3334 non
2579 3279 2740 3332 multo
2761 3278 2879 3333 uino
2900 3277 3124 3342 deditos,
3147 3292 3250 3329 non
3273 3284 3423 3345 turpe
3446 3272 3648 3327 lucrum
3669 3282 3881 3327 sectan-

2270 3382 2383 3437 tes,
2444 3372 2687 3426 habentes
2749 3371 3048 3440 mysterium
3101 3368 3223 3440 ﬁdei
3268 3367 3323 3422 in
3374 3365 3689 3422 conscientia
3744 3383 3883 3435 pura

2270 3465 2314 3538 (Ι
2340 3464 2474 3519 Tim.
2503 3480 2586 3533 ιιι,
2613 3462 2692 3533 8).
2723 3464 2791 3519 Ει
2821 3462 2874 3517 bi
2893 3472 3074 3519 autem
3103 3462 3405 3533 probentur
3432 3459 3696 3531 primum,
3721 3468 3781 3515 et
3801 3460 3881 3516 sic

2271 3558 2603 3623 ministrent,
2637 3557 2846 3613 nullum
2876 3556 3085 3611 crimen
3120 3555 3402 3611 habentes.

2342 3652 2454 3725 66
2470 3651 2596 3708 246.
2630 3649 2983 3706 Advenimus
3001 3659 3205 3721 quanta
3229 3650 3283 3704 in
3310 3649 3466 3705 nobis
3489 3648 3880 3718 requirantur:

2267 3754 2327 3800 ut
2354 3745 2637 3799 abstinens
2665 3744 2736 3798 sit
2763 3759 2793 3798 a
2826 3742 2955 3798 vino
2983 3743 3234 3798 minister
3265 3741 3501 3809 Domini,
3538 3750 3597 3797 ut
3624 3743 3882 3798 testimo-

2268 3837 2363 3892 nio
2393 3838 2537 3893 bono
2563 3835 2821 3892 l'ulciatur
2867 3851 2974 3891 non
3005 3835 3182 3892 solum
3211 3834 3478 3902 fidelium,
3508 3834 3526 3871 ι
3563 3833 3661 3889 sed
3705 3835 3881 3890 etiam

2269 3933 2338 3988 ab
2364 3932 2448 3986 his
2480 3932 2570 4002 qui
2602 3930 2733 3987 foris
2771 3939 2917 3986 sunt.
2954 3932 3117 3987 Decet
3168 3930 3314 3986 enim
3363 3939 3581 3985 actuum
3613 3943 3883 3996 operum-

2270 4039 2380 4097 que
2427 4036 2743 4080 nostrorum
2790 4033 2988 4079 testem
3027 4038 3150 4079 esse
3194 4022 3465 4093 publicam
3515 4022 3888 4079 existimatio-

2268 4136 2416 4188 nem,
2450 4135 2519 4175 ne
2546 4120 2840 4190 derogetur
2873 4119 3124 4184 muneri;
3159 4128 3218 4172 ut
3254 4118 3346 4189 qui
3375 4117 3525 4173 videt
3564 4118 3884 4174 ministrum

2263 4215 2455 4270 altaris
2484 4213 2743 4286 congruis
2781 4223 3034 4269 ornatum
3067 4212 3386 4280 virtutibus,
3430 4221 3711 4270 auctorem
3738 4228 3886 4284 pra:-

2262 4308 2430 4377 dicet,
2484 4319 2538 4365 et
2592 4309 2881 4365 Dominum
2934 4317 3254 4377 veneretur,
3301 4308 3395 4380 qui
3434 4308 3577 4364 tales
3624 4307 3887 4364 servulos

627 4503 654 4532 ι
678 4492 807 4549 Mss.
830 4491 1180 4564 aliquot,quo
1200 4504 1449 4563 aggerare
1467 4503 1487 4552 ;
1506 4488 1736 4558 quidam,
1752 4504 1940 4559 augere
1965 4490 2153 4560 possit.
2180 4501 2237 4563 1)
2263 4490 2425 4546 vatim
2453 4491 2704 4564 nonnulli
2730 4505 2916 4548 secum
2946 4491 3498 4564 ferebant,etquibus
3511 4493 3883 4564 depromptis,

626 4564 655 4603 ιι
686 4564 828 4620 Edit.
852 4578 914 4618 ac
931 4563 1086 4634 pauci
1117 4576 1251 4617 mss.
1285 4576 1473 4634 merces
1502 4570 1767 4631 congerat.

632 4648 655 4676 ο
689 4636 787 4694 Ms.
821 4631 962 4691 unus
984 4676 999 4701 ,
1036 4635 1093 4689 in
1125 4650 1179 4689 se
1220 4632 1448 4688 vindices
1480 4647 1628 4686 amor
1672 4631 2035 4702 negotiationis
2064 4648 2154 4688 ea:-

557 4712 701 4766 citet.

628 4778 655 4817 ί¹
703 4781 830 4836 Mss.
865 4778 1135 4847 nonnulli,
1174 4776 1511 4848 naufragium
1539 4777 1739 4848 patiens
1782 4792 1967 4843 mare;
2015 4792 2157 4832 unus

556 4862 774 4910 mortem
802 4852 1019 4906 incidat.

624 4932 648 4960 ⁸³
679 4923 908 4992 Quidam
942 4936 1072 4976 mss.
1104 4929 1158 4974 et
1184 4917 1342 4986 edit.,
1367 4919 1627 4990 dilapidat
1658 4919 2156 4986 htercsluxuriosus.

637 4994 655 5034 τ
683 4995 941 5052 Nonnulli
970 5007 1128 5054 mss.,
1159 4992 1364 5064 partita:
1401 4992 1624 5062 acquirit
1656 4992 1991 5045 hiereditatis.

634 5077 659 5113 8
692 5068 853 5123 Rom.
880 5067 1008 5121 edit.
1038 5064 1177 5127 sola,
1205 5064 1344 5130 Quid
1374 5079 1494 5134 ergo
1527 5064 1682 5118 telam
1712 5079 1920 5117 aranea:
1948 5064 2078 5118 texis
2102 5064 2128 5118 Ρ

635 5139 659 5174 ⁸³
681 5139 904 5205 Confer,
934 5142 977 5190 si
1009 5136 1181 5200 lubet,
1206 5150 1324 5203 qtne
1359 5133 1449 5189 hic
1476 5134 1730 5190 dicuntur
1760 5151 1886 5189 cum
1936 5136 2003 5189 iis
2040 5151 2163 5203 qua:

563 5218 692 5267 tom.
715 5210 864 5276 l,lib.
895 5224 951 5263 tv
973 5206 1329 5276 delnterpell.
1355 5223 1503 5264 num.
1528 5207 1689 5272 2i,et
1708 5206 1915 5277 Expos.
1943 5206 1996 5261 in
2015 5206 2159 5262 Psal.

565 5297 798 5351 xxxvnt,
823 5296 973 5337 num.
1001 5279 1094 5334 27.
1121 5277 1229 5333 Sed
1261 5284 1587 5348 prmterbos
1606 5278 1912 5351 dttoslocos
1938 5277 2002 5333 ad
2031 5294 2166 5351 quos

566 5353 655 5409 bie
686 5348 992 5425 respexisse
1023 5351 1373 5427 Ambrosium
1407 5350 1683 5427 ipsqﬁres
1706 5348 1949 5418 loquitur
1971 5390 1984 5409 ,
2034 5349 2165 5427 alibi

563 5416 791 5498 quoque
830 5439 936 5479 non
956 5424 1240 5498 ~semelut
1271 5435 1394 5498 plna
1427 5416 1610 5498 lib’._"v't
1641 5416 1903 5498 Hexaem.
1952 5435 2072 5489 cap.
2103 5421 2161 5487 9,

564 5494 717 5553 num’.
750 5497 843 5563 57,
866 5507 919 5552 et
944 5494 1127 5553 Serm.
1160 5496 1247 5561 l0,
1277 5494 1483 5564 Expos.
1526 5496 1578 5548 in
1610 5495 1749 5561 psal.
1781 5507 1973 5557 cxvtu,
2009 5509 2160 5547 num.

561 5568 654 5638 25,
689 5569 936 5625 meminit
962 5568 1257 5637 imaginum
1291 5565 1789 5635 imperatoriarum.
1821 5565 2021 5638 illeque
2062 5565 2166 5638 mi-

564 5634 686 5696 rum
719 5640 771 5696 id
797 5639 1049 5706 quidem;
1078 5634 1288 5696 certum
1331 5634 1477 5693 enim
1514 5646 1600 5691 est
1631 5650 1744 5689 non
1785 5634 1917 5706 alio_
1943 5634 2165 5706 honoris

604 5727 768 5783 euere
798 5703 1075 5767 Romanus
1118 5709 1399 5783 principes
1428 5706 1771 5783 ambitiosius
1813 5703 1923 5759 coli
1949 5705 2162 5783 solitos.

617 5797 808 5854 amqtle
839 5782 897 5840 ut
925 5775 1244 5839 o'mittainus
1295 5775 1668 5848 imagunculae
1701 5775 1858 5840 illas.
1892 5786 2027 5845 quas
2057 5778 2167 5847 pri-

2262 4577 2361 4619 eos
2391 4564 2482 4633 qui
2514 4563 2618 4633 sibi
2648 4564 2771 4617 mali
2805 4564 3081 4632 quidpiam
3134 4563 3514 4620 minitarentur
3538 4607 3554 4631 ,
3589 4563 3887 4624 absterre-

2262 4632 2421 4699 bant,
2445 4642 2503 4688 ut
2524 4632 2691 4689 Corn.
2734 4634 2954 4691 Tacitus
2979 4635 3075 4692 lib.
3107 4651 3163 4691 Ill
3186 4635 3385 4694 Annal.
3419 4645 3610 4693 auctor
3636 4651 3758 4703 cst;
3790 4641 3889 4694 iise

2264 4707 2389 4780 dem
2438 4706 2864 4780 imperatoribus
2910 4708 3145 4780 maxime
3177 4720 3463 4780 postquam
3506 4723 3704 4765 recens
3752 4727 3888 4780 pro-

2264 4778 2483 4851 clamati
2530 4777 2784 4844 fuerant,
2854 4788 2948 4832 aut
2987 4777 3251 4851 insignem
3300 4777 3538 4851 aliquam
3588 4777 3882 4838 victoriam

2266 4849 2450 4925 adepti
2473 4889 2489 4914 ,
2536 4857 2743 4925 statuas
2773 4865 3000 4925 aureas,
3033 4849 3351 4925 argenteas,
3383 4849 3475 4925 aut
3504 4867 3572 4907 ex
3607 4852 3713 4907 alia
3758 4870 3891 4925 pre-

2270 4920 2407 4974 tiosa
2442 4922 2693 4986 materia,
2728 4937 2835 4975 non
2866 4922 3029 4977 modo
3054 4920 3115 4976 in
3147 4939 3336 4978 earum
3382 4924 3596 4979 urbium
3634 4925 3727 4980 ubi
3758 4920 3887 4981 crat

2267 4991 2487 5066 imperii
2510 4992 2693 5066 sedes,
2728 4993 2956 5066 privatis
2985 5008 3049 5048 ac
3071 4994 3310 5064 publicis
3353 4995 3563 5049 aedibus
3592 4996 3756 5066 erigi,
3792 5014 3889 5051 ve-

2269 5078 2388 5117 rum
2422 5065 2585 5119 etiam
2617 5064 2683 5117 ad
2709 5065 3034 5120 remotiores
3066 5067 3377 5133 provincias
3406 5067 3546 5121 mitti
3580 5064 3889 5125 consuesse

2268 5150 2340 5188 ex
2372 5136 2556 5190 multis
2584 5144 2829 5189 veterum
2849 5136 3211 5191 monumentis
3242 5138 3497 5201 colligere
3526 5147 3628 5193 est.
3662 5138 3888 5194 Videsis

2268 5205 2471 5262 Zosimi
2505 5206 2642 5261 Hist.
2670 5207 2763 5261 lib.
2794 5224 2866 5274 tv,
2896 5206 3107 5263 Libanii
3132 5212 3296 5279 epist.
3321 5209 3448 5274 841,
3478 5210 3544 5264 ad
3577 5208 3797 5279 Seven,
3830 5222 3888 5267 et

2270 5292 2391 5350 qua:
2423 5295 2522 5350 nos
2545 5280 2811 5345 superiori
2846 5289 2992 5333 tomo
3017 5295 3138 5350 pag.
3168 5281 3309 5337 1095
3336 5282 3743 5337 annotaviums.

2353 5347 2366 5426 ξ
2397 5349 2537 5426 god.
2572 5350 2711 5426 Dig,
2743 5360 2793 5405 et
2827 5347 3064 5405 attollere
3092 5347 3147 5406 in
3180 5353 3458 5426 imaginem
3489 5350 3709 5408 Christi.

2347 5422 2361 5470 i
2394 5420 2521 5475 Mss.
2553 5422 2684 5495 duo,
2718 5434 2924 5478 azterna:
2948 5420 3563 5495 possessionis'consortio
3587 5440 3608 5480 :
3636 5425 3737 5481 sed
3766 5425 3879 5482 mi-

2274 5508 2380 5547 nus
2407 5492 2717 5548 commode.

2344 5561 2546 5637 l‘ﬂanc
2588 5563 2836 5620 eamdem
2880 5565 3384 5637 interpretationem
3434 5568 3602 5623 babes
3645 5577 3799 5625 tomo
3842 5587 3883 5635 ι,

2272 5635 2537 5709 col_.2lO,
2567 5651 2719 5709 num.
2750 5638 2836 5705 ll,
2867 5645 2922 5693 et
2940 5635 3112 5709 fusius
3136 5640 3242 5695 col.
3281 5640 3445 5709 1056,
3478 5656 3626 5709 num.
3659 5640 3718 5696 ι.

2349 5705 2367 5780 _1
2397 5706 2526 5780 Mss.
2557 5706 2787 5776 aliquot,
2821 5702 2918 5765 sed
2947 5708 3099 5765 etiam
3126 5702 3440 5780 infidelium,
3466 5703 3524 5765 id
3562 5702 3667 5779 cst,
3697 5702 3883 5769 eorum

2271 5777 2359 5841 ηυξ
2390 5778 2518 5838 foris
2548 5786 2685 5832 sum.
