4078 6306
195 336 260 392 97
1250 329 1342 387 DE
1380 322 1675 388 OFFlCIlS
1712 326 2190 388 MINISTRORUM
2228 327 2357 386 LIB.
2399 327 2439 384 l.

3413 326 3488 390 98

195 447 397 504 haheat.
425 444 575 501 Laus
604 443 748 500 enim
781 441 1015 512 Domini,
1044 442 1136 500 ubi
1163 444 1364 501 munda
1394 444 1688 517 possessio,
1722 452 1776 500 ct
1802 448 1853 508 Α
1880 444 2010 500 dum
2058 442 2414 514 cognoscitis,
2466 440 2559 511 qui
2609 436 2812 513 integri
2862 453 3117 512 corpore,
3172 440 3491 516 incorrupto

195 540 446 596 innocens
472 535 703 592 familiae
735 534 1042 607 disciplina.

256 633 380 688 247.
412 631 489 688 Dc
518 640 545 669 ιι
571 630 893 687 castimonia
924 638 1106 687 autem
1144 631 1274 702 quid
1305 632 1517 704 loquar,
1564 631 1785 704 quando

197 741 293 781 una
337 731 546 780 tantum
593 722 756 795 (Disl.
802 722 894 789 26,
948 722 1066 779 Una
1103 723 1348 797 tantum),
1395 740 1499 781 nec
1548 724 1787 798 repetita

194 818 519 890 permittitur
543 815 783 889 copula?
809 816 875 872 Et
906 817 960 872 in
992 817 1109 888 ipso
1135 833 1268 889 ergo
1297 818 1554 891 coniugio
1580 818 1670 875 lex
1702 825 1787 874 est

192 926 296 967 non
325 910 527 965 iterare
549 908 884 981 coniugium,
913 924 1015 965 nec
1044 910 1299 965 secunda:
1325 911 1576 983 conjugis
1599 909 1783 967 sortiri

190 1002 652 1073 coniunctionem.
687 999 842 1069 Quod
881 1001 1155 1073 plerisque
1181 1003 1377 1057 mirum
1408 1003 1647 1069 videtur,
1688 1018 1786 1058 cur

191 1097 345 1153 etiam
370 1104 495 1150 ante
524 1094 853 1166 baptismum
884 1094 1065 1150 iterati
1096 1094 1332 1166 coniugii
1361 1095 1430 1151 ad
1460 1096 1783 1152 electionem

188 1186 421 1245 muneris
443 1196 501 1244 et
528 1186 893 1242 ordinationis
926 1188 1348 1258 prterogativam
1393 1186 1789 1258 impedimenta

139 1279 145 1283 “
189 1290 549 1354 generentur;
583 1296 706 1337 cum
747 1282 912 1337 etiam
935 1280 1131 1337 delicta
1174 1281 1372 1337 obesse
1401 1296 1510 1336 non
1549 1280 1786 1349 soleant,

189 1382 230 1436 si
270 1378 469 1435 lavacri
502 1377 730 1433 remissa
757 1376 963 1432 fuerint
1006 1386 1377 1432 sacramento.
1426 1375 1534 1432 Sed
1583 1375 1789 1433 intelli-

188 1488 311 1545 gere
354 1471 623 1527 debemus
650 1468 775 1542 quia
822 1468 1093 1540 baptismo
1138 1468 1297 1539 culpa
1342 1468 1544 1523 dimitti
1581 1478 1784 1541 potest,

189 1569 271 1623 lex
297 1566 503 1622 aboleri
544 1580 654 1620 non
688 1572 889 1635 potest.
921 1561 978 1617 In
1023 1562 1281 1633 coniugio
1322 1578 1429 1617 non
1461 1562 1646 1633 culpa,
1692 1561 1789 1617 sed

189 1664 271 1720 lex
306 1669 406 1718 est.
441 1659 602 1729 Quod
631 1659 805 1730 culpa:
833 1668 917 1713 est
938 1658 1105 1729 igitur
1129 1657 1181 1711 in
1213 1656 1543 1728 baptismate
1575 1656 1793 1713 relaxa-

188 1768 273 1815 tur
306 1776 319 1813 :
347 1747 496 1828 quod
522 1755 671 1825 'legis
698 1760 784 1810 est
820 1751 875 1808 in
924 1750 1178 1822 coniugio
1208 1766 1313 1804 non
1352 1750 1605 1805 solvitur.
1638 1750 1788 1818 Quo-

1888 536 2117 607 pudore,
2145 536 2311 591 alieni
2342 535 2505 591 etiam
2536 534 2606 591 ab
2633 533 2752 605 ipso
2781 534 3061 590 consortio
3080 535 3371 607 coniugali,
3402 551 3494 592 sa-

1884 631 1966 686 cri
1997 628 2292 686 ministerii
2320 628 2552 701 gratiam
2582 628 2870 699 recepistis
2891 628 2916 683 ‘l
2934 627 3090 697 Quod
3112 644 3179 685 eo
3205 644 3313 685 non
3347 644 3491 700 pra:-

1890 723 2035 792 terii,
2061 725 2183 795 quia
2214 724 2269 779 in
2297 722 2575 794 plerisque
2601 720 2963 778 abditioribus
3010 722 3145 779 locis
3173 736 3298 779 cum
3329 721 3496 779 mini-

1884 821 2107 877 sterium
2130 828 2405 891 gererent,
2429 818 2519 875 vel
2542 818 2707 874 etiam
2728 817 3116 882 sacerdotium,
3131 816 3274 873 ﬁlios
3302 831 3497 875 susce-

1888 924 2084 985 perunt
2119 932 2134 970 :
2163 923 2218 969 et
2239 912 2290 968 id
2315 921 2588 984 tamquam
2610 927 2710 968 usu
2731 910 2904 967 veteri
2928 910 3251 980 defendunt,
3274 911 3495 984 quando

1887 1023 1985 1080 per
2009 1007 2293 1063 intervalla
2325 1006 2537 1062 dierum
2563 1004 2894 1062 sacrificium
2922 1005 3303 1072 deferebatur;
3335 1014 3391 1062 et
3412 1014 3497 1063 ta-

1888 1115 2016 1155 men
2065 1098 2471 1155 castiﬁcabatur
2512 1098 2678 1154 etiam
2728 1097 2961 1168 populus
3009 1113 3107 1168 per
3138 1097 3359 1154 biduum
3403 1107 3502 1157 aut

1891 1191 2129 1248 triduum
2159 1234 2173 1260 ,
2222 1201 2280 1247 ut
2331 1192 2398 1246 ad
2445 1189 2776 1247 sacriﬁcium
2837 1205 3007 1261 purus
3059 1191 3348 1249 accederet
3376 1234 3393 1260 ,
3436 1201 3501 1251 ut

1889 1285 1944 1341 in
1974 1284 2151 1341 veteri
2197 1282 2555 1339 Testamento
2598 1282 2831 1352 legimus
2858 1281 3058 1355 (Exod.
3100 1299 3221 1351 xu,
3266 1283 3396 1357 10);
3441 1293 3503 1342 et

1891 1377 2150 1434 lavabant
2180 1376 2505 1431 vestimenta
2542 1390 2663 1430 sua.
2710 1374 2767 1432 Si
2817 1375 2871 1430 in
2903 1375 3075 1447 figura
3123 1382 3271 1431 tanta
3302 1377 3499 1435 obser-

1890 1469 2093 1534 vantia,
2127 1478 2329 1539 quanta
2357 1467 2465 1541 67
2497 1467 2551 1523 in
2592 1466 2865 1523 veritate?
2898 1467 3076 1533 Disce,
3128 1467 3390 1525 sacerdos
3418 1476 3507 1523 at.-

1892 1578 1998 1635 que
2024 1561 2212 1629 levita,
2244 1560 2373 1633 quid
2413 1560 2485 1615 sit
2513 1560 2699 1617 lavare
2725 1560 3053 1617 vestimenta
3086 1573 3198 1628 tua,
3243 1572 3304 1619 ut
3332 1578 3501 1621 mun-

1894 1655 2024 1712 dum
2073 1672 2274 1727 corpus
2315 1656 2665 1712 celebrandis
2710 1654 2972 1712 exhibeas
3023 1657 3401 1713 sacramentis.
3442 1655 3505 1716 Si

1897 1751 2128 1822 populus
2166 1751 2287 1807 sine
2326 1749 2609 1805 ablutione
2635 1747 3087 1805 vestimentorum
3122 1765 3347 1806 suorum
3372 1764 3505 1821 pro-

189 1851 344 1908 modo
373 1860 561 1905 autem
590 1856 769 1920 potest
791 1846 1044 1902 hortator
1086 1859 1212 1901 esse
1245 1843 1526 1899 viduitatis
1555 1844 1648 1915 qui
1674 1844 1870 1942 ipseB
1897 1842 2186 1899 bibebatur
2241 1842 2504 1898 accedere
2555 1840 2624 1898 ad
2681 1841 2916 1897 hostiam
2972 1857 3149 1908 suam,
3207 1852 3264 1898 tu
3314 1842 3505 1903 illotus

188 1943 441 2016 coniugia
463 1938 933 2013 frequentaverit?

255 2038 382 2095 248.
412 2035 757 2093 lnoll‘ensum
785 2041 965 2087 autem
989 2026 1355 2087 exhibendum
1397 2037 1453 2085 et
1483 2028 1798 2084 immacula-

189 2142 297 2189 tum
326 2129 721 2197 ministerium,
743 2125 775 2166 ιι
800 2140 904 2182 nec
943 2124 1055 2180 ullo
1084 2121 1356 2194 coniugali
1388 2120 1537 2177 coitu
1577 2120 1795 2176 violan-

1114 2324 1130 2347 ,
1164 2281 1347 2339 Iin.8:
1378 2280 1612 2336 Maxime
1630 2293 1802 2339 autem

259 2306 285 2334 σι
316 2295 439 2351 σία,
473 2290 633 2375 οιςὶς,
662 2288 761 2373 ιη).
787 2303 829 2354 ι,
861 2288 1130 2411 pagg“,
1164 2288 1308 2339 Iin.8
1333 2299 1347 2336 :
1378 2288 1612 2336 Maxime
1630 2293 1802 2366 autem

259 2386 298 2411 ηε
316 2376 451 2411 mla:
474 2383 508 2411 ιι
526 2360 965 2411 ιιιηάιηιὺιιι.ειο.
1034 2357 1068 2409 b
1091 2354 1254 2411 verba
1288 2354 1803 2410 autemAmbrosta-

191 2370 298 2424 limo
316 2376 451 2422 setas
474 2383 508 2420 a
526 2360 965 2422 libidinibus,etc.

194 2458 259 2496 na
288 2439 761 2506 Madeburgenses
781 2428 938 2485 Cent.
966 2444 1039 2506 ιν,
1063 2442 1182 2496 cap.
1200 2426 1286 2506 _10
1310 2467 1324 2490 ,
1368 2425 1655 2506 Ductorem
1706 2442 1804 2481 no—

193 2524 364 2568 Strum
390 2496 811 2571 insim't'ilarunt,
840 2499 983 2572 quod
1010 2496 1282 2572 secundas
1301 2499 1526 2572 nuptias
1555 2497 1804 2572 videatur

193 2585 485 2639 damnare.
549 2577 657 2635 Sed
711 2569 803 2630 illa
856 2569 936 2627 vel
990 2571 1060 2625 de
1099 2570 1431 2635 quibuslibet
1482 2569 1803 2626 christianis

195 2655 334 2712 dicta
362 2658 722 2725 putaverunt,
753 2654 817 2725 et_
833 2645 915 2725 sic
937 2640 1181 2725 aucturis
1211 2650 1446 2725 mentem
1488 2657 1597 2696 non
1626 2642 1807 2709 pel-vi-

197 2727 327 2783 dere
357 2716 377 2779 Ξ
408 2724 499 2780 vel
521 2721 591 2778 de
618 2719 750 2776 solis
770 2716 987 2772 clericis
1014 2721 1363 2781 acceperunt,
1389 2723 1447 2768 ut
1470 2728 1529 2767 re
1557 2729 1686 2768 vera
1711 2728 1803 2768 ac-

195 2797 468 2868 cipienda
501 2801 648 2868 sunt.
680 2787 948 2868 atque‘ita
981 2800 1089 2839 non
1121 2785 1173 2838 in
1217 2800 1381 2868 unum
1428 2784 1801 2868 Ambrosium,

197 2856 294 2925 se'd
333 2873 388 2924 in
424 2863 733 2924 Ecclesiam
758 2856 1087 2914 'universam
1132 2856 1328 2911 recidit
1359 2870 1423 2911 ea
1470 2857 1804 2913 criminatio.

198 2941 491 3011 Siquidem
518 2935 768 3003 digomiae
795 2929 1244 3011 ίηιρφάίηιεηωηι
1272 2927 1339 3010 εδει
1369 2943 1555 3010 sacros
1575 2928 1806 3011 ,οτιιίειεὲ

198 2997 648 3081 antiquissimum
676 3015 761 3060 est
789 2997 1053 3081 omnium,
1095 2999 1364 3081 utpote_in
1398 2997 1808 3081 ipsis_Apostoli

197 3086 265 3139 ad
313 3069 669 3141 Timotheum
711 3091 775 3130 ac
821 3074 1002 3129 Titum
1044 3070 1334 3141 praeceptis
1374 3069 1696 3125 stabilitum.
1739 3074 1809 3125 At

199 3157 346 3214 enim
375 3154 575 3209 mirum
606 3148 862 3220 profecto
884 3141 1301 3220 videaturillud
1334 3142 1407 3195 ita
1436 3141 1663 3220 intelligi
1699 3157 1807 3220 non

201 3213 419 3283 tantum
450 3226 520 3280 ab
547 3213 919 3280 belerodoxis,
943 3216 1040 3271 sed
1072 3213 1394 3285 quibusdam
1425 3214 1599 3285 etiam
1620 3213 1810 3268 catho-

200 3300 347 3368 licis,
382 3296 541 3367 quasi
571 3291 705 3349 nihil
732 3289 876 3368 aliud
919 3284 1101 3368 sacris
1133 3287 1395 3340 ministris
1428 3284 1809 3368 interdicatur,

203 3355 310 3427 nisi
330 3355 700 3442 plurimarum
723 3361 918 3417 eodem
946 3367 1447 3442 temper-conserunt
1466 3372 1622 3439 usus.
1644 3355 1809 3441 quasi

202 3429 352 3499 vero.
386 3442 444 3496 in
491 3432 735 3492 Ecclesia
772 3446 1026 3502 umquam
1068 3429 1164 3502 vei
1193 3429 1327 3502 ipsis
1356 3429 1809 3502 laicispermissa

202 3515 380 3569 fuerit
410 3506 722 3579 huiusmodi
752 3499 1103 3579 polygamia?
1133 3499 1241 3579 Sed
1269 3516 1375 3554 non
1407 3507 1495 3579 est
1518 3500 1814 3579 immania"-

1900 1950 2085 1995 mente
2115 1939 2323 2010 pariter
2343 1946 2401 1995 et
2425 1952 2657 2009 corpore
2683 1936 2853 1993 audes
2885 1952 2984 2009 pro
3020 1936 3142 1994 aliis
3169 1938 3506 2011 supplicare,

1906 2042 1929 2071 ο
1955 2033 2125 2088 audes
2152 2032 2275 2087 aliis
2300 2031 2646 2087 ministrare?

1970 2127 2099 2183 249.
2128 2126 2244 2183 Νοη
2273 2124 2550 2183 mediocre
2589 2122 2829 2181 ofﬁcium
2859 2123 3175 2194 levitarum,
3207 2124 3278 2183 de
3303 2124 3503 2199 quibus

1905 2296 1993 2341 ret
2024 2303 2037 2339 :
2065 2285 2174 2342 Sed
2209 2284 2512 2355 interrogati
2556 2302 2588 2339 a
2606 2284 2859 2355 fratribus
2888 2284 3015 2353 quid
3052 2286 3198 2341 nobis
3223 2287 3511 2357 videretur,

1905 2357 2294 2430 respondimus,
2325 2358 2462 2413 nulli
2493 2358 2895 2430 prwjudicantes
2916 2357 3061 2430 sequi
3085 2360 3224 2427 quod
3250 2361 3389 2428 velit,
3419 2377 3517 2416 nec

1904 2429 2117 2484 alterius
2141 2432 2404 2485 decretum
2429 2437 2611 2483 nostra
2639 2429 2894 2504 sententia
2928 2429 3295 2504 subvertenles.
3319 2430 3513 2504 Neque

1908 2517 2037 2557 vero
2064 2517 2186 2556 cum
2236 2515 2452 2556 omnem
2490 2498 2750 2554 mundqu
2782 2501 3003 2569 plenum
3046 2515 3168 2556 csse
3197 2498 3518 2572 huiusmodi

1906 2572 2349 2628 ordinationibus
2393 2576 2544 2643 prius
2584 2580 2978 2643 asseverasset,
3009 2572 3096 2627 hic
3126 2572 3289 2628 verba
3320 2589 3419 2629 sua
3442 2575 3516 2633 ad

1907 2644 2226 2719 sacerdotes
2268 2644 2561 2719 nonnullos
2599 2642 2977 2719 restringeret.
3007 2643 3153 2719 Nihil
3192 2655 3376 2719 autem
3403 2647 3519 2719 agit

1910 2715 2239 2772 Franciscus
2286 2732 2316 2769 a
2369 2715 2641 2778 Messana,
2701 2716 2829 2770 dum
2876 2714 2981 2770 hoc
3030 2716 3303 2773 Ambrosii
3334 2714 3519 2778 ﬁatque

1912 2787 2227 2859 Hieronymi
2267 2785 2554 2859 dissidium
2607 2786 2999 2859 metaphysicis
3041 2787 3362 2857 quibusdam
3403 2785 3520 2845 dis-

1912 2858 2265 2933 tinctionibus
2301 2858 2503 2933 nititur
2539 2858 2871 2933 conciliare;
2928 2874 3034 2933 non
3070 2860 3228 2933 enim
3285 2860 3519 2933 argutiis

1910 2939 2021 2986 tam
2053 2930 2341 2986 manifesta
2392 2930 2600 2985 tollitur
2640 2929 3029 2995 discrepantia.
3059 2928 3333 2987 Car-ternm
3353 2928 3517 2991 'baud

1912 3002 2069 3075 facile
2115 3002 2281 3057 alium
2315 3004 2387 3075 _in
2419 3001 2674 3075 Patribus
2710 3000 3005 3075 Ambrosio
3033 3003 3387 3075 vetuSIiorem
3421 3005 3521 3075 qui

1910 3073 1979 3130 de
2007 3074 2107 3128 hac
2129 3072 2364 3141 digamia
2394 3072 2702 3144 scripserit,
2734 3072 3067 3146 invenimus.
3098 3072 3231 3146 Nam
3260 3090 3368 3144 quo
3391 3072 3519 3146 iure

1911 3146 1979 3219 ad
2024 3145 2418 3219 Tertullianum
2464 3146 2810 3201 revocaverit
2850 3145 3159 3219 Spencmus
3193 3145 3330 3219 hanc
3368 3145 3520 3219 qua:-

1912 3218 2169 3276 stionem.
2196 3231 2303 3271 non
2319 3218 2451 3271 satis
2477 3224 2711 3279 constat,
2735 3232 2857 3270 cum
2879 3216 3201 3289 econtrario
3220 3216 3518 3289 diganiiam

1911 3304 1979 3345 ex
2006 3291 2203 3343 marito
2230 3297 2358 3343 ante
2388 3288 2715 3347 baptismum
2755 3297 3093 3343 contractam
3119 3288 3300 3344 viduis
3318 3291 3522 3347 obesse

1915 3359 2151 3415 noluerit
2179 3359 2322 3413 idem
2355 3357 2630 3414 illePater
2661 3357 2783 3413 Lib.
2810 3359 2877 3415 de
2898 3359 3236 3430 Monogamia
3264 3374 3384 3430 cap.
3418 3362 3514 3419 li.

1985 3431 2014 3470 ι)
2037 3431 2431 3487 Ambrosianus
2463 3431 2548 3485 hic
2576 3430 2729 3485 locus
2765 3445 2865 3499 pro
2905 3430 3149 3485 clericali
3179 3432 3520 3491 continentia

1916 3513 2025 3559 tam
2059 3503 2239 3559 clarus
2270 3510 2493 3573 tamque
2519 3511 2743 3572 apertus
2763 3511 2870 3567 est,
2900 3514 2957 3556 ut
2981 3499 3394 3560 Centuriatores
3423 3505 3523 3561 iis-

202 3586 339 3641 dum
379 3584 433 3638 in
479 3570 546 3660 eo
576 3570 767 3660 errore
798 3570 1102 3658 refutando,
1152 3572 1380 3660 quintota
1407 3570 1812 3660 Ecclesiast-icm
1837 3596 1883 3660 ο
1915 3576 2039 3632 dem
2068 3574 2311 3660 Cent..et
2337 3570 2665 3660 cap._supra
2693 3574 2789 3660 cit.
2823 3573 2891 3660 ad
2916 3574 3107 3657 solitas
3146 3583 3294 3631 artes
3315 3576 3522 3660 .confu:

205 3653 533 3712 traditionis
572 3650 717 3706 serie
754 3646 1107 3702 invictissime
1137 3641 1473 3713 profligatur.
1506 3642 1599 3697 Est
1630 3653 1808 3697 autem

203 3726 360 3783 aliud
393 3724 537 3798 quod
570 3722 818 3798 doctores
847 3720 1098 3798 antiquos
1135 3716 1209 3798 in.
1236 3717 1525 3796 opiniones
1565 3715 1811 3798 diversas

206 3785 425 3860 scidit,'
457 3795 716 3851 nimirum
771 3799 949 3845 utrum
984 3785 1087 3859 qui
1142 3787 1302 3841 aliam
1353 3785 1638 3860 coniugem
1683 3796 1813 3860 ante

205 3856 569 3939 baptismum,
608 3864 772 3919 aliam
797 3856 1251 3939 iamuba'ptizaius
1295 3856 1616 3939 accepisset,
1664 3858 1815 3939 diga-

206 3929 339 3998 mi'aa
366 3944 486 4009 lege
510 3929 812 4009 teneretur.
839 3929 1088 3989 Affirtn’at
1106 3931 1202 4009 hic
1223 3940 1279 4009 et
1299 3929 1461 4009 epist.
1487 3930 1554 3984 ad
1580 3929 1812 4009 vercell.

205 4000 540 4070 Ambrosius
554 4026 571 4076 ;
587 4007 947 4079 Hieronymus
962 4003 1235 4079 vergliha
1255 4001 1309 4056 in
1323 4000 1525 4079 ΙΙοινὶηέ,
1539 4002 1705 4079 epist.
1719 4001 1813 4067 83,

206 4085 279 4141 ad
312 4071 566 4145 Ocean;
583 4090 639 4136 et
666 4079 721 4133 in
753 4071 873 4147 cap.
902 4078 927 4131 1
955 4075 1019 4129 ad
1050 4074 1229 4129 Titum
1259 4082 1439 4143 negat.
1465 4071 1703 4147 Primum
1732 4088 1821 4147 se-

208 4159 323 4212 cuti
337 4166 468 4211 sunt
486 4144 967 4215 ﬁdelissimuseius
980 4147 1275 4214 discipulus
1288 4145 1617 4215 Augustinus
1638 4144 1734 4215 lib.
1750 4144 1818 4215 de

208 4228 375 4285 Bono
411 4226 629 4294 conjug.
673 4236 794 4291 cap.
814 4214 916 4294 ‘18,
947 4234 1095 4274 num.
1116 4214 1531 4294 21;‘lnnoc_.__l,
1561 4214 1819 4294 epist.__ad

210 4299 461 4365 Πηρὼ,
488 4287 608 4367 qua:
638 4295 704 4367 in;
722 4287 912 4367 codice
937 4305 1203 4367 canonum
1220 4287 1489 4367 Quenellii
1514 4302 1644 4342 cura
1674 4287 1820 4343 edito

212 4358 544 4435 exhibetur;
591 4375 648 4423 et
684 4365 799 4421 Leo
825 4364 987 4435 eiiattt
1027 4362 1082 4435 l_,
1133 4360 1343 4435 duabus
1386 4358 1548 4435 epist.
1593 4373 1821 4435 quarum

210 4445 396 4499 altera
423 4453 508 4498 est
529 4430 602 4494 ad
629 4439 820 4493 Auast.
849 4432 1101 4490 Thessal.
1127 4432 1324 4501 episc.,
1352 4430 1525 4486 altera
1548 4431 1615 4484 ad
1650 4430 1820 4499 episc.

213 4512 510 4585 Iletropol.
541 4526 660 4597 per
708 4508 884 4597 “lyr.”
905 4505 1038 4588 Quae
1081 4503 1314 4597 quidem.
1350 4504 1543 4586 horum
1585 4517 1829 4597 sulmmo:

215 4602 348 4642 rum
404 4574 722 4655 pontificum
771 4574 1027 4634 'deliuitio
1056 4577 1133 4655 _in
1191 4574 1452 4655 Ecclesia
1496 4574 1826 4655 occidentali

214 4656 375 4728 apud
396 4646 587 4712 onmes
612 4653 683 4723 (si
704 4665 870 4708 unum
895 4647 1252 4728 aut_alteru_n_t
1275 4646 1548 4728 excipiasi
1568 4646 1828 4728 deinceps

218 4717 488 4785 obtinuit.
517 4717 880 4800 Sunt_aut_er_n
912 4721 1011 4776 viri
1046 4719 1245 4800 eruditi
1282 4719 1372 4789 qui
1408 4717 1550 4800 apud
1582 4719 1826 4800 oriente:

218 4802 332 4858 lem
370 4797 687 4869 Hieronymi
712 4788 1635 4869 valuisse_sente_utiamiautulrt‘eut,
1676 4788 1829 4869 ducti

222 4860 599 4953 ροιίεείιιιιιηί
623 4864 1093 4953 “vemimus
1108 4863 1361 4953 zonae-
1383 4876 1451 4953 as
1484 4860 1829 4953 Essemus

220 4932 279 4999 in
303 4960 433 4999 can.
460 4943 528 4997 Π
568 4938 959 5010 apostolorum,
995 4950 1157 5010 quem
1190 4935 1367 5003 ipsum
1406 4932 1829 5010 aiterte__lliero-

219 4993 620 5089 Eiéid'isv'eré
649 4993 981 5089 existimant.
1014 4993 1057 5057 ’ν
1069 4993 1417 5089 «ει-ιιιιίιειιιιεξιι¹
1438 4993 1582 5089 idem
1614 5003 1712 5087 ille.
1732 5018 1824 5089 ea:
1849 4993 1902 5055 D

222 5076 340 5145 non
376 5087 583 5142 nullam
613 5081 848 5152 coniugii
878 5088 1009 5152 ante
1052 5076 1672 5152 susceptumbaptisma
1700 5076 1822 5130 initi

218 5161 363 5216 facit
393 5149 745 5214 mentionem.
776 5149 844 5208 Et
870 5160 929 5206 nt
952 5150 1146 5206 demus
1171 5149 1483 5205 corumdem
1514 5156 1818 5212 auctorum,

220 5232 507 5304 quietiam
530 5241 640 5282 nou
666 5224 736 5280 de
762 5223 1037 5294 coniugio,
1187 5222 1253 5304 de
1274 5219 1513 5304 peccatis
1536 5233 1827 5304 regenera-

224 5290 401 5359 t'ionis
441 5307 842 5355 sacramentum
866 5290 1330 5349 antecedentibus
1358 5290 1676 5360 loquuntur,
1704 5304 1824 5345 eam

219 5372 520 5446 qumipsls
564 5368 839 5446 tribuitur,
884 5374 1119 5446 mentem
1168 5377 1323 5446 esse;
1347 5372 1547 5446 tamen
1564 5361 1693 5444 quid
1723 5360 1827 5430 ipsi

222 5433 502 5509 sentiant,
554 5454 664 5496 non
690 5433 831 5509 quid
866 5434 1392 5509 universagorientis
1425 5433 1691 5497 Ecclesia,
1732 5446 1828 5487 eos

227 5515 428 5572 testari
469 5506 878 5568 contendemus.
904 5507 1036 5577 Quis
1064 5507 1208 5562 enim
1250 5506 1433 5577 credat
1469 5514 1828 5577 memoratum

223 5586 540 5643 Ductorem
574 5581 619 5635 si
653 5589 729 5634 tot
773 5575 1123 5636 auxiliaribus
1163 5578 1352 5647 cupiis;
1381 5575 1577 5633 fuisset
1615 5576 1832 5632 succin-

223 5667 381 5725 ctus,
420 5656 567 5711 adeo
596 5651 780 5708 timide
804 5654 857 5708 in
903 5652 1088 5724 priore
1116 5650 1379 5725 adversus
1402 5648 1658 5725 Ruﬁnum
1687 5650 1833 5718 Apo-

226 5719 383 5801 logia
412 5736 828 5801 responsurum,
855 5719 917 5778 ut
953 5739 1077 5801 cum
1122 5722 1190 5801 ad
1231 5723 1506 5777 Oceanum
1546 5719 1833 5773 adversam

225 5792 578 5856 sententiam
605 5792 930 5850 Cainitarum
963 5794 1159 5850 heresi
1194 5803 1402 5849 tantum
1441 5806 1550 5845 non
1580 5804 1835 5845 accense-

226 5881 345 5944 ret,
377 5872 434 5927 iu
476 5866 715 5937 allegato
755 5879 917 5935 opere
949 5866 1158 5921 animos
1186 5864 1479 5921 demittens
1510 5863 1580 5915 ita
1629 5860 1831 5916 scribe-

1917 3663 2046 3717 gere
2082 3646 2254 3701 coacti
2288 3645 2510 3707 fuerint,
2543 3646 2598 3700 id
2635 3655 2738 3717 est,
2772 3654 3047 3717 auctorem
3092 3646 3268 3717 ipsum
3312 3646 3366 3702 in
3394 3646 3529 3709 falsi

1915 3715 2183 3789 dogmatis
2210 3718 2417 3790 crimen
2447 3731 2663 3790 vocare.
2691 3716 2853 3788 Atqui
2884 3715 2986 3790 hoc
3015 3715 3136 3771 loco
3164 3733 3272 3772 non
3304 3718 3523 3790 legisla-

1918 3787 2087 3846 tor‘em
2138 3789 2249 3860 agit
2275 3799 2498 3845 sanctus
2540 3789 2763 3854 Praesul,
2816 3788 2908 3859 qui
2949 3803 3147 3843 novum
3191 3787 3523 3848 clericorum

1916 3861 2219 3919 cervicibus
2242 3860 2431 3931 iugum
2464 3862 2706 3930 imponat
2736 3877 2749 3914 :
2782 3860 2878 3914 sed
2910 3869 3144 3929 receptas
3170 3869 3329 3931 atque
3355 3861 3521 3918 inoli-

1918 3945 1989 3991 tie
2042 3932 2422 3989 consuetudini
2479 3932 2683 4002 praebet
2728 3932 3123 3987 testimonium.
3176 3932 3332 3987 Enim
3385 3948 3522 3990 vero

1919 4021 2081 4079 quam
2112 4004 2437 4079 universalis
2468 4004 2569 4079 illa
2596 4003 3069 4079 fueritquamque
3093 4002 3252 4079 firma
3286 4004 3376 4079 vel
3415 4005 3522 4062 hoc

1921 4074 2053 4134 satis
2084 4077 2307 4141 indicat,
2341 4074 2483 4147 quod
2517 4090 2622 4129 non
2645 4075 2747 4147 nisi
2776 4074 2828 4147 in
2857 4074 3200 4147 abditioribus
3227 4075 3378 4140 locis,
3409 4093 3523 4147 quo

1922 4150 2103 4205 solent
2143 4149 2275 4203 vitia
2318 4144 2565 4220 quaerere
2605 4145 2930 4216 perfugium,
2983 4144 3377 4220 invenirentur,
3425 4144 3523 4220 qui

1923 4221 2227 4278 inStitutum
2272 4219 2401 4274 illud
2432 4218 2639 4290 violare
2678 4218 3288 4290 attentarent.Accedit
3325 4218 3525 4290 praeie-

1924 4309 2015 4349 rea
2053 4291 2197 4363 quod
2230 4290 2317 4346 isti
2347 4304 2456 4345 non
2500 4289 2664 4363 ullam
2711 4289 2834 4344 novi
2864 4288 3085 4345 foederis
3112 4288 3521 4361 auctoritatem,

1927 4379 2035 4420 non
2072 4359 2401 4433 cuiusquam
2445 4359 2689 4434 concilii
2714 4374 3003 4434 cauponem,
3046 4377 3151 4417 non
3200 4377 3355 4418 usum
3386 4359 3524 4434 qua-'-

1928 4432 2175 4491 rumdam
2249 4434 2613 4489 Eccleslarum
2680 4432 2734 4487 in
2793 4432 3165 4489 defensionem
3222 4432 3529 4495 aﬁ'erebant

1929 4523 2080 4571 suam
2117 4528 2131 4563 :
2163 4505 2259 4560 sed
2290 4513 2497 4560 tantum
2528 4504 2730 4559 veteris
2766 4503 3103 4561 Testamenti
3144 4520 3372 4563 morem.
3402 4508 3524 4566 Hoc

1931 4589 2110 4634 autem
2178 4575 2634 4649 incontinentiam
2672 4575 3030 4649 'clericorum
3080 4578 3522 4649 integumentum

1930 4651 2145 4722 egregie
2183 4647 2408 4722 discutit
2452 4656 2672 4722 sanctus
2702 4647 2921 4703 Doctor.
2948 4647 3152 4722 Confer
3193 4647 3354 4705 etiam
3401 4667 3526 4722 qua:

1933 4719 2084 4778 idem'
2118 4736 2283 4791 super
2312 4720 2418 4776 hoc
2460 4719 2580 4791 ipso
2610 4729 2933 4791 argumento
2974 4721 3220 4793 disputat
3264 4719 3430 4794 epist.
3452 4724 3526 4780 ad

1936 4794 2333 4850 Vercellenses.

2008 4878 2029 4905 ο
2051 4864 2196 4921 Edit.
2239 4879 2385 4920 cum.
2418 4880 2546 4922 mss.
2598 4865 2822 4936 aliquot,
2865 4863 3048 4920 laudes
3078 4881 3174 4933 pro
3216 4864 3338 4921 aliis
3366 4865 3528 4921 mini-

1934 4948 2119 4994 strare.
2148 4937 2339 4993 Melius
2384 4937 2437 4991 in
2458 4936 2591 5008 aliis
2619 4938 2867 5007 pluribus
2893 4936 3303 5008 potioribusque
3323 4938 3534 4994 omitti-

1931 5020 2016 5066 tur
2054 5009 2387 5082 prmpositio.
2420 5007 2499 5082 Et
2537 5018 2660 5082 pos_t
2700 5009 2841 5082 duos
2869 5007 3068 5082 versus
3108 5009 3199 5065 ubi
3218 5007 3341 5066 vet.
3393 5009 3533 5082 edit.

1925 5078 2070 5138 cum'
2102 5078 2233 5137 mss.
2284 5078 2561 5147 omnibus,
2611 5078 2745 5135 Ecce
2789 5079 2925 5150 eligo
2970 5079 3173 5147 levitas,
3225 5090 3359 5147 etc.,
3414 5080 3541 5140 sola

1930 5154 2089 5208 Rom.
2138 5152 2295 5218 edit.,
2334 5150 2472 5206 Ecce
2505 5152 2601 5205 tuli
2644 5168 2735 5224 ego
2766 5152 2946 5207 levitas
2988 5152 3045 5206 in
3088 5153 3260 5207 medio
3302 5153 3534 5224 ﬁliorum

1932 5224 2103 5279 Israel
2135 5240 2154 5279 :
2179 5224 2555 5293 redemptiones
2584 5222 2766 5277 eorum
2792 5230 2967 5291 erunt,
2997 5233 3047 5278 et
3074 5237 3222 5277 erant
3249 5224 3380 5279 mihi
3409 5222 3539 5278 levi-

1933 5308 2016 5353 tas.
2071 5294 2205 5349 Mihi
2237 5294 2374 5349 enim
2416 5310 2482 5349 ea:
2504 5310 2604 5364 quo
2644 5293 2728 5348 die
2772 5293 3004 5363 percussi
3034 5295 3434 5363 primogenitum
3476 5293 3537 5349 in

1935 5378 2071 5423 terra
2097 5365 2343 5437 Egypti,
2368 5366 2689 5434 sanetiﬁcaei
2720 5381 2870 5419 omne
2894 5366 3292 5435 primogenitum
3313 5367 3367 5418 in
3390 5366 3539 5420 omni

1935 5438 2126 5495 Israel.
2162 5437 2451 5492 Nobiscum
2474 5447 2653 5491 autem
2682 5437 2813 5491 satis
2838 5439 3187 5492 consentiunt
3216 5437 3423 5505 pagina:
3445 5450 3535 5491 sa-

1933 5524 2065 5573 crae,
2092 5509 2198 5563 nisi
2224 5507 2366 5577 quod
2392 5508 2640 5562 ultimam
2657 5517 2866 5578 partem
2887 5520 3045 5578 quam
3065 5515 3412 5578 contractam
3435 5522 3535 5563 ex-

1935 5581 2086 5636 hibet
2115 5575 2460 5645 Ambrosius,
2499 5579 2606 5633 illa;
2649 5575 2819 5649 paulo
2837 5576 3023 5649 fusius
3044 5575 3275 5649 dilatant
3314 5578 3365 5633 in
3412 5578 3534 5637 haec

1934 5652 2100 5709 verba
2133 5669 2147 5707 :
2182 5649 2318 5705 Milli
2358 5653 2493 5705 enim
2540 5644 2693 5704 omne
2738 5645 3153 5719 primogenitum.
3201 5644 3270 5702 In
3316 5664 3418 5719 qua
3446 5650 3536 5705 die

1936 5726 2166 5798 percussi
2186 5738 2337 5798 omne
2360 5721 2756 5798 primogenitum
2782 5720 3004 5798 inser-rm
3023 5715 3270 5798 @ggpti,
3297 5715 3533 5798 sanctiﬁa

1935 5784 2045 5850 cavi
2069 5796 2199 5849 mihi
2227 5784 2375 5849 omne
2406 5784 2806 5862 primogenitum
2828 5788 2883 5842 in
2910 5784 3104 5842 Israel.
