4078 6306
480 304 586 368 103

1821 298 2070 360 SANCTI
2107 298 2437 361 AMBROSII

3692 299 3806 359 £04

489 435 3792 467 *ΨΜ-..ΜΨ

1594 532 1939 618 LIBER
2011 531 2661 620 SECUNDUS.

1833 692 2439 721 Μ

1034 767 1147 842 39
1181 764 1414 825 CAPUT
1452 764 1495 822 I.

480 866 614 924 Vita:
636 864 1007 923 beatitudinem
1031 861 1231 933 acquiri
1270 861 1557 928 honestate,
1586 858 1780 931 quippe
1802 873 1906 929 qua
1928 855 2082 912 Citri-

541 965 744 1017 stianus
773 958 1001 1033 gloriam
1027 964 1075 1012 et
1098 959 1301 1027 favores
1323 953 1593 1007 hominum
1613 968 1884 1025 spernens,
1921 966 2083 1022 opera

543 1076 643 1116 sua
670 1057 781 1112 Deo
804 1056 905 1111 soli
931 1055 1138 1127 placere
1162 1053 1221 1107 in
1240 1052 1369 1107 uotis
1392 1051 1566 1107 habet.

543 1153 596 1210 Ι.
633 1149 935 1222 Superiora
964 1156 992 1186 ι
1020 1146 1164 1203 libro
1205 1144 1273 1201 de
1302 1144 1501 1202 ofﬁciis
1552 1144 1930 1209 tractavimus,
1960 1156 2084 1214 qua:

466 1245 768 1306 convenire
798 1242 1077 1298 honestati
1108 1238 1599 1308 arbitraremur,in
1630 1253 1736 1310 qua
1758 1237 1925 1292 vitam
1956 1235 2085 1292 bca-

467 1348 580 1397 tam
610 1338 844 1412 positam
874 1351 1000 1393 esse
1042 1334 1172 1390 nulli
1230 1332 1664 1398 dubitaverunt,
1715 1346 1880 1404 quam
1936 1328 2087 1386 Scri-

468 1446 631 1509 ptura
656 1432 899 1507 appellat
927 1429 1096 1486 vitam
1120 1438 1407 1485 aeternam.
1462 1426 1673 1483 Tantus
1698 1425 1845 1481 enim
1894 1424 2085 1494 splen-

468 1526 577 1585 dor
599 1526 629 1565 δ
657 1526 980 1581 honestatus
1011 1531 1119 1590 est,
1146 1529 1206 1577 ut
1228 1523 1396 1577 vitam
1434 1522 1652 1577 beatam
1675 1518 1916 1576 efﬁciant
1937 1526 2089 1573 tran-

472 1620 721 1694 quillitas
755 1599 1116 1677 conscientiae.
1140 1658 1156 1684 ,
1210 1625 1269 1673 et
1317 1616 1582 1673 securitas
1629 1615 1985 1672 innocentiae.
2014 1612 2089 1669 Et

468 1712 599 1771 ideo
622 1714 764 1770 sicut
789 1720 1018 1769 exortus
1046 1709 1127 1766 sol
1171 1711 1316 1767 lunae
1344 1710 1567 1782 globum
1595 1717 1650 1765 et
1680 1717 1878 1765 caetera
1902 1706 2089 1763 stella-

468 1822 593 1864 rum
639 1805 930 1863 abscondit
985 1804 1191 1861 lumina
1218 1846 1234 1873 ,
1268 1805 1343 1860 ita
1398 1802 1577 1875 fulgor
1630 1802 1960 1871 honestatis,
1992 1800 2087 1856 ubi

464 1916 611 1959 vero
638 1910 695 1958 et
714 1901 1034 1971 incorrupto
1059 1897 1243 1955 vibrat
1272 1897 1496 1965 decore,
1524 1905 1721 1953 caetera
1750 1910 1873 1968 qua:
1895 1903 2089 1966 putan-

469 2004 563 2051 tur
614 1994 757 2050 bona
812 1989 1110 2048 secundum
1160 1990 1502 2063 voluptatem
1550 1988 1821 2060 corporis,
1854 1989 1966 2061 7o
1994 1994 2089 2043 aut

471 2088 778 2147 secundum
807 2085 1071 2143 saeculum
1098 2085 1250 2142 clara
1272 2096 1329 2143 et
1359 2085 1620 2150 illustria,
1655 2082 1973 2139 obumbrat.

2102 765 2160 827 Α
2181 764 2253 820 sit
2278 765 2439 823 beata
2467 783 2483 833 ;
2517 775 2577 823 ut
2620 782 2732 824 non
2764 768 3049 827 hominum
3078 769 3485 842 opinionibusd
3512 770 3798 829 mstiman-

2183 860 2314 916 dum
2363 861 2772 933 relinqueretur
2801 905 2816 931 ,
2864 864 2962 923 sed
2992 865 3179 923 divino
3226 866 3438 937 judicio
3481 866 3798 925 committe-

2185 963 2355 1010 retur.

2829 1049 3060 1109 CAPUT
3109 1052 3174 1109 ll.

2195 1138 2370 1196 Varia:
2391 1141 2823 1214 philosophorum
2843 1144 2908 1199 de
2927 1144 3242 1201 beatitudine
3271 1146 3539 1216 opiniones
3562 1162 3583 1205 :
3606 1164 3723 1204 eam
3740 1149 3794 1202 in

2259 1232 2358 1288 Dei
2385 1236 2683 1306 cognitione
2698 1253 2761 1291 ac
2788 1238 3040 1293 bonorum
3064 1255 3280 1308 operum
3319 1241 3493 1295 studio
3513 1243 3797 1297 consistere

2257 1327 2486 1397 primum
2519 1328 2763 1398 probatur
2795 1346 2859 1385 ea:
2900 1329 3186 1403 Evangelia
3207 1349 3227 1387 :
3257 1344 3367 1387 tum
3410 1350 3475 1388 ne
3502 1350 3536 1388 a
3571 1334 3799 1406 philoso-

2260 1419 2380 1489 phis
2395 1421 2632 1477 videatur
2648 1424 2744 1478 hoc
2793 1434 3080 1495 sumptum,
3101 1426 3471 1497 prophetarum
3488 1427 3797 1483 testimoniis

2257 1513 2619 1581 conﬁrmatur.

2258 1604 2314 1661 ι.
2365 1604 2552 1677 itaque
2575 1607 2884 1680 philosophi
2908 1620 2931 1648 α
2961 1610 3126 1667 vitam
3178 1610 3419 1680 beatam,
3448 1611 3545 1669 alii
3597 1613 3655 1669 in
3686 1628 3795 1669 non

2185 1697 2429 1756 dolendo
2480 1712 2800 1771 posuerunt,
2833 1713 2892 1758 ut
2922 1703 3292 1776 Hieronymus
3324 1721 3338 1758 :
3368 1705 3464 1761 alii
3507 1706 3562 1761 in
3605 1721 3795 1763 rerum

2185 1795 2437 1859 scientia,
2466 1807 2529 1851 ut
2568 1795 2825 1864 Herillus,
2856 1797 2949 1869 qui
3005 1799 3235 1855 audiens
3286 1800 3358 1855 ab
3400 1799 3709 1857 Aristotele
3743 1806 3801 1858 et

2188 1885 2569 1958 Theophrasto
2587 1890 2913 1947 mirabiliter
2940 1891 3215 1948 laudatam
3244 1908 3370 1950 esse
3397 1910 3586 1951 rerum
3614 1895 3799 1951 scien-

2189 1979 2317 2037 tiam
2347 2022 2362 2047 ,
2414 1983 2589 2038 solam
2636 1999 2756 2039 eam
2788 1985 2945 2055 quasi
2996 1999 3274 2041 summum
3331 1986 3536 2042 bonum
3569 1987 3799 2058 posuit;

2186 2090 2311 2131 cum
2334 2075 2417 2131 illi
2445 2092 2567 2132 eam
2611 2078 2766 2148 quasi
2793 2079 3018 2146 bonum,
3040 2095 3149 2134 non
3178 2080 3333 2151 quasi
3380 2081 3557 2136 solum
3589 2080 3802 2137 bonum

538 2185 598 2241 2.
633 2183 796 2240 Beata
825 2184 1009 2256 plane,
1060 2196 1183 2253 quae
1215 2196 1324 2236 non
1368 2179 1567 2234 alienis
1597 2177 1907 2233 :estimatur
1932 2174 2078 2246 judi-
2108 2171 2156 2231 B
2182 2168 2545 2226 laudaverint.
2567 2171 2674 2227 Alii
2694 2172 2713 2209 ί
2736 2172 3073 2243 voluptatem
3100 2172 3390 2240 dixerunt,
3412 2174 3762 2245 utEpicurus
3781 2188 3802 2231 :

467 2276 596 2346 ciis,
644 2277 741 2333 sed
788 2275 1106 2333 domesticis
1139 2272 1443 2345 percipitur
1481 2271 1761 2336 sensibus,
1802 2281 2079 2340 tamquam

465 2375 554 2434 sui
574 2372 766 2446 iudex.
795 2370 988 2444 Neque
1008 2370 1158 2426 enim
1186 2366 1479 2438 populares
1507 2364 1794 2435 opiniones
1814 2378 1916 2435 pro
1938 2377 2084 2419 mer~

470 2469 613 2528 cede
638 2467 822 2538 aliqua
848 2464 1105 2537 requirit,
1140 2475 1317 2533 neque
1348 2476 1448 2531 pro
1473 2456 1742 2530 supplicio
1771 2467 1952 2528 pavet.
1975 2456 2084 2513 Ita-

470 2578 581 2636 que
603 2576 713 2636 quo
732 2560 915 2618 minus
941 2557 1192 2630 sequitur
1218 2555 1473 2628 gloriam,
1494 2568 1564 2610 eo
1586 2554 1758 2625 magis
1779 2567 1945 2625 super
1959 2566 2080 2608 eam

472 2659 701 2718 eminet.
756 2655 893 2713 Nam
923 2654 1016 2727 qui
1058 2653 1295 2725 gloriam
1345 2651 1651 2722 requirunt,
1707 2649 1794 2707 his
1839 2664 1904 2706 ea
1937 2664 2084 2705 mer-

468 2767 565 2811 ces
586 2751 967 2825 praesentium,
998 2747 1190 2805 umbra
1241 2746 1550 2802 futurorum
1601 2752 1708 2811 est,
1738 2759 1862 2817 quae
1910 2746 2085 2815 impe-

470 2847 588 2906 diat
633 2846 801 2902 vitam
849 2852 1155 2907 aeternam;
1189 2845 1332 2912 quod
1376 2840 1429 2894 in
1476 2838 1777 2910 Evangelia
1816 2839 2083 2909 scriptum

466 2951 597 3000 est:
638 2941 801 2996 Amen
849 2938 970 2993 dico
1005 2936 1181 2997 vobis.
1228 2942 1575 3005 perceperunt
1615 2933 1903 2988 mercedem
1936 2950 2086 2988 suam

470 3032 690 3109 (Matth.
731 3048 808 3101 v1,
837 3031 937 3103 2);
966 3030 1036 3087 de
1074 3028 1162 3085 his
1193 3027 1403 3084 scilicet
1448 3026 1540 3098 qui
1572 3026 1722 3082 velut
1752 3036 1775 3065 ο
1818 3025 1947 3117 tuba
1995 3041 2087 3082 ca-

465 3123 1291 3198 nente,vulgareliberalitatem
1324 3136 1479 3178 suam
1511 3134 1676 3192 quam
1700 3118 1912 3176 faciunt
1939 3119 2085 3176 circa

470 3239 788 3296 pauperes,
838 3220 1100 3294 gestiunt.
1150 3216 1421 3275 Similiter
1463 3224 1523 3272 et
1567 3214 1637 3271 de
1685 3212 1896 3284 jejunio
1942 3213 2087 3284 quod

468 3317 861 3379 ostentationis
884 3330 1052 3375 causa
1074 3314 1312 3371 iaciunt:
1335 3309 1781 3381 Habent,-inquit,
1799 3307 2085 3365 mercedem

473 3430 648 3469 suam.

549 3508 606 3564 5.
634 3503 950 3562 Honestatis
977 3500 1144 3573 igitur
1168 3509 1255 3557 est
1282 3498 1370 3556 vel
1419 3496 1851 3554 misericordiam
1881 3494 2084 3563 facere,

2182 2263 2300 2330 alii,
2332 2272 2393 2320 ut
2410 2264 2683 2335 Callipho,
2707 2277 2763 2322 et
2786 2274 2914 2335 post
2939 2281 3066 2322 eum
3098 2266 3393 2333 Diodorus,
3422 2266 3495 2322 ita
3524 2267 3805 2339 interpre-

2182 2358 2284 2413 tati
2308 2369 2454 2425 sunt,
2479 2367 2541 2414 ut
2565 2358 2704 2415 alter
2732 2358 2801 2414 ad
2820 2359 3177 2430 voluptatem,
3207 2361 3346 2417 alter
3369 2360 3442 2417 ad
3464 2359 3801 2419 vacuitatem

2183 2450 2414 2518 doloris,
2464 2452 2802 2508 consortium
2859 2452 3166 2509 honestatis
3204 2453 3606 2525 adiungerent,
3648 2455 3801 2526 quod

2183 2543 2306 2599 sine
2355 2559 2419 2601 ea
2467 2560 2576 2600 non
2624 2544 2799 2616 possit
2843 2561 2967 2602 esse
3006 2547 3166 2603 beata
3192 2547 3325 2603 vita.
3363 2547 3547 2604 Zenon
3576 2548 3804 2606 Stoicus

2185 2639 2363 2693 solum
2395 2648 2453 2695 et
2477 2654 2755 2695 summum
2778 2640 2983 2696 bonum
3023 2641 3171 2713 quod
3210 2640 3497 2698 honestum
3521 2652 3638 2699 est:
3665 2645 3802 2700 Ari-

2184 2734 2415 2790 stoteles
2446 2742 2628 2790 autem
2660 2735 2748 2791 vel
2780 2734 3192 2808 'l‘heOphrastus
3214 2744 3272 2792 et
3295 2737 3481 2793 caeteri
3515 2737 3799 2809 peripate-

2188 2828 2280 2885 tici
2309 2828 2365 2884 in
2397 2829 2600 2885 virtute
2628 2829 2871 2899 quidem,
2901 2828 3006 2887 hoc
3037 2840 3123 2887 est
3150 2831 3439 2889 honestate
3457 2832 3626 2888 vitam
3672 2831 3802 2889 bea-

2188 2933 2296 2977 tam
2355 2938 2497 2990 esse,
2543 2922 2640 2979 sed
2691 2922 2959 2994 compleri
3010 2924 3130 2995 ejus
3183 2924 3576 2982 beatitudinem
3625 2927 3799 2983 etiam

2191 3024 2217 3063 Β
2256 3016 2507 3085 corporis
2534 3023 2699 3088 atque
2722 3017 2965 3073 externis
2986 3016 3144 3072 bonis
3170 3026 3545 3074 asseruerunt.
3636 3034 3643 3043 '

2259 3107 2313 3164 5.
2338 3107 2626 3180 Scriptura
2665 3119 2848 3165 autem
2894 3109 3075 3165 divina
3098 3109 3263 3166 vitam
3305 3122 3565 3168 aeternam
3615 3112 3669 3167 in
3699 3129 3802 3170 σοι

2187 3202 2435 3273 gnitione
2464 3205 2645 3271 posuit
2673 3203 2993 3271 divinitatis,
3026 3214 3081 3261 et
3106 3204 3286 3260 fructu
3330 3205 3490 3261 bona;
3518 3206 3803 3277 operatio-

2189 3294 2296 3350 nis.
2323 3294 2568 3366 Denique
2586 3295 2874 3366 utriusque
2903 3296 3224 3352 assertionis
3242 3298 3633 3368 Evangelicum
3664 3315 3802 3370 sup-

2190 3390 2328 3461 petit
2356 3389 2754 3446 testimonium.
2784 3389 2918 3445 Nam
2958 3400 3015 3447 et
3069 3391 3137 3447 de
3163 3391 3388 3448 scientia
3417 3392 3488 3448 ita
3521 3392 3661 3449 dixit
3686 3394 3801 3449 Do-

2190 3484 2372 3540 minus
2395 3482 2556 3539 Jesus
2589 3501 2602 3537 :
2635 3482 2764 3539 Haec
2809 3493 2887 3539 est
2909 3492 3079 3540 autem
3099 3484 3205 3539 vita
3230 3495 3446 3553 azterna,
3497 3496 3555 3540 ut
3601 3503 3800 3558 cogno-

473 3600 586 3673 71
616 3598 704 3653 vel
729 3567 1026 3666 jejunium'
1044 3591 1261 3649 deferre
1280 3590 1333 3646 in
1365 3588 1731 3653 abscondito;
1767 3594 1825 3641 ut
1874 3600 2085 3641 tncrce-
2112 3567 2158 3633 C
2188 3587 2337 3633 scan!
2381 3586 2428 3630 te
2461 3576 2633 3673 solum
2675 3593 2853 3632 verum
2876 3577 3089 3673 Pirum.
3124 3589 3173 3633 et
3211 3595 3360 3673 quem
3388 3578 3573 3673 misisti
3612 3578 3799 3635 Iesum

476 3693 605 3749 dem
634 3687 874 3745 videaris
893 3703 923 3742 a
949 3687 1068 3742 solo
1096 3684 1213 3740 Deo
1245 3694 1338 3738 tuo
1384 3696 1656 3753 quaerere,
1688 3695 1796 3734 non
1827 3678 1989 3734 etiam
2015 3676 2083 3732 ab

475 3788 812 3847 hominibus.
845 3784 980 3841 Nam
1026 3781 1120 3855 qui
1154 3780 1224 3837 ab
1277 3778 1593 3834 hominibus
1648 3776 1868 3848 quierit,
1920 3773 2087 3830 habet

477 3879 792 3939 mercedem
846 3889 1045 3933 suam:
1098 3871 1191 3945 qui
1245 3869 1649 3935 autemaDeo,
1700 3868 1864 3924 habet
1915 3867 2083 3921 vitam

479 3983 744 4034 aternam
787 3988 801 4026 :
848 3984 1011 4043 quam
1053 3974 1314 4039 prmstare
1362 3979 1470 4020 non
1516 3969 1698 4034 potest
1738 3960 1842 4015 nisi
1893 3968 2085 4015 auctor

478 4066 828 4133 arternitatis,
875 4062 1017 4119 sicut
1044 4059 1175 4116 illud
1220 4067 1305 4114 est
1335 4074 1350 4112 :
1380 4056 1575 4122 Amen,
1622 4055 1738 4109 dico
1786 4052 1899 4118 tibi,
1934 4053 2088 4107 hodie

479 4177 679 4218 mecum
702 4160 804 4215 eris
819 4157 875 4212 in
892 4155 1137 4228 paradiso
1163 4152 1320 4225 (Luc.
1347 4166 1512 4216 xxut,
1535 4149 1651 4218 45).
1684 4145 1843 4204 Unde
1860 4160 2085 4217 expres-

476 4256 595 4314 sius
613 4255 894 4326 Scriptura
951 4250 1117 4306 vitam
1168 4258 1430 4304 aeternam
1458 4242 1751 4316 appellavit
1779 4255 1901 4296 eam
1959 4254 2082 4311 quae

550 4394 710 4452 “Cic.
750 4389 937 4453 Ollio,
968 4386 1062 4442 lib.
1086 4401 1148 4453 ιι,
1179 4399 1233 4454 p.
1266 4384 1394 4446 5'15,
1426 4380 1522 4435 lin.
1563 4377 1637 4434 45
1668 4395 1683 4433 :
1728 4375 2075 4454 Quemadmo-

475 4449 804 4536 dumvofﬁcia
830 4449 1143 4536 ducerentur
1176 4449 1240 4510 ab
1259 4454 1595 4509 honestate...
1629 4449 1947 4518 explicatum
1996 4464 2078 4501 ar-

476 4543 638 4599 bitror
661 4530 794 4593 libro
819 4530 1149 4606 superiora-
1283 4597 1295 4606 .
1503 4594 1532 4606 _.
1640 4591 1685 4606 ..

551 4590 821 4668 {Ultimm
851 4590 983 4660 edit.
1028 4601 1230 4665 Paris.,
1274 4594 1533 4652 honestati
1574 4590 2074 4648 arbitrabamur.....

481 4685 705 4759 positam
731 4694 841 4734 esse
862 4675 1071 4759 minime
1092 4669 1477 4759 dubitabamus.

2190 3671 2459 3729 Christum
2476 3669 2812 3743 (Joan.xvu,
2836 3670 2919 3744 5).
2958 3670 3029 3727 Et
3053 3670 3123 3727 de
3159 3672 3417 3743 operibus
3446 3671 3519 3727 ita
3564 3687 3800 3744 respon-

2191 3767 2314 3823 dit:
2346 3765 2526 3820 Omnis
2546 3766 2635 3836 qui
2669 3766 2938 3834 reliquerit
2974 3766 3205 3834 domum,
3250 3767 3330 3821 uel
3362 3756 3570 3838 fratres,
3597 3774 3690 3820 aut
3711 3782 3802 3821 εοε-

2190 3875 2356 3924 rores,
2389 3868 2481 3912 aut
2511 3868 2732 3929 patrem,
2762 3868 2853 3913 aut
2888 3867 3122 3923 matrem,
3144 3866 3233 3914 aut
3249 3875 3481 3926 uxorem,
3511 3869 3605 3913 aut
3630 3858 3794 3927 ﬁlios,

2193 3962 2282 4008 aut
2303 3969 2462 4025 agros
2486 3962 2698 4025 propter
2726 3969 2908 4007 nomen
2943 3968 3135 4019 meum,
3172 3952 3468 4023 centuplum
3489 3951 3731 4023 accipiet,
3749 3963 3803 4007 et

2193 4048 2352 4102 vitam
2378 4055 2625 4101 (sternam
2653 4045 2935 4116 possidebit
2966 4043 3182 4118 (Matth.
3208 4061 3318 4111 xIx,
3347 4041 3468 4116 ‘29).

2268 4140 2321 4196 6.
2355 4138 2463 4197 Sed
2516 4154 2584 4196 ne
2623 4139 2921 4194 aestimetur
2977 4138 3082 4193 hoc
3134 4152 3332 4195 recens
3360 4153 3502 4206 esse,
3559 4147 3618 4196 ct
3647 4142 3803 4209 prius

2192 4242 2482 4292 tractatum
2505 4246 2532 4285 a
2557 4231 2917 4303 philomphis,
2967 4246 3135 4302 quam
3188 4232 3241 4286 in
3271 4231 3567 4301 Evangelio
3596 4232 3805 4303 prtedi-

2259 4370 2279 4409 τ
2321 4370 2651 4443 Voluptatem
2678 4370 2820 4443 hanc
2846 4385 2951 4424 non
2978 4380 3086 4425 tam
3113 4384 3439 4443 corpoream
3478 4387 3643 4442 quam
3683 4376 3803 4440 spi-

2185 4445 2401 4500 ritalem
2429 4441 2659 4515 intelligi
2688 4441 2914 4515 debere,
2939 4451 3065 4515 su_nt
3084 4441 3177 4512 qui
3198 4441 3565 4499 contendant:
3595 4459 3703 4515 qua
3731 4446 3803 4501 de

2186 4532 2249 4572 re
2277 4515 2410 4570 satis
2437 4514 2672 4569 diximus
2701 4514 2768 4566 ad
2796 4527 2920 4581 cap.
2954 4513 3054 4575 15,
3088 4529 3236 4568 ιιυιιι.
3264 4516 3354 4570 5t).

2261 4597 2285 4634 ε
2317 4586 2464 4641 Edit.
2496 4600 2560 4657 ac
2593 4583 2749 4657 pauci
2788 4586 3225 4657 mss.,_corporis
3263 4586 3613 4656 uoluptatibus
3647 4598 3806 4657 atque

2183 4656 2409 4715 externis
2437 4655 2739 4730 bonisg:_a_lii
2764 4655 3039 4730 nonnulli,
3054 4657 3289 4730 corporis
3316 4655 3539 4730 egregiis
3559 4655 3805 4730 uolupta-

1100 4725 1266 4808 Vmss.,
1294 4742 1417 4796 tuba
1433 4737 1689 4801 canendo;
1712 4734 1828 4801 alii,
1845 4732 1964 4788 tuba
1991 4748 2075 4786 ca-
2108 4757 2160 4818 Β
2187 4725 3806 4821 tibus,etc_._§ed"l:lntttaﬂ:,duo-ilatmltqtidemlmu‘duinet

481 4837 776 4959 "amrin,
799 4888 1103 4948 aestimanda
1125 4885 1524 4959 relinqueretur;
1547 4892 1704 4944 mss.,
1720 4874 2083 4931 aestimandum

474 4957 1438 5037 relinqueretur:stlp_p|e.988ml?“
1572 5035 1581 5037 ,
1633 5020 1646 5032 .
1694 5016 1909 5037 .__,.---
1946 5017 1987 5037 Α

553 5018 839 5111 Ibisne
872 5018 1049 5111 variis.
1069 5018 1518 5111 philosophorum
1560 5018 2084 5111 PitllliOAMAl’Psucjf‘ff‘

477 5089 1200 5174 natura-levmwbeatitudinem
1224 5089 1314 5174 hic
1341 5096 1675 5174 referuntur,
1705 5103 1767 5144 ea
1796 5089 2086 5174 desumpta

474 5158 999 5247 ’δί’ὲὲτόέίὲζ
1020 5158 1129 5248 nan
1157 5171 1375 5248 quidem
1396 5183 1472 5248 _e_x
1506 5162 1864 5248 .Olliciurunt,
1881 5158 2087 5248 ἐξά-αξξ

637 5239 900 5326 ejusdem
929 5239 1361 5326 philosophicis
1604 5242 1762 5326 mit—an
1783 5245 1863 5326 ﬁt:
1881 5239 1966 5326 ius.

475 5298 1254 5400 ἓῖὶὸῖπέἷιὶἶῖὶῐάέάὶῗἀὲιιέξε·
1273 5298 1766 5400 suemus]???
1787 5300 1893 5400 ‘19;
1901 5298 2038 5400 ‘iﬁf
2040 5303 2086 5400 ‘1:

651 5381 781 5455 bon.
806 5405 852 5450 et
871 5391 996 5447 mal.
1027 5381 1096 5443 ac
1121 5382 1464 5456 potissimum
1492 5391 1523 5431 e
1552 5381 1764 5455 quinto,
1794 5384 1895 5457 nec
1918 5385 2024 5425 non
2052 5387 2085 5426 c

473 5450 888 5529 ilhnsiottdem
939 5450 1395 5536 Τωσαῖεαααίετη
1424 5457 1480 5503 θί
1530 5450 1785 5536 ῬἮἯΞ
1822 5450 1997 5536 ῗίῘὲἮ
2013 5457 2079 5536 ἓξ

477 5518 1085 5600 ill-limonivubiﬂtantam
1135 5518 1494 5600 locutionum,
1521 5518 2009 5600 dnctrinatpatque

475 5585 674 5671 ἶιίἱιῖίὶἔ
692 5585 862 5682 {pass
884 5585 2086 5682 Brevis99956"???'19'I‘.F.‘3'".‘§§_‘1?f£1'2‘3.°f

480 5654 1276 5759 Br‘gxi‘mi'svd‘t-tvobu—s—capit‘ibus
1316 5661 1635 5759 traduntui‘ﬂ
1649 5654 1934 5759 θςξξξξξξξθ
1954 5663 2080 5759 tisi;

484 5724 1197 5815 dubi—tiquuin
1231 5753 1297 5793 eo
1332 5728 1643 5805 respexerit
1686 5734 1909 5779 sanctus
1954 5724 2085 5780 Am-

485 5827 722 5891 brosius.

2189 4802 2279 4856 alii
2330 4800 2557 4870 aliquot,
2604 4797 2863 4870 corporis,
2901 4807 3055 4864 atque
3079 4800 3304 4870 externis
3346 4800 3513 4855 bonis.
3557 4800 3801 4870 Optime,

2190 4869 2459 4941 siquidem
2506 4884 2616 4924 vox
2648 4869 2893 4941 corporis
2927 4869 3175 4941 congruit
3211 4885 3334 4924 eum
3387 4871 3559 4936 bonis;
3573 4869 3636 4927 ut
3657 4872 3803 4931 infra

2191 4939 2397 5000 clarius
2430 4940 2773 5012 exprimitur.
2806 4940 2889 5012 Et,
2921 4950 3041 5008 post
3069 4939 3207 4995 duos
3259 4956 3453 4998 versus
3510 4941 3599 4998 ubi
3636 4944 3802 5012 edin,

2190 5018 2346 5089 vitam
2389 5010 2591 5066 beatam
2641 5012 2698 5064 in
2740 5010 3259 5089 cogni_t_ior_:e;unus_
3287 5029 3418 5078 ms.,
3466 5015 3523 5068 in
3575 5010 3807 5089 conjun¥

2189 5086 2374 5150 ctione,
2429 5090 2537 5138 etc.
2569 5098 2584 5148 ;
2612 5096 2804 5137 omnes
2850 5082 2940 5136 alii
2982 5082 3171 5152 legunt
3209 5084 3369 5138 vitam
3397 5082 3801 5150 wternamfetc.

2188 5156 2357 5226 quue
2386 5155 2485 5226 ita
2519 5153 2818 5226 legendum
2845 5168 2969 5208 esse
3018 5154 3303 5209 declarant
3349 5171 3475 5226 quas
3534 5158 3809 5215 continuo

2188 5224 2312 5296 post
2332 5225 2673 5297 adducuntur
2703 5224 3000 5297 Scriptura;
3031 5224 3506 5291 tcstimonia,tum
3539 5229 3689 5297 quod
3720 5231 3809 5284 in-

2188 5295 2269 5354 fra
2294 5297 2515 5358 dicitur,
2543 5295 2707 5368 Habet
2736 5311 2858 5368 ergo
2898 5296 3058 5349 vitam
3079 5305 3329 5368 (sternam
3356 5296 3509 5368 ﬁdes.
3533 5295 3711 5355 Porro
3735 5318 3808 5360 ex

2191 5379 2302 5425 tota
2324 5367 2467 5423 serie
2490 5367 2651 5423 facile
2690 5365 2965 5428 intelligas
3005 5381 3110 5421 non
3140 5365 3231 5422 hic
3257 5365 3439 5437 agi'de
3466 5368 3562 5424 illa
3591 5380 3808 5429 mterna

2191 5441 2324 5513 vita,
2352 5456 2471 5513 quae
2497 5439 2953 5513 resurrectionem
2985 5446 3251 5513 secutura
3277 5450 3361 5513 est
3391 5480 3406 5505 ,
3432 5440 3528 5494 sed
3550 5456 3675 5511 qua:
3705 5458 3811 5513 per

2176 5511 2336 5568 «hanc
2370 5508 2532 5565 etiam
2556 5509 2693 5563 lucis
2718 5523 2947 5582 usuram
2971 5524 3000 5561 ιι
3019 5508 3186 5578 justis
3206 5509 3441 5573 vivitur;
3469 5525 3535 5567 ac
3564 5508 3812 5582 proinde

2193 5585 2361 5638 vitam
2391 5591 2652 5636 aeternam
2689 5579 2950 5650 appellari
2979 5594 3100 5650 eam
3148 5596 3269 5650 qua:
3303 5584 3376 5635 sit
3418 5579 3597 5646 beata,
3628 5595 3692 5639 ut
3712 5602 3813 5641 su-

2191 5670 2290 5728 pra
2331 5651 2434 5709 sub
2481 5651 2642 5706 linem
2672 5649 2877 5728 cap.__l_
2905 5649 3236 5719 declaratur,
3296 5663 3697 5727 proptereaque
3750 5660 3811 5717 in

2192 5720 2359 5783 iensu
2388 5738 2493 5776 non
2520 5735 2731 5776 errasse
2749 5720 3038 5776 editiones.
