4078 6306
210 316 320 374 105

1270 320 1358 378 DE
1397 319 1682 378 OFFlCllS
1719 317 2196 380 MlNlSTBORUM
2236 323 2364 380 LIB.
2409 323 2470 380 ll.

3421 329 3527 386 106

210 443 401 489 catum
437 436 771 505 (anteriores
819 438 964 494 enim
1012 437 1307 509 Evangelio
1355 439 1663 510 philosophi
1692 481 1706 504 ,
1761 439 1814 494 id
1843 436 1898 497 A
1924 439 2004 494 vel
2031 440 2297 503 externis,
2329 453 2504 509 neque
2533 440 2812 494 minuatur
2839 439 3114 496 adversis:
3146 439 3388 511 nihilque
3419 454 3526 496 tam

212 535 320 592 est,
357 527 691 586 Aristoteles
731 540 785 585 et
827 531 1256 603 TheOphrastus,
1287 535 1372 588 vel
1417 534 1600 589 Zenon
1655 543 1820 605 atque

215 619 613 693 llieronymus,
647 626 741 681 sed
790 626 1124 696 posteriores
1165 629 1487 699 prophetis),
1531 629 1637 702 72
1677 632 1823 686 acci-

213 713 367 784 piant
395 731 562 785 quam
590 717 751 790 longe
793 730 1086 790 antequam
1132 721 1579 796 philosophorum
1619 739 1818 780 nomen

215 809 526 878 audiretur,
552 828 652 883 per
679 829 741 869 os
771 816 943 871 sancti
975 815 1146 872 David
1197 828 1490 890 utrumque
1519 830 1708 889 aperte
1739 822 1820 876 vi-

215 895 414 956 deatur
440 917 785 973 expressum.
819 905 1095 977 Scriptum
1123 918 1208 964 est
1235 910 1384 965 enim
1412 929 1424 965 :
1448 911 1642 967 Beatus
1671 929 1821 983 quem

220 1001 274 1046 tu
319 994 599 1062 erudieris,
649 995 906 1066 Domine;
960 1009 1010 1054 et
1054 1001 1119 1055 de
1174 1001 1283 1074 lege
1314 1014 1401 1057 tua
1425 1004 1660 1060 docueris
1706 1023 1822 1062 eum

219 1085 398 1155 (Psal.
425 1104 578 1157 xcm,
606 1089 719 1163 12).
748 1091 1026 1150 Habemus
1043 1105 1097 1150 et
1123 1096 1250 1152 alibi
1276 1114 1290 1150 :
1315 1097 1507 1154 Beatus
1535 1101 1613 1155 vir
1641 1103 1732 1172 qui
1754 1104 1822 1157 ti-

215 1193 315 1237 met
345 1181 651 1252 Dominum,
679 1187 730 1240 in
763 1189 1022 1245 mandatis
1047 1191 1160 1261 ejus
1200 1193 1369 1264 cupiet
1386 1195 1537 1249 nimis
1561 1194 1682 1266 (Ps.
1710 1213 1821 1264 cxt,

217 1275 295 1348 1).
324 1277 620 1335 Docuimus
650 1279 717 1336 de
740 1282 1078 1353 cognitione,
1102 1286 1256 1357 cujus
1287 1290 1569 1357 praemium
1609 1293 1826 1347 αξιοι-ηἰ-

216 1371 352 1426 tatis
372 1370 610 1428 fructum
633 1389 756 1430 esse
797 1378 1145 1446 memoravit,
1197 1381 1462 1452 adjiciens
1504 1383 1779 1456 Propheta
1805 1430 1821 1456 ,

217 1471 243 1498 δ
270 1464 400 1533 quia
433 1465 485 1519 iu
513 1465 678 1521 domo
708 1467 872 1538 hujus
903 1469 1145 1528 timentis
1175 1473 1486 1542 Dominum,
1511 1477 1597 1532 vel
1627 1479 1826 1535 eruditi

215 1557 270 1613 in
301 1558 469 1631 Lege,
497 1571 553 1617 et
602 1563 877 1632 cupientis
923 1567 976 1620 in
1007 1549 1504 1626 mandatis-divinis
1531 1590 1544 1627 :
1575 1571 1756 1628 Gloria
1780 1584 1827 1629 et

217 1652 435 1721 divitias,
469 1663 520 1708 et
530 1657 741 1728 justitia
765 1659 878 1730 ejus
904 1671 1072 1716 manet
1100 1663 1155 1716 in
1184 1665 1432 1720 saeculum
1453 1669 1634 1722 saeculi
1658 1668 1822 1739 (Ibid.

216 1744 299 1817 3).
330 1747 411 1803 De
437 1749 695 1819 operibus
717 1767 935 1824 quoque
988 1755 1041 1810 in
1073 1757 1268 1813 eodem
1300 1760 1512 1830 psalmo
1540 1762 1827 1832 subjunxit

1921 531 2164 597 beatum,
2217 533 2318 587 nisi
2365 531 2511 602 quod
2539 548 2570 586 a
2599 541 2827 603 peccato
2872 534 3110 588 alienum
3145 534 3234 600 sit,
3270 534 3376 606 73
3417 537 3532 605 ple-

1923 641 2050 678 num
2083 624 2433 690 innocentiae,
2468 626 2732 696 repletum
2761 626 2953 696 gratiae
2990 626 3105 680 Dei.
3138 625 3416 695 Scriptum
3448 636 3527 681 est

1922 719 2066 773 enim
2102 718 2331 775 :Beatus
2358 722 2435 775 vir
2458 721 2545 791 qui
2577 737 2680 774 non
2715 719 2840 773 abiit
2889 720 2942 773 in
2971 720 3189 774 consilio
3225 720 3525 788 impiorum,

1921 820 1971 866 et
1998 813 2053 866 in
2090 813 2172 867 via
2198 822 2522 882 peccatorum
2549 829 2653 867 non
2682 814 2838 880 stetit,
2869 823 2917 868 et
2938 813 2989 866 in
3011 812 3257 867 cathedra
3284 812 3527 884 pestilen-

1925 905 2009 959 tia:
2048 921 2152 959 non
2190 906 2356 962 sedit:
2388 906 2479 960 sed
2507 907 2559 960 in
2587 907 2698 977 lege
2739 905 2952 960 Domini
2988 907 3088 974 fuit
3127 906 3365 960 voluntas
3416 909 3528 980 ejus

1925 993 2048 1067 (Ps.
2075 1013 2114 1061 ι,
2142 998 2196 1062 1,
2229 997 2308 1068 2).
2349 996 2418 1052 Et
2445 997 2574 1052 alibi
2605 1017 2616 1051 :
2643 996 2790 1054 Beati
2835 997 3153 1052 immaculati
3201 997 3255 1051 in
3289 997 3388 1064 via,
3442 1014 3530 1068 qui

1922 1088 2191 1143 ambulant
2217 1089 2272 1144 in
2302 1090 2414 1162 lege
2439 1089 2652 1146 Domini
2681 1091 2801 1164 (Ps.
2834 1107 3028 1157 cxvnt,
3056 1091 3132 1160 1).

1998 1185 2051 1240 9.
2096 1183 2409 1240 lnnocentia
2450 1185 2615 1255 igitur
2657 1195 2709 1242 et
2755 1187 2983 1244 scientia
3031 1190 3251 1245 beatum
3301 1189 3534 1244 faciunt.

1925 1278 2092 1336 Bona:
2121 1296 2336 1352 quoque
2378 1282 2709 1352 operationis
2738 1284 3050 1340 mercedem
3084 1302 3206 1342 esse
3236 1285 3533 1342 beatitudi-

1927 1390 2050 1429 nem
2081 1375 2208 1429 vita:
2234 1385 2454 1430 aeterna:
2476 1377 2728 1446 superius
2753 1377 3090 1434 advertimus
3115 1379 3433 1450 (Sup.,cap.
3451 1376 3532 1448 2).

1928 1468 2117 1525 Restat
2145 1470 2307 1540 igitur
2335 1481 2393 1525 ut
2420 1481 2606 1542 spreto
2643 1474 2943 1542 patrocinio
2975 1475 3286 1543 voluptatis,
3317 1484 3410 1527 aut
3439 1473 3536 1528 do-

1929 1563 2058 1619 loris
2087 1573 2234 1620 metu
2265 1565 2517 1636 (quorum
2549 1567 2780 1621 alterum
2812 1568 2967 1638 quasi
3000 1567 3284 1622 infractum
3312 1575 3369 1621 et
3394 1566 3535 1621 mol—

1929 1657 2152 1713 liculum
2176 1700 2191 1723 ,
2231 1659 2465 1715 alterum
2502 1661 2654 1730 quasi
2685 1660 2951 1714 eviralum
2981 1671 3035 1716 et
3080 1662 3352 1716 inﬁrmum
3383 1657 3411 1696 ἀ
3440 1659 3556 1715 de--

1932 1749 2145 1821 spuit),
2181 1751 2234 1806 in
2295 1743 2428 1822 ip'sis
2485 1752 2766 1807 doloribus
2825 1753 2986 1808 vitam
3021 1754 3234 1808 beatam
3293 1753 3539 1809 eminere

215 1839 344 1893 vita:
377 1851 599 1896 aeterna:
621 1854 914 1914 suppetere
941 1850 1223 1917 przemium
1243 1827 1360 1906 viro
1378 1852 1548 1921 justo.
1585 1827 1827 1927 Denique

1951 1843 2291 1901 lemonstret.
2331 1846 2487 1914 Quod
2526 1846 2685 1902 facile
2724 1847 2912 1903 doceri
2958 1858 3156 1918 potest,
3189 1865 3312 1903 cum
3345 1847 3542 1918 legeri-

218 1933 297 1988 ait
331 1951 345 1988 :
378 1934 570 1991 Beatus
620 1939 696 1992 vir
721 1942 808 2010 qui
856 1943 1129 1998 miseretur
1171 1956 1220 2000 et
1249 1949 1562 2015 commodat,
1592 1950 1830 2020 disponet

219 2045 486 2086 sermones
515 2049 639 2087 suos
665 2034 717 2087 in
737 2036 990 2108 judicio;
1016 2039 1135 2108 quia
1175 2040 1230 2094 in
1274 2044 1524 2098 saeculum
1555 2061 1658 2099 non
1689 2063 1830 2100 com-

219 2127 528 2183 movebitur.
559 2127 629 2184 ln
663 2133 911 2186 memoria
927 2145 1120 2189 (eterna
1146 2138 1244 2190 erit
1260 2141 1440 2211 justus
1469 2139 1520 2210 (1
1530 2140 1659 2208 bid.,
1689 2141 1828 2213 5,6).

222 2218 291 2274 Et
319 2220 462 2276 infra
495 2219 806 2295 :Dispersit,
835 2225 976 2280 dedit
1007 2228 1338 2299 pauperibus,
1347 2233 1555 2304 justitia
1584 2237 1696 2307 ejus
1722 2252 1833 2290 ma-

223 2322 311 2366 net
341 2313 395 2366 in
411 2323 660 2369 (sternunt
682 2314 873 2390 (Ibid.,
903 2318 982 2390 9).

301 2407 353 2460 7.
387 2406 565 2463 Habet
589 2423 722 2480 ergo
752 2411 917 2466 vitam
962 2422 1223 2471 eternant
1271 2417 1427 2484 ﬁdes,
1457 2423 1584 2491 quia
1633 2422 1832 2479 funda-

226 2508 478 2556 mentum
505 2512 588 2557 est
619 2502 818 2558 bonum
855 2521 868 2561 :
905 2506 1111 2562 habent
1139 2519 1195 2564 et
1234 2510 1376 2566 bona
1407 2511 1574 2581 facta,
1596 2515 1721 2585 quia
1748 2517 1836 2572 vir

221 2594 408 2664 justus
433 2604 492 2651 et
510 2594 672 2652 dictis
700 2606 756 2652 et
800 2599 964 2656 rebus
992 2602 1274 2671 probatur.
1306 2605 1438 2660 Nam
1497 2607 1542 2662 si
1570 2610 1838 2665 exercita-

228 2697 320 2742 tus
360 2689 434 2743 sit
477 2689 531 2744 in
587 2693 956 2761 sermonibus,
999 2705 1055 2749 et
1084 2696 1394 2754 desidiosus
1449 2699 1504 2755 in
1551 2703 1834 2774 operibus,

226 2780 584 2853 prudentiam
639 2799 796 2841 suam
822 2786 851 2826 ιι
901 2787 1060 2844 factis
1109 2791 1354 2847 refellit:
1400 2804 1456 2850 et
1493 2797 1713 2866 gravius
1755 2806 1841 2854 est

227 2874 378 2930 scire
405 2875 540 2946 quid
569 2875 762 2947 facias,
795 2895 898 2936 nec
922 2879 1120 2938 fecisse
1141 2883 1284 2954 quod
1308 2884 1615 2942 faciendum
1637 2904 1839 2961 cogno-

229 2971 403 3024 veris.
435 2969 640 3027 Contra
665 2989 879 3045 quoque
908 2986 1189 3034 strenuum
1217 2995 1340 3037 esse
1369 2981 1422 3036 in
1449 2985 1728 3053 operibus,
1762 2986 1841 3040 af-

230 3063 382 3119 fectu
409 3064 660 3132 inﬁdum,
683 3068 754 3121 ita
783 3077 870 3124 est
913 3084 977 3126 ac
1003 3071 1050 3126 si
1081 3073 1280 3129 vitioso
1335 3073 1689 3133 fundamento
1720 3079 1842 3150 pul-

231 3159 369 3215 chra
398 3159 700 3216 culminum
731 3162 868 3218 velis
897 3163 1117 3222 elevare
1173 3169 1381 3240 fastigia
1415 3187 1430 3223 :
1463 3186 1570 3242 quo
1595 3172 1717 3244 plus
1747 3190 1843 3230 ex-

230 3254 530 3319 struxeris,
553 3255 673 3324 plus
711 3258 950 3324 corruit;
985 3260 1110 3330 quia
1149 3261 1271 3318 sine
1298 3227 1660 3322 “munit-neuio
1717 3268 1842 3324 ﬁdei
1867 3227 1916 3293 Ο

231 3343 380 3402 bona
431 3361 601 3416 opera
656 3361 764 3402 non
815 3359 1044 3419 possunt
1098 3367 1342 3409 manere.
1384 3353 1554 3411 Inﬁda
1600 3359 1763 3413 statio
1787 3359 1844 3415 in

233 3449 403 3508 portu
433 3451 627 3494 navem
677 3440 941 3510 perforat,
973 3451 1027 3497 et
1077 3458 1368 3501 arenosum
1400 3447 1573 3503 solum
1613 3450 1724 3505 cito
1750 3466 1844 3507 ce-

234 3530 373 3598 dit,
427 3546 531 3587 nec
580 3541 762 3603 potest
815 3535 1084 3606 impositae
1141 3537 1520 3594 aediﬁcationis
1575 3543 1849 3599 sustinere

233 3638 438 3680 onera.
465 3623 540 3678 lbi
569 3639 699 3696 ergo
737 3627 1016 3696 plenitudo
1041 3629 1269 3700 prazmii,
1306 3631 1399 3687 ubi
1431 3633 1695 3690 virtutum
1728 3652 1847 3706 per-

236 3717 436 3783 fectio,
466 3725 523 3774 et
547 3719 793 3790 quaedam
816 3719 869 3776 in
893 3720 1052 3778 factis
1081 3731 1244 3795 atque
1261 3723 1426 3781 dictis
1453 3727 1737 3797 aequalitas
1759 3743 1849 3784 so-

235 3811 527 3868 brietatis.

896 3911 1125 3969 CAPUT
1163 3914 1256 3971 Ill.

244 3995 423 4054 Petita
479 4015 508 4055 e
548 3999 839 4071 Scripturis
905 4003 1240 4061 beatitudinis
1301 4007 1532 4080 deﬁnitio
1606 4013 1853 4081 expendi-

321 4101 425 4160 tur,
449 4093 932 4168 demonstraturque
968 4097 1102 4152 nihil
1137 4100 1241 4171 ipsi
1281 4102 1360 4156 vel
1409 4115 1620 4174 propter
1643 4117 1851 4164 externa

321 4184 454 4239 bona
473 4187 738 4255 accedere,
771 4189 848 4243 vel
876 4189 1120 4245 decedere
1165 4202 1372 4265 prapter
1398 4196 1740 4254 incommoda.

325 4278 379 4334 8.
414 4279 482 4334 Et
510 4281 768 4350 quoniam
815 4282 930 4338 sola
985 4299 1166 4339 rerum
1198 4285 1428 4342 scientia
1475 4292 1700 4361 explosa
1745 4302 1849 4358 est,

246 4371 339 4426 vel
368 4373 521 4444 quasi
545 4373 721 4430 inanis
743 4375 1041 4431 secundum
1065 4376 1434 4449 Philosophia:
1454 4383 1854 4453 disputationes

248 4465 582 4535 superﬂuas,
615 4465 702 4521 vel
731 4467 887 4538 quasi
917 4467 1298 4540 semiperfecta
1328 4475 1639 4540 sententia;
1672 4477 1854 4532 consi-

251 4557 511 4615 deremus
538 4576 701 4630 quam
734 4561 962 4618 enodem
989 4563 1056 4620 de
1083 4580 1150 4620 eo
1170 4566 1350 4621 divina
1375 4569 1641 4638 scriptura
1667 4569 1853 4626 absol-

252 4662 346 4708 vat
374 4656 723 4725 sententiain,
756 4656 824 4712 de
871 4673 978 4728 quo
1009 4669 1030 4698 ο
1063 4668 1169 4714 tam
1204 4661 1530 4732 multiplices
1570 4674 1625 4718 et
1673 4664 1854 4734 impli-

252 4758 408 4802 catas
436 4757 602 4819 atque
649 4749 906 4806 confusas
933 4751 1177 4808 videmus
1205 4769 1328 4810 esse
1373 4757 1706 4824 qumstiones
1733 4757 1858 4813 Phi-

254 4837 547 4910 losophite.
595 4841 744 4897 Nihil
793 4845 940 4899 enim
991 4844 1194 4901 bonum
1246 4846 1526 4918 Scriptura
1575 4849 1678 4905 nisi
1717 4849 1862 4921 quod

258 4933 554 4991 honestum
597 4940 812 5004 asserit,
847 4938 1213 5009 virtutemque
1239 4939 1290 4994 in
1325 4941 1473 4996 omni
1505 4957 1689 4997 rerum
1719 4953 1861 4999 statu

259 5026 474 5083 beatam
503 5028 736 5099 judicat,
765 5047 886 5102 qua:
916 5047 1094 5102 neque
1114 5041 1378 5101 augeatur
1400 5032 1558 5088 bonis
1587 5036 1857 5105 corporis,

339 5153 366 5181 ⁸
398 5145 468 5219 Ita
498 5163 630 5201 mss.
662 5148 834 5203 multo
858 5147 1036 5218 plures
1068 5149 1443 5219 potioresque:
1468 5149 1555 5203 alii
1580 5160 1759 5205 autem
1788 5161 1870 5206 at-

264 5216 552 5291 que_edit.,
570 5235 686 5285 qua:
711 5221 810 5274 sint
841 5216 894 5273 in
922 5216 1141 5275 domo...
1170 5216 1372 5286 Gloria,
1398 5221 1584 5291 inquit,
1602 5232 1648 5276 et
1679 5223 1872 5279 divitia:

264 5289 507 5364 ln_do_m_o
537 5294 675 5364 ejus,
707 5302 815 5346 etc.

339 5357 368 5397 δ
393 5357 638 5435 Εάὶιξειο
665 5378 796 5416 mss.
839 5363 1067 5435 aliquot,
1103 5364 1256 5435 factis
1285 5362 1506 5434 repellit.

344 5441 369 5469 ο
392 5431 606 5488 Tullius
649 5435 701 5488 in
729 5434 880 5488 libris
908 5431 977 5488 de
1007 5431 1126 5490 Fin.
1171 5435 1298 5489 bon.
1325 5431 1376 5488 et
1403 5436 1530 5488 mal.
1566 5451 1666 5491 nec
1688 5453 1795 5493 non
1821 5439 1871 5494 in

269 5501 494 5575 Tuscul.
522 5517 716 5572 qumst.
753 5515 860 5559 tam
915 5507 1116 5562 m'iltas
1147 5507 1430 5575 opiniones
1479 5508 1620 5562 circa
1655 5519 1874 5564 natura—

270 5573 380 5628 lem
419 5576 577 5644 hujus
603 5578 721 5631 vita:
755 5578 1140 5632 beatitudinem
1169 5573 1290 5631 esse
1327 5579 1590 5644 agnoscit,
1612 5581 1883 5636 uteonfu-

1933 1953 2054 1992 mus
2082 1956 2096 1992 :
2128 1935 2276 1990 Beati
2308 1939 2450 2005 estis,
2483 1956 2598 1993 cum
2626 1940 2768 1994 vobis
2799 1941 3124 2008 maledicent,
3158 1953 3203 1994 et
3236 1957 3542 2011 persequen-

1935 2039 2040 2096 tur,
2072 2038 2118 2083 et
2144 2029 2316 2084 dicent
2345 2047 2496 2086 omne
2522 2033 2718 2087 malum
2749 2033 2999 2088 adversus
3032 2050 3119 2087 vos
3151 2044 3360 2103 propter
3380 2035 3540 2107 justi-

1934 2119 2080 2179 tiam.
2137 2120 2370 2181 Gaudete
2423 2136 2468 2180 et
2522 2129 2806 2194 exsultate,
2850 2129 3097 2196 quoniam
3141 2145 3330 2183 merces
3369 2139 3540 2183 vestra

1937 2219 2147 2290 capiosa
2173 2229 2246 2273 est
2271 2219 2323 2272 in
2349 2220 2494 2274 cwlo.
2534 2220 2628 2274 Sic
2653 2221 2788 2274 enim
2816 2221 3065 2289 persecuti
3084 2231 3205 2274 sunt
3246 2231 3292 2275 et
3321 2222 3544 2292 prophe-

1937 2323 2037 2380 tas,
2068 2315 2156 2383 qui
2197 2324 2344 2368 erant
2373 2323 2493 2368 ante
2534 2331 2623 2369 vos
2653 2313 2869 2386 (Matth.
2904 2331 2956 2382 v,
3005 2317 3095 2383 11,
3131 2315 3239 2387 12).
3274 2316 3342 2371 Et
3373 2316 3502 2370 alibi
3532 2334 3540 2341 ·

1941 2405 2044 2472 Qui
2082 2407 2188 2461 vult
2227 2411 2398 2461 venire
2432 2416 2546 2478 post
2589 2423 2689 2474 me,
2720 2418 2742 2444 ο
2771 2407 2921 2462 tollat
2950 2425 3152 2463 crucem
3181 2425 3351 2476 suam,
3384 2420 3431 2463 et
3459 2426 3542 2464 sc-

1936 2511 2129 2570 quatur
2152 2517 2233 2556 me
2254 2498 2469 2572 (Matth.
2500 2515 2617 2566 xvr,
2649 2500 2763 2568 24).

2557 2593 2786 2651 CAPUT
2825 2594 2916 2650 IV.

1941 2685 2093 2742 Idem
2137 2697 2520 2759 argumentum,
2553 2688 2749 2742 scilicet
2788 2687 2938 2744 rebus
2979 2690 3201 2743 externis
3241 2705 3344 2744 non
3388 2692 3550 2746 minui

2011 2798 2174 2853 neque
2209 2782 2390 2854 augeri
2435 2781 2807 2838 beatitudinem
2827 2825 2841 2850 ,
2870 2793 3096 2838 veterum
3124 2785 3370 2854 exemplis
3395 2785 3550 2839 illus-

2014 2885 2202 2930 (ratur.

2017 2969 2106 3026 10.
2150 2971 2248 3026 Est
2275 2985 2406 3042 ergo
2436 2970 2721 3027 beatitudo
2743 2981 2796 3027 et
2825 2972 2877 3026 in
2905 2971 3205 3037 doloribus,
3232 2986 3370 3042 quos
3392 2971 3552 3042 plena

1943 3063 2226 3118 suavitatis
2257 3065 2432 3120 virtus
2462 3066 2776 3136 comprimit
2801 3075 2854 3120 et
2893 3076 3132 3133 coercet,
3170 3067 3284 3135 ipsa
3318 3065 3421 3120 sibi
3451 3064 3551 3119 do-

1945 3156 2189 3212 mesticis
2231 3158 2423 3228 opibus
2466 3158 2780 3224 abundans,
2825 3157 2845 3196 ί
2888 3158 2975 3212 vel
3021 3159 3087 3212 ad
3136 3159 3552 3224 conscientiam,

1948 3252 2032 3306 vel
2073 3251 2139 3305 ad
2181 3253 2430 3322 gratiam.
2463 3252 2650 3323 Neque
2679 3253 2824 3307 enim
2860 3267 3050 3322 parum
3095 3253 3286 3305 beatus
3317 3250 3554 3322 Moyses,

1949 3365 2070 3405 cum
2106 3348 2487 3421 Egyptiorum
2519 3349 2754 3403 vallatus
2790 3346 3028 3418 populis,
3062 3355 3117 3401 et
3151 3346 3286 3400 mari
3315 3346 3555 3411 clausus,

1949 3458 2046 3514 per
2085 3441 2282 3497 ﬂuctus
2317 3441 2418 3496 sibi
2461 3449 2516 3496 et
2548 3439 2747 3511 populo
2788 3449 3001 3510 patrum
3049 3437 3361 3510 pedestrem
3414 3436 3553 3492 viam

1950 3535 2050 3606 piis
2078 3536 2288 3590 meritis
2317 3532 2614 3588 invenisset
2653 3531 2849 3603 (Exod.
2889 3547 3003 3598 xxv,
3035 3530 3146 3603 15).
3193 3530 3424 3599 Quando
3459 3546 3556 3585 au-

1952 3640 2060 3685 tem
2099 3629 2311 3695 fortior,
2345 3644 2503 3699 quam
2547 3637 2673 3682 tunc
2705 3643 2827 3682 cum
2863 3628 3125 3683 extremis
3154 3631 3556 3683 circumventus

1951 3723 2207 3793 periculis
2228 3739 2335 3778 non
2359 3721 2684 3793 desperabat
2704 3721 2959 3789 salutem,
2976 3721 3071 3778 sed
3094 3721 3341 3794 exigebat
3365 3723 3555 3778 trium-

1951 3814 2156 3886 phum?

2025 3909 2114 3964 11.
2154 3909 2294 3976 Quid
2343 3911 2523 3965 Aaron
2551 3908 2808 3979 ,quando
2851 3923 2910 3964 se
2958 3909 3258 3964 beatiorem
3302 3907 3556 3974 credidit,

1950 4020 2110 4076 quam
2139 4011 2269 4060 tunc
2299 4003 2516 4074 quando
2546 4002 2757 4058 medius
2788 4002 2940 4058 stetit
2969 4004 3114 4059 inter
3138 4005 3293 4058 vivos
3318 4019 3382 4058 ac
3412 4019 3560 4058 mor-

1953 4107 2098 4163 tuos,
2126 4106 2184 4154 et
2218 4095 2434 4168 obiectu
2463 4096 2546 4150 sui
2579 4096 2772 4150 statuit
2798 4107 3062 4161 mortem,
3098 4110 3167 4150 ne
3195 4095 3262 4149 ad
3304 4096 3554 4151 vivorum

1954 4193 2212 4248 transiret
2256 4191 2471 4262 agmina
2501 4205 2530 4245 a
2567 4190 2924 4246 cadaveribus
2965 4198 3306 4245 mortuorum
3354 4187 3555 4256 (Num.

1955 4301 2073 4350 xvi,
2103 4283 2232 4354 48)?
2251 4283 2394 4354 Quid
2422 4282 2492 4339 de
2521 4297 2690 4353 puero
2722 4282 2942 4338 Daniele
2972 4282 3185 4352 loquar,
3217 4282 3305 4352 qui
3335 4290 3444 4336 tam
3472 4297 3560 4336 sa-

1954 4379 2109 4446 piens
2144 4385 2282 4441 erat,
2317 4384 2374 4430 ut
2414 4375 2556 4431 inter
2595 4375 2786 4430 leones
2819 4374 2964 4429 fame
3001 4384 3374 4444 exasperatos,
3409 4375 3556 4428 nulla

1952 4467 2194 4525 bestialis
2223 4468 2451 4524 saevitia:
2483 4467 2772 4524 formidine
2794 4467 3167 4537 frangeretur:
3197 4469 3267 4521 ita
3297 4467 3505 4522 alienus
3528 4482 3555 4520 a

1955 4571 2124 4631 metu,
2156 4571 2214 4617 ut
2239 4570 2424 4634 posset
2448 4561 2682 4632 epulari,
2712 4577 2810 4616 nec
2832 4571 3136 4626 vereretur,
3161 4577 3228 4616 ne
3253 4561 3319 4616 ad
3344 4571 3556 4632 pastum

1960 4653 2208 4723 exemplo
2239 4653 2327 4707 sui
2358 4652 2500 4708 feras
2533 4662 2856 4722 provocaret
2889 4650 3051 4725 (Dan.
3086 4653 3238 4721 11v)?

2033 4748 2120 4802 12.
2162 4746 2262 4802 Est
2305 4761 2434 4816 ergo
2471 4755 2526 4801 et
2575 4749 2628 4800 in
2664 4746 2854 4801 dolore
2880 4746 3078 4810 virtus,
3111 4761 3231 4815 qua:
3259 4745 3364 4801 sibi
3402 4745 3561 4801 bona:

1964 4841 2282 4896 suavitatem
2311 4838 2565 4896 exhibeat
2591 4839 2969 4905 conscientia};
2999 4846 3054 4894 et
3082 4837 3204 4894 ideo
3231 4839 3427 4894 indicio
3455 4850 3561 4910 est,

1963 4934 2108 5004 quod
2155 4949 2261 4988 non
2308 4932 2516 4988 minuat.
2555 4930 2714 4987 dolor
2755 4932 2971 4987 virtutis
3016 4933 3371 5003 voluptatem.
3413 4932 3564 4988 Sicut

1964 5041 2095 5096 ergo
2121 5026 2267 5082 nulla
2298 5025 2477 5080 virtuti
2504 5024 2756 5080 decessio
2785 5024 3138 5081 beatitudinis
3167 5040 3263 5096 per
3297 5023 3564 5091 dolorem,

1973 5146 2294 5207 Adeundum
2341 5143 2445 5196 hoc
2489 5139 2632 5194 idem
2679 5148 2843 5209 caput
2889 5140 3028 5195 sicut
3058 5141 3165 5196 duo
3215 5137 3456 5209 proxime
3482 5154 3570 5194 se-

1974 5221 2302 5294 quentia,ex_
2320 5213 2514 5294 quibus
2537 5228 2644 5294 non
2668 5227 2871 5294 parum
2903 5212 3038 5268 lucis
3088 5213 3173 5267 his
3200 5228 3320 5280 qua:
3345 5209 3569 5264 tradun-

1974 5285 2062 5349 t'ur
2089 5292 2156 5346 ab
2185 5285 2495 5350 Ambrosio,
2517 5285 2680 5351 adjici
2703 5291 2897 5359 potest.
3203 5353 3212 5359 .
3352 5350 3360 5359 _

2047 5363 2074 5401 ά
2126 5361 2273 5417 Edit.
2322 5372 2443 5412 cum
2503 5371 2610 5409 uno
2657 5356 2947 5424 autaltero
2976 5368 3149 5422 mss.,
3179 5353 3571 5421 despuitur.....

1977 5437 2318 5491 demonstrem
2353 5445 2372 5482 :
2418 5427 2510 5480 alii
2561 5440 2691 5480 mss.
2722 5440 2916 5494 magno
2944 5441 3170 5479 numero
3197 5437 3250 5477 et
3281 5438 3574 5490 consensu,

1981 5507 2300 5578 despuit.....
2332 5499 2669 5578 demonstrat.
2691 5497 2805 5578 Non
2825 5495 3195 5578 incommode,
3217 5495 3261 5547 si
3286 5494 3447 5546 modo
3473 5495 3575 5550 ista

1985 5566 2094 5635 duo
2151 5575 2320 5630 verba
2373 5567 2578 5626 referas
2605 5568 2674 5623 ad
2721 5566 3059 5634 Scripturam
3091 5566 3160 5620 de
3211 5579 3316 5634 qua
3346 5581 3579 5621 numero

271 5645 450 5722 sionis
477 5647 708 5722 vitanda:
749 5664 910 5703 causa
940 5659 1166 5718 cogatur
1210 5648 1332 5702 illas
1362 5648 1671 5722 admcertunt
1697 5670 1888 5722 quetn-
1987 5645 2275 5722 superiori-

271 5715 398 5770 dam
429 5719 676 5774 ordinem
709 5729 870 5790 atque
903 5715 1077 5788 capita
1111 5735 1389 5776 revocare.
1424 5719 1656 5776 Sanctus
1703 5715 1885 5778 autem

273 5791 615 5858 Augustinus
667 5791 758 5846 lib.
792 5807 882 5845 nux
932 5792 998 5846 de
1026 5791 1142 5846 Civ.
1177 5792 1296 5857 ltei,
1325 5805 1447 5860 cap.
1491 5793 1547 5858 1,
1591 5807 1622 5846 a
1645 5793 1892 5850 Varrone

275 5861 556 5933 proditum
580 5861 765 5918 scribit
795 5863 1012 5917 easdem
1040 5877 1206 5932 usque
1234 5861 1300 5917 ad
1328 5862 1435 5917 9.88
1458 5878 1620 5934 posse
1645 5865 1892 5934 perduci.

728 5955 1004 6018 Panos.
1048 5954 1222 6020 XVI.

2067 5704 2296 5784 ὲΕιιὶιη
2325 5720 2440 5784 post
2469 5726 2568 5779 me,
2603 5711 2812 5780 abneget
2840 5705 3204 5776 semetipsum,
3236 5704 3404 5773 tollat;
3430 5723 3582 5778 mss.,

1994 5801 2230 5864 postme,
2255 5788 2422 5841 tollat.
2657 5850 2668 5864 .
2751 5849 2762 5864 .
2829 5863 2835 5864 γ
2914 5855 2925 5864 ι
3005 5849 3036 5864 Δ,

2071 5861 2090 5900 ί
2134 5849 2256 5916 Mss.
2294 5853 2560 5919 nonnulli,
2591 5850 2668 5905 vel
2696 5849 2762 5903 ad
2784 5849 3170 5921 constantiam,.

3127 5945 3163 6006 ι,
