4078 6306
258 267 366 332 109

1327 277 1413 333 DE
1452 275 1749 336 OFFICIIS
1786 275 2260 336 MINISTRORUM
2307 277 2435 335 LlB.
2479 279 2542 335 li.

3491 280 3595 340 HO

256 391 481 461 beatus,
513 409 685 468 quam
705 395 751 454 si
785 397 870 452 illa
902 410 1006 451 non
1035 394 1386 468 pertulisset,
1430 397 1483 452 in
1516 397 1713 467 quibus
1751 413 1865 453 ma-
1895 400 1940 461 Α
1969 396 2126 468 guinc
2150 412 2263 450 meo
2293 393 2471 468 (Paul.
2506 410 2664 460 χιιι,
2690 395 2782 466 t0)
2814 411 2830 462 ;
2859 395 2913 451 id
2944 405 3051 462 est,
3085 397 3175 466 qui
3197 397 3420 467 iustitia:
3453 415 3592 456 mete

260 487 343 558 gis
373 488 643 558 probatus
669 498 754 546 est
782 488 902 563 (Job
934 505 974 554 1,
1012 490 1074 545 is
1103 505 1246 562 scq.;
1281 504 1340 555 11,
1370 489 1400 543 Ἰ
1423 489 1594 558 seq)?

332 581 426 638 Si.
462 584 598 640 Esto
628 594 813 642 tamen
851 587 1015 640 fuisse
1049 586 1100 639 in
1141 585 1252 640 illis
1281 584 1482 656 aliquid
1521 585 1873 649 acerbitatis,

264 691 426 748 quem
477 678 656 735 virtus
689 678 856 734 animi
910 695 1014 733 non
1056 677 1346 734 abscondit
1379 678 1642 734 dolorem.
1691 676 1876 747 Neque

267 774 412 831 enim
464 782 489 809 ⁸
535 775 871 844 profundum
921 790 1073 830 mare
1128 775 1476 846 negaverim,
1517 774 1640 845 quia
1676 772 1876 828 vadosa

266 876 392 924 sunt
420 867 605 923 littora
636 885 652 936 ;
689 885 863 941 neque
892 869 1093 927 omium
1136 869 1377 926 lucidum
1401 913 1414 935 ,
1448 870 1570 940 quia
1597 867 1872 924 interdum

265 962 543 1018 obtexitur
566 965 841 1021 nubibus:
888 981 1064 1036 neque
1133 974 1338 1022 terram
1381 963 1668 1019 fecundam
1696 1005 1710 1027 ,
1748 963 1876 1034 quia

265 1055 540 1126 aliquibus
564 1056 703 1116 locis
727 1057 908 1127 jejuna
932 1057 959 1096 δ
985 1059 1171 1126 glarea
1203 1069 1287 1114 est
1310 1073 1323 1110 :
1346 1066 1439 1112 aut
1459 1057 1609 1111 iratas
1638 1064 1871 1128 segetes,

264 1149 390 1219 quia
422 1148 792 1205 intermixtam
816 1151 995 1204 solent
1015 1150 1221 1205 habere
1247 1151 1490 1215 sterilem
1517 1164 1763 1203 avenam.
1792 1149 1877 1204 Si-

265 1241 469 1300 militer
499 1251 623 1312 puta
647 1254 669 1282 ε
697 1243 870 1300 beatas
896 1257 1134 1298 messem
1159 1243 1511 1298 conscientiae
1541 1242 1873 1312 interpellari

265 1336 451 1408 aliquo
491 1336 693 1396 acerbo
739 1329 972 1394 doloris.
1001 1336 1192 1396 Nonne
1221 1337 1390 1393 totius
1428 1337 1721 1409 manipulis
1749 1337 1874 1392 vitat

266 1428 475 1496 beatae,
509 1430 554 1488 si
583 1428 714 1503 quid
754 1428 896 1488 forte
925 1429 1124 1486 accidit
1162 1429 1378 1488 adversi
1410 1439 1574 1501 atque
1615 1430 1876 1486 amaritu-

265 1521 439 1590 dinis,
471 1531 748 1593 tamquam
775 1524 980 1582 sterilis
1017 1539 1188 1582 avena
1221 1525 1595 1588 absconditur,
1625 1537 1713 1579 aut
1740 1533 1877 1578 tam-

264 1631 426 1688 quam
451 1616 564 1670 lolii
605 1616 913 1674 amaritudo
944 1618 1205 1676 frumenti
1240 1618 1508 1674 suavitate
1542 1617 1874 1674 obducitur?

265 1705 291 1744 ι¹
309 1708 416 1768 Sed
434 1708 545 1782 jam
567 1708 636 1766 ad
672 1710 946 1784 proposita
979 1724 1294 1781 pergamus.

797 1804 924 1876 7s.
965 1801 1196 1861 CAPUT
1242 1805 1334 1864 v1.

260 1893 344 1952 De
367 1896 483 1950 utili
511 1913 614 1952 non
641 1905 935 1966 quastuoso
958 1897 1074 1964 illo,
1103 1897 1192 1954 sed
1223 1898 1372 1968 justo
1401 1908 1448 1954 et
1479 1897 1715 1962 lwtmto,
1740 1899 1876 1967 quod

333 1991 487 2052 etiam
517 1991 723 2046 damnis
761 1992 1008 2062 quatritur
1038 2006 1057 2046 :
1082 2008 1144 2047 ac
1169 1991 1422 2050 diuiditur
1459 1993 1513 2048 in
1541 1993 1666 2047 utile
1696 2007 1879 2063 corpo-

334 2101 479 2138 reum
502 2095 548 2142 et
585 2087 768 2158 pietati
780 2103 824 2140 s.

331 2179 423 2236 22.
471 2178 770 2248 Superiore
812 2180 951 2234 libro
982 2181 1054 2234 ita
1086 2189 1108 2218 θ
1142 2179 1472 2236 divisionem
1517 2178 1778 2245 fecimus,
1821 2189 1880 2234 ut

244 2273 439 2344 primo
469 2272 588 2326 loco
611 2282 759 2327 esset
787 2273 1076 2328 honestum
1110 2288 1172 2326 ac
1195 2272 1487 2339 decorum,
1517 2289 1545 2326 a
1573 2288 1682 2342 quo
1702 2271 1879 2328 cilicia

243 2365 620 2433 ducerentur,
648 2366 888 2424 secundo
911 2366 1032 2422 loco
1061 2365 1191 2436 quid
1217 2365 1371 2421 utile.
1419 2365 1486 2422 Et
1527 2365 1882 2434 quemadmo-

247 2460 388 2520 dum
416 2460 471 2515 in
506 2460 683 2532 primo
705 2459 944 2516 diximus
972 2460 1097 2529 quia
1130 2459 1274 2514 inter
1299 2458 1585 2514 honestum
1628 2467 1682 2513 et
1722 2457 1886 2516 decu.

244 2569 376 2617 rum
400 2564 488 2610 est
513 2553 763 2625 quedam
785 2551 1087 2618 distinctio,
1115 2567 1236 2622 qua:
1263 2551 1433 2621 inagis
1460 2551 1692 2622 intelligi
1717 2567 1879 2622 quam

249 2646 527 2716 explicari
557 2647 735 2718 possit
760 2662 773 2700 :
798 2646 876 2702 sic
906 2655 1100 2704 etcum
1129 2646 1259 2701 utile
1283 2655 1601 2710 tractamus,
1629 2645 1883 2702 conside-

248 2738 494 2798 randum
527 2739 748 2795 videtur
777 2738 906 2810 quid
951 2740 1163 2796 utilius.

323 2835 421 2890 σεδ.
456 2830 475 2870 τ
505 2832 818 2890 Utilitatem
849 2841 1034 2890 autem
1080 2849 1190 2888 non
1235 2833 1538 2903 pecuniarii
1581 2833 1713 2888 lucri
1745 2836 1888 2889 :esti-

258 2927 516 2982 matione
547 2926 923 2988 subducimus.
953 2925 1049 2984 sed
1080 2926 1440 2997 acquisitione
1473 2927 1717 2994 pietatis;
1751 2929 1891 2985 sicut

257 3015 573 3090 Apostolus
595 3017 668 3074 ait
704 3034 716 3071 :
752 3015 930 3070 Pietas
957 3026 1131 3070 autem
1164 3019 1231 3070 ad
1256 3019 1430 3077 onmia
1462 3019 1606 3074 utilis
1632 3029 1708 3074 est
1731 3062 1746 3087 ,
1779 3038 1892 3091 pro-

253 3112 573 3168 missionem
597 3109 792 3168 Itabens
819 3111 939 3166 υἰιω
965 3111 1235 3179 prmentis
1257 3120 1302 3166 et
1329 3111 1522 3180 futura!
1549 3112 1568 3184 (
1594 3113 1611 3168 i
1646 3112 1787 3168 Tim.
1807 3131 1858 3169 1v
1876 3158 1889 3181 ,

1983 489 2302 560 profectus?
2332 488 2484 546 Unde
2505 499 2564 545 et
2592 489 2674 544 illi
2707 504 2720 542 :
2753 491 3040 562 Alligcmus
3058 493 3284 563 justum,
3314 494 3436 562 quia
3467 495 3591 547 inu-

1979 584 2084 638 tilis
2110 593 2186 637 est
2207 584 2352 637 nobis
2383 582 2534 638 Esai.
2563 600 2645 652 ιιι,
2680 581 2805 653 10),
2846 583 2860 621 ί
2893 584 2945 639 id
2970 593 3075 648 est,
3106 585 3342 656 iujustus
3367 587 3457 655 qui
3489 603 3591 642 nos

1979 679 2197 748 arguit,
2229 679 2581 745 condemnat,
2613 677 2862 747 corripit.
2903 677 3055 733 Licet
3089 678 3192 732 hoc
3220 680 3395 748 possit
3423 679 3588 734 etiam

1976 772 2042 827 ad
2072 774 2351 828 avaritiam
2394 773 2675 829 hominum
2711 773 2998 844 impiorum
3026 772 3288 839 derivari,
3315 790 3436 842 qua:
3466 789 3590 843 per-

1977 865 2122 922 fidite
2169 867 2345 922 vicina
2392 877 2507 932 est;
2541 866 2682 921 sicut
2740 867 2794 922 in
2846 865 2982 922 Juda
3029 867 3312 934 proditore
3336 866 3589 936 legimus,

1977 963 2066 1032 qui
2097 963 2342 1016 avaritia:
2371 962 2554 1016 studio
2593 969 2648 1016 et
2677 961 2918 1032 pecunia:
2957 960 3255 1031 cupiditate
3275 1002 3290 1026 ,
3340 961 3591 1032 laqueum

1977 1055 2304 1125 proditionis
2328 1055 2560 1109 incurrit
2587 1065 2754 1125 atque
2779 1053 2989 1108 incidit.

2045 1145 2136 1200 95.
2184 1147 2259 1200 De
2306 1148 2406 1200 hac
2437 1147 2602 1216 igitur
2634 1146 2978 1201 tractandum
3023 1154 3110 1201 est
3137 1146 3423 1211 utilitate,
3471 1160 3592 1214 qua:

1976 1240 2046 1295 sit
2073 1241 2234 1309 plena
2266 1240 2590 1306 honestatis,
2632 1241 2774 1296 sicut
2799 1240 2932 1309 ipsis
2957 1240 3140 1296 verbis
3171 1241 3424 1296 delinivit
3452 1243 3594 1311 Apo—

1978 1332 2151 1388 stolus
2178 1332 2370 1388 dicens
2405 1350 2418 1386 ε
2452 1331 2569 1388 Hoc
2599 1345 2769 1390 autem
2802 1335 2870 1387 ad
2913 1335 3183 1390 utilitatem
3207 1346 3425 1390 uestram
3451 1337 3590 1401 dico,

1977 1442 2080 1480 non
2102 1437 2157 1480 ut
2181 1427 2416 1496 laqueum
2438 1428 2673 1501 injiciam
2699 1428 2860 1494 vobis,
2890 1428 2982 1484 sed
2997 1429 3065 1483 ad
3087 1429 3142 1483 id
3163 1429 3304 1502 quod
3318 1429 3592 1484 honestum

1978 1529 2052 1573 est
2085 1519 2127 1589 (i
2160 1518 2280 1573 Cor.
2334 1536 2428 1584 v11,
2465 1520 2582 1591 55).
2616 1521 2814 1592 Liquet
2851 1521 3015 1592 igitur
3065 1521 3078 1572 i
3130 1523 3275 1592 quod
3301 1523 3590 1577 honestum

1977 1620 2082 1676 et,
2127 1612 2258 1668 utile
2307 1627 2470 1678 esse;
2519 1623 2574 1668 et
2622 1613 2769 1685 quod
2801 1614 2968 1677 utile,
3007 1615 3295 1670 honestum
3323 1634 3336 1671 :
3362 1626 3416 1670 et
3449 1617 3592 1684 quod

1978 1703 2380 1773 utilejustum;
2415 1715 2471 1762 et
2493 1706 2638 1776 quod
2659 1707 2892 1776 justum,
2923 1709 3078 1764 utile.
3111 1709 3295 1780 Neque
3325 1711 3468 1765 enim
3497 1708 3598 1764 mi-

1911 1809 1958 1868 Β
1987 1796 2037 1850 lii
2062 1796 2126 1850 ad
2157 1808 2491 1854 mercatores
2522 1798 2666 1856 lucri
2707 1799 2961 1872 cupidine
2990 1817 3208 1867 avaros,
3238 1802 3333 1858 sed
3355 1802 3421 1856 ad
3456 1801 3597 1857 tilios

1980 1905 2163 1968 sermo
2187 1902 2290 1959 est,
2322 1903 2377 1948 et
2417 1908 2600 1950 sermo
2630 1893 2698 1949 de
2719 1893 2946 1962 Ofﬁciis,
2969 1911 3090 1966 quas
3112 1896 3268 1951 vobis
3287 1911 3428 1968 quos
3456 1895 3597 1966 elegi

1980 1965 2034 2038 in
2059 1982 2420 2039 ministerium
2453 1985 2690 2049 Domini,
2717 1965 2996 2044 inculcare
3019 1989 3197 2059 gestio
3223 1965 3387 2060 atque
3415 1965 3592 2044 infun-

1981 2077 2154 2140 dere;
2187 2086 2245 2132 nt
2270 2094 2333 2133 ea
2357 2094 2478 2148 quae
2497 2081 2774 2136 mentibus
2802 2097 2868 2136 ac
2896 2081 3139 2136 moribus
3169 2084 3368 2138 vestris
3399 2099 3501 2138 usu
3521 2095 3602 2137 at-

1982 2185 2087 2241 que
2112 2170 2454 2228 institutione
2470 2173 2665 2228 inolita
2679 2183 2840 2244 atque
2855 2174 2960 2247 77
2983 2175 3247 2246 impressa
3265 2186 3414 2245 sunt,
3434 2181 3596 2233 etiam

1982 2281 2240 2321 sermone
2263 2282 2327 2322 ac
2355 2268 2642 2338 disciplina
2666 2272 3003 2340 aperiantur.

2054 2359 2145 2415 26.
2175 2360 2359 2431 itaque
2390 2360 2459 2417 de
2479 2362 2713 2418 utilitate
2739 2362 3012 2430 dicturus,
3043 2374 3166 2419 utar
3192 2365 3286 2420 illo
3322 2366 3597 2420 versiculo

1986 2454 2311 2524 prophetico
2359 2472 2372 2508 :
2416 2453 2634 2509 Declina
2663 2472 2753 2510 cor
2788 2473 2956 2511 meum
2993 2457 3046 2511 in
3078 2458 3366 2513 testimonia
3405 2467 3512 2526 tua,
3551 2469 3598 2512 et

1987 2560 2088 2598 non
2119 2545 2170 2599 in
2198 2547 2468 2601 auaritiam
2495 2545 2699 2619 (Psal.,
2739 2547 2863 2613 “8,
2895 2548 3020 2618 36);
3053 2565 3122 2604 ne
3155 2551 3402 2606 utilitatis
3430 2564 3599 2605 sonus

1987 2639 2193 2696 excitet
2212 2640 2458 2708 pecunias
2481 2639 2856 2710 cupiditatem.
2889 2642 3132 2714 Denique
3161 2643 3326 2713 aliqui
3355 2642 3555 2700 habent
3583 2661 3596 2697 :

1987 2731 2208 2788 Declina
2238 2749 2326 2787 cor
2355 2750 2522 2788 meum
2545 2735 2599 2789 in
2631 2735 2928 2790 testimonia
2960 2746 3069 2804 tua,
3103 2748 3151 2792 et
3178 2738 3368 2792 nonad
3401 2737 3599 2791 utilita-

1991 2833 2129 2890 tem;
2163 2824 2264 2880 hoc
2291 2833 2396 2892 est,
2427 2825 2571 2881 illam
2603 2835 2909 2896 quaestuum
2943 2829 3209 2884 nundinas
3237 2840 3596 2899 aucupantem

1990 2919 2306 2986 utilitatem,
2332 2920 2480 2975 illam
2502 2936 2599 2976 usu
2631 2923 2912 2978 hominum
2937 2924 3004 2978 ad
3032 2927 3283 2994 pecunias
3305 2926 3480 2981 studia
3512 2926 3597 2980 in-

1991 3008 2186 3067 ﬂexam
2229 3027 2294 3067 ac
2321 3012 2647 3070 derivatum.
2691 3013 2866 3086 Vulgo
2894 3015 3036 3071 enim
3078 3016 3182 3074 hoc
3208 3018 3383 3073 solum
3413 3018 3602 3073 dicunt

1993 3105 2148 3174 utile,
2177 3107 2321 3178 quod
2346 3122 2714 3179 quaistnosum
2744 3127 2756 3163 :
2792 3126 2890 3165 nos
2917 3119 3097 3166 autem
3124 3112 3190 3165 de
3213 3127 3275 3167 ea
3307 3120 3600 3166 tractamus

251 3203 621 3274 8).]taquein
646 3201 1883 3274 scripturisdivinis.sidiligenterquzeranms,
1914 3198 1959 3260 C
1992 3201 2244 3270 utilitate,
2285 3218 2406 3273 qua:
2436 3202 2650 3258 damnis
2679 3208 2978 3273 qnmritur;
3014 3215 3069 3264 ut
3101 3206 3381 3261 Christum
3419 3207 3600 3262 lucre-

248 3314 412 3370 ’πρε
464 3298 771 3358 invenimus
815 3297 958 3367 quod
1007 3297 1296 3354 honestum
1336 3308 1443 3364 est,
1486 3299 1614 3356 utile
1651 3303 1878 3356 vocari:

253 3391 464 3451 Omnia
509 3390 631 3446 mihi
659 3391 812 3446 licent
841 3433 854 3458 ,
887 3391 980 3446 scd
1010 3408 1111 3447 non
1142 3392 1315 3449 omnia
1339 3392 1488 3448 utilia
1515 3405 1632 3449 sunt
1659 3395 1700 3467 (Ι
1732 3393 1880 3464 Cor.,

246 3499 337 3548 v1,
375 3482 493 3556 12).
523 3485 692 3554 Supra
731 3485 802 3542 de
843 3485 991 3541 vitiis
1033 3485 1378 3556 loquebatur.
1412 3485 1527 3542 Hoc
1553 3501 1684 3557 ergo
1709 3487 1878 3544 dicit:

248 3578 423 3642 Licet
453 3591 700 3650 peccare,
731 3579 826 3636 sed
856 3595 962 3634 non
991 3577 1174 3634 decet.
1205 3578 1263 3634 in
1295 3587 1562 3647 potestate
1593 3590 1718 3635 sunt
1751 3596 1878 3651 pec-

246 3685 413 3741 eata,
438 3673 534 3730 sed
561 3689 665 3727 non
689 3687 811 3728 sunt
837 3675 1086 3729 honesta.
1116 3673 1405 3730 Luxuriari
1432 3675 1875 3744 promptum,sed

246 3780 376 3828 non
398 3767 629 3841 justum.
659 3763 776 3824 Non
803 3764 950 3821 enim
995 3765 1103 3820 Deo
1130 3780 1253 3821 esca
1275 3808 1289 3833 ,
1323 3764 1440 3824 sed.
1463 3765 1637 3822 ventri
1666 3767 1878 3838 colligi-

252 3867 379 3920 tur.

329 3948 434 4006 2-1.
467 3948 610 4017 Ergo
638 3948 762 4020 quia
791 3947 934 4019 quod
967 3948 1116 4016 utile,
1140 3947 1193 4004 id
1220 3949 1382 4005 etiam
1405 3947 1609 4019 justum
1636 3969 1648 4004 :
1672 3949 1879 4020 justum

246 4049 430 4102 estut
453 4051 478 4089 ε
499 4039 801 4096 serviamus
815 4041 1032 4098 Christo
1049 4043 1137 4112 qui
1168 4057 1264 4098 nos
1289 4042 1552 4108 redemit;
1581 4041 1881 4113 ideojusti,

246 4138 350 4210 qui
377 4152 486 4208 pro
509 4135 628 4208 ejus
658 4136 874 4192 nomine
898 4136 1060 4192 inm-ti
1085 4151 1145 4190 se
1167 4136 1486 4192 obtulerunt
1517 4155 1528 4192 :
1575 4137 1758 4207 injusti
1790 4139 1882 4208 qui

247 4231 710 4296 declinaverunt,
737 4228 762 4266 ιι
793 4230 861 4286 de
889 4230 1086 4302 quibus
1112 4229 1276 4288 dicit:
1307 4230 1434 4299 Quae
1460 4232 1659 4286 utilitas
1689 4233 1876 4288 ἱιιδιιη⁸

332 4357 363 4386 ﬂ
426 4347 507 4402 Ex
552 4345 835 4403 Ciceronis
893 4345 985 4398 lib.
1022 4361 1056 4399 v
1087 4345 1152 4399 de
1185 4344 1306 4399 Fin.
1341 4346 1470 4400 bon.
1515 4357 1563 4398 ot
1611 4346 1737 4399 mal.
1771 4348 1873 4400 sub

1985 3311 2149 3361 mur,
2210 3296 2367 3367 cujus
2425 3307 2667 3367 qumstus
2723 3309 2802 3352 est
2857 3299 3029 3368 pietas
3083 3314 3205 3354 eum
3270 3299 3596 3355 sufficientia

1981 3389 2025 3459 (I
2049 3389 2187 3445 Tim.
2214 3406 2286 3455 v1,
2314 3389 2394 3461 6).
2417 3391 2640 3462 Magnus
2667 3392 2913 3462 profecto
2943 3402 3204 3462 ιιιιιεδιιιθ,
3239 3391 3262 3433 ι
3287 3409 3396 3465 quo
3426 3395 3596 3464 pieta-

1983 3491 2091 3536 tem
2119 3484 2478 3552 acqnirimus,
2512 3499 2634 3554 quae
2665 3484 2806 3554 apud
2840 3484 3010 3540 Deum
3040 3485 3192 3541 dives
3223 3498 3329 3551 est,
3364 3502 3470 3542 non
3499 3503 3593 3542 ca—

1983 3575 2135 3632 ducis
2166 3576 2536 3637 facultatibus.
2563 3577 2658 3633 sed
2691 3580 3010 3634 muneribus
3037 3581 3257 3636 internis
3283 3599 3294 3635 :
3322 3581 3373 3636 in
3399 3581 3597 3653 quibus

1982 3689 2090 3728 non
2135 3675 2364 3729 tentatio
2412 3672 2642 3739 lubrica,
2673 3673 2770 3730 sed
2816 3685 3079 3732 constans
3115 3686 3170 3731 et
3221 3683 3481 3746 perpetua
3525 3675 3599 3731 sit

1985 3764 2181 3835 gratia.
2355 3762 2363 3771 ”

2057 3860 2148 3914 '27.
2181 3857 2278 3913 Est
2304 3857 2470 3928 igitur
2499 3858 2703 3912 utilitas
2732 3857 2836 3913 alia
2867 3860 3168 3930 corporalis
3195 3902 3209 3926 ,
3265 3861 3365 3916 alia
3419 3861 3592 3931 pieta-

1991 3953 2090 4012 tis.
2153 3950 2296 4005 sicut
2346 3949 2529 4005 divisit
2580 3948 2878 4021 Apostolus
2912 3969 2925 4006 :
2959 3950 3256 4022 Corporalis
3286 3955 3420 4008 enim
3447 3971 3593 4009 exer-

1989 4050 2165 4104 citatio
2193 4048 2261 4101 ad
2287 4046 2566 4113 modicum,
2618 4047 2814 4116 inquit,
2860 4049 3002 4106 utilis
3032 4060 3106 4106 est
3151 4066 3168 4104 :
3213 4052 3376 4120 pictas
3419 4062 3590 4104 autem

1989 4142 2058 4196 ad
2086 4141 2260 4194 omnia
2301 4139 2444 4194 utilis
2485 4148 2558 4193 est
2597 4138 2640 4210 (i
2675 4138 2807 4196 Tim.
2851 4156 2924 4206 1v,
2965 4140 3045 4211 8).
3101 4140 3240 4210 Quid
3269 4153 3449 4198 autem
3479 4152 3588 4198 tam

1988 4234 2303 4298 honestum,
2318 4247 2480 4303 quam
2504 4233 2821 4303 integritas?
2841 4233 2980 4302 Quid
3001 4244 3108 4289 tam
3131 4237 3412 4304 decorum,
3430 4253 3589 4306 quam

2058 4360 2080 4386 θ
2126 4347 2258 4401 Ibid.
2299 4348 2536 4428 Quinque
2579 4349 2738 4428 igitur
2780 4351 3065 4428 rationibus
3118 4355 3399 4426 prapositis
3426 4357 3593 4428 ofﬁcii

249 4421 469 4486 ﬁnetn,
506 4419 596 4476 ttbi
622 4419 737 4474 hmc
763 4418 1031 4474 habentur
1063 4436 1076 4472 :
1107 4416 1173 4471 At
1198 4418 1335 4474 enim
1363 4434 1464 4490 qua
1489 4418 1538 4473 in
1565 4419 1666 4476 vita
1687 4428 1761 4474 est
1787 4420 1887 4473 ali—
1913 4420 1964 4481 D
1993 4421 2328 4490 persequendi
2358 4436 2574 4490 quorum
2597 4416 2715 4474 dua!
2739 4422 2808 4474 ad
2831 4422 3007 4485 decus,
3043 4416 3149 4478 etc.

249 4493 395 4562 quid
429 4491 578 4554 ntali,
612 4507 669 4544 ea
707 4491 851 4543 beata
881 4507 991 4544 esse
1015 4506 1116 4542 non
1157 4498 1341 4562 potest.
1373 4487 1455 4562 Ne
1493 4506 1634 4559 seges
1677 4490 1886 4558 quidem

250 4560 440 4640 igitur
499 4563 656 4630 spicis
709 4562 948 4616 uberibus
1004 4571 1052 4614 et
1107 4560 1323 4624 crebris,
1353 4561 1886 4640 si_n_vemnn_uspiam

249 4633 476 4690 uideris
505 4648 524 4686 :
561 4649 654 4687 nec
682 4645 976 4690 mercatura
1021 4643 1340 4701 qumtuosa,
1373 4633 1416 4684 si
1447 4633 1501 4685 in
1529 4633 1770 4686 maximis
1801 4633 1886 4686 lu-

252 4707 370 4762 cris
404 4721 605 4776 parum
638 4705 835 4774 aliquid
865 4704 1040 4758 damni
1069 4704 1410 4759 contraxerit.
1454 4703 1534 4757 Au
1577 4706 1675 4757 hoc
1702 4721 1890 4774 usque-

293 4792 489 4844 uaque
511 4776 660 4830 aliter
690 4778 743 4829 in
767 4777 891 4842 vita,
916 4787 961 4830 et
1004 4793 1105 4831 non
1137 4793 1204 4838 ea:
1237 4776 1466 4830 maxima
1502 4787 1646 4846 parte
1691 4777 1756 4832 de
1785 4789 1892 4832 tota

293 4795 489 4844 itaque
511 4795 660 4830 auter
690 4795 724 4829 ιι

239 4795 590 4922 iudicabis?
618 4857 724 4902 etc.

331 4921 364 4960 ιι
422 4916 650 4985 Glarea,
706 4929 848 4972 terra
881 4929 966 4973 est
1011 4935 1260 4981 arenosa,
1297 4917 1628 4988 minutisque
1681 4918 1890 4988 scrupis

250 5001 316 5052 et
366 4991 610 5052 calculis
667 4990 1014 5048 referundo
1065 5008 1168 5061 qua
1234 4990 1383 5061 Virg.
1455 4991 1551 5046 ιιι).
1603 5006 1640 5045 ιι
1687 4990 1890 5061 Georg.
1947 5045 1962 5055 ,

249 5079 441 5122 versu
504 5061 610 5116 212
645 5081 656 5116 :

470 5174 582 5242 pice
598 5177 766 5242 jejuna
787 5178 986 5242 quidem
1009 5180 1168 5228 clivosi
1195 5177 1363 5238 glarea
1389 5180 1516 5227 ruris

469 5237 572 5290 Vix
599 5237 820 5290 humiles
839 5241 1010 5302 apibus
1031 5242 1184 5290 casias
1201 5237 1466 5306 roremque
1492 5241 1757 5291 ministrat.

338 5363 364 5391 α
407 5348 547 5405 Sic.
577 5347 712 5404 edit.
743 5361 954 5410 omnes,
986 5363 1049 5402 ac
1077 5349 1320 5415 plerique
1372 5362 1539 5411 mss.;
1584 5346 1674 5400 alii
1716 5357 1894 5399 tamen

259 5424 495 5493 aliquot
547 5421 788 5493 partim,
820 5418 1023 5493 beatam.
1049 5420 1444 5493 conscientiam,
1496 5420 1695 5493 partim
1737 5419 1900 5493 beatae

260 5488 382 5550 esse
451 5491 818 5546 conscientiae.
877 5490 1149 5552 lilii'vero
1200 5489 1406 5544 easdem
1455 5491 1587 5544 edit.
1624 5505 1688 5542 ac
1742 5488 1900 5559 pauci

261 5583 443 5630 11195.,
493 5563 682 5618 acerbo
709 5560 888 5617 dolore
920 5578 934 5615 :
969 5561 1062 5616 alii
1082 5563 1267 5632 plures
1294 5561 1500 5628 legunt,
1532 5577 1734 5624 acervo,
1775 5577 1898 5628 par-

260 5641 393 5702 tim,
430 5636 650 5688 beatam
677 5635 1060 5701 octiseieutiam,
1093 5635 1312 5701 partim,
1344 5633 1503 5686 beata:-
1522 5648 1634 5686 csse
1655 5632 1852 5684 doloris
1885 5649 1897 5684 :

259 5702 643 5768 commodius
693 5719 822 5761 vero
849 5704 1063 5759 Thuan.
1113 5705 1413 5771 et'reliqui,
1465 5704 1653 5756 acerbo
1680 5703 1896 5757 doloris.

339 5781 366 5820 (ι
425 5779 565 5834 Cic.
598 5775 689 5831 lib.
720 5791 777 5843 ιι,
811 5791 937 5846 pag;
959 5773 1088 5839 574,
1122 5775 1216 5830 litt.
1247 5774 1317 5829 49
1351 5791 1368 5829 :
1396 5774 1502 5831 Sed
1519 5776 1632 5844 jam
1663 5775 1729 5826 ad
1751 5775 1902 5830 insti-

265 5865 386 5912 tuta
418 5863 740 5921 pergamus.

2069 4493 2085 4530 ι
2139 4491 2316 4567 lbid.,
2356 4507 2474 4567 pag.
2517 4492 2641 4557 575,
2680 4493 2774 4550 Ιιιι.
2803 4493 2835 4548 4
2869 4511 2887 4547 :
2928 4495 3081 4562 Quod
3109 4496 3236 4552 utile
3261 4499 3586 4567 appellatur;

1990 4566 2040 4618 in
2067 4581 2168 4634 quo
2213 4566 2363 4617 verbo
2391 4563 2540 4634 lapsa
2563 4567 2901 4630 consuetudo,
2935 4576 3038 4628 etc.

2064 4633 2093 4711 s
2140 4635 2408 4711 Aliuditur
2439 4633 2574 4711 aditi
2609 4636 2748 4711 qunti
2795 4635 3016 4711 ibidem,
3051 4655 3171 4711 pag.
3208 4641 3335 4707 376,
3369 4642 3464 4696 lin.
3492 4643 3580 4704 48,

1990 4707 2191 4785 dicitur
2218 4725 2232 4761 :
2265 4705 2428 4773 Atque
2453 4707 2608 4785 etiam
2638 4707 2914 4777 subjiciunt
2941 4726 2993 4762 se
3020 4705 3248 4766 libidines
3269 4705 3485 4785 imperio
3507 4715 3588 4768 αι-
3615 4730 3618 4734 '

1992 4781 2151 4835 terius
2190 4789 2234 4830 et
2265 4778 2522 4847 potestati,
2566 4788 2674 4832 etc.

2063 4847 2089 4885 ιι
2117 4850 2286 4912 Edit.,
2327 4848 2390 4900 de
2413 4849 2595 4916 quibus
2636 4849 2947 4910 dicitur.....
2969 4855 3093 4908 dum
3118 4857 3371 4914 descendo
3394 4859 3449 4913 in
3469 4874 3588 4912 cor-

1991 4923 2301 4994 ruptionem,
2331 4919 2385 4972 id
2422 4930 2512 4994 est,
2541 4921 2677 4989 quis,
2706 4931 2811 4977 etc.

2071 4992 2086 5030 ί
2131 4991 2238 5047 Sc!
2269 5005 2425 5068 mss,
2459 4991 2516 5068 id
2563 5003 2637 5047 est
2667 4995 2919 5068 injustis:
2973 4998 3058 5052 cui
3107 4998 3322 5054 lectioni
3370 5001 3588 5068 conjec-

1996 5074 2130 5120 iurat
2177 5079 2292 5118 Sum
2345 5063 2612 5118 caiculuun
2643 5067 2844 5134 adjecit
2891 5070 2970 5122 vlr
3012 5086 3115 5122 non
3156 5074 3403 5128 intinctus
3439 5063 3587 5127 :valii

1997 5148 2178 5212 tamen
2199 5135 2269 5189 28
2294 5143 2351 5189 et
2379 5149 2570 5212 omnes
2598 5137 2752 5212 cdit.,
2802 5139 2856 5192 id
2879 5152 2972 5202 est,
3007 5141 3251 5210 injustas.
3300 5145 3469 5209 Magis
3495 5161 3589 5212 ap-

1998 5209 2207 5278 posite:
2241 5221 2364 5278 non
2393 5208 2538 5260 enim
2581 5208 2645 5261 ad
2695 5224 2906 5277 vocem,
2955 5208 3137 5265 nobis:
3170 5217 3261 5268 sed
3285 5215 3349 5266 ad
3391 5208 3593 5268 inutilis

1997 5277 2292 5354 referenda
2315 5285 2399 5330 cst
2440 5293 2579 5341 Vox,
2622 5279 2850 5351 injustas
2881 5299 3040 5336 :cum
3082 5284 3131 5338 id
3179 5296 3298 5354 agat
3341 5285 3441 5340 hoc
3472 5288 3594 5342 loco

1998 5359 2216 5424 sanctus
2265 5350 2482 5424 Doctor,
2532 5358 2590 5402 ut
2637 5350 2712 5424 et,
2750 5355 2877 5424 utile
2930 5371 3026 5422 pro
3069 5350 3258 5424 justo,
3311 5365 3366 5416 et
3403 5369 3594 5413 contra

2000 5421 2189 5476 inutile
2229 5436 2327 5488 pro
2352 5419 2550 5489 illlesiO
2579 5423 2717 5474 sumi
2745 5419 3110 5479 demonstrei.

2077 5494 2090 5542 l
2150 5492 2226 5566 ita
2255 5506 2385 5545 mss.
2419 5507 2630 5566 omnes,
2659 5494 2869 5549 duobus
2892 5498 3158 5561 exceptis.
3205 5498 3254 5550 ill
3287 5500 3480 5566 quibus
3510 5513 3598 5557 est

2004 5563 2201 5639 aliquid
2233 5564 2569 5639 confusionis
2603 5582 2615 5615 :
2643 5566 2774 5618 edit.
2805 5581 2953 5639 vero.
2980 5566 3137 5639 Δφιοά
3186 5563 3457 5624 bonam“
3494 5585 3593 5639 θδτο

2004 5637 2130 5688 utile
2169 5643 2213 5687 et
2245 5637 2448 5717 justum
2481 5650 2589 5688 esse
2617 5648 2704 5688 :et
2733 5638 2871 5717 quod
2917 5635 3060 5717 utile,
3107 5638 3379 5696 honestum
3411 5653 3457 5696 et
3476 5635 3597 5717 jus;

2007 5714 2114 5777 tum
2140 5721 2168 5777 :_
2183 5715 2231 5777 et
2270 5706 2407 5774 quod
2421 5708 2643 5777 justum,
2693 5708 2819 5760 utile
2853 5716 2900 5760 et
2924 5707 3213 5760 honestum.

2081 5774 2104 5816 κ
2133 5775 2390 5856 ΟἰεεΔΙιιι.
2422 5774 2490 5856 ἰι,
2541 5791 2676 5856 pag.
2719 5777 2854 5843 375,
2891 5779 2986 5840 lin.
3041 5778 3150 5841 ιεε
3189 5779 3323 5843 Deos
3367 5786 3600 5856 placatos

2007 5847 2170 5911 pictas
2197 5847 2394 5917 efﬁciat
2425 5855 2472 5900 et
2493 5848 2761 5915 sanctitas,
2795 5859 2900 5904 etc.
