4078 6306
475 319 574 376 Hi

1828 303 2074 365 SANCTI
2110 302 2437 366 AMBROSII

3671 316 3789 375 H2.

476 434 887 493 immaculatum
926 445 1147 490 servare
1191 442 1414 500 corpus,
1459 437 1518 485 et
1553 426 1874 483 inviolatum
1912 435 2076 497 atque
2101 425 2153 486 Α
2180 436 2497 485 constanter
2522 428 2835 500 loqueretur
2856 430 3036 504 (Gem,
3060 446 3252 500 xxxiii,
3273 433 3306 491 8
3333 442 3383 489 et
3404 433 3568 506 seq.);
3592 433 3785 492 homi-

478 530 862 586 intaminatum
911 524 1209 597 pudorem?
1247 521 1388 592 Quid
1430 522 1594 578 etiam
1640 530 1747 577 tam
1793 520 2075 587 decorum,

2184 536 2281 577 nes
2310 530 2491 578 tamen
2529 522 2721 579 humili
2750 532 2808 580 et
2845 533 3001 597 grata
3033 527 3406 597 appellatione
3451 528 3603 585 alfari
3633 530 3789 587 sole-

478 640 639 696 quam
671 632 731 677 ut
767 621 928 676 vidua
958 633 1093 676 uxor
1121 616 1378 674 defuncto
1407 615 1625 686 conjugi
1668 614 1830 670 fidem
1860 612 2077 669 servet?
2180 614 2302 671 bat!
2336 618 2529 674 Merito
2559 620 2862 677 aestimatus
2887 628 2972 678 est
2996 636 3160 694 supra
3190 622 3463 691 homines,
3490 634 3551 681 ut
3574 634 3633 682 et
3656 626 3787 680 vul—

478 716 616 785 Quid
649 716 815 771 etiam
857 713 959 768 hoc
980 711 1183 776 utilius,
1209 723 1318 781 quo
1348 722 1574 779 regnum
1597 706 1820 762 caeleste
1836 702 2075 775 acquiri-

482 809 604 866 tur?
630 809 767 866 Sunt
806 807 950 865 enim
998 806 1087 875 qui
1114 822 1168 860 se
1213 810 1567 859 castrauerunt
1611 809 1822 873 propter
1864 814 2079 870 regnum

482 904 726 962 calorum
759 901 1001 975 (Matth.,
1037 916 1155 967 xix,
1193 897 1310 970 l2).

1094 993 1325 1051 CAPUT
1358 991 1470 1049 VII.

486 1095 775 1152 Utilitatem
798 1092 933 1148 idem
958 1107 1067 1147 esse
1086 1106 1149 1145 ac
1174 1089 1525 1154 honestatem;
1552 1086 1686 1142 nihil
1706 1095 1880 1141 autem
1900 1084 2082 1140 utilius

554 1190 849 1255 dilectione,
889 1203 1004 1259 qua:
1049 1183 1467 1249 mansuetudine,
1511 1180 1842 1249 alfabilitate,
1886 1178 2078 1247 beneﬁ-

554 1286 744 1352 centia,
760 1283 962 1355 iustitia
988 1281 1207 1351 aliisque
1221 1278 1498 1334 virtutibus
1525 1284 2079 1346 comparatur;quem-

553 1378 835 1435 admodum
877 1392 940 1432 ea:
983 1374 1182 1446 Moysis
1236 1382 1390 1443 atque
1427 1369 1647 1425 Daoidis
1681 1367 1900 1423 historia
1926 1365 2084 1420 datur

552 1476 771 1547 intelligi
801 1490 819 1529 :
848 1481 1104 1542 postremo
1145 1479 1193 1525 et
1239 1486 1267 1524 e
1305 1468 1584 1523 dilectione
1624 1465 1784 1536 ﬁdem
1828 1461 1992 1531 nasci,
2037 1468 2085 1516 et

556 1586 735 1625 rursus
760 1584 787 1622 e
812 1566 916 1638 ﬁde
943 1564 1299 1620 dilectionem.

549 1664 644 1720 28.
679 1662 774 1718 Est
802 1660 965 1732 igitur
995 1674 1104 1714 non
1135 1658 1313 1714 solum
1344 1655 1621 1711 familiare
1662 1650 2083 1710 contubernium

481 1755 783 1813 honestatis
825 1763 880 1809 et
923 1751 1198 1817 utilitatis,
1242 1748 1339 1806 sed
1369 1747 1562 1805 eadem
1602 1761 1820 1817 quoque
1849 1743 2082 1809 utilitas,

2183 717 2298 765 tum
2345 710 2465 782 ejus
2494 728 2604 769 non
2634 723 2862 785 possent
2888 715 3175 773 intendere
3197 716 3382 789 (Gem,
3410 735 3603 787 xxxiv,
3628 719 3703 776 29
3731 728 3786 775 et

2183 804 2343 875 seq.),
2394 814 2446 860 et
2495 808 2832 877 sepulturam
2878 808 2998 880 ejus
3045 825 3150 867 non
3181 822 3455 882 repertam
3486 812 3788 870 crederent

2186 896 2395 969 (Deut.,
2423 915 2615 969 xxxrv,
2648 903 2736 974 6);
2774 902 2900 973 quia
2924 903 3003 959 sic
3031 904 3135 960 sibi
3164 903 3331 962 totius
3358 905 3535 977 plebis
3568 913 3789 965 mentes

2183 990 2526 1060 devinxerat,
2560 1001 2621 1048 ut
2668 994 2791 1065 plus
2829 1010 2954 1052 eum
2986 1010 3086 1067 pro
3130 998 3551 1054 mansuetudine
3587 998 3791 1070 dilige-

2184 1092 2328 1151 rent,
2360 1101 2522 1156 quam
2560 1100 2662 1157 pro
2692 1086 2851 1143 factis
2879 1085 3287 1146 admirarentur
3326 1088 3372 1163 (l
3410 1089 3539 1164 Reg.
3589 1107 3648 1156 x,
3690 1090 3786 1160 l2,

2186 1190 2234 1234 et
2259 1178 2430 1251 alibi).

2255 1273 2348 1330 52.
2371 1273 2513 1341 Quid
2542 1274 2663 1347 ejus
2692 1276 2939 1335 imitator
2975 1288 3200 1336 sanctus
3230 1279 3421 1350 David,
3462 1280 3672 1337 electus
3718 1296 3793 1339 ex

2187 1367 2442 1424 omnibus
2472 1368 2541 1424 ad
2581 1370 2797 1441 plebem
2829 1371 3149 1444 regendam,
3177 1390 3342 1445 quam
3371 1373 3523 1431 mitis
3548 1382 3606 1431 et
3631 1375 3796 1432 blan-

2186 1459 2313 1528 dus,
2358 1462 2581 1520 humilis
2622 1466 2836 1537 spiritu,
2869 1467 3091 1525 sedulus
3126 1468 3316 1536 corde,
3348 1469 3523 1528 facilis
3551 1471 3793 1529 alfectu!

2188 1553 2332 1611 Ante
2375 1571 2605 1630 regnum
2636 1573 2698 1615 se
2731 1574 2834 1631 pro
2876 1562 3131 1619 omnibus
3177 1562 3442 1619 offerebat
3476 1580 3491 1618 :
3522 1579 3619 1620 rex
3661 1579 3798 1620 eum

2189 1650 2445 1706 omnibus
2465 1652 2717 1723 :equabat
2740 1668 2893 1709 suam
2913 1654 3191 1722 militiam,
3210 1663 3269 1713 et
3291 1657 3630 1728 partiebatur
3646 1658 3804 1715 labo-

2188 1759 2303 1800 rem
2330 1760 2343 1798 :
2371 1743 2529 1800 fortis
2551 1745 2604 1799 in
2630 1746 2843 1819 prmlio,
2867 1758 3185 1805 mansuetus
3215 1749 3269 1805 in
3292 1750 3545 1821 imperio,
3574 1751 3801 1821 patiens

480 1866 603 1922 qua:
630 1850 910 1905 honestas.
934 1846 1061 1902 Ideo
1082 1853 1138 1901 et
1159 1844 1252 1900 ille
1276 1844 1370 1915 qui
1394 1857 1621 1913 regnum
1645 1841 1909 1897 ccelorum
1935 1837 2088 1893 vole-
2115 1828 2164 1891 B
2193 1835 2247 1891 in
2275 1836 2549 1904 convicio,
2582 1836 2725 1895 ferre
2752 1839 2927 1909 magis
2957 1852 3243 1914 promptus
3274 1858 3437 1915 quam
3467 1843 3680 1901 referre
3711 1845 3804 1901 iu-

479 1946 572 2001 bat
597 1943 850 1999 omnibus
880 1940 1119 2010 aperire,
1145 1952 1256 1993 non
1283 1936 1430 2007 quod
1461 1935 1563 1991 sibi
1605 1932 1740 1989 utile
1779 1929 2084 2002 quiercbat,

481 2037 581 2094 sed
612 2034 757 2107 quod
787 2032 1063 2090 omnibus.
1088 2030 1244 2089 Unde
1273 2030 1409 2085 ordo
1436 2027 1654 2101 quidam
1687 2027 1847 2082 nobis
1876 2035 1931 2081 et
1958 2039 2086 2096 gra-

480 2130 583 2187 dus
609 2127 892 2185 faciendus
915 2134 1020 2193 est,
1038 2125 1201 2180 etiam
1215 2123 1285 2179 ab
1304 2123 1389 2179 his
1407 2122 1622 2178 usitatis
1635 2128 1691 2176 et
1705 2117 2090 2175 communibus

482 2224 552 2281 ad
573 2240 636 2279 ea
658 2238 779 2294 qua:
798 2228 927 2277 sunt
953 2218 1364 2290 praecellentia;
1394 2226 1457 2273 ut
1476 2232 1544 2273 ex
1569 2215 1813 2287 pluribus
1839 2211 2091 2267 utilitatis

485 2318 807 2390 colligamus
835 2315 1162 2386 profectum.

552 2414 647 2469 29.
676 2412 757 2467 Ac
787 2409 1020 2479 primum
1044 2406 1358 2463 noverimus
1388 2402 1525 2460 nihil
1558 2411 1665 2458 tam
1691 2402 1852 2468 utile,
1879 2410 1905 2439 ι
1926 2414 2089 2471 quam

488 2507 642 2577 diligi
668 2524 681 2561 :
707 2503 847 2561 nihil
872 2514 979 2558 tam
1011 2500 1225 2567 inutile,
1257 2512 1422 2570 quam
1445 2512 1552 2552 non
1582 2493 1782 2561 amari;
1815 2508 1939 2549 nam
1963 2490 2092 2548 odio

491 2601 685 2658 haberi
730 2598 951 2655 exitiale
980 2610 1045 2650 ac
1077 2593 1237 2650 nimis
1268 2591 1500 2663 capitale
1524 2590 1783 2645 arbitror.
1817 2587 2002 2657 Itaque
2038 2584 2090 2641 id

488 2710 734 2769 agamus,
757 2702 818 2749 ut
840 2692 987 2748 omni
1016 2689 1309 2747 sedulitate
1335 2684 1785 2743 commendemus
1811 2682 2092 2740 existima-

493 2790 698 2851 tionem
721 2785 1149 2856 Opinionemque
1179 2788 1444 2845 nostram,
1464 2793 1528 2834 ac
1554 2778 1792 2849 primum
1812 2773 1840 2814 ιι
1867 2771 2090 2847 placidi-

496 2891 607 2939 tate
636 2880 834 2937 mentis
868 2888 923 2935 et
958 2876 1127 2932 animi
1153 2873 1489 2946 benignitate
1527 2870 1821 2927 inlinamus
1852 2869 1906 2923 in
1930 2866 2094 2923 ail'ec-

2186 1929 2382 2001 jurias.
2412 1929 2541 1988 ldeo
2575 1943 2683 1988 tam
2711 1934 2913 1992 charus
2939 1946 3061 1993 erat
3088 1937 3364 2005 omnibus,
3390 1948 3449 1995 ut
3471 1940 3693 2011 juvenis
3728 1941 3805 1998 ad

2191 2041 2416 2099 regnum
2444 2028 2609 2085 etiam
2638 2030 2844 2087 invitus
2866 2042 3167 2103 peteretur,
3192 2035 3457 2091 resistens
3481 2044 3801 2107 cogeretur,

2192 2136 2362 2177 senex
2397 2138 2468 2178 ne
2509 2124 2696 2193 prmlio
2735 2125 3028 2182 interesset
3063 2142 3094 2182 a
3139 2128 3254 2183 suis
3294 2137 3614 2197 rogaretur;
3648 2128 3804 2200 quod

2194 2215 2421 2272 mallent
2446 2232 2639 2274 omnes
2670 2233 2770 2290 pro
2799 2219 2918 2291 ipso
2957 2220 3278 2291 periclitari,
3309 2236 3471 2291 quam
3514 2221 3666 2277 illum
3696 2235 3806 2294 pro

2192 2308 2468 2365 omnibus.

2264 2402 2359 2458 55.
2405 2403 2485 2459 ita
2516 2403 2619 2459 sibi
2661 2405 2834 2476 gratis
2870 2404 3069 2461 ofﬁciis
3106 2405 3319 2477 plebem
3354 2404 3694 2479 obligaverat
3732 2407 3804 2478 (ll

2194 2494 2443 2566 Reg.,.u,
2476 2497 2533 2562 2,
2566 2505 2615 2551 et
2644 2497 2802 2569 seq.),
2836 2498 3093 2567 primum,
3120 2510 3182 2555 ut
3209 2500 3264 2555 iu
3292 2499 3583 2556 discordiis
3615 2501 3805 2573 populi

2195 2588 2447 2643 exsulare
2477 2588 2531 2643 in
2562 2588 2782 2645 Hebron
2816 2591 3023 2658 mallet,
3052 2608 3213 2662 quam
3245 2593 3297 2648 in
3336 2593 3680 2650 Hierusalem
3713 2609 3808 2651 re-

2195 2694 2408 2750 gnare:
2446 2680 2667 2748 deinde,
2702 2689 2762 2736 ut
2799 2683 2964 2738 etiam
3007 2682 3061 2739 in
3092 2685 3252 2741 hoste
3279 2685 3511 2756 positam
3541 2685 3805 2744 virtutem

2195 2772 2480 2844 diligeret:
2503 2773 2774 2844 justitiam
2798 2776 2965 2832 etiam
2997 2778 3081 2833 his
3107 2778 3200 2849 qui
3228 2793 3383 2834 arma
3412 2788 3604 2836 contra
3632 2795 3697 2837 se
3716 2791 3807 2837 tu-

2197 2864 2373 2921 lerant
2415 2882 2570 2937 aeque
2611 2882 2676 2923 ac
2721 2868 2835 2924 suis
2865 2870 3231 2940 prsestandam
3262 2880 3480 2942 putaret
3513 2889 3529 2927 :
3563 2871 3806 2945 denique

497 2986 608 3033 tum
632 2974 939 3031 hominum.
962 2969 1252 3040 P0pularis
1282 2968 1428 3024 enim
1456 2974 1512 3023 et
1540 2974 1693 3037 grata
1723 2972 1808 3021 est
1838 2961 2096 3018 omnibus
2202 2957 2270 3029 (ll
2304 2958 2461 3031 Reg,
2491 2975 2571 3027 ιιι,
2603 2960 2675 3016 52
2718 2969 2767 3016 et
2794 2961 2927 3034 seq.)
2957 2961 3322 3019 fortissimum
3350 2964 3596 3020 adversa:
3628 2965 3807 3035 partis

495 3071 735 3135 bonitas,
769 3066 1015 3137 nihilque
1043 3062 1191 3136 quod
1221 3073 1329 3117 tam
1360 3060 1523 3116 facile
1555 3058 1814 3115 illabatur
1842 3052 2097 3111 humanis
2199 3063 2660 3125 propugnatorem
2701 3054 2892 3111 Abner
2917 3054 3112 3113 ducem
3161 3065 3220 3113 et
3250 3058 3573 3115 inferentem
3615 3058 3808 3130 praelia

497 3164 772 3221 sensibus.
806 3159 883 3215 Ea
924 3160 969 3215 si
1012 3156 1433 3214 mansuetudine
1462 3168 1676 3210 morum
1706 3166 1773 3208 ac
1810 3150 2094 3213 facilitate,
2203 3146 2432 3202 miratus
2461 3155 2567 3215 est,
2597 3156 2653 3204 et
2680 3156 2928 3204 orantem
2962 3148 3113 3219 pacis
3142 3151 3375 3221 gratiam
3406 3165 3514 3207 non
3545 3165 3812 3221 asperna-

498 3265 612 3312 tum
644 3254 1018 3311 moderatione
1045 3249 1357 3322 praecepti,c
1383 3245 1776 3304 etall'abilitate
1803 3239 2094 3305 sermonis,
2125 3226 2171 3291 C
2205 3250 2309 3308 tus,
2328 3242 2614 3297 honoravit
2636 3241 2890 3298 convivio
2916 3260 2930 3298 :
2963 3243 3352 3316 interemptum
3376 3242 3591 3300 insidiis
3627 3243 3811 3300 doluit

497 3350 788 3407 verborum
831 3348 1062 3412 honore,
1096 3343 1328 3415 patienti
1358 3355 1577 3414 quoque
1604 3351 1922 3396 sermonum
1952 3334 2096 3401 vice,
2203 3342 2259 3390 et
2296 3333 2470 3402 ﬂevit,
2516 3344 2838 3405 prosecutus
2880 3336 3167 3407 exsequias
3196 3337 3541 3405 honestavit;
3570 3345 3805 3394 mortem

500 3445 892 3515 modestiaeque
921 3441 1213 3511 adjuvetur
1241 3437 1435 3510 gratia,
1468 3432 1794 3490 incredibile
1835 3437 2100 3503 quantum
2206 3430 2371 3496 ultus,
2404 3430 2761 3487 conscientia:
2796 3429 2959 3486 iidem
2994 3430 3281 3502 praestitit,
3304 3446 3464 3502 quam
3508 3431 3623 3487 tilio
3661 3433 3809 3487 inter

502 3539 753 3613 procedit
790 3536 857 3592 ad
885 3534 1161 3590 cumulum
1194 3529 1529 3587 dilectionis.

573 3633 705 3706 78.
738 3629 828 3686 50.
857 3625 885 3666 ιι
916 3627 1172 3700 Legimus
1203 3626 1349 3681 enim
1382 3638 1490 3679 non
1536 3621 1712 3677 solum
1744 3619 1797 3674 in
1846 3615 2101 3687 privatis;

506 3727 606 3785 sed
634 3728 799 3783 etiam
831 3724 889 3779 in
920 3722 1055 3793 ipsis
1083 3720 1327 3792 regibus,
1370 3724 1634 3788 quantum
1666 3711 1899 3767 facilitas
1946 3709 2108 3763 blan-

503 3823 589 3877 dae
621 3828 645 3857 θ
676 3814 1012 3873 aliabilitatis
1045 3810 1357 3884 profecerit,
1382 3820 1474 3863 aut
1494 3805 1753 3877 superbia
1785 3802 2111 3858 verborum-

511 3928 619 3985 que
659 3909 900 3967 obfuerit
940 3914 1156 3970 tumor;
1192 3912 1252 3959 ιιι
1291 3917 1457 3973 regna
1496 3901 1611 3973 ipsa
1641 3897 2017 3964 labefactaret,
2056 3901 2113 3950 et

514 4013 841 4077 potestatem
868 4001 1130 4055 solveret.
1151 3996 1272 4053 Jam
1302 3994 1490 4067 siquis
1519 3991 1538 4031 ί
1567 3990 1822 4057 consilio,
1854 4003 1978 4054 usu,
2010 3985 2114 4041 mi-

514 4096 760 4163 nisterio,
789 4091 983 4149 officiis
1009 4089 1334 4162 popularem
1364 4082 1799 4157 comprehendat
1835 4082 2063 4153 gratiam
2095 4096 2111 4134 :

2206 3522 2557 3581 hmreditaria
2574 3524 2698 3597 jura
2731 3523 3094 3596 transcripsit,
3120 3523 3292 3596 magis
3314 3525 3604 3592 sollicitus,
3631 3540 3699 3579 ne
3723 3524 3811 3579 iu-

2209 3618 2458 3672 noeentis
2505 3626 2740 3673 mortem
2795 3617 3025 3673 inultam
3075 3616 3432 3689 relinqueret,
3482 3632 3648 3690 quam
3695 3631 3810 3688 quo

2208 3723 2363 3765 suam
2393 3720 2624 3766 mortem
2652 3709 2886 3768 doleret.

2280 3800 2373 3857 54.
2404 3800 2522 3857 Non
2563 3802 2841 3860 mediocre
2887 3803 3053 3875 istud,
3095 3804 3402 3875 praesertim
3451 3805 3508 3861 in
3536 3818 3687 3877 rege,
3728 3804 3815 3862 sic.

2211 3894 2366 3951 obire
2389 3895 2714 3954 humilitatis
2740 3900 2945 3965 munia,
2980 3908 3041 3956 ut
3065 3915 3413 3957 communem
3442 3915 3502 3957 se
3525 3886 3817 3957 exhiberet

2212 3988 2379 4046 etiam
2419 3991 2643 4059 infimis,
2687 3994 2868 4050 alieno
2900 3994 3144 4065 periculo
3174 3995 3359 4051 cibum
3391 4011 3499 4051 non
3536 4009 3811 4066 quaerere,

2215 4092 2403 4156 potum
2433 4101 2692 4144 recusare
2720 4086 2790 4161 (Il
2815 4088 2945 4163 Reg.
2979 4104 3140 4156 χχιιι,
3168 4089 3237 4145 15
3262 4099 3307 4144 et
3335 4088 3495 4161 seq.),
3527 4082 3816 4160 peccatum

512 4200 607 4246 aut
631 4190 678 4247 si
708 4189 831 4262 quis
859 4185 1164 4259 periculum
1194 4198 1352 4239 suum
1388 4194 1490 4253 pro
1519 4178 1771 4234 universa
1800 4174 1958 4242 plebe
1984 4172 2117 4229 oll‘e—
2215 4177 2400 4244 fateri,
2433 4194 2605 4248 seque
2633 4181 2811 4251 ipsum
2830 4258 2833 4261 _
2854 4197 2953 4252 pro
2996 4183 3196 4253 populo
3225 4182 3424 4239 oli’erre
3452 4182 3641 4250 morti,
3670 4190 3734 4238 ut
3761 4183 3818 4238 in

516 4295 601 4342 rat
624 4303 639 4353 ;
662 4300 771 4340 non
801 4290 888 4338 est
915 4281 1138 4336 dubium
1161 4277 1306 4350 quod
1329 4284 1541 4331 tantum
1568 4271 1858 4330 charitatis
1897 4284 1925 4325 a
1955 4269 2119 4339 plebe
2217 4285 2279 4329 se
2303 4272 2490 4329 divina
2518 4272 2824 4347 indignatio
2853 4286 3291 4345 converteretur,
3322 4291 3445 4332 cum
3476 4275 3695 4332 ferienti
3721 4290 3822 4331 an-

518 4380 572 4434 in
597 4393 723 4434 eum
756 4373 1100 4439 retundatur,
1130 4378 1192 4426 ut
1221 4368 1454 4441 populus
1493 4365 1726 4422 salutem
1758 4362 1878 4434 ejus
1910 4371 1965 4418 et
1996 4377 2122 4433 gra—
2219 4365 2343 4437 gelo
2368 4366 2606 4423 oll‘erens
2627 4381 2688 4423 se
2712 4367 2924 4426 diceret
2956 4384 2970 4424 :
3007 4367 3141 4424 Ecce
3167 4386 3304 4435 sunt,
3330 4386 3424 4443 ego
3454 4369 3680 4441 peccaui,
3711 4369 3827 4442 79

524 4472 654 4526 tiam
680 4468 785 4524 sihi
816 4465 1094 4537 praeferat.
2220 4465 2269 4511 et
2299 4474 2393 4531 ego
2419 4469 2599 4530 pastor
2627 4460 2821 4515 malum
2850 4460 2972 4532 feci,
3003 4469 3049 4516 et
3076 4460 3172 4517 iste
3200 4477 3326 4535 grex
3352 4461 3479 4532 quid
3508 4459 3668 4532 fecit?
3697 4458 3830 4515 Fiat

593 4563 683 4619 5i.
711 4560 957 4628 Quantas
987 4558 1202 4631 Moyses
1229 4571 1259 4611 a
1289 4552 1488 4625 populo
1519 4552 1699 4609 illatas
1730 4560 1754 4599 ε
1785 4548 2119 4606 absorbebat
2147 4615 2198 4631 Ἃ
2224 4567 2408 4607 manus
2436 4563 2527 4609 tua
2553 4554 2609 4608 in
2639 4570 2741 4609 me.

522 4615 884 4710 contunielias
916 4615 1116 4723 (Exod.
1148 4615 1327 4714 χχχιι,
1364 4615 1425 4704 ll
1455 4655 1503 4703 et
1534 4644 1668 4715 seq.)
1704 4661 1717 4695 :
1751 4651 1809 4700 et
1850 4657 1975 4698 cum
2007 4642 2119 4698 Do-
2147 4615 2203 4676 D
2300 4646 2389 4702 55.
2415 4646 2550 4702 Nam
2581 4645 2712 4718 quid
2739 4646 2844 4702 alia
2873 4646 3078 4716 dicam,
3106 4647 3253 4720 quod
3285 4647 3468 4705 dolum
3509 4646 3830 4704 meditanti-

527 4748 709 4803 minus
740 4745 795 4800 in
828 4743 1128 4800 insolentes
1170 4741 1447 4798 vindicare
1469 4738 1666 4803 vellet;
1712 4751 1770 4792 se
1798 4736 1978 4791 tamen
2020 4751 2121 4807 pro
2226 4737 2328 4794 bus
2351 4754 2416 4794 os
2444 4755 2602 4795 suum
2633 4755 2741 4795 non
2785 4739 3093 4811 aperiebat,
3136 4748 3215 4808 et,
3267 4749 3539 4810 tamquam
3572 4755 3682 4796 non
3731 4755 3836 4796 au-

528 4838 729 4911 p0pulo
768 4836 1035 4892 oil'erebat
1061 4836 1399 4906 frequenter,
1433 4841 1492 4887 ut
1532 4829 1895 4901 indignationi
1923 4829 2126 4886 divinae
2229 4832 2408 4900 diens,
2440 4833 2649 4889 nullum
2687 4849 2998 4891 sermonem
3032 4833 3382 4891 referendum
3415 4833 3646 4905 putabat
3677 4852 3691 4888 :
3718 4849 3833 4891 non

526 4933 743 5005 plebem
773 4929 1131 4987 subduceret!
1165 4926 1192 4965 ιι
1224 4927 1396 4995 Quam
1431 4923 1551 4979 miti
1581 4938 1835 4979 sermone
1878 4934 2002 4994 post
2042 4923 2127 4978 in-
2230 4926 2598 4995 respondebat
2642 4927 2909 4982 conviciis
2945 4945 2960 4981 :
3005 4942 3129 4983 cum
3154 4928 3260 4983 sibi
3287 4928 3669 5000 derogaretur,
3700 4942 3838 4983 ora-

520 5026 697 5097 jurias
717 5023 1024 5096 appellabat
1041 5020 1321 5092 populum,
1336 5017 1727 5074 consolabatur
1747 5017 1799 5071 in
1819 5016 2124 5081 laboribus,

529 5121 798 5177 delinibat
843 5117 1102 5182 oraculis,
1148 5115 1364 5171 fovebat
1401 5112 1660 5184 operibus
1701 5129 1715 5166 :
1760 5122 1815 5168 et
1850 5127 1975 5168 eum
2016 5112 2129 5167 Deo

602 5247 629 5275 α
649 5238 760 5292 Cic.
784 5236 878 5291 lib.
895 5250 965 5301 ιι,
994 5250 1117 5304 pag.
1136 5231 1463 5304 577,’lin.2:
1491 5232 1687 5287 Rerum
1704 5242 1873 5287 autem
1896 5233 2127 5287 omnium

530 5326 620 5365 nec
631 5310 805 5376 aptius
822 5303 1191 5377 estquidqnam
1208 5303 1410 5377 adIopes
1433 5304 1648 5359 tuendas
1669 5321 1818 5374 quam
1834 5306 2123 5377 diligi,etc.

600 5380 626 5419 δ
658 5379 827 5446 Edit.,
859 5376 925 5433 ac
951 5378 1204 5442 facilitate
1242 5376 1435 5440 animi,
1470 5377 1828 5431 moderatione
1857 5376 2121 5447 prtecepti,

526 5450 596 5510 el',
624 5451 931 5517 affabilitate
985 5448 1259 5518 sermonis,
1314 5448 1680 5518 verborumque
1742 5449 1957 5501 honore.
2006 5447 2123 5501 Cic.

528 5520 624 5576 lib.
652 5516 710 5584 ιι,
739 5537 856 5592 pag.
888 5520 1015 5583 578.
1045 5523 1146 5576 lin.
1178 5517 1251 5573 24
1284 5516 1436 5592 :VSed
1462 5529 1537 5574 est
1557 5516 1700 5592 alius
1721 5519 1930 5588 quidam
1951 5519 2125 5572 aditus

526 5591 1025 5674 ad_mnltitudinem,
1054 5603 1111 5647 ut
1136 5592 1189 5646 in
1232 5591 1585 5647 universorum
1616 5591 1816 5645 animos
1861 5601 2122 5657 tamquam

526 5666 765 5733 inﬂuere,
800 5677 906 5720 etc.

552 5807 581 5818 η
602 5748 629 5818 ο,
658 5736 774 5791 Cie.
800 5736 892 5791 lib.
911 5752 967 5804 ιι,
1003 5735 1273 5809 pag.580,
1302 5734 1405 5818 lin.
1436 5736 1539 5818 483
1568 5732 1692 5818 Sed.
1707 5741 1877 5814 tamen
1905 5731 2125 5818 difﬁcile

529 5807 670 5879 dictu
708 5818 781 5863 est
814 5804 1129 5879 quantopere
1161 5806 1403 5879 conciliet
1446 5807 1644 5879 animos
1672 5804 1935 5879 hominum
1957 5844 1972 5867 ,
1993 5813 2117 5879 _etc.

596 5876 622 5917 ἀ
649 5878 785 5938 Ibid.
825 5871 939 5937 'liu.
986 5871 1102 5938 £9:
1151 5878 1379 5935 Exstant
1421 5876 1659 5948 epistola:
1694 5882 1745 5928 et
1766 5871 2006 5944 Philippi
2055 5872 2125 5928 ad

216 6072 531 6157 μίἿ

2231 5021 2369 5076 bat:
2412 5037 2538 5077 cum
2592 5022 3034 5090 malediceretur,
3082 5022 3482 5080 benedicebat?
3526 5021 3839 5079 Ambulans

2236 5114 2291 5169 in
2318 5114 2693 5185 simplicitate,
2740 5124 2795 5171 et
2845 5115 3210 5187 superborum
3248 5114 3264 5154 ί
3298 5115 3559 5187 fugitans,
3592 5123 3841 5171 sectator

2230 5228 2660 5303 Alexandrum...
2688 5228 2873 5303 quibus
2903 5231 3217 5303 prtecipiunt
3253 5239 3310 5285 ut
3349 5231 3583 5285 oratione
3613 5229 3843 5302 benigna

2229 5302 2581 5355 multitudinis
2607 5302 2829 5366 animos,
2863 5312 2970 5357 etc.

2305 5384 2328 5410 ε’
2364 5372 2523 5426 Rom.
2553 5373 2687 5427 edit.
2712 5363 2849 5437 sola,
2881 5363 3218 5439 aﬂ’abilitatis‘
3243 5372 3522 5446 profuerit.
3552 5371 3625 5429 Et
3664 5371 3839 5443 infra,

2305 5442 2473 5497 ranula
2505 5442 2605 5496 Dei
2630 5443 2829 5497 illatas.
2858 5456 2965 5497 etc.

2229 5454 2473 5516 apoputo
2505 5454 2605 5496 Det
2630 5454 2829 5508 illatas,
2858 5456 2965 5499 etc.

2307 5514 2325 5553 ΐ
2350 5514 2581 5581 Quidam
2606 5529 2765 5580 mss.,
2791 5515 2996 5569 consilii
3031 5531 3159 5570 usus
3188 5516 3503 5572 ministerio.

2305 5596 2331 5633 ις
2357 5585 2609 5639 Nonnulli
2636 5599 2793 5646 mss.,
2817 5586 3108 5641 absolvebat
3125 5589 3486 5643 contumelias.

2303 5654 2333 5729 ξι
2359 5655 2471 5729 Ult.
2500 5655 2634 5711 edit.
2668 5657 2868 5724 Paris.,
2896 5675 3053 5729 quam
3084 5659 3224 5712 mitis
3247 5661 3303 5712 in
3328 5675 3589 5724 sermone,

2311 5728 2325 5766 ί
2366 5727 2510 5783 Edit.
2562 5743 2627 5782 ac
2664 5744 2795 5783 mss.
2848 5727 2977 5791 duo,
3021 5732 3253 5799 fugitans
3294 5732 3654 5800 arrogantiam
3698 5747 3717 5785 :
3746 5732 3852 5789 alii

2228 5800 2393 5875 paulo
2445 5800 2653 5870 plures,
2695 5801 3043 5875 conventicula
3071 5802 3275 5871 fugiens
3303 5817 3323 5854 :
3353 5802 3550 5875 reliqui
3598 5803 3857 5861 maximo

2227 5870 2458 5931 numero
2487 5881 2541 5927 et
2562 5871 2889 5927 auctoritate
2912 5885 3090 5942 neque
3122 5870 3491 5944 arrogantiam
3507 5884 3861 5948 agnoscunt,
