4078 6306
274 329 372 385 115

1296 327 1385 384 DE
1425 326 1717 386 OFFICIIS
1756 328 2239 391 MINISTRORUM
2280 334 2409 391 LIB.
2456 336 2522 392 ll.

3467 342 3570 398 114

273 444 781 516 itnniaculatorum,
837 448 929 520 qui
979 448 1219 505 cinerem
1271 446 1538 502 miscebat
1586 446 1868 503 alimentis
1892 453 1947 515 Α
1977 450 2286 508 ccharitas.
2317 452 2528 508 Bonum
2559 463 2643 509 est
2671 470 2803 526 ergo
2846 457 3213 513 testimonium
3258 459 3461 517 habere
3501 462 3573 515 de

232 541 404 606 'suis,
450 554 576 595 cum
628 550 849 611 peccata
906 541 1121 611 propria
1192 539 1525 609 deploraret,
1568 547 1625 594 et
1677 547 1866 610 potum

274 648 424 689 suum
449 635 798 703 temperabat
823 633 1041 690 ﬂetibus
1060 631 1233 706 (Psal.
1262 648 1466 698 xxxvu,
1501 633 1590 698 14,
1617 643 1667 687 et
1691 632 1863 702 alibi).

275 726 464 783 Merito
489 724 575 783 sic
604 728 879 798 expetitus
909 738 993 782 est
1020 728 1089 783 ab
1106 728 1363 783 universo
1391 725 1614 796 populo,
1632 734 1691 780 ut
1715 727 1873 782 veni-

273 829 395 878 rent
415 821 483 874 ad
513 836 640 877 eum
670 837 861 878 omnes
892 822 1067 877 tribus
1089 821 1255 878 Israel
1281 821 1529 878 dicentes
1556 840 1571 877 :
1605 820 1741 877 Ecce
1777 837 1871 875 nos

275 929 389 969 ossa
410 923 496 967 tua
521 924 572 969 et
607 931 733 970 caro
756 922 847 969 tua
866 931 1045 970 sumus
1076 930 1096 970 :
1122 915 1232 970 lteri
1258 926 1304 969 et
1335 914 1716 971 nudiustertius
1756 931 1875 969 cum

274 1016 399 1063 esset
428 1006 566 1062 Saul
591 1050 607 1075 ,
655 1017 704 1062 et
744 1018 985 1078 regnaret
1016 1026 1170 1080 super
1194 1026 1321 1076 nos;
1351 1019 1406 1063 tu
1451 1026 1569 1064 eras
1618 1010 1706 1079 qui
1753 1026 1876 1079 pro-

276 1100 492 1155 ducebas
519 1110 566 1155 et
605 1101 889 1157 inducebas
924 1101 1115 1158 Israel.
1154 1100 1226 1156 Et
1270 1103 1404 1157 dixit
1434 1102 1527 1157 tibi
1568 1101 1825 1157 Dominus
1856 1119 1875 1158 :

279 1192 355 1249 Tu
384 1210 563 1264 pasces
608 1196 862 1266 pupulum
912 1211 1083 1250 meum
1132 1195 1200 1268 (ll
1226 1195 1357 1269 Reg.
1389 1211 1444 1263 v,
1476 1197 1503 1251 1
1550 1205 1597 1251 et
1620 1194 1779 1268 seq.).
1810 1195 1877 1251 Et

276 1288 401 1361 quid
424 1290 579 1359 plura
600 1288 670 1346 de
699 1304 769 1346 eo
795 1290 996 1357 dicam,
1033 1291 1101 1347 de
1124 1307 1235 1362 quo
1267 1290 1580 1362 hujusmodi
1619 1290 1717 1347 Dei
1752 1305 1878 1360 pro-

278 1380 441 1437 cessit
476 1383 781 1450 sententia,
807 1390 866 1438 ut
890 1381 960 1439 de
991 1398 1059 1438 eo
1081 1383 1291 1439 diceret
1317 1401 1331 1438 :
1367 1368 1549 1439 inveiﬂ
1591 1382 1763 1438 David
1790 1398 1879 1439 se-

279 1474 512 1532 cundum
542 1490 637 1531 cor
669 1492 850 1532 meum
877 1475 1053 1549 (Psal.
1076 1491 1347 1542 Lxxxvm,
1373 1476 1435 1532 21
1465 1476 1520 1547 )‘l
1568 1475 1703 1542 Quis
1730 1474 1877 1532 enim

280 1569 333 1625 in
355 1567 649 1627 sanctitate
673 1569 859 1626 cordis
886 1580 939 1627 et
975 1570 1186 1642 iustitia
1215 1572 1361 1626 sicut
1402 1569 1507 1625 iste
1542 1568 1877 1637 ambulavit,

282 1662 613 1734 utimpleret
635 1664 972 1719 voluntatem
1003 1662 1098 1719 Dei
1126 1680 1141 1719 :
1176 1671 1400 1735 propter
1429 1676 1593 1733 quem
1629 1671 1684 1717 et
1706 1660 1881 1716 delin—

280 1755 570 1827 quentibus
594 1758 827 1827 posteris
873 1756 992 1826 ejus
1025 1755 1189 1811 venia
1235 1755 1385 1820 data,
1436 1760 1493 1809 et
1520 1754 1881 1825 praerogativa

281 1863 361 1909 est
388 1862 671 1909 reservata
696 1852 1009 1908 hieredibus
1035 1851 1131 1925 (lll
1150 1850 1278 1922 Reg.
1305 1866 1384 1917 xt,
1411 1849 1501 1915 12,
1533 1848 1659 1921 13)?

346 1946 435 2004 56.
469 1946 608 2015 Quis
637 1945 804 2017 igitur
851 1961 958 2001 non
986 1946 1250 2016 diligeret
1287 1959 1436 2007 eum,
1462 1958 1624 2014 quem
1661 1940 1883 1997 videbat

282 2040 353 2098 ita
382 2040 614 2096 charum
640 2040 865 2106 amicis;
890 2049 952 2094 ut
977 2038 1104 2109 quia
1137 2040 1254 2109 ipse
1279 2037 1495 2092 sincere
1521 2035 1729 2090 amicos
1760 2032 1885 2089 dili-

283 2133 458 2205 gebat,
485 2148 646 2205 atque
670 2132 821 2203 diligi
843 2147 904 2188 se
932 2147 964 2187 a
990 2133 1106 2188 suis
1130 2132 1326 2187 amicis
1350 2129 1754 2187 arbitraretur?
1781 2129 1884 2184 De-

246 2226 247 2229 “
284 2227 443 2299 uique
465 2235 728 2297 parentes
748 2240 874 2282 eum
916 2223 1044 2281 ﬁliis
1086 2224 1224 2292 suis,
1254 2224 1351 2279 ﬁlii
1378 2223 1750 2295 praeferebant
1788 2236 1888 2292 pa-

285 2322 556 2379 rentibus.
592 2320 746 2378 Unde
771 2321 1016 2391 graviter
1051 2319 1364 2391 indignatus
1403 2318 1558 2386 Saul,
1598 2324 1888 2389 percutere

286 2417 562 2475 Jonathan
602 2414 771 2472 ﬁlium
809 2415 963 2471 hasta
995 2414 1199 2480 voluit;
1244 2413 1370 2484 quia
1397 2412 1570 2483 pluris
1590 2410 1734 2482 apud
1761 2425 1887 2465 eum

287 2511 468 2570 valere
508 2510 681 2567 David
734 2509 1031 2566 amicitiam
1082 2508 1386 2580 judicabat,
1428 2522 1591 2578 quam
1638 2506 1728 2561 vel
1770 2504 1889 2577 pie-

290 2613 473 2671 tatem,
533 2603 619 2660 vel
652 2604 1036 2659 auctoritatem
1093 2609 1375 2673 paternam
1408 2599 1625 2673 (lReg.
1672 2614 1777 2665 xx,
1819 2599 1890 2655 50

290 2707 338 2752 et
358 2696 519 2771 seq.).

360 2793 449 2848 57.
502 2790 719 2848 Etenim
757 2789 825 2846 ad
871 2789 1203 2847 incentivum
1250 2788 1536 2846 charitatis
1580 2785 1890 2843 communis

295 2886 588 2958 plurimum
614 2886 852 2958 prolicit,
882 2887 928 2942 si
960 2886 1082 2956 quis
1116 2885 1290 2941 vicem
1322 2882 1633 2939 amantibus
1674 2880 1890 2950 reddat,

294 2995 392 3037 nec
416 2982 600 3037 minus
636 2981 927 3037 redamare
955 2994 1019 3037 se
1045 2979 1257 3050 probet,
1291 2992 1453 3048 quam
1487 2978 1606 3048 ipse
1636 2986 1850 3032 amatur
1873 3014 1891 3041 ,

294 3074 451 3147 idque
475 3075 740 3131 amicitiae
770 3074 950 3131 ﬁdelis
976 3080 1004 3110 ι
1027 3081 1208 3144 pateat
1249 3070 1540 3141 exemplis.
1572 3068 1714 3137 Quid
1748 3066 1893 3124 enim

298 3183 401 3228 tam
438 3172 732 3245 populare,
774 3186 937 3244 quam
968 3170 1336 3242 gratis?Quid
1388 3177 1500 3223 tam
1546 3167 1772 3222 insitum
1800 3178 1896 3219 na-

297 3276 451 3334 turae,
480 3282 648 3339 quam
676 3275 738 3322 ut
775 3266 1086 3338 diligentem
1119 3264 1356 3336 diligas?
1383 3263 1524 3333 Quid
1574 3272 1680 3318 tam
1729 3260 1894 3318 inoli-

300 3370 408 3415 tum
443 3370 609 3431 atque
639 3360 965 3430 impressum
1010 3358 1294 3414 atl'ectibus
1335 3355 1613 3423 humanis,
1644 3370 1807 3427 quam
1840 3362 1900 3409 ut

299 3470 422 3511 eum
454 3470 645 3511 amare
674 3453 903 3510 inducas
947 3454 1001 3509 in
1035 3455 1304 3519 animum,
1338 3468 1367 3505 a
1391 3467 1499 3522 quo
1527 3461 1579 3506 te
1605 3449 1780 3505 amari
1802 3463 1898 3504 ve-

303 3548 402 3605 lis?
449 3549 645 3605 Merito
690 3550 911 3619 sapiens
938 3547 1073 3603 dicit
1105 3565 1118 3602 :
1148 3546 1325 3602 Perde
1364 3546 1641 3614 pecuniam
1690 3552 1901 3614 propter

302 3643 515 3714 fratrem
555 3653 603 3699 et
650 3646 871 3699 amicum
902 3642 1097 3714 (Eccli.
1125 3658 1279 3710 xxix,
1310 3641 1426 3714 15).
1454 3640 1521 3695 Et
1563 3638 1731 3694 alibi:
1757 3638 1905 3693 Ami-

303 3754 419 3794 cum
443 3741 679 3795 salutare
712 3755 817 3794 non
844 3739 1158 3806 erubescam,
1183 3747 1228 3792 et
1257 3754 1288 3790 a
1310 3736 1448 3806 facie
1486 3735 1632 3790 illius
1680 3749 1785 3788 non
1821 3748 1905 3787 me

302 3831 615 3887 abscondam
640 3831 831 3905 (Eccli.
850 3848 987 3899 xxu,
1009 3829 1125 3904 51).
1152 3829 1434 3902 Siquidem
1454 3830 1582 3884 vita:
1602 3838 1659 3883 et
1678 3828 1905 3882 immor-

305 3923 530 3981 talitatis
557 3925 1022 3982 medicamentum
1051 3925 1105 3979 in
1136 3924 1313 3979 amico
1334 3938 1458 3979 esse
1483 3920 1907 3978 Ecclesiasticus

304 4029 485 4076 sermo
513 4029 746 4076 testatur
770 4018 968 4091 (Eccli.
991 4035 1067 4086 γι,
1097 4017 1191 4090 16)
1225 4036 1238 4071 :
1270 4026 1327 4073 et
1350 4032 1620 4072 summum
1668 4016 1723 4070 in
1768 4013 1905 4071 cha-

308 4112 467 4169 ritate
494 4113 808 4185 praesidium
856 4128 1022 4169 nemo
1066 4111 1434 4179 dubitaverit,
1463 4125 1585 4165 cum
1612 4108 1913 4179 Apostolus

308 4204 453 4263 dicat
485 4224 500 4261 :
529 4206 718 4261 Omnia
746 4205 946 4273 suffert,
981 4205 1156 4259 omnia
1180 4204 1363 4269 credit,
1390 4204 1564 4257 omnia
1579 4210 1777 4270 sperat,
1799 4217 1911 4255 om-

310 4301 396 4354 nia
442 4302 686 4367 sustinet,
734 4301 961 4355 charitas
999 4314 1279 4371 numquam
1327 4298 1465 4353 cadit
1496 4296 1541 4369 (l
1568 4294 1690 4351 Cor.
1724 4310 1844 4365 xm,
1878 4297 1911 4350 7

312 4404 359 4449 et
379 4395 536 4467 seq.).

377 4489 470 4546 38.
506 4489 632 4546 Ideo
660 4488 832 4544 David
850 4503 956 4543 non
985 4487 1207 4554 cecidit,
1233 4486 1358 4558 quia
1388 4484 1585 4540 charus
1617 4481 1718 4538 fuit
1739 4481 1915 4537 omni-

312 4580 433 4647 bus,
467 4593 525 4638 et
559 4581 710 4653 diligi
743 4597 774 4636 a
806 4580 1070 4651 subjectis
1100 4594 1282 4651 quam“
1309 4576 1487 4633 timeri
1522 4574 1734 4631 maluit.
1760 4572 1790 4612 ι)
1819 4574 1914 4630 Ti-

314 4688 432 4730 mor
484 4675 631 4731 enim
689 4672 1006 4744 temporalis
1061 4670 1344 4727 tutamiuis
1391 4675 1576 4725 servat
1627 4666 1910 4735 excubias,

314 4770 490 4825 nescit
518 4768 895 4825 diuturnitatis
923 4767 1246 4823 custodiam.
1276 4763 1466 4834 itaque
1496 4760 1585 4817 ubi
1630 4760 1794 4816 timor
1818 4759 1917 4815 de-

314 4866 561 4932 cesserit,
591 4864 818 4920 audacia
843 4863 1089 4933 obrepit;
1114 4861 1370 4933 quoniam
1399 4857 1564 4913 ﬁdem
1612 4871 1721 4911 non
1753 4856 1917 4910 timor

316 4957 479 5027 cogit,
516 4957 609 5013 sed
632 4956 861 5011 allectus
890 4954 1131 5011 exhibet.

384 5050 475 5107 59.
522 5051 702 5108 Prima
748 5064 882 5122 ergo
922 5049 992 5105 ad
1023 5044 1566 5105 commendationem
1618 5040 1797 5098 nostri
1833 5050 1919 5097 est

1970 545 2328 617 plurimorum
2373 548 2688 605 dilectione.
2722 549 2863 605 Hinc
2908 552 3150 607 nascitur
3176 553 3290 625 80
3332 554 3488 621 lides,
3515 565 3575 608 ut

1970 641 2313 697 committere
2359 657 2421 698 se
2474 652 2564 697 tuo
2624 643 2842 698 aﬁ’ectui
2892 660 2998 699 non
3052 656 3349 700 vereantur
3406 650 3570 702 etiam

1971 731 2158 796 alieni,
2193 749 2354 803 quem
2382 734 2630 804 pluribus
2660 734 2887 790 charum
2921 736 3276 792 adverterint.
3308 738 3573 795 Similiter

1973 825 2137 880 etiam
2166 841 2262 896 per
2288 827 2449 883 ﬁdem
2473 828 2539 882 ad
2566 828 2891 885 charitatem
2909 832 3254 901 pervenitur;
3274 843 3330 886 ut
3359 830 3454 904 qui
3486 832 3578 886 uni

1975 928 2069 973 aut
2094 918 2308 973 duobus
2331 921 2644 990 praestiterit
2669 922 2853 989 ﬁdem,
2881 930 3156 995 tamquam
3187 923 3371 979 inﬂuat
3397 924 3577 980 inani-

1978 1027 2098 1067 mos
2130 1013 2533 1079 universorum,
2557 1024 2612 1070 et
2634 1017 2875 1069 omnium
2905 1019 3153 1086 acquirat
3180 1017 3435 1089 gratiam.

2568 1107 2799 1165 CAPUT
2844 1109 2975 1165 Vlll.

1982 1197 2135 1254 Nihil
2183 1200 2253 1253 ad
2300 1202 2683 1257 conciliandam
2739 1204 2961 1273 gratiam
3013 1204 3178 1275 magis
3213 1204 3383 1259 valere
3425 1219 3579 1273 quam

2052 1295 2273 1349 consilia
2297 1310 2317 1349 :
2343 1296 2433 1349 sed
2457 1296 2530 1349 eis
2561 1295 2822 1366 conﬁdere
2845 1313 2997 1367 posse
3036 1297 3312 1364 neminem,
3342 1298 3443 1351 nisi
3457 1298 3581 1365 jus-

2054 1389 2167 1443 titia
2195 1389 2432 1443 nitantur
2457 1404 2518 1443 ac
2546 1389 2822 1461 prudentia
2844 1406 2864 1444 .'
2890 1399 3144 1460 quantum
3171 1399 3342 1445 autem
3368 1389 3447 1443 hae
3466 1389 3585 1443 duw

2051 1482 2265 1537 virtutes
2290 1482 2548 1537 eluxerint
2571 1482 2624 1537 in
2657 1481 2961 1549 Salomone,
2985 1498 3048 1536 ea:
3075 1482 3239 1553 ipsius
3256 1480 3584 1535 celeberrimo

2045 1575 2254 1647 judicio
2280 1575 2455 1647 palam
2481 1575 2619 1644 fieri.

2054 1668 2146 1723 10.
2180 1667 2297 1722 Duo
2345 1667 2510 1739 igitur
2557 1667 2674 1723 haec
2720 1666 2788 1722 ad
2830 1665 3362 1723 commendationem
3412 1662 3584 1719 nostri

1984 1762 2277 1833 plurimum
2311 1772 2627 1833 operantur,
2653 1759 2681 1798 (ι
2713 1761 2952 1819 charitas
2991 1772 3045 1817 et
3077 1760 3246 1825 ﬁdes;
3278 1765 3335 1813 et
3361 1754 3584 1813 tertium

1907 1845 1957 1907 Β
1985 1856 2110 1922 hoc,
2142 1856 2187 1910 si
2216 1855 2419 1911 habeas
2446 1857 2588 1927 quod
2613 1856 2665 1910 in
2697 1864 2753 1911 te
2781 1854 3147 1910 admiratione
3173 1852 3396 1924 dignum
3422 1849 3588 1923 pleri-

1984 1963 2090 2021 que
2116 1948 2457 2016 cxistiment,
2487 1957 2542 2005 et
2565 1948 2690 2019 jure
2713 1945 3095 2002 honorandum
3126 1953 3342 2017 putent.

2058 2063 2149 2118 11.
2179 2063 2246 2118 Et
2284 2064 2408 2133 quia
2457 2063 2817 2119 consiliorum
2869 2078 2999 2118 usus
3042 2060 3282 2117 maxime
3331 2058 3592 2116 conciliat

1986 2155 2255 2222 homines,
2293 2155 2417 2211 ideo
2446 2164 2470 2192 ε
2501 2154 2791 2227 prudentia
2820 2163 2877 2210 et
2914 2153 3130 2225 justitia
3176 2152 3231 2208 in
3264 2165 3595 2223 unoquoque

1985 2250 2355 2315 desideratur,
2380 2257 2434 2304 et
2457 2264 2519 2304 ea
2544 2254 2935 2318 exSpectantur
2952 2263 2983 2302 a
3013 2246 3289 2318 pluribus;
3318 2254 3379 2301 ut
3405 2246 3461 2300 in
3484 2258 3594 2315 quo

1989 2362 2050 2401 ea
2076 2347 2205 2411 sint,
2237 2346 2316 2401 illi
2355 2344 2636 2401 deferatur
2665 2344 2825 2412 ﬁdes,
2854 2344 2999 2415 quod
3029 2343 3204 2416 possit
3234 2343 3369 2399 utile
3413 2341 3594 2397 cousi-

1990 2440 2120 2496 lium
2140 2456 2199 2494 ac
2216 2440 2378 2495 ﬁdele
2406 2438 2735 2495 desideranti
2765 2439 2918 2495 dare.
2944 2439 3076 2506 Quis
3098 2442 3241 2494 enim
3273 2438 3322 2494 ei
3355 2452 3414 2493 se
3443 2451 3595 2492 com-

1992 2534 2193 2601 mittat,
2221 2549 2382 2605 quem
2408 2550 2515 2588 non
2532 2542 2686 2605 putet
2734 2532 2859 2605 plus
2895 2547 3112 2603 sapere,
3143 2546 3307 2603 quam
3347 2531 3465 2601 ipse
3508 2545 3596 2585 sa-

1991 2631 2106 2701 piat
2128 2628 2221 2701 qui
2248 2630 2444 2700 quaarit
2470 2628 2797 2685 consilium?
2832 2627 3067 2684 Necesse
3089 2635 3172 2682 est
3198 2628 3360 2697 igitur
3384 2634 3597 2695 utpraz-

1993 2724 2225 2780 stantior
2236 2724 2304 2780 sit
2321 2739 2352 2778 a
2375 2739 2484 2796 quo
2496 2723 2783 2779 consilium
2801 2723 3188 2794 petitur,quam
3204 2719 3487 2791 illeestqui
3503 2732 3597 2789 pe-

1997 2818 2078 2874 tit.
2105 2818 2242 2887 Quid
2256 2818 2399 2873 enim
2414 2818 2671 2873 consulas
2691 2818 2989 2883 hominem,
3003 2831 3163 2885 quem
3182 2829 3289 2869 non
3309 2811 3596 2871 arbitreris

1996 2926 2160 2985 posse
2196 2911 2393 2968 melius
2424 2910 2629 2982 aliquid
2662 2910 2930 2982 reperire,
2958 2924 3121 2982 quam
3146 2908 3264 2979 ipse
3294 2904 3595 2976 intelligis?

2068 3028 2161 3086 12.
2191 3027 2347 3097 Quod
2385 3029 2429 3083 si
2459 3043 2583 3084 eum
2613 3027 2888 3083 inveneris
2917 3026 3008 3097 qui
3036 3021 3326 3079 vivacitate
3374 3020 3598 3093 ingenii,

2001 3124 2198 3180 mentis
2237 3124 2427 3195 vigore
2458 3132 2621 3194 atque
2650 3121 2977 3177 auctoritate
3018 3126 3267 3190 pratstet,
3296 3125 3350 3172 et
3377 3113 3604 3171 accedat

1922 3237 1969 3302 ρ
2000 3234 2067 3275 eo
2087 3227 2147 3272 ut
2174 3216 2429 3286 exemplo
2452 3224 2510 3271 et
2537 3230 2638 3269 usu
2669 3215 2913 3282 paratior
2948 3212 3040 3278 sit,
3087 3208 3377 3280 prmsentia
3421 3208 3603 3263 solvat

2001 3312 2262 3383 pericula.
2310 3311 2611 3381 prospiciat
2654 3308 2857 3375 futura,
2904 3305 3190 3362 denuntiet
3235 3303 3600 3366 imminentia,

1998 3416 2380 3477 argumentum
2424 3404 2707 3476 expediat,
2740 3400 3045 3459 remedium
3078 3397 3218 3454 {erat
3245 3397 3299 3452 in
3331 3408 3601 3466 tempore,

2003 3508 2222 3571 paratus
2272 3497 2480 3553 sitnon
2513 3496 2692 3553 solum
2722 3495 2791 3551 ad
2835 3490 3251 3556 consulendum,
3296 3488 3393 3544 sed
3439 3488 3605 3543 etiam

2002 3594 2069 3650 ad
2109 3592 2575 3659 subveniendum;
2614 3591 2743 3647 huic
2792 3590 2863 3645 ita
2909 3588 3043 3644 ﬁdes
3072 3585 3328 3653 habetur,
3358 3590 3419 3638 ut
3460 3581 3609 3638 dicat

2004 3687 2098 3757 qui
2141 3687 2428 3744 consilium
2464 3684 2643 3757 petit:
2677 3682 2748 3738 Et
2777 3683 2822 3738 si
2850 3681 2991 3735 mala
3034 3679 3161 3733 mihi
3209 3676 3469 3733 evenerint
3515 3690 3607 3747 per

2006 3780 2179 3846 illum,
2199 3780 2430 3834 sustineo
2460 3777 2652 3851 (Eccli.
2683 3792 2819 3843 xxtt,
2850 3773 2964 3847 51).

2079 3895 2169 3951 45.
2195 3894 2516 3965 Huiusmodi
2544 3893 2711 3964 igitur
2734 3892 2857 3947 viro
2882 3890 3115 3946 salutem
3143 3894 3386 3943 nostram
3414 3892 3470 3940 et
3495 3883 3612 3940 exi-

2008 3987 2383 4046 stimationem
2411 3984 2825 4049 committimus,
2849 3982 2941 4053 qui
2965 3982 3056 4049 sit,
3075 3989 3133 4035 ut
3155 3993 3318 4049 supra
3348 3977 3610 4039 diximus,

2007 4082 2187 4152 justus
2233 4088 2291 4135 et
2333 4077 2591 4149 prudens.
2624 4076 2779 4132 Facit
2821 4075 2968 4131 enim
3002 4071 3023 4111 ί
3051 4072 3259 4144 justitia
3284 4110 3300 4136 ,
3329 4077 3390 4125 ut
3431 4067 3615 4124 nullus

2012 4175 2084 4232 sit
2121 4172 2328 4229 fraudis
2358 4179 2538 4227 metus
2570 4188 2584 4225 :
2617 4169 2748 4225 facit
2794 4169 2958 4225 etiam
2998 4165 3310 4238 prudentia,
3355 4172 3417 4220 ut
3466 4161 3612 4217 nulla

2014 4270 2089 4326 sit
2113 4268 2324 4326 erroris
2349 4267 2611 4337 suspicio.
2642 4264 2962 4334 Promptius
2990 4272 3170 4318 tamen
3199 4275 3300 4316 nos
3320 4259 3469 4331 justo
3493 4257 3615 4313 viro

2015 4381 2179 4437 quam
2229 4362 2483 4436 prudenti
2529 4360 2942 4424 committimus,
2999 4368 3058 4413 ut
3103 4354 3402 4413 secundum
3456 4367 3615 4407 usum

2018 4459 2169 4529 vulgi
2218 4459 2431 4528 loquar.
2459 4464 2483 4502 κ
2513 4455 2784 4509 Caeterum
2834 4451 3141 4523 sapientum
3185 4446 3527 4511 deﬁnitione,
3559 4444 3615 4499 in

2018 4566 2130 4623 quo
2160 4566 2264 4605 una
2301 4550 2477 4604 virtus
2515 4556 2621 4613 est,
2645 4552 2984 4602 concurrunt
3032 4551 3268 4607 caterua,
3302 4554 3406 4595 nec
3435 4544 3619 4609 potest

1936 4633 1992 4696 Ι)
2019 4646 2139 4702 sine
2176 4642 2386 4714 iustitia
2434 4656 2559 4699 esse
2591 4639 2899 4710 prudentia.
2932 4636 3089 4705 Quod
3116 4634 3282 4692 etiam
3326 4632 3381 4688 in
3413 4629 3618 4688 nostris

2024 4740 2370 4804 invenimus;
2398 4735 2537 4793 dicit
2584 4735 2731 4792 enim
2785 4732 2953 4790 David
2989 4750 3003 4788 :
3039 4730 3221 4786 Justus
3259 4728 3529 4784 miseretur
3573 4734 3624 4781 et

2024 4836 2223 4906 fenerat
2257 4828 2432 4903 (Psal.
2465 4844 2658 4893 xxxvr,
2687 4827 2803 4901 21).
2827 4825 2967 4895 Quid
3011 4824 3223 4881 feneret
3254 4821 3462 4893 justus,
3492 4817 3626 4874 alibi

2022 4924 2159 4980 dicit
2188 4939 2202 4978 :
2242 4920 2521 4977 Iucundus
2551 4922 2627 4974 uir
2648 4921 2736 4991 qui
2761 4919 3033 4974 miseretur
3060 4926 3109 4972 et
3140 4921 3361 4988 fenerat,
3390 4912 3627 4983 disponet

2026 5031 2287 5073 sermones
2313 5030 2435 5069 suos
2464 5014 2518 5068 in
2532 5013 2740 5087 judicio
2771 5009 2948 5083 (Psal.
2983 5025 3100 5078 cxi,
3124 5008 3202 5081 5).

319 5226 494 5281 neque
545 5209 901 5267 conventicula
940 5224 961 5281 A:
996 5206 1109 5281 sed-7
1146 5220 1248 5263 nec
1291 5204 1385 5260 ulli
1434 5202 1659 5259 omnino
1698 5198 1925 5257 verbum
2034 5199 2218 5281 mines,
2243 5206 2351 5281 etc.
2381 5164 2516 5280 Item
2549 5208 2688 5281 pag.‘
2714 5192 2841 5281 37‘s,
2874 5190 2971 5246 lin.
2997 5189 3062 5246 21
3094 5208 3107 5245 :
3137 5188 3359 5246 Summa
3386 5187 3546 5258 igitur
3589 5196 3643 5242 et

323 5279 545 5354 exstitit,
568 5282 788 5354 quodin
820 5279 984 5336 editis
1012 5280 1209 5354 legitur
1240 5287 1384 5354 post,
1416 5282 1661 5354 sectator.

396 5364 422 5391 ⁸
454 5345 889 5420 Mss-nonnulli,
938 5345 1099 5423 faciat
1147 5345 1434 5420 exemplis;
1481 5345 1704 5417 quidam
1758 5360 1933 5399 exem-

330 5426 498 5495 plum.

398 5493 428 5534 δ
457 5496 572 5551 Cic.
604 5498 703 5552 lib.
737 5512 796 5561 ll,
827 5511 948 5567 pag.
975 5494 1103 5561 577,
1126 5493 1226 5549 lin.
1260 5491 1295 5547 8
1326 5509 1339 5546 :
1375 5489 1552 5545 Malus
1594 5490 1733 5545 enim
1764 5496 1938 5541 custos

336 5567 697 5623 diuturnitatis
726 5578 912 5627 metus.
945 5577 1053 5621 etc.

413 5650 435 5678 ε
466 5639 628 5722 Ibid.,
657 5654 781 5722 pag.
809 5639 937 5722 3778,
982 5639 1079 5720 lin.
1113 5637 1178 5692 15
1209 5655 1222 5690 :
1256 5632 1470 5716 Certum
1517 5629 1937 5722 ig’itun'ftoq‘s‘it,

338 5712 499 5786 idque
517 5721 566 5766 et
588 5703 811 5786 primum
836 5721 881 5764 et
904 5710 1123 5764 maxime
1161 5704 1513 5763 necessarium
1555 5703 1939 5774 familiaritates

342 5784 539 5839 habere
563 5783 718 5851 fidas,
744 5791 851 5837 etc.

2035 5276 2271 5343 perfecta,
2290 5269 2459 5342 gloria
2488 5274 2713 5343 c_o_n_stat_,
2742 5272 2851 5343 et_c_.

2115 5328 2143 5380 έ
2163 5328 2324 5405 Ibid;
2349 5355 2474 5411 pag.
2500 5339 2627 5403 578,
2658 5328 2752 5391 lin.
2781 5337 2888 5392 διε
2915 5332 3076 5388 Fides
3096 5341 3266 5387 autem
3287 5340 3344 5384 ut
3368 5328 3641 5398 habeatur,

2038 5414 2247 5469 duabus
2276 5410 2430 5469 rebus
2461 5410 2603 5484 effici
2636 5416 2823 5484 potest,
2856 5416 2966 5461 etc.
3120 5482 3127 5484 ξ
3189 5472 3213 5484 Α
3240 5471 3270 5484 η
3364 5471 3377 5484 ⁸
3485 5472 3498 5484 ο
3539 5472 3550 5482 ,

2124 5484 2144 5523 ί
2176 5485 2339 5549 lbid.,
2373 5484 2470 5538 litt.
2492 5471 2574 5539 ’59
2602 5471 2816 5534 ε’]ιιδιίε
2862 5487 3033 5549 autem
3081 5482 3128 5527 et
3176 5471 3312 5549 ﬁdis
3340 5471 3652 5549 _Itontini_bus

2042 5555 2099 5610 id
2120 5567 2219 5623 est,
2248 5542 2468 5611 bonis...
2499 5554 2707 5609 Harum
2736 5550 2896 5621 igitur
2921 5548 3141 5599 duarum
3169 5544 3238 5597 ad
3275 5542 3432 5614 ﬁdem
3453 5545 3649 5616 facien-

2047 5626 2168 5680 dam
2197 5628 2397 5692 iustitia
2422 5628 2554 5698 plus
2576 5623 2753 5698 pollet,
2785 5627 2889 5674 etc.

2127 5708 2151 5745 8
2186 5685 2344 5762 lbid.,
2366 5685 2458 5751 lin.
2494 5685 2611 5751 46':
2642 5692 2751 5748 Sed
2775 5707 2838 5745 ne
2860 5690 2975 5759 quis
3012 5688 3079 5741 sit
3107 5685 3394 5762 admiratus
3414 5701 3654 5762 cuream

2052 5771 2187 5824 inter
2235 5756 2410 5823 omnes
2459 5763 2794 5839 philosophos
2841 5756 3127 5814 constet...
3161 5758 3247 5830 qui
3298 5775 3455 5813 unam
3496 5756 3656 5813 liabe-

420 5854 447 5891 ά
483 5841 647 5923 Ibid,
672 5841 795 5924 pag.
831 5851 958 5920 576,
998 5851 1098 5907 lin.
1138 5851 1252 5907 38:
1287 5848 1635 5917 Quacumque
1662 5844 1820 5916 igitur
1854 5841 1948 5896 ho-
2052 5852 2150 5904 ret,
2183 5850 2292 5896 etei
