4078 6306
364 233 469 289 117

367 449 531 498 terrm
557 441 751 500 videre
776 445 969 500 faciem
996 443 1329 505 Salomonis,
1357 451 1413 497 et
1433 441 1624 498 audire
1642 444 1969 515 sapientiam

364 533 514 604 ejus;
546 534 621 590 ita
664 544 723 592 ut
755 548 811 593 et
837 536 984 593 Saba
1007 534 1190 607 regina
1222 533 1436 589 veniret
1471 536 1538 589 ad
1571 550 1731 601 eum,
1764 549 1818 592 et
1846 546 1964 594 ten-

365 633 513 683 taret
562 644 690 685 eum
737 630 792 685 in
820 630 1256 701 quaestionibus:
1302 626 1371 681 Et
1399 631 1561 697 venit,
1600 638 1651 685 et
1690 634 1865 686 omnia
1893 632 1974 686 lo-

365 729 488 774 cuta
526 731 603 775 est
637 738 756 793 qua:
803 723 1098 777 habebatin
1128 722 1283 777 corde
1315 737 1442 790 suo,
1475 732 1522 776 et
1547 724 1742 778 audivit
1768 741 1971 780 onmem

364 815 678 886 «pisatione
718 815 1042 880 Solomonis,
1081 830 1174 870 nec
1214 815 1380 869 Illum
1428 815 1637 870 uerbum
1688 818 1971 887 prieterivit

363 924 476 964 eam
505 909 598 982 (ιιι
634 910 767 983 ηις.
799 927 855 974 ι,
882 911 919 965 a
944 922 993 966 et
1016 909 1097 983 δ).

436 1002 528 1058 δε.
563 1003 697 1070 ραι
746 1005 821 1059 sit
861 1004 997 1069 ista,
1039 1018 1201 1074 qttam
1234 1002 1368 1058 nihil
1400 1012 1723 1074 praetereat,
1762 1021 1862 1061 nec
1898 1008 1972 1063 sit

361 1095 570 1167 aliquid
616 1097 764 1168 quod
810 1098 864 1153 ei
908 1113 1019 1153 non
1045 1097 1457 1152 annuntiaverit
1480 1112 1643 1153 verus
1680 1099 1967 1166 Salomon,

361 1202 659 1260 cognosce,
706 1205 742 1245 ο
782 1189 980 1257 homo,
1026 1203 1095 1246 ea
1138 1188 1223 1245 bis
1260 1204 1382 1259 quae
1420 1191 1576 1246 audis
1607 1192 1920 1261 loquentem
1953 1209 1966 1247 :

371 1281 539 1337 Verus
562 1293 659 1350 est,
690 1282 892 1353 inquit,
924 1297 1092 1338 sermo
1120 1298 1273 1354 quem
1309 1281 1486 1335 audiri
1528 1284 1585 1337 in
1606 1292 1746 1337 terra
1768 1300 1880 1339 mea
1907 1285 1970 1339 de

361 1378 688 1431 sermonibus
731 1378 839 1432 tuis
858 1418 873 1445 ,
905 1389 954 1433 et
983 1377 1049 1433 de
1092 1377 1365 1450 prudentia
1395 1388 1515 1442 tua,
1551 1387 1599 1432 et
1641 1394 1743 1433 non
1771 1379 1970 1434 credidi

362 1470 446 1525 Itis
463 1471 550 1541 qui
572 1469 811 1525 dicebant
836 1471 985 1536 mihi,
1007 1469 1173 1524 donec
1193 1471 1330 1535 mi,
1345 1479 1394 1525 et
1410 1468 1652 1524 viderunt
1670 1472 1811 1525 oculi
1828 1472 1927 1526 mei
1951 1486 1971 1526 :

361 1574 413 1619 et
438 1580 576 1619 nunc
602 1580 707 1619 non
734 1574 812 1620 eat
840 1581 935 1621 nec
966 1565 1187 1620 dimidia
1212 1564 1421 1637 quidem
1446 1580 1569 1638 pars
1598 1564 1885 1620 secundum
1911 1582 1969 1621 ea

361 1673 480 1730 qua
516 1658 895 1713 enuntiabant
922 1657 1069 1713 mihi.
1104 1659 1409 1731 Apposuisti
1438 1660 1572 1712 bona
1600 1674 1758 1728 super
1791 1660 1969 1713 omnia

1410 234 1501 291 DE
1531 230 1825 294 OFFlCllB
1848 228 2325 298 IllNlS‘I'RORUM
2364 240 2495 297 LIB.
2530 241 2595 296 ll.

363 362 472 420 que
494 348 718 406 virtutis
743 351 942 425 copula
969 350 1075 406 sit:
1102 349 1248 404 sicut
1264 347 1799 420 quterehntotnnes
1820 364 1978 424 reges
2004 349 2056 415 Α

3574 245 3680 301 H8

2698 352 2931 417 CAPUT
2969 356 3062 416 Xl.

2074 446 2251 505 Tertia
2296 452 2527 506 conditio
2553 467 2670 523 qua:
2710 454 2779 506 ad
2810 452 2966 522 ﬁdem
2996 454 3156 507 alicui
3181 450 3563 508 conciliandam
3592 466 3683 509 va-

2146 542 2245 608 let,
2286 543 2341 597 in
2383 542 2595 616 Moyse,
2638 544 2861 601 Daniele
2904 561 2966 600 ac
3004 542 3239 616 Iosepho
3276 544 3483 614 fulsisse
3507 552 3681 602 osten-

2146 637 2308 691 dﬂur.

2145 728 2234 783 56.
2284 727 2390 785 Sed
2434 729 2598 786 etiam
2626 731 2653 768 α
2684 732 2881 788 tertius
2920 732 3074 788 locus
3111 732 3178 787 de
3217 732 3300 789 bis
3328 735 3421 805 qui
3448 731 3683 788 admira-

2073 816 2223 873 tione
2250 820 2397 892 digni
2429 822 2851 886 testimnrentur,
2884 822 3087 895 .loscpb
3106 866 3120 887 ,
3150 823 3460 881 Salomonis
3487 833 3543 880 ct
3572 824 3679 879 Da-

2073 913 2234 968 nielis
2263 914 2516 985 exemplo
2546 916 2809 971 decursus
2832 912 3069 972 videtur.
3100 916 3231 972 Nam
3259 918 3386 989 quid
3406 916 3475 975 de
3496 916 3682 991 Moyse

2072 1005 2295 1077 loquar,
2328 1009 2483 1079 cujus
2512 1011 2691 1065 omnis
2729 1010 2894 1066 lsrael
2926 1011 3169 1081 quotidie
3195 1013 3424 1068 consilia
3457 1020 3684 1084 prasto-

2073 1097 2322 1166 labatur,
2351 1116 2582 1171 quorum
2623 1103 2730 1158 vita
2764 1102 2925 1157 ﬁdem
2958 1103 3190 1159 faciebat
3220 1104 3522 1175 prudentia:
3542 1150 3554 1172 ,
3586 1105 3683 1160 ad-

2074 1190 2529 1262 mirationemque
2559 1195 2679 1263 ejus
2708 1195 2975 1265 augt-bat?
2997 1197 3130 1265 Quis
3149 1212 3209 1252 se
3237 1212 3343 1253 non
3375 1199 3684 1254 committo-

2071 1292 2158 1339 ret
2199 1285 2429 1340 consilio
2459 1284 2650 1360 Moysi,
2686 1288 2774 1343 cui
2806 1291 3053 1345 seniores
3102 1294 3148 1345 si
3195 1306 3298 1360 qua
3329 1306 3490 1363 supra
3524 1306 3681 1347 suum

2074 1374 2408 1431 intellectum
2460 1386 2515 1433 cl.
2556 1379 2815 1436 virtutetn
2865 1394 2989 1438 esse
3021 1382 3453 1453 arbitrarentur,
3486 1382 3684 1456 dijudi-

2073 1470 2245 1525 canda
2275 1472 2565 1527 servabant
2594 1474 2620 1529 ?

2145 1562 2236 1619 57.
2281 1563 2418 1634 Quis
2467 1567 2704 1623 Danielis
2744 1569 3034 1625 consilium
3081 1568 3397 1641 refugeret,
3454 1571 3523 1626 de
3571 1586 3681 1643 quo

2074 1655 2217 1711 Deus
2268 1662 2383 1727 ipse
2427 1658 2565 1713 dixit
2609 1677 2625 1714 :
2683 1659 2815 1726 Quis
2853 1659 3077 1717 Daniele
3125 1663 3416 1734 sapientior
3461 1662 3677 1734 (Ezech.

361 1765 482 1822 qua
529 1749 707 1806 audivi
734 1750 845 1823 83
885 1751 939 1805 in
966 1761 1110 1805 terra
1134 1767 1265 1805 mea.
1296 1749 1475 1805 Beata:
1503 1750 1742 1805 mulieres
1769 1759 1893 1816 tae,
1923 1759 1971 1804 et
1998 1743 2050 1809 Β
2076 1762 2264 1812 nvnt,
2296 1748 2391 1820 3)?
2418 1751 2528 1805 Aut
2547 1752 2824 1822 quomodo
2850 1752 3101 1808 homines
3129 1754 3196 1809 de
3218 1767 3409 1809 eorum
3432 1754 3682 1809 dubitate

363 1843 505 1898 beati
545 1844 693 1914 pleri
737 1847 811 1898 tui
842 1844 930 1915 qui
968 1845 1220 1898 assistunt
1261 1844 1385 1909 tibi,
1413 1844 1504 1914 qui
1528 1845 1746 1898 audiunt
1771 1858 1974 1897 omnem

364 1938 701 2011 prudentiam
748 1948 894 1994 tum
936 1939 1133 2011 (Ibit,
1164 1938 1198 1995 6
1238 1948 1291 1994 et
1323 1938 1479 2011 καφ).
1522 1939 1764 2010 lntellige
1790 1942 1972 1996 eonvi-

364 2034 515 2088 vium
536 2033 655 2088 veri
680 2032 1014 2099 Salomonis,
1050 2044 1108 2089 et
1136 2046 1261 2105 quae
1288 2043 1635 2103 apponuntur
1664 2035 1718 2089 in
1748 2049 1816 2089 eo
1841 2049 1975 2090 con-

365 2123 517 2181 vivio
536 2166 552 2192 ,
580 2125 831 2197 intelligo
855 2126 1173 2196 sapienter,
1201 2133 1258 2182 et
1284 2125 1575 2182 considera
1606 2128 1661 2182 in
1692 2142 1795 2198 qua
1825 2137 1972 2184 terra

363 2220 725 2292 congregatio
745 2220 1031 2276 nationum
1051 2220 1292 2276 audierit
1312 2219 1509 2275 famam
1530 2220 1816 2291 sapientiae
1831 2238 1973 2279 vera:

369 2325 539 2386 atque
561 2316 812 2385 justitite,
830 2325 889 2372 et
904 2317 1107 2385 quibus
1133 2330 1259 2372 eum
1286 2314 1697 2383 videritoculis,
1728 2328 1973 2374 contem-

366 2409 650 2480 plantibus
677 2412 868 2479 utique
891 2426 956 2467 ea
979 2428 1101 2482 quae
1128 2426 1233 2468 non
1263 2410 1539 2467 videntur.
1570 2412 1837 2478 Quoniam
1860 2428 1976 2484 qua

370 2503 611 2557 videmur
628 2545 644 2571 ,
681 2504 987 2575 temporalia
1012 2516 1134 2561 sunt
1165 2521 1183 2560 :
1210 2520 1328 2577 quae
1364 2514 1537 2562 autem
1564 2522 1672 2562 non
1698 2505 1936 2562 videntur
1957 2550 1974 2575 ,

371 2607 572 2654 eterna
599 2597 666 2668 (ll
686 2596 808 2653 Cor.
840 2612 922 2664 tv,
954 2597 1067 2669 l4).

447 2688 541 2745 53.
575 2690 709 2759 Quae
738 2700 866 2745 sunt
894 2690 1067 2746 beata!
1092 2689 1381 2757 mulieres,
1414 2692 1519 2749 nisi
1546 2692 1655 2748 illa:
1682 2691 1754 2748 de
1777 2692 1977 2763 quibus

372 2784 602 2849 dicitur,
633 2796 660 2823 ι
681 2788 808 2857 quia
833 2786 1017 2842 multa
1048 2787 1273 2843 verbum
1303 2787 1398 2844 Dei
1431 2788 1660 2844 audiunt
1684 2800 1739 2846 et
1762 2790 1980 2860 pariunt

370 2878 535 2949 (Lac.
570 2895 649 2947 at,
679 2880 812 2949 28)?
838 2881 905 2936 Et
929 2882 1060 2937 alibi
1094 2896 1109 2937 :
1145 2880 1468 2950 Quicumque
1488 2885 1626 2939 enim
1648 2884 1854 2939 uerbum
1879 2882 1980 2939 Dei

368 2976 581 3047 fuerit,
624 2977 738 3047 ipse
765 2991 908 3030 metu
938 2980 1100 3047 frater
1126 2986 1175 3031 et
1206 2992 1354 3032 soror
1382 2987 1432 3031 et
1464 2987 1627 3033 mater
1655 2990 1727 3032 est
1757 2976 1972 3050 (Matth.

374 3079 479 3133 an,
504 3067 622 3140 50).
654 3067 758 3137 Qui
787 3070 951 3124 etiam
978 3068 1135 3139 pueri
1162 3070 1240 3125 tui
1272 3070 1417 3125 beati
1448 3072 1538 3142 qui
1564 3073 1847 3137 assistunt,
1876 3071 1979 3126 nisi

2078 1844 2352 1899 mentibus
2404 1855 2651 1914 possent,
2703 1846 2899 1915 quibus
2925 1845 3073 1901 Deus
3116 1854 3321 1903 tantam
3364 1847 3683 1903 conterebat

2073 1938 2342 2010 gratiam?
2374 1939 2544 2010 Moysi
2569 1940 2800 1995 consilio
2826 1939 2966 1995 bella
2993 1940 3429 1996 conﬁciebantur
3458 1955 3473 1993 :
3504 1940 3675 2012 Moysi

2077 2033 2287 2088 meritis
2314 2033 2385 2088 de
2414 2035 2554 2090 cmlo
2583 2031 2845 2089 attinebat
2871 2034 3152 2099 alimonia,
3185 2043 3343 2104 potus
3372 2049 3405 2091 e
3431 2044 3607 2105 petra.

2151 2122 2242 2178 58.
2296 2123 2469 2190 Quam
2522 2140 2690 2196 purus
2748 2125 2988 2180 Danielis
3034 2125 3283 2194 animus,
3316 2135 3377 2181 ut
3420 2127 3684 2182 mulceret

2077 2219 2343 2275 barbaros
2382 2233 2597 2286 mores,
2652 2222 2927 2291 mitigaret
2968 2219 3155 2277 leones
3199 2220 3365 2287 (Dan.
3397 2235 3519 2287 xw,
3550 2220 3678 2290 39)!

2075 2313 2208 2381 Quae
2237 2313 2291 2369 in
2334 2314 2431 2369 illo
2459 2315 2847 2387 temperantia!
2897 2316 3106 2382 Quanta
3154 2318 3319 2371 animi
3348 2326 3406 2373 et
3434 2319 3681 2386 corporis

2074 2404 2191 2479 84
2210 2407 2580 2462 continentia!
2628 2408 2737 2464 Nec
2764 2407 3044 2464 immerito
3078 2409 3340 2464 mirabilis
3365 2407 3541 2466 factus
3566 2424 3683 2465 om-

2079 2499 2259 2565 nibus,
2304 2500 2524 2570 quando
2569 2500 2738 2571 (quod
2766 2501 3119 2557 vehementer
3147 2500 3486 2557 admirantur
3509 2501 3685 2557 bomi-

2079 2590 2201 2664 nes)
2230 2594 2505 2664 regalibus
2535 2594 2702 2651 fultus
2733 2595 3010 2660 amicitiis,
3035 2609 3227 2651 aurum
3251 2609 3358 2650 non
3380 2594 3682 2663 qoterebat,

2080 2700 2180 2741 nec
2203 2686 2441 2741 delatum
2466 2686 2568 2742 sibi
2592 2686 2855 2743 honorem
2878 2687 3054 2759 pluris
3075 2686 3479 2758 laciebatquam
3496 2685 3679 2741 ﬁdem.

2080 2780 2223 2848 Quin
2272 2782 2435 2836 etiam
2491 2782 2787 2851 periclitari
2840 2780 3076 2837 malebat
3122 2795 3223 2851 pro
3272 2781 3389 2852 lege
3447 2780 3681 2848 Domini,

2079 2888 2240 2945 quam
2272 2886 2369 2943 pro
2397 2872 2834 2945 gratialtominis
2860 2873 3083 2930 inflecti.

2153 2966 2242 3023 59.
2274 2965 2408 3022 Nam
2432 2966 2498 3022 de
2523 2968 2697 3022 sancti
2728 2966 2930 3037 .losepb
2965 2966 3157 3039 (quem
3206 2978 3346 3037 pene
3402 2966 3684 3035 pmterie-

2082 3058 2221 3131 ram)
2251 3056 2572 3114 castimonia
2617 3069 2670 3113 et
2694 3058 2901 3127 justitia
2933 3059 3059 3128 quid
3092 3059 3301 3123 dicam;
3331 3071 3561 3129 quarum
3606 3059 3682 3113 al-

376 3161 579 3218 Ρηιιη
608 3161 981 3232 quidicebat;
1017 3161 1193 3232 Usque
1215 3163 1273 3218 ίη
1311 3169 1450 3218 nunc
1491 3165 1627 3218 diem
1662 3173 1742 3219 uo
1783 3172 1980 3234 ρνοιεε-
2003 3143 2050 3209 C
2084 3161 2196 3208 tera
2245 3152 2533 3207 illecebras
2581 3151 2781 3207 beriles
2820 3153 3064 3222 respuit,
3116 3151 3372 3206 reintavit
3416 3150 3637 3221 praemia
3671 3170 3684 3205 :

370 3266 498 3310 eam
526 3254 716 3310 minori
732 3271 799 3309 ac
828 3256 1015 3328 majori
1038 3254 1179 3327 (Act.
1215 3270 1367 3320 χιιι,
1388 3256 1520 3328 (ιε),
1539 3258 1760 3314 Simeon
1775 3257 1867 3328 qui
1888 3272 1983 3313 ex-

374 3346 670 3417 spectabat
713 3347 770 3402 in
808 3349 1014 3419 templo
1046 3357 1106 3402 ttt
1130 3348 1339 3404 videret
1361 3350 1793 3405 consolationem
1819 3350 1984 3405 Israel

374 3438 538 3513 (bac.
570 3456 630 3505 tt,
661 3440 802 3513 35)?
830 3440 1117 3509 Quomodo
1143 3442 1290 3496 enim
1331 3440 1530 3496 dimitti
1562 3450 1815 3512 posceret
1835 3483 1848 3504 .
1880 3441 1982 3497 nisi

374 3534 507 3603 quia
552 3533 820 3588 assistens
870 3531 1134 3600 Domino,
1164 3531 1483 3589 discedendi
1525 3533 1724 3590 habere
1751 3532 1986 3589 faculta-

383 3637 493 3682 tem
542 3639 646 3679 non
702 3636 943 3694 poterat,
984 3624 1088 3679 nisi
1130 3627 1460 3681 voluntatem
1494 3625 1705 3681 Domini
1754 3626 1983 3697 adeptus

380 3716 569 3774 esset?
596 3717 838 3787 Exempli
858 3732 1021 3773 causa
1055 3717 1364 3789 propositus
1393 3726 1477 3774 est
1510 3718 1668 3773 nobis
1699 3717 1980 3784 Salomon,

381 3826 415 3867 a
452 3827 567 3883 quo
592 3812 838 3869 certatim
871 3820 932 3868 ut
964 3812 1248 3868 audiretur
1272 3812 1392 3884 ejus
1421 3812 1712 3885 sapientia,
1743 3812 1984 3884 postula-

381 3907 565 3962 batur.
906 3897 914 3903 ’

457 4000 549 4056 54.
594 3998 622 4038 δ
644 3999 847 4070 Josepb
874 4014 1089 4071 quoque
1116 4014 1218 4055 nec
1253 3999 1307 4054 in
1337 4013 1557 4056 carcere
1586 3999 1815 4055 feriatus
1843 4008 1982 4068 erat,

381 4077 494 4164 quo
542 4093 721 4148 minus
768 4092 838 4147 de
888 4094 1049 4149 rebus
1098 4092 1329 4149 incertis
1368 4093 1772 4150 consuleretur.
1814 4094 1987 4165 Cujus

379 4185 672 4241 consilium
700 4184 936 4257 Egypto
961 4185 1235 4242 universa:
1264 4186 1497 4257 profuit;
1530 4194 1592 4243 ut
1619 4202 1727 4244 non
1756 4188 1988 4243 sentiret

380 4287 596 4349 septem
634 4293 899 4335 annorum
942 4280 1311 4345 sterilitatem,
1339 4281 1583 4352 aliosque
1627 4283 1859 4353 populos
1884 4283 1989 4337 mi-

383 4384 527 4429 serta
554 4372 712 4428 lauris
742 4374 946 4429 levaret
966 4373 1174 4443 jejunio
1202 4372 1357 4446 (Gen.
1383 4390 1491 4442 xu,
1524 4375 1594 4432 l0
1623 4387 1668 4431 et
1698 4375 1858 4449 ηιμ).

458 4465 551 4521 δῦ.
602 4464 786 4521 Daniel
812 4481 881 4520 ex
911 4465 1160 4533 captivis,
1195 4467 1459 4537 regalium
1489 4470 1864 4524 consultorum
1895 4485 1984 4524 ar-

2082 3245 2252 3299 altera
2284 3254 2517 3299 mortem
2546 3244 2897 3314 contempsit,
2929 3256 3130 3299 metum
3162 3244 3378 3311 repulit,
3402 3258 3682 3300 carcerem

2084 3338 2406 3408 praeoptarit
2451 3334 2609 3409 (Gen.
2658 3350 2844 3403 xxxix,
2881 3335 2915 3390 8
2946 3344 2992 3390 et
3021 3334 3153 3406 seq.)
3180 3334 3204 3388 ἳ
3227 3335 3366 3404 Quis
3393 3334 3538 3391 hunc
3574 3336 3689 3407 pri-

2081 3440 2221 3486 vata:
2264 3444 2443 3487 causae
2480 3430 2549 3485 ad
2601 3429 2993 3486 consulendum
3041 3428 3298 3485 idoneum
3336 3444 3446 3486 non
3475 3430 3688 3500 judica-

2084 3533 2200 3589 ret,
2229 3522 2384 3592 cujus
2426 3522 2574 3579 ferax
2619 3522 2835 3579 animus
2869 3533 2923 3579 et
2960 3537 3119 3579 mens
3156 3523 3350 3579 fertilis
3376 3565 3391 3591 ,
3426 3523 3690 3595 temporis

2082 3617 2427 3673 sterilitatem
2459 3614 2692 3686 quodam
2733 3616 3084 3671 consiliorum
3115 3625 3169 3671 et
3192 3615 3377 3671 cordis
3397 3615 3567 3672 ubere
3608 3615 3685 3671 l'e-

2082 3711 2337 3768 cundavit
2368 3709 2526 3783 (Gen.
2554 3724 2663 3777 ιιι,
2695 3709 2768 3765 25
2796 3720 2843 3763 et
2870 3710 3030 3781 seq.).

2682 3798 2916 3857 CAPUT
2955 3800 3072 3856 Xll.

2088 3895 2365 3950 Neminem
2394 3895 2459 3949 ab
2491 3895 2697 3951 homine
2725 3894 2861 3948 vitiis
2888 3894 3237 3949 contaminato
3266 3894 3542 3949 consilium
3569 3908 3690 3967 pol-

2156 4005 2307 4055 cere;
2352 4005 2446 4043 nec
2493 4005 2675 4043 rursus
2721 4006 2752 4041 a
2793 4003 2997 4042 moroso
3035 3997 3082 4041 et
3114 3988 3325 4059 difﬁcili
3353 4004 3371 4043 :
3402 3989 3492 4044 sed
3536 3989 3600 4045 ab
3631 4006 3690 4043 eo

2158 4082 2451 4152 cajuamodi
2477 4080 2739 4149 exemplar
2767 4079 3012 4134 habemus
3031 4079 3088 4133 in
3115 4078 3426 4148 Scripturia.

2158 4172 2248 4229 ϐυ.
2297 4172 2646 4228 Advertimus
2683 4170 2847 4242 igitur
2868 4170 3013 4242 quod
3046 4172 3098 4225 in
3126 4170 3476 4242 acquirendis
3509 4171 3689 4225 consi-

2086 4266 2177 4323 liis
2202 4265 2498 4337 plurimum
2530 4264 2788 4334 adjungat
2812 4263 2937 4317 vitae
2967 4262 3232 4333 probitas,
3265 4262 3527 4317 virtutum
3552 4275 3692 4332 prte-

2086 4362 2353 4433 rogativa,
2384 4359 2777 4415 benevolentia
2809 4372 2962 4425 usus,
2991 4367 3015 4395 ε
3039 4355 3319 4412 facilitatis
3344 4356 3541 4425 gratia.
3562 4354 3698 4424 Quis

2091 4454 2238 4510 enim
2268 4453 2321 4507 itt
2353 4466 2514 4509 (uno
2543 4451 2748 4507 fontem
2779 4448 3053 4518 requirat?
3078 4447 3213 4516 Quis
3250 4462 3285 4504 ο
3314 4447 3530 4503 turbida
3557 4461 3699 4518 aqua

384 4559 528 4616 biter
558 4557 762 4623 iactus,
792 4560 1036 4614 consiliis
1062 4559 1177 4614 suis
1202 4535 1513 4615 emendavit
1547 4563 1859 4629 praesentia,
1888 4578 1978 4618 an-

2096 4556 2279 4618 potum
2312 4545 2493 4615 petat?
2526 4542 2710 4615 Itaque
2739 4542 2834 4598 ubi
2865 4540 2884 4580 ί
2928 4542 3138 4597 luxuria
3167 4551 3267 4608 cst,
3304 4542 3395 4597 ubi
3422 4542 3701 4611 intempe-

386 4653 658 4708 nnntiavit
694 4652 895 4708 futura.
929 4653 1008 4707 Ex
1037 4651 1121 4708 his
1147 4652 1293 4708 enim
1323 4670 1444 4725 qua:
1471 4654 1785 4725 frequenter
1814 4657 1985 4713 inter-

269 4792 276 4796 .
385 4752 632 4815 pretatus
654 4743 969 4800 ostenderat
988 4754 1010 4782 α
1042 4745 1153 4799 veri
1180 4760 1239 4800 se
1260 4759 1383 4800 esse
1408 4748 1753 4815 annuntium,
1779 4747 1912 4804 lides
1938 4750 1987 4804 ei

385 4834 442 4891 in
472 4835 728 4892 omnibus
750 4834 1101 4893 deferebatur
1122 4834 1288 4908 (Dan.
1320 4853 1380 4906 tt,
1414 4838 1484 4895 10
1502 4848 1550 4893 et
1576 4838 1732 4912 αφ).

2098 4638 2296 4703 rantia,
2341 4637 2428 4690 nbi
2462 4637 2717 4690 vitiorum
2758 4636 3039 4701 conlusio;
3073 4636 3194 4706 quis
3222 4635 3348 4689 inde
3374 4635 3477 4690 sibi
3499 4632 3700 4702 aliquid

2098 4731 2458 4786 hauriendum
2510 4729 2816 4786 existimet?
2846 4730 2978 4799 Quis
3030 4745 3136 4785 nou
3184 4729 3446 4800 despiciat
3488 4743 3702 4783 morum

2098 4824 2498 4881 colluvionem?
2551 4824 2684 4892 Quis
2734 4823 2919 4879 utilem
2971 4838 3155 4878 causae
3202 4821 3397 4879 alienat
3444 4820 3698 4891 iudicet,

2100 4938 2262 4994 quem
2314 4922 2463 4977 videt
2513 4923 2758 4977 inutilem
2805 4923 2930 4976 vitae
2960 4921 3119 4976 sum?
3146 4920 3287 4987 Quis
3322 4919 3518 4973 iterum
3550 4926 3576 4965 8
3604 4916 3706 4971 im-

2101 5015 2357 5088 probum,
2389 5014 2714 5071 malevolnm
2739 5054 2753 5080 ,
2793 5012 3249 5069 contumeliosum
3297 5026 3405 5067 non
3431 5009 3622 5080 fugiat,
3651 5017 3709 5064 et

461 5178 490 5209 ⁸
515 5168 680 5250 liam.
705 5168 834 5226 edit.
860 5169 999 5234 sola,
1030 5166 1348 5250 Beattequa:
1367 5170 1574 5225 verbum
1598 5168 1713 5250 Dei,
1735 5180 1852 5250 etc.
1882 5172 1990 5231 Sed
2095 5194 2212 5249 qua:
2236 5176 2306 5250 ad
2331 5175 2565 5250 gloriam
2590 5173 2863 5250 pertinent,
2893 5172 2986 5250 hoc
3016 5171 3379 5250 tertiumLetc.

392 5245 482 5300 hic
510 5244 807 5309 Scriptura:
836 5255 1081 5307 sensum,
1116 5244 1293 5313 potius
1315 5257 1478 5313 quam
1505 5242 1669 5299 verba
1693 5244 1854 5299 ‘citari
1880 5262 1993 5301 ma-

391 5316 654 5373 nifestum
686 5322 792 5369 est.

467 5388 496 5427 ιι
529 5388 586 5442 In
636 5384 1013 5458 superioribus
1058 5385 1192 5442 edit.
1232 5384 1359 5439 hinc
1402 5385 1723 5456 incipiebat,
1751 5401 1869 5458 cap.
1906 5391 1999 5456 ll,

394 5461 492 5516 sed
524 5456 685 5512 male.
716 5453 963 5526 Namque
995 5456 1099 5511 hoc
1121 5466 1176 5511 et
1199 5470 1433 5525 sequens
1455 5453 1761 5528 eiemplum
1789 5453 1856 5513 ad
1882 5453 2003 5529 cap.

398 5534 469 5587 10
498 5540 749 5601 spectare
776 5536 994 5602 constat
1020 5537 1251 5602 :_postea
1275 5542 1407 5583 vero
1431 5528 1497 5583 de
1524 5530 1682 5585 tertia
1728 5530 1820 5584 illa
1856 5528 2010 5602 parte

398 5605 511 5675 agi,
533 5599 665 5675 quae
699 5599 898 5675 capitis
923 5600 956 5654 8
983 5600 1139 5654 initio
1167 5602 1442 5670 proposita
1473 5612 1579 5675 est.

486 5674 516 5713 ῐ
547 5673 677 5728 Mss.
712 5672 938 5739 aliquot,
970 5687 1088 5726 vera
1118 5688 1169 5726 se
1195 5688 1305 5726 esse
1326 5673 1706 5729 annuntiatum.

492 5742 519 5784 ιι
550 5747 664 5812 Cic.
696 5743 791 5797 lib.
816 5757 878 5811 tt,
903 5758 1022 5819 pag.
1050 5741 1180 5823 379,
1203 5743 1303 5800 lin.
1328 5744 1382 5800 3.
1408 5742 1541 5799 Erat
1565 5743 1724 5821 igitur
1737 5762 1802 5806 ea;
1828 5744 2010 5816 tribus,

2182 5259 2205 5286 θ
2236 5238 2438 5303 Οιῐιῖιεε
2482 5238 2637 5308 edit"
2669 5244 2989 5314 frugalitatis
3011 5244 3198 5314 gratia.
3235 5238 3549 5314 Elegantius
3577 5253 3708 5314 mss.

2106 5336 2277 5392 prope
2304 5319 2373 5374 ad
2419 5335 2583 5373 unum
2614 5360 2629 5382 ,
2659 5309 2931 5387 facilitatis
2948 5309 3118 5392 gratia
3142 5328 3163 5377 ;
3189 5327 3319 5392 n_am_
3346 5309 3625 5392 frugalitas
3657 5312 3710 5365 in

2108 5381 2236 5447 vitae
2284 5392 2555 5461 probitate
2603 5381 2767 5456 supra
2814 5381 3271 5461 continuando;
3295 5381 3557 5461 facilitate
3583 5397 3714 5438 vero

2109 5463 2250 5520 inira
2284 5454 2462 5517 'ctiant
2513 5454 2734 5515 acturus
2781 5468 2863 5511 est
2904 5466 3125 5510 sanctus
3154 5454 3498 5507 Ambrosius.

2189 5533 2206 5573 τ
2242 5535 2355 5589 Cic.
2390 5534 2484 5587 lib.
2537 5548 2573 5586 ιι
2603 5529 2786 5592 0ilic.,
2826 5542 2945 5604 pag.
2975 5526 3102 5604 δῖε),
3140 5523 3317 5604 illi-11.8
3340 5542 3365 5604 _:
3418 5522 3719 5604 Despiciam

2117 5617 2290 5661 autem
2313 5621 2397 5658 eos
2424 5613 2471 5659 et
2497 5608 2824 5657 contemnunt
2855 5594 2913 5650 in‘
2937 5597 3117 5665 quibus
3140 5594 3278 5648 'niltil
3305 5595 3527 5661 virtutis,
3555 5603 3661 5649 etc.

2196 5687 2219 5722 κ
2254 5675 2416 5743 lbitl.,
2437 5676 2531 5730 lin.
2556 5673 2621 5728 10
2643 5690 2655 5724 :
2680 5670 2820 5724 Nam
2844 5683 2970 5738 quos
2992 5667 3277 5736 improbos,
3294 5667 3591 5732 maledicos,
3610 5678 3715 5723 etc.
