4078 6306
337 213 440 272 119

1667 211 1914 271 SANC'II
1951 213 2283 274 AMBROSII

3543 220 3656 279 120

332 331 401 388 ad
447 291 760 389 nocendum
803 339 1080 405 paratum;
1110 331 1237 404 quis
1267 345 1376 388 non
1404 345 1530 389 eum
1563 330 1716 388 omni
1759 329 1940 388 studio
1964 330 2023 397 Α
2048 341 2158 400 tus,
2187 333 2281 406 qui
2308 333 2618 393 nihilvetet
2659 335 3008 406 benefacere,
3062 337 3352 411 benignus,
3403 338 3655 408 stabilis,

337 426 617 482 declinet?

409 434 617 484 clinet't

409 519 500 576 6|.
527 519 659 588 Quis
681 533 813 576 vero
831 519 1080 591 quamvis
1097 519 1424 576 instructum
1447 517 1516 574 ad
1535 519 1748 576 consilii
1761 533 1942 590 opem,

2054 442 2306 496 securus,
2363 442 2584 485 omnem
2629 428 2838 486 habens
2887 431 3173 499 virtutem,
3217 431 3401 488 omnia
3423 432 3654 503 prospi-

2055 519 2208 576 ciens
2232 521 2391 595 (Sap.
2417 537 2492 578 vti
2510 564 2526 588 ,
2551 522 2624 579 22
2645 531 2696 578 et
2720 522 2880 596 seq.).
2921 533 2948 572 ε
2981 524 3049 580 Et
3071 523 3250 582 intra:
3281 523 3654 582 Sobrietatem

333 611 547 670 difﬁcili
577 621 754 670 tamen
783 626 1031 680 accessu,
1063 613 1310 681 ambiat;
1334 612 1387 669 in
1419 627 1528 684 quo
1553 613 1626 668 sit
1644 612 1798 680 illud,
1828 621 1948 668 tan-
2049 611 2234 682 docet,
2260 623 2317 670 et
2341 613 2612 685 justitiam
2639 625 2698 672 et
2737 617 2995 674 virtutem
3026 616 3184 690 (Sap.
3205 633 3326 683 vni,
3355 618 3438 689 'l).

332 721 496 777 quam
550 705 597 762 si
645 705 770 778 quis
814 721 970 778 aquae
1011 703 1220 763 fontem
1265 704 1597 778 prtecludat?
1624 705 1764 775 Quid
1801 705 1947 762 enim

334 799 561 871 prodest
605 798 810 855 habere
856 798 1182 869 sapientiam
1203 841 1220 868 ,
1253 798 1300 856 si
1331 798 1619 855 consilium
1655 798 1860 868 neges?
1890 797 1948 855 Si

334 893 658 951 consulendi
701 893 1036 950 intercludas
1061 893 1307 964 copiam,
1335 891 1579 950 clausisti
1610 891 1816 948 fontem
1841 908 1857 958 ;
1891 899 1952 948 ut

338 1004 439 1046 nec
464 989 588 1045 aliis
617 986 831 1056 inﬂuat,
862 1002 962 1043 nec
986 987 1084 1042 tibi
1106 985 1302 1058 prosit.

2649 707 2880 766 CAPUT
2927 707 3072 766 XIV.

2055 795 2397 854 Prudentiam
2427 816 2545 855 cum
2567 799 2807 856 omnibus
2855 801 3130 857 uirtutibus
3159 805 3494 876 conjunctam
3518 819 3659 872 esse,

2287 894 2512 948 maxime
2554 909 2674 948 vero
2713 909 2830 948 cum
2858 910 3014 960 opum
3044 894 3406 964 despicientia.

2121 985 2214 1042 66.
2287 985 2476 1044 Omnia
2531 984 2563 1025 ιι
2610 988 2772 1056 igitur
2824 999 3087 1056 operatur
3141 989 3476 1061 prudentia,
3526 1004 3662 1047 eum

412 1083 506 1140 62.
537 1083 774 1139 Pulchre
797 1090 978 1137 autem
1009 1091 1067 1138 et
1091 1081 1160 1136 de
1191 1081 1286 1136 illo
1313 1079 1600 1149 convenit,
1627 1077 1720 1151 qui
1746 1077 1952 1135 habens
2053 1079 2306 1136 omnibus
2332 1079 2492 1137 bonis
2537 1079 2701 1138 habet
2763 1083 3123 1138 consortium.
3181 1083 3318 1139 Nam
3375 1083 3663 1154 quomodo

339 1176 685 1248 prudentiam
706 1217 720 1243 ,
750 1184 778 1213 α
821 1174 1179 1231 commaculat
1213 1189 1333 1230 eam
1365 1171 1624 1229 vitiorum
1655 1171 1911 1228 sordibus
1931 1212 1950 1240 ,
2053 1183 2237 1247 potest
2283 1175 2416 1231 utile
2440 1175 2728 1232 consilium
2767 1177 2920 1243 dare,
2949 1177 3054 1234 nisi
3085 1176 3102 1216 ί
3138 1177 3336 1236 habeat
3356 1177 3658 1250 justitiam,

340 1285 408 1327 eo
439 1269 584 1342 quod
613 1283 770 1340 aquae
799 1269 1001 1324 exitum
1038 1267 1398 1324 contaminet.
1439 1263 1470 1304 ι’
1496 1265 1810 1336 Degeneres
1837 1263 1954 1319 ani-
2056 1276 2115 1323 ut
2141 1267 2332 1324 induat
2354 1268 2734 1334 constantiam,
2764 1269 2779 1319 l
2819 1276 3052 1326 mortem
3074 1284 3180 1325 non
3200 1269 3476 1334 formidet,
3502 1271 3665 1328 nullo

345 1376 468 1418 mos
516 1361 627 1416 vita
657 1362 852 1432 arguit.
883 1359 1171 1430 Quomodo
1200 1358 1347 1414 enim
1373 1373 1497 1414 eum
1526 1365 1682 1429 poles
1705 1353 1955 1425 judicare
2059 1370 2291 1428 terrore,
2318 1361 2472 1417 nullo
2501 1372 2788 1418 revocetur
2826 1371 2998 1429 metu,
3050 1360 3199 1416 nulla
3245 1359 3571 1418 adulatione
3623 1377 3662 1418 a

341 1453 576 1511 consilio
607 1454 1168 1524 superiorem,quem
1204 1449 1391 1506 videas
1430 1449 1748 1506 inferiorem
1791 1449 1958 1503 mori—
2056 1469 2193 1510 vero
2247 1452 2644 1511 deﬂectendum
2685 1463 2878 1525 putet:
2920 1455 3174 1511 exsilium
3227 1470 3338 1511 non
3395 1453 3664 1526 refugiat,

342 1548 445 1604 bus
467 1548 493 1602 Ἰ
518 1547 696 1616 Supra
729 1560 816 1602 me
840 1545 1005 1602 debet
1029 1559 1172 1608 esse,
1203 1543 1290 1598 cui
1319 1558 1405 1599 me
1427 1543 1769 1598 committere
1798 1554 1951 1611 paro.
2059 1560 2183 1618 qua:
2227 1548 2444 1603 noverit
2489 1547 2723 1618 sapienti
2753 1547 2984 1618 patriam
3014 1547 3274 1603 mundum
3295 1563 3422 1604 esse
3449 1563 3466 1602 :
3495 1562 3666 1619 eges-

343 1639 427 1696 An
473 1653 609 1697 vero
653 1637 912 1694 idoneum
957 1651 1082 1693 eum
1114 1635 1339 1707 putabO,
1373 1635 1468 1706 qui
1501 1633 1634 1690 mihi
1659 1632 1752 1689 del
1776 1632 1957 1689 COIISi-
2061 1650 2229 1698 tatem
2271 1658 2378 1698 non
2407 1641 2618 1708 timeat,
2663 1658 2784 1712 quae
2807 1641 2945 1698 nihil
2984 1641 3178 1699 deesse
3209 1642 3441 1712 sapienti
3485 1641 3666 1709 sciat,

341 1735 472 1790 lium
495 1776 512 1801 ,
549 1733 692 1806 quod
741 1747 848 1788 ιιοιι
895 1731 989 1787 del
1019 1730 1125 1788 sibi
1161 1749 1176 1786 :
1218 1738 1274 1785 et
1305 1727 1436 1784 mihi
1462 1744 1585 1784 eum
1613 1741 1811 1783 vacare
1838 1741 1958 1782 CI'C-
1985 1736 2036 1799 B
2060 1737 2148 1794 cui
2177 1746 2321 1793 totus
2373 1738 2607 1792 mundus
2658 1737 2970 1793 divitiarum
2995 1737 3116 1794 est?
3144 1736 3288 1806 Quid
3328 1737 3476 1793 enim
3521 1753 3666 1807 pra!-

343 1827 498 1896 datn,
531 1827 623 1900 qui
659 1825 763 1882 sibi
811 1841 922 1881 non
951 1833 1107 1880 vacet
1139 1841 1153 1880 :
1195 1823 1351 1893 cujus
1377 1823 1618 1878 animum
1649 1823 1958 1892 voluptates
2061 1829 2264 1885 celsius
2286 1829 2528 1896 illoviro,
2549 1829 2787 1899 quiauro
2809 1829 3020 1885 moveri
3042 1831 3270 1894 nesciat,
3285 1838 3671 1900 contemptum

345 1936 638 1998 occupent,
670 1937 695 1966 ο
723 1925 894 1982 libido
937 1925 1214 1994 devineat,
1248 1925 1476 1980 avaritia
1505 1924 1781 1996 subjuget,
1805 1926 1960 1996 cupi—
1998 1989 2008 1995 _
2063 1920 2266 1977 habeat
2293 1922 2671 1992 pecuniarum,
2695 1930 2753 1978 et
2777 1923 2927 1977 velut
2957 1937 3026 1977 ex
3053 1936 3181 1978 arce
3201 1920 3436 1993 quadam
3481 1921 3676 1992 despi-

344 2021 486 2076 ditas
516 2019 823 2091 perturbet,
853 2019 1061 2088 quatiat
1093 2004 1315 2073 metus?
1345 2017 1630 2086 Quomodo
1666 2016 1756 2073 hic
1777 2017 1961 2073 consi-

349 2114 406 2168 lii
436 2113 614 2181 loeus,
642 2111 734 2168 ubi
765 2111 950 2168 nullus
978 2111 1185 2183 quieti?

424 2206 515 2262 63.
546 2205 918 2263 Admiraudus
953 2204 1086 2260 mihi
1114 2215 1172 2260 et
1197 2204 1581 2277 suspiciendus
1610 2204 1961 2263 consiliarius

350 2301 548 2374 (Esai.
591 2318 685 2367 ιιι,
739 2301 846 2374 5),
878 2316 1039 2373 quem
1083 2301 1352 2372 propitius
1395 2300 1658 2356 Dominus
1707 2299 1962 2356 Patribus

351 2394 534 2463 dedit,
584 2393 827 2451 offensus
871 2393 1123 2450 abstulit.
1173 2393 1346 2465 Hujus
1387 2393 1628 2448 imitator
1651 2391 1815 2448 debet
1839 2407 1964 2449 esse

352 2488 447 2561 qui
477 2497 653 2559 potest
685 2487 976 2544 consilium
1009 2486 1162 2553 dare,
1195 2495 1252 2542 et
1279 2486 1515 2542 alienam
1545 2499 1576 2539 a
1604 2483 1753 2539 vitiis
1779 2493 1964 2540 custo-

352 2583 470 2639 dire
517 2581 904 2654 prudentiam,
932 2579 1190 2652 quoniam
1221 2577 1361 2634 nihil
1408 2579 1750 2650 inquinatum
1795 2575 1850 2631 in
1898 2573 1964 2630 il-

350 2676 458 2733 lam
487 2675 739 2732 incurrit.

844 2768 957 2841 35
1007 2763 1246 2822 CAPUT
1296 2763 1436 2820 xm.

2063 2016 2172 2072 ciat
2200 2015 2482 2070 hominum
2509 2015 2883 2086 cupiditates?
2913 2015 3068 2083 Quod
3115 2015 3212 2088 (lui
3249 2015 3458 2083 fecerit,
3524 2017 3676 2071 hunc

2063 2105 2320 2163 homines
2351 2122 2514 2178 supra
2555 2105 2832 2164 hominem
2861 2121 2984 2164 esse
3014 2107 3383 2163 arbitrantur:
3414 2105 3548 2174 Quis
3566 2116 3671 2173 est,

2067 2200 2266 2271 inquit,
2309 2199 2415 2266 hic,
2459 2210 2510 2255 et
2562 2199 2890 2257 laudabimus
2933 2201 3094 2256 eum?
3138 2199 3291 2256 Fecit
3330 2201 3470 2256 enim
3505 2201 3678 2256 mira-

2068 2292 2194 2347 bilia
2232 2294 2286 2347 in
2329 2293 2433 2349 vita
2471 2310 2570 2350 sua
2613 2291 2822 2366 (Eccli.
2864 2309 3022 2360 sui,
3057 2291 3157 2366 9).
3194 2292 3485 2360 Quomodo
3515 2293 3672 2349 enim

2067 2401 2174 2442 non
2205 2385 2580 2453 admirandus,
2605 2387 2696 2458 qui
2722 2387 2938 2443 divitias
2969 2390 3203 2458 spernit,
3223 2388 3337 2462 86
3379 2403 3514 2460 quas
3553 2389 3676 2460 ple—

2065 2482 2222 2555 rique
2251 2483 2410 2540 saluti
2444 2484 2680 2554 propria:
2728 2482 3133 2555 praetulerunt?

2140 2574 2231 2634 67.
2262 2573 2286 2614 ιι
2317 2575 2486 2633 Decet
2513 2577 2678 2647 igitur
2698 2589 2890 2633 omnes
2910 2591 3136 2633 censura
3163 2577 3512 2649 frugalitatis,
3539 2591 3677 2634 con-

2066 2671 2317 2729 tinentiae
2356 2670 2677 2739 auctoritas,
2717 2680 2776 2728 et
2839 2673 3078 2729 maxime
3127 2687 3253 2729 eum
3304 2671 3402 2741 qui
3454 2671 3678 2730 honore

2068 2774 2312 2836 praestet,
2337 2779 2406 2821 ne
2427 2765 2878 2836 praeminentem
2897 2765 3073 2821 virum
3094 2765 3334 2822 thesauri
3353 2766 3680 2837 possideant

355 2863 635 2921 Declarata
658 2865 848 2920 diuinis
875 2863 1183 2920 testimoniis
1227 2863 1502 2934 sapientia:
1548 2859 1963 2932 pulchritudine,
2069 2857 2176 2922 sui,
2228 2867 2284 2912 et
2337 2858 2586 2928 pecuniis
2628 2859 2854 2926 serviat,
2901 2857 2990 2927 qui
3035 2868 3233 2930 praeest
3288 2859 3498 2916 liberis.
3533 2859 3679 2917 Illud

427 2958 497 3012 ad
519 2957 845 3029 probandam
885 2961 998 3030 ejus
1047 2971 1166 3010 cum
1193 2954 1470 3010 uirtutibus
1516 2953 1638 3007 aliis
1672 2952 1968 3007 societatem
2070 2951 2242 3022 magis
2287 2951 2466 3018 decet,
2497 2959 2558 3006 ut
2581 2967 2744 3023 supra
2775 2951 3093 3008 thesaurum
3121 2952 3191 3008 sit
3214 2953 3423 3021 animo,
3445 2962 3504 3010 et
3529 2953 3680 3010 infra

433 3055 620 3109 transit
670 3053 861 3108 oratio.
1129 3087 1134 3090 -
2071 3043 2307 3098 amicum
2356 3043 2642 3116 obsequio.
2671 3043 2956 3100 Humilitas
2999 3045 3148 3100 enim
3191 3045 3426 3116 gratiam
3482 3054 3678 3118 auget.

435 3146 524 3202 64.
567 3145 701 3214 Quis
747 3145 916 3217 igitur
941 3140 966 3181 ἀ
1019 3151 1278 3213 tanquam
1323 3139 1473 3196 vultu
1536 3137 1776 3209 speciem
1825 3151 1968 3208 prte-
1992 3131 2039 3196 C
2076 3134 2201 3190 llaec
2233 3135 2389 3206 plena
2421 3135 2596 3192 laudis
2623 3146 2680 3192 et
2705 3136 2864 3207 digna
2894 3137 3154 3208 primario
3201 3139 3346 3205 viro,
3383 3155 3496 3196 non
3520 3154 3675 3196 com-

363 3239 506 3296 ferat
563 3236 1004 3310 pulchritudinis,
1057 3242 1114 3290 et
1158 3233 1416 3290 helluiuis
1457 3230 1854 3303 posterioribus
1905 3243 1971 3286 ac
2073 3242 2292 3284 munem
2337 3242 2462 3283 cum
2511 3228 2690 3300 Tyriis
2759 3231 3195 3300 negotiatoribus
3254 3241 3313 3288 et
3363 3229 3680 3291 Galaaditis

369 3331 560 3388 ferinis
593 3331 864 3404 unguibus
895 3329 1088 3384 formae
1113 3326 1416 3397 superioris
1465 3323 1795 3380 dehonestet
1845 3337 1971 3394 gra-
2073 3323 2470 3379 mercatoribus
2517 3323 2718 3381 habere
2771 3329 2946 3394 turpis
2988 3325 3124 3380 lucri
3181 3325 3524 3396 cupidinem,
3573 3341 3681 3384 nec

365 3426 537 3490 tiam;
583 3439 706 3481 cum
759 3434 867 3478 tam
902 3432 926 3461 ο
960 3420 1305 3478 admirabilis
1363 3427 1420 3474 et
1471 3417 1735 3490 praeclara
1795 3416 1968 3472 forma
2073 3429 2240 3469 omne
2281 3414 2482 3470 bonum
2512 3415 2693 3471 locare
2739 3416 2792 3471 in
2838 3417 3090 3485 pecunia,
3117 3427 3174 3472 et
3217 3427 3494 3490 tamquam
3524 3433 3676 3475 mer-

366 3517 626 3572 virtututu
667 3519 759 3583 sit,
813 3525 866 3572 et
911 3514 1222 3587 specialiter
1267 3511 1621 3584 pulchritudo
1664 3510 1968 3580 sapientiai,

365 3608 509 3664 sicut
539 3608 712 3663 series
728 3607 1026 3677 Scriptura:
1047 3605 1282 3661 indicat?
1309 3605 1406 3660 Est
1437 3603 1582 3660 enim
1614 3603 1730 3658 hare
1756 3603 1968 3674 specio-

368 3698 482 3753 sior
510 3699 649 3766 sole,
681 3706 738 3754 et
779 3713 948 3769 super
977 3712 1194 3754 omnem
1238 3697 1518 3752 stellarum
1549 3695 1965 3766 dispositionem

369 3793 478 3848 luci
532 3800 846 3863 comparata
893 3791 912 3830 τ
959 3789 1236 3846 invenitur
1291 3789 1460 3860 prior.
1511 3788 1714 3844 Lucem
1764 3788 1966 3844 etenim

371 3884 513 3940 hanc
570 3885 799 3954 suscipit
829 3883 973 3948 ‘nox,
1024 3882 1348 3954 sapientiam
1397 3891 1578 3937 autem
1643 3895 1752 3936 ιιοιι
1801 3879 1970 3936 vincit

371 3975 577 4032 malitia
607 3977 625 4046 (
655 3975 788 4046 Sap.
823 3991 918 4041 vn,
945 3975 1016 4030 29
1047 3975 1090 4046 ).

445 4070 535 4128 65.
589 4070 832 4126 Diximus
861 4071 930 4126 de
959 4071 1078 4138 ejus
1107 4067 1532 4140 pulchritudine,
1567 4077 1623 4124 ct
1672 4068 1972 4138 Scriptura:

373 4165 692 4222 testimonio
715 4165 1191 4234 comprobavimus
1225 4180 1239 4218 :
1283 4173 1537 4236 superest
1575 4174 1633 4218 ut
1677 4165 1974 4220 doceamus

373 4259 666 4331 Scriptura:
695 4257 1022 4313 auctoritate
1066 4256 1274 4310 nullum
1305 4257 1352 4310 ei
1397 4255 1816 4312 contubernium
1845 4270 1971 4312 cum

375 4355 520 4409 vitiis
567 4368 725 4420 esse,
785 4353 880 4408 sed
931 4350 1206 4407 inviduam
1244 4365 1366 4405 cum
1416 4351 1632 4406 caeteris
1676 4351 1970 4408 virtutibus

369 4447 850 4516 conjunctionem:
903 4443 1064 4513 cujus
1115 4441 1342 4512 spiritus
1395 4451 1482 4498 est
1531 4441 1792 4508 disertus,
1847 4441 1968 4498 sine

373 4540 806 4612 inquinamento,
837 4545 1047 4606 certus,
1074 4545 1321 4604 sanctus,
1344 4551 1536 4593 amans
1563 4536 1792 4603 bonum,
1838 4552 1968 4592 aeu-

444 4692 471 4720 α
499 4680 618 4738 Cic.
652 4681 746 4736 lib.
775 4697 812 4736 ιι
839 4679 1020 4745 Offic.,
1062 4680 1158 4736 lin.
1193 4679 1300 4736 15:
1359 4676 1500 4734 Nam
1549 4688 1596 4734 et
1639 4678 1927 4746 uoluptates
1951 4719 1969 4745 ,

377 4755 724 4810 blandissima:
753 4753 1004 4810 dominte.
1035 4760 1142 4808 etc.

441 4824 472 4864 ι’
501 4825 846 4881 Translatum
875 4839 942 4878 ex
971 4825 1062 4878 illo
1093 4822 1241 4894 Virg.
1276 4820 1497 4878 Eneid.
1529 4835 1581 4876 tv
1616 4839 1628 4874 :

529 4917 828 4980 Degeneres
849 4916 1036 4964 animos
1057 4915 1204 4964 timor
1225 4917 1393 4977 arguit
1417 4951 1430 4963 .
1459 4951 1472 4963 .
1495 4952 1510 4964 .
1539 4947 1554 4962 .
1582 4947 1594 4960 .
1629 4950 1640 4960 .
1671 4948 1684 4961 .
1709 4949 1720 4960 .
1755 4949 1766 4960 .

448 4999 470 5056 ς
508 4987 651 5042 Edit.
686 5001 750 5042 ac
781 4987 934 5056 pauci
964 5000 1120 5049 mss.,
1151 4985 1310 5040 libido
1339 4984 1616 5056 devinciat.

445 5055 474 5095 ά
517 5059 644 5114 Era.
668 5067 723 5114 et
751 5051 867 5128 seq.
897 5057 1028 5128 edit.
1055 5057 1406 5128 tantamquultu
1435 5055 1695 5125 speciem;
1741 5051 1967 5128 Amerh.

376 5139 553 5188 autem
583 5146 704 5186 cum
734 5126 863 5183 mss.
898 5127 1046 5184 ferre
1093 5127 1346 5182 omnibus
1367 5169 1380 5188 ,
1412 5137 1655 5196 tanquam
1685 5126 1826 5178 uultu
1856 5140 1974 5190 spe-

374 5203 519 5256 ciem.
551 5201 666 5256 Non
693 5199 1060 5255 incommode.
1083 5199 1286 5254 Confer
1304 5199 1446 5253 hunc
1471 5195 1648 5253 lucum
1667 5211 1790 5252 cum
1814 5195 1973 5250 initio

381 5282 540 5328 tract.
573 5273 851 5328 Iloratiani
880 5271 948 5324 de
981 5274 1110 5324 Arte
1135 5268 1290 5325 Poet.
1516 5319 1529 5336 ,

449 5354 473 5380 °
511 5346 623 5399 (lic.
659 5344 754 5399 lib.
790 5360 858 5410 tt,
886 5342 1073 5408 0ftic.,
1110 5355 1229 5407 pag.
1261 5339 1392 5408 379,
1440 5335 1538 5394 lin.
1569 5337 1678 5394 19:
1713 5335 1843 5410 Quis
1871 5353 1974 5392 non

373 5414 652 5484 admiretur
681 5408 1007 5484 splenderent
1037 5410 1575 5484 pulchritudinemque
1602 5408 1841 5484 virtutis,
1859 5417 1970 5464 etc.

452 5483 469 5520 ί
502 5479 718 5541 Erasm.
745 5497 800 5542 ct
829 5500 946 5556 seq.
978 5479 1110 5540 edit.
1139 5497 1259 5538 cum
1288 5500 1420 5540 mss.
1451 5479 1794 5553 quibusdam,
1823 5481 1967 5534 inve-

373 5555 514 5609 nitur
540 5557 736 5619 purior.

2079 3509 2303 3564 cenario
2349 3525 2578 3566 munere
2646 3508 2996 3580 quotidianus
3051 3525 3346 3567 numerare
3403 3520 3674 3583 quaestus,

2081 3601 2098 3639 ι
2116 3601 2373 3659 calculari
2397 3603 2714 3674 compendia
2727 3644 2740 3657 .

2663 3695 2895 3752 CAPUT
2947 3696 3062 3752 XV.

2079 3789 2158 3846 De
2186 3790 2516 3847 liberalitate.
2563 3789 2886 3856 Quibusnam
2919 3791 3245 3862 potissimum
3273 3790 3629 3862 impartienda
3656 3805 3679 3846 :

2149 3893 2195 3937 et
2225 3899 2330 3954 qua
2375 3883 2574 3938 ratione
2593 3882 2742 3938 illam
2771 3884 3019 3940 tenuioris
3048 3900 3230 3942 census
3256 3885 3494 3940 homines
3516 3901 3678 3957 opera

2149 3983 2198 4029 et
2224 3973 2455 4028 consiliis
2481 3982 2772 4028 exerceant.

2151 4068 2242 4124 68.
2295 4066 2448 4136 Quod
2478 4067 2526 4122 si
2555 4067 2624 4124 ab
2653 4066 2739 4123 his
2769 4066 3012 4124 sobrium
3045 4082 3239 4138 gerere
3282 4068 3526 4124 animum
3560 4069 3680 4125 latt-

2078 4159 2260 4217 dabile
2289 4171 2396 4229 est,
2419 4170 2622 4232 quanto
2650 4161 2782 4216 illud
2814 4161 3162 4232 praestantius
3189 4163 3234 4218 si
3259 4171 3298 4199 ω
3317 4163 3678 4220 dilectionem

2077 4255 2440 4312 multitudinis
2483 4255 2809 4311 liberalitate
2857 4257 3134 4325 aequitas,
3186 4271 3366 4326 neque
3395 4257 3679 4328 superﬂua

2077 4350 2221 4406 circa
2253 4351 2618 4420 importunos,
2650 4363 2829 4420 neque
2857 4348 3106 4404 restricta
3145 4350 3292 4405 circa
3326 4350 3638 4423 indigentes
3665 4355 3679 4410 !

2149 4443 2240 4500 69.
2289 4443 2532 4498 Plurima
2580 4451 2762 4497 autem
2790 4450 2821 4478 ιι
2858 4456 3060 4512 genera
3117 4443 3470 4500 liberalitatis
3521 4456 3676 4514 sunt,

2080 4553 2189 4592 non
2215 4537 2394 4594 solum
2423 4535 2739 4608 quotidiano
2767 4545 2987 4608 sumptu
3031 4536 3340 4610 egentibus,
3371 4554 3484 4610 quo
3504 4540 3678 4597 vitam

2080 4679 2394 4735 restituerat
2439 4678 2520 4733 sic
2563 4677 2942 4733 immutatam:
2989 4676 3058 4732 Et
3109 4679 3278 4735 alibi:
3329 4679 3683 4738 Sobrietatem

2080 4752 2215 4822 enim
2235 4763 2293 4822 iet
2321 4749 2648 4822 prudentiam
2677 4753 2873 4815 edocet,
2893 4751 3155 4822 justitiam
3173 4762 3222 4806 et
3240 4752 3622 4821 fortitudinem.

2152 4821 2181 4860 h
2219 4821 2450 4898 Cictlib.
2478 4822 2728 4898 tt_(_)ltic.,
2755 4836 2879 4898 pag.
2905 4821 3034 4888 579,
3061 4823 3156 4877 lin.
3185 4823 3259 4880 25
3289 4841 3304 4878 :
3365 4822 3555 4898 Itaque
3583 4826 3684 4882 illa

2082 4896 2181 4966 tria
2207 4891 2381 4966 munia
2405 4892 2612 4966 iustitia
2637 4891 2865 4966 conﬁcit.
2893 4905 3001 4950 etc.

2159 4963 2176 5003 ί
2221 4963 2532 5037 Ειεειειιιηῡι
2585 4977 2702 5031 seq.
2735 4963 2866 5019 edit.
2918 4979 2982 5018 ac
3033 4977 3166 5019 mss.
3223 4963 3453 5037 aliquot,
3490 4967 3686 5026 habeat

2073 5038 2354 5111 justitiam,
2378 5034 2948 5111 induat‘con‘stantiam.

2151 5121 2164 5158 ι
2217 5107 2376 5170 lbid.,
2401 5106 2498 5160 lin.
2521 5106 2595 5160 22
2619 5123 2633 5158 :
2661 5105 2827 5162 Nemo
2875 5107 3013 5162 enim
3034 5109 3216 5180 justus
3236 5122 3346 5163 esse
3371 5115 3558 5179 potest,
3589 5113 3682 5182 qui

2076 5188 2313 5240 mortem,
2347 5189 2455 5233 etc.

2150 5247 2174 5287 ιι
2205 5249 2380 5322 Paris.
2405 5249 2611 5322 aliquot
2635 5247 2746 5303 edit
2775 5290 2790 5316 ,
2817 5247 2977 5304 Docet
3003 5250 3161 5322 igitur
3181 5267 3392 5318 omnes;
3423 5259 3479 5310 et
3511 5250 3681 5320 infra,

2077 5319 2224 5378 Illud
2248 5321 2408 5390 magis
2439 5319 2607 5383 docet,
2632 5329 2739 5374 etc.

2156 5391 2172 5430 ι
2217 5394 2416 5446 Omnes
2461 5390 2619 5452 edit..
2649 5390 2902 5446 calculari
2940 5393 3245 5461 compendio
3274 5411 3294 5450 :
3321 5403 3516 5450 contra
3546 5411 3682 5454 vero

2077 5480 2236 5526 mss.,
2267 5461 2516 5516 calculart'
2543 5464 2872 5532 compendia,
2896 5463 3066 5518 multo
3090 5466 3457 5521 Commodius.

2145 5535 2186 5562 ¹¹³
2221 5535 2336 5610 Cic.
2372 5532 2708 5610 lib.t10[fie_.,
2733 5550 2856 5610 pag.
2881 5534 3007 5601 378,
3041 5536 3136 5610 lin.
3159 5536 3274 5610 264:
3317 5537 3443 5604 Quae
3467 5539 3682 5610 quidem

367 5602 836 5688 .""s"'1t'a"ai.'~.érb.
866 5635 921 5694 et
942 5641 1072 5682 mss.
1102 5635 1332 5695 excepto
1361 5623 1505 5696 quod
1537 5619 1804 5684 nonnulli,
1835 5619 1963 5678 ueri-

2094 5605 2418 5696 rrneuole‘r’ttia
2443 5605 2698 5670 beneﬁciis
2725 5602 2926 5674 capitur
2955 5609 3200 5696 maxime.
3224 5602 3358 5696 item
3394 5602 3514 5679 pag.
3541 5602 3675 5678 582‘,

364 5698 747 5768 tatemilegunt.
782 5706 887 5768 n‘on
933 5699 1205 5762 virtutem.-
1225 5698 1357 5752 Cum
1384 5703 1563 5768 autem
1593 5696 1968 5768 cumse-uten-

362 5767 490 5825 tiam
517 5751 647 5826 Eii;
672 5751 756 5826 et
785 5751 948 5826 Gill.
989 5751 1389 5835 resecuissent,
1451 5764 1599 5821 illam
1627 5760 1761 5818 edit.
1797 5751 1960 5814 Rom.

110 6006 243 6079 [ί
270 5994 409 6064 “‘1

2075 5679 2170 5733 lin.
2197 5672 2687 5758 Inal‘Vomtutuquant
2711 5672 3348 5758 tamene‘stlargiendum,
3379 5672 3510 5758 étc'.l
3555 5715 3564 5754 θ

2144 5756 2171 5783 ἰ
2210 5743 2370 5813 lbid.,
2415 5743 2706 5816 pag.'583‘,
2751 5743 2851 5802 lin.
2886 5747 3001 5802 ηε
3044 5743 3110 5804 Ιῆ
3157 5751 3253 5806 illo
3295 5743 3468 5808 autem
3489 5743 3673 5824 genere
