4078 6306
78 5236 213 5435 ‘7

145 5356 193 5417 Nl

145 5356 193 5417 Nl

220 309 316 368 ﬁl

1248 307 1339 364 DE
1375 305 1667 366 OFFICIIS
1705 306 2185 371 MINISTRORUM
2222 313 2351 371 LIB.
2392 313 2456 369 ll.

3408 320 3519 381 132

216 424 491 481 sustinere
546 436 708 481 suam
760 424 985 496 possint,
1033 421 1331 494 disponere
1379 438 1444 479 ac
1490 423 1813 495 dispensare

1918 449 2151 506 avaritia
2180 451 2548 509 reservaverit
2574 452 2640 509 ad
2664 452 3095 527 redemptionem
3125 472 3138 512 :
3171 468 3248 511 tes
3273 453 3514 512 alienum

218 518 565 584 alimoniam;
593 533 785 575 verum
814 519 976 574 etiam
997 516 1083 572 bis
1108 516 1201 588 qui
1230 516 1447 589 publice
1469 532 1632 589 egere
1656 534 1817 575 verc-

214 609 543 678 cundantur,
592 610 877 667 consulere
905 624 969 665 ac
998 608 1319 678 subvenire,
1354 618 1628 681 quatenus
1657 627 1811 667 com-

215 706 395 762 munis
447 720 751 777 egenorum
801 705 1058 761 alimonia
1089 720 1195 760 non
1235 704 1609 762 exhauriatur.
1647 707 1721 763 De
1743 722 1812 764 eo
1914 736 2027 786 mla
2053 748 2067 784 ε
2097 732 2342 788 enutrirc
2372 704 2629 803 ρξηνυιοε

208 799 350 856 enim
382 799 583 868 loquor
600 799 694 869 qui
722 804 920 869 praeest
939 797 1102 853 alicui
1129 800 1364 864 muneri,
1396 807 1456 854 ut
1485 800 1529 853 si
1565 798 1803 855 ofﬁcium

211 891 515 949 sacerdotis
558 900 737 962 gerat,
775 898 871 947 aut
896 890 1335 962 dispensatoris;
1367 900 1426 947 ut
1454 891 1522 948 de
1552 892 1640 947 his
1685 906 1811 965 sug-

210 992 363 1058 gerat
390 986 678 1056 episcopo,
705 999 807 1043 nec
860 986 1124 1056 reprimat
1172 987 1217 1041 si
1259 1002 1418 1055 quem
1469 988 1706 1058 positum
1754 988 1808 1043 in

210 1078 536 1135 necessitate
563 1079 749 1150 aliqua
799 1079 1143 1150 cognoverit,
1167 1089 1260 1134 aut
1296 1078 1571 1151 dejectum
1613 1080 1808 1149 opibus

206 1170 271 1227 ad
302 1171 505 1241 inepim
542 1171 925 1228 necessitatem
958 1170 1275 1228 redactum:
1306 1181 1333 1210 ι
1364 1171 1598 1228 maxime
1625 1174 1669 1228 si
1697 1188 1807 1230 non

206 1262 469 1318 effusione
494 1262 902 1330 adolescentiae,
959 1262 1057 1319 sed
1109 1264 1422 1334 direptione
1470 1264 1707 1336 alicujus
1749 1273 1807 1322 et

204 1357 500 1414 amissione
529 1359 839 1429 patrimonii
870 1359 924 1415 in
975 1373 1096 1415 eam
1137 1358 1399 1416 reciderit
1446 1359 1717 1431 iniuriam,
1749 1369 1808 1416 ut

206 1463 484 1524 sumptum
532 1471 796 1512 exercere
823 1456 1076 1512 diurnum
1112 1471 1217 1511 non
1244 1465 1429 1528 queat.

273 1546 361 1604 70.
394 1546 625 1604 Summa
662 1549 828 1605 etiam
861 1548 1191 1616 liberalitas,
1219 1549 1247 1590 ι)
1275 1560 1466 1621 captos
1496 1550 1801 1617 redimere,

204 1640 417 1712 eripere
441 1656 513 1698 ex
550 1640 789 1698 hostium
838 1643 1109 1711 manibus,
1158 1645 1483 1701 subtrahere
1534 1646 1652 1700 neci
1701 1644 1801 1700 ho-

203 1735 390 1803 mines,
413 1744 470 1791 et
500 1736 741 1793 maxime
770 1735 1007 1792 feminas
1050 1738 1398 1808 turpitudini,
1424 1738 1659 1795 reddere
1709 1753 1802 1809 pa-

1916 545 2124 613 subire,
2152 545 2198 601 si
2220 546 2434 603 debitor
2479 547 2743 604 solvendo
2764 564 2873 604 non
2919 550 3031 617 sit,
3083 558 3246 621 atque
3275 558 3518 606 arctetur

1916 636 1984 692 ad
2012 638 2359 704 solutionem,
2391 653 2513 711 quae
2543 640 2615 695 sit
2636 640 2760 712 jure
2783 640 2987 707 debita,
3032 649 3089 697 et
3109 641 3291 713 inopia
3342 640 3513 698 destiv

2637 775 2651 799 ,
2683 732 2921 806 pupillos
2946 732 3111 790 tueri.

1987 847 2076 904 72.
2123 847 2450 906 Suntetiam
2492 849 2585 921 qui
2635 849 2871 921 virgines
2920 848 3143 906 orbatae
3190 850 3511 920 parentibus

1913 939 2127 995 tuendae
2150 941 2423 1012 pudicitiae
2443 942 2615 1014 gratia
2644 941 2924 998 connubio
2958 941 3165 1008 lucent,
3193 956 3294 997 nec
3334 941 3514 998 solum

1910 1034 2114 1100 studio,
2146 1034 2242 1090 sed
2269 1036 2436 1091 etiam
2467 1043 2684 1106 sumptu
2707 1034 2991 1105 adjuvent.
3017 1033 3114 1090 Est
3143 1034 3306 1090 etiam
3331 1048 3506 1104 genus

1911 1125 2042 1181 illud
2086 1126 2433 1183 liberalitatis
2460 1128 2605 1200 quod
2632 1126 2925 1198 Apostolus
2965 1126 3129 1183 docet
3158 1145 3173 1183 :
3207 1125 3277 1183 Ut
3309 1128 3355 1182 si
3397 1128 3516 1198 quis

1909 1221 2081 1293 ﬁdelis
2140 1222 2288 1277 habet
2340 1222 2548 1291 viduas,
2602 1223 2954 1278 subministret
3006 1223 3157 1290 illis,
3206 1230 3263 1277 ut
3335 1238 3512 1277 earum

1908 1316 2173 1371 alimoniis
2205 1316 2446 1372 Ecclesia
2470 1333 2573 1372 non
2599 1327 2861 1388 gravetur,
2909 1327 2966 1372 ut
3011 1316 3094 1373 Itis
3134 1333 3252 1390 qua
3292 1332 3407 1372 rere
3432 1317 3513 1372 vi-

1906 1410 2025 1467 dua:
2074 1420 2216 1479 sunt,
2245 1412 2461 1484 suﬂiciat
2492 1413 2512 1485 (
2541 1411 2559 1467 Ι
2588 1411 2726 1467 Tim.
2757 1428 2809 1479 ν,
2848 1411 2982 1485 16).

1978 1526 2068 1583 75.
2120 1524 2286 1583 Utilis
2312 1526 2477 1597 igitur
2517 1524 2828 1595 hujusmodi
2881 1524 3199 1591 liberalitas,
3254 1522 3350 1580 sed
3395 1538 3504 1579 non

1904 1621 2211 1679 communis
2239 1620 2512 1677 omnibus.
2561 1620 2703 1677 Sunt
2742 1622 2886 1675 enim
2942 1619 3187 1692 plerique
3212 1619 3378 1675 etiam
3408 1616 3510 1673 viri

1903 1714 2056 1782 boni,
2089 1715 2182 1787 qui
2211 1725 2399 1771 tenues
2424 1724 2551 1770 sunt
2577 1729 2768 1782 censu,
2798 1713 3039 1770 contenti
3069 1713 3289 1785 quidem
3318 1712 3517 1783 exiguo

204 1828 447 1883 rentibus
490 1829 721 1892 liberos,
755 1836 1011 1899 parentes
1043 1828 1262 1897 liberis,
1316 1830 1465 1886 cives
1496 1830 1687 1901 patriae
1715 1845 1806 1886 rc-

1918 1810 1976 1865 ad
2004 1811 2089 1865 sui
2120 1825 2298 1877 usum,
2323 1809 2420 1865 sed
2455 1822 2561 1865 non
2596 1807 2780 1865 idonei
2824 1808 2890 1864 ad
2934 1806 3236 1865 subsidium
3269 1806 3516 1862 levanda:

203 1921 445 1977 stituere.
480 1920 625 1978 Nota
664 1932 794 1978 sunt
825 1923 941 1979 haec
972 1924 1135 1979 nimis
1170 1935 1192 1963 θ
1239 1923 1438 1998 Illyrici
1471 1925 1726 1981 vastitate
1751 1933 1807 1980 ct

203 2013 497 2071 Thraciae:
553 2017 741 2088 quanti
798 2017 1002 2088 ubique
1046 2018 1276 2074 venales
1321 2020 1430 2092 87
1472 2028 1632 2074 erant
1691 2028 1806 2073 toto

203 2107 395 2179 captivi
422 2108 590 2176 orbe,
642 2124 781 2179 quos
801 2110 848 2165 si
877 2125 1128 2177 revoces,
1179 2112 1338 2167 unius
1381 2111 1677 2183 provincia:
1708 2129 1808 2167 nu-

205 2214 410 2256 merum
440 2202 676 2272 explere
706 2216 815 2258 non
838 2202 1091 2273 possint!
1123 2202 1372 2259 Fuerunt
1417 2212 1601 2260 tamen
1630 2205 1721 2275 qui
1751 2214 1809 2261 et

204 2309 339 2366 quos
359 2294 630 2352 Ecclesia:
661 2296 1043 2365 redemerunt,
1073 2298 1126 2353 in
1170 2299 1496 2355 servitutem
1555 2314 1812 2357 revocare

206 2390 424 2456 vellent,
476 2391 601 2461 ipsa
651 2390 935 2462 graviores
986 2394 1325 2464 captivitate,
1381 2395 1472 2466 qui
1502 2395 1813 2451 inviderent

210 2482 439 2540 alienam
473 2487 938 2543 misericordiam.
972 2487 1079 2560 Ipsi
1130 2488 1178 2544 si
1209 2489 1262 2544 in
1314 2490 1688 2562 captivitatem
1719 2506 1812 2546 ve-

211 2576 434 2646 nissent,
462 2578 743 2634 servirent
771 2578 967 2636 liberi:
1000 2581 1047 2635 si
1093 2581 1297 2637 venditi
1347 2581 1595 2647 fuissent,
1641 2583 1813 2639 servi-

212 2671 335 2725 tutis
365 2672 733 2729 ministerium
757 2690 864 2730 non
892 2685 1216 2732 recusarent
1241 2694 1256 2741 ;
1283 2687 1338 2734 et
1364 2679 1555 2735 volunt
1575 2678 1809 2735 alienam

211 2763 519 2822 libertatem
567 2766 926 2836 rescindere,
969 2771 1061 2841 qui
1110 2786 1266 2826 suam
1330 2772 1653 2828 servitutem
1702 2788 1811 2830 non

213 2869 428 2928 possent
482 2862 823 2932 rescindere,
875 2865 976 2921 nisi
1052 2864 1193 2922 forte
1262 2868 1499 2938 pretium
1564 2870 1813 2940 recipere

214 2955 440 3025 emptori
485 2955 735 3026 placeret
766 2974 781 3011 :
814 2959 869 3013 in
935 2973 1046 3031 quo
1088 2969 1270 3016 tamen
1321 2976 1432 3018 non
1481 2963 1814 3020 rescinditur

214 3048 463 3114 servitus,
499 3050 603 3105 sed
634 3051 943 3108 redimitur.

282 3143 370 3199 Ἠ.
423 3144 711 3215 Praecipua
748 3159 833 3204 est
879 3148 1044 3218 igitur
1093 3149 1413 3217 liberalitas,
1464 3148 1493 3189 εί
1536 3151 1813 3210 redimere

1909 1907 2247 1975 paupertatis
2292 1902 2522 1969 alienas;
2573 1909 2754 1957 tamen
2814 1900 3051 1973 suppetit
3100 1899 3249 1955 aliud
3301 1899 3512 1956 benefi-

1907 1997 2100 2054 centia:
2145 2013 2316 2068 genus
2341 2038 2358 2065 ,
2400 2012 2510 2067 quo
2533 1997 2722 2067 juvare
2756 1996 2963 2065 possint
2990 1993 3324 2051 inferiorem.
3361 2003 3385 2069 ξ
3416 1993 3518 2051 Est

1909 2091 2055 2148 enim
2078 2093 2278 2163 duplex
2315 2092 2647 2148 liberalitas:
2677 2106 2783 2146 una
2810 2104 2931 2162 quae
2956 2088 3201 2145 subsidio
3232 2088 3311 2144 rei
3361 2087 3517 2158 adju-

1911 2196 2022 2252 vat,
2049 2185 2102 2241 id
2126 2194 2232 2253 est,
2281 2202 2381 2242 usu
2413 2186 2660 2256 pecunize
2689 2184 2903 2252 ;altera
2927 2181 2947 2222 ί
2981 2198 3102 2255 qua:
3132 2197 3367 2254 operum
3394 2182 3511 2238 col-

1910 2278 2114 2334 latione
2144 2279 2511 2349 impenditur,
2564 2278 2736 2335 multo
2784 2275 3103 2347 frequenter
3149 2274 3515 2348 splendidior,

1912 2372 2195 2445 multoque
2222 2372 2448 2429 clarior.

1985 2486 2075 2541 74.
2144 2486 2361 2556 Quanto
2413 2486 2678 2543 illustrius
2733 2486 3008 2543 Abraham
3075 2494 3294 2557 captum
3347 2485 3517 2542 armis

1913 2582 2233 2640 victricibus
2269 2584 2479 2653 recepit
2521 2591 2776 2654 nepotem
2807 2581 2962 2657 (Gen.
2995 2598 3108 2650 stv,
3135 2581 3252 2652 16),
3282 2595 3442 2652 quam
3470 2579 3520 2636 sl

1915 2677 2273 2735 redemisset!
2304 2678 2520 2747 Quanto
2561 2678 2750 2733 utilius
2778 2693 2957 2749 regem
2988 2676 3327 2734 Pharaonem
3358 2689 3515 2731 sanc-

1915 2782 2001 2828 tus
2030 2772 2235 2842 .loseph
2267 2772 2503 2828 consilio
2546 2770 2902 2842 providentiae
2924 2770 3083 2842 juvit,
3113 2785 3274 2840 quam
3318 2770 3362 2824 si
3385 2782 3516 2825 con-

1915 2865 2131 2922 tulisset
2160 2865 2475 2938 pecuniaml
2511 2864 2745 2921 Pecunia
2773 2864 2918 2920 enim
2945 2864 3106 2919 unius
3139 2861 3378 2917 civitatis
3404 2874 3512 2914 non

1913 2959 2148 3016 redemit
2168 2959 2473 3015 ubertatem
2494 2977 2507 3015 :
2536 2957 2922 3030 prospicientia
2950 2956 3116 3011 totius
3131 2953 3348 3027 Egypti
3376 2962 3401 3000 κ
3418 2968 3514 3022 per

1914 3055 2344 3127 quinquennium
2378 3052 2578 3109 famem
2606 3051 2807 3123 repulit
2845 3049 3019 3123 (Gen.
3052 3049 3250 3114 xu,55
3276 3058 3325 3104 et
3351 3045 3510 3118 seq.).

1988 3150 2081 3207 75.
2123 3148 2305 3206 Facile
2329 3157 2509 3205 autem
2559 3144 2591 3184 λι
2630 3147 2859 3219 pecunia
2894 3144 3254 3206 consumitur,
3283 3141 3514 3198 consilia

217 3238 473 3307 captivos,
508 3248 569 3294 et
595 3239 830 3296 maxime
905 3242 975 3297 ab
1024 3243 1183 3299 hoste
1238 3246 1489 3309 barbaro.
1546 3247 1640 3319 qui
1671 3248 1807 3302 nihil
1838 3249 1885 3314 (ζ
1916 3244 2190 3302 exhauriri
2218 3243 2486 3300 nesciunt.
2528 3241 2654 3297 Hzec
2681 3256 2778 3296 usu
2808 3247 3075 3310 augentur
3107 3254 3122 3292 :
3155 3234 3382 3306 pecunia
3412 3231 3518 3287 mi-

220 3329 418 3387 deferat
446 3331 809 3389 humanitatis
866 3335 934 3390 ad
995 3336 1453 3407 misericordiam,
1507 3339 1611 3395 nisi
1668 3340 1813 3411 quod

222 3485 498 3564 largiendi,
529 3499 637 3545 etc.
659 3489 846 3564 Multa
877 3501 1005 3546 sunt
1036 3492 1091 3547 in
1123 3491 1485 3564 Atnhrosiano
1513 3500 1666 3548 textu
1687 3508 1810 3564 quae

223 3574 321 3613 non
339 3562 727 3628 perfunctorie,
752 3562 1122 3618 sedatteutius
1148 3563 1401 3618 videntur
1428 3562 1767 3619 observanda
1792 3582 1808 3631 ;

224 3633 390 3707 primo
419 3637 567 3707 enim
602 3634 727 3707 hinc
766 3636 1113 3707 cognoscitur
1138 3636 1373 3705 antiquis
1408 3634 1513 3690 illis
1538 3637 1813 3707 episcopis

225 3704 358 3776 haud
390 3706 652 3761 mediocri
698 3704 855 3761 curre
891 3705 1080 3765 fuisse.
1137 3722 1203 3761 ne
1242 3708 1367 3776 quis
1398 3707 1480 3762 vel
1526 3704 1812 3763 manifesto

222 3774 301 3829 vel
323 3776 626 3832 clanculum
654 3793 718 3832 ac
748 3787 985 3842 secreto,
1017 3774 1376 3848 indigentium
1410 3782 1717 3835 necessario
1743 3780 1811 3836 ad

221 3850 623 3903 sustentandam
656 3850 821 3904 vitam
850 3849 1091 3904 subsidio
1138 3850 1526 3906 deStituerclur
1555 3868 1568 3905 :
1616 3851 1814 3908 deinde

224 3920 468 3993 constitui
501 3920 707 3993 solitos
722 3921 917 3991 quibus
951 3937 1013 3976 ea
1047 3923 1468 3978 demandaretur
1497 3923 1811 3993 provincia,

225 3991 334 4065 sive
360 3992 433 4047 illi
455 4008 488 4048 e
518 3991 866 4065 sacerdotum
906 4009 1134 4049 numero
1157 3991 1511 4063 eligerentur,
1541 3996 1684 4065 quod
1711 3996 1816 4051 etsi

223 4061 556 4133 frequentius
583 4072 702 4119 erat
733 4066 785 4119 in
821 4064 1062 4120 Ecclesia
1089 4061 1371 4133 orientali,
1431 4061 1612 4123 tamen
1644 4068 1695 4122 in
1723 4082 1817 4122 oc-

227 4132 471 4208 cidentali
500 4150 717 4206 quoque
740 4151 1146 4208 nonnumquam
1177 4154 1276 4193 usu
1307 4132 1520 4194 venisse
1540 4154 1604 4195 es
1633 4142 1734 4194 hoc
1761 4146 1818 4194 et

225 4206 462 4278 sequenti
511 4209 690 4276 capite
722 4206 1105 4278 intelligimus:
1137 4210 1252 4264 sive
1301 4221 1710 4266 assumerentur
1742 4226 1812 4266 ex

225 4277 412 4352 ordine
440 4278 792 4334 diaconorum
815 4322 829 4345 ,
883 4277 1025 4348 quod
1058 4281 1170 4337 fere
1200 4283 1502 4337 obtinuisse
1533 4298 1630 4352 per
1671 4284 1819 4338 occi-

228 4345 439 4425 dentem
489 4365 599 4405 non
628 4352 790 4425 modo
841 4345 961 4425 quae
1011 4363 1235 4407 sanctus
1267 4354 1468 4410 Prazsnl
1502 4345 1818 4425 frequenter

230 4418 397 4491 hocin
420 4438 590 4491 opere
616 4421 687 4478 de
719 4418 877 4478 beato
923 4422 1216 4480 Laurentio
1242 4467 1257 4490 ,
1300 4442 1401 4480 nec
1434 4441 1539 4480 non
1585 4418 1640 4481 et
1685 4426 1819 4480 Prn-

229 4490 435 4569 dentius
464 4495 517 4549 iu
548 4494 760 4565 llymno
788 4495 856 4569 de
885 4496 1075 4551 eodem
1098 4507 1336 4569 martyre
1368 4498 1607 4562 tradunt,
1642 4499 1817 4569 palam

231 4561 464 4630 faciunt;
519 4561 706 4620 verum
734 4567 1065 4637 etiamquod
1121 4561 1275 4637 Sulp.
1324 4571 1561 4623 Severus
1598 4561 1655 4623 Viti
1700 4568 1817 4623 Vita

231 4640 398 4689 sancti
427 4637 641 4692 Martini
661 4637 733 4692 ab
760 4652 828 4692 eo
856 4639 1298 4695 archidiaconum
1330 4656 1486 4695 suum
1520 4641 1570 4696 ei
1602 4640 1817 4695 muneri

233 4708 534 4771 praefectum
584 4708 751 4763 fuisse
800 4722 1209 4766 commemorat.
1261 4712 1602 4767 Postremum
1636 4722 1817 4766 autem

235 4776 363 4853 illud
374 4790 462 4853 est
484 4780 625 4850 quod
668 4779 794 4836 hinc
814 4781 1088 4846 advertas,
1114 4783 1518 4853 dispensatores
1553 4785 1677 4839 illos
1710 4799 1815 4838 non

233 4861 325 4914 pro
355 4849 529 4917 libita,
557 4853 651 4907 sed
678 4867 748 4907 ex
777 4854 1040 4926 episcopi,
1100 4856 1166 4909 ad
1204 4849 1373 4926 quem
1404 4858 1585 4911 omnia
1615 4857 1817 4910 referre

234 4932 636 4998 coiisueverant,
678 4933 808 4980 nutu
840 4934 895 4979 et
920 4925 1195 4981 voluntate
1224 4925 1418 4982 cuncta
1448 4929 1712 4998 gessisse;
1747 4930 1819 4981 ita

235 4997 290 5042 ut
317 4993 449 5047 nihil
492 4995 545 5069 in
568 4995 685 5065 ejus
709 5004 976 5065 potestate
1006 5011 1111 5052 non
1142 5008 1286 5054 esset
1326 4993 1583 5069 posiium.
1622 4999 1687 5069 Et
1718 4998 1820 5052 hoc

237 5074 363 5137 sane
387 5067 585 5136 oppido
627 5069 861 5137 quadrat
887 5082 1010 5123 cum
1051 5067 1423 5137 apostolorum
1457 5087 1578 5125 can.
1627 5068 1719 5132 39,
1749 5069 1819 5124 40

239 5132 396 5212 etdl,
423 5132 613 5212 Synodi
647 5132 880 5212 Laodic.
923 5155 1046 5195 can.
1076 5132 1165 5209 57,
1207 5154 1261 5197 et
1289 5143 1631 5212 sequentium
1659 5156 1818 5197 conc.

238 5204 634 5280 delinitidnihus
656 5225 827 5280 prape
852 5204 1173 5268 innumeris.

309 5276 484 5363 {Cic
516 5276 867 5348 lih.tt‘0lllc.,
899 5280 1178 5408 pag?
1213 5284 1312 5350 linI
1344 5285 1413 5353 ﬂ
1451 5304 1464 5340 :
1499 5284 1817 5353 Propensior

309 5361 592 5408 manuus...
616 5353 719 5406 nisi
749 5358 878 5408 forte
904 5364 1054 5408 erunt
1122 5358 1252 5408 iam.
1284 5368 1393 5408 etc.

244 5346 600 5426 benignitas.
616 5353 719 5426 nisi
742 5346 885 5426 forte
899 5346 1393 5426 Μ

308 5416 509 5501 ξ-Ἰιιίὼ
528 5466 543 5490 ,
572 5425 666 5501 lin.
694 5416 803 5501 :23:
855 5425 1020 5501 Atque
1040 5416 1461 5498 hwcubenignitas
1489 5430 1642 5484 etiam
1683 5430 1815 5501 reip.

246 5490 493 5569 ulllis_esf,
523 5494 705 5569 redimi
730 5512 757 5550 e
776 5490 1020 5569 servitute
1049 5509 1249 5569 captos,
1273 5490 1377 5555 etc.

285 5574 337 5644 ᾖ
382 5564 531 5620 Hanc
573 5568 767 5637 Illyrici
817 5564 1170 5637 Thraciaeqne
1210 5564 1613 5641 populationem
1657 5573 1824 5628 Baro-

252 5648 364 5710 nins
393 5647 577 5710 auctor
606 5645 690 5693 est
709 5653 852 5693 anno
872 5651 1134 5709 reparata».
1164 5644 1352 5698 salutis
1382 5644 1485 5699 587
1508 5645 1823 5710 contigisse.

254 5703 441 5787 Verum
467 5709 563 5787 hoc
582 5710 702 5787 loco
718 5726 824 5765 non
852 5703 985 5787 gitis
1001 5712 1333 5787 cohaerentia
1368 5715 1605 5787 loquitur
1631 5703 1823 5771 Cardi-

254 5778 382 5851 nalis
405 5780 823 5841 eruditissimus.
854 5782 1070 5851 Etenim
1094 5788 1140 5840 si
1168 5788 1273 5841 hoc
1294 5778 1486 5845 eodem
1517 5802 1660 5841 anno
1694 5802 1825 5842 cou-

260 5844 374 5905 llata
396 5858 453 5908 et
487 5850 800 5910 venumdata
831 5846 1029 5913 fuerint
1051 5858 1118 5916 ab
1138 5844 1429 5917 Ambrosio
1459 5860 1585 5915 vasa
1626 5873 1777 5916 sacra
1804 5862 1819 5927 ;

1919 3340 2123 3403 nuitur,
2144 3346 2202 3396 et
2226 3338 2336 3394 cito
2361 3337 2565 3402 deficit,
2588 3335 2947 3406 atqueipsam
2977 3330 3227 3387 destituit
3267 3326 3514 3398 benigni-

1916 3493 2228 3549 necessario
2278 3491 2405 3546 hinc
2429 3490 2640 3547 eruitur
2670 3503 2778 3544 non
2827 3488 2928 3543 nisi
2978 3496 3097 3557 post
3147 3493 3509 3541 memoratum

1915 3580 2116 3620 annum
2141 3565 2306 3620 hosce
2347 3563 2515 3618 libros
2555 3561 2874 3618 Ofliciorum
2899 3560 3075 3615 editos
3102 3573 3253 3614 esse:
3280 3572 3404 3613 cum
3435 3567 3515 3610 ta-

1916 3653 2040 3693 men
2075 3638 2226 3710 ipsos
2250 3644 2363 3710 toto
2394 3636 2660 3710 decennin
2691 3634 2837 3710 prius
2861 3633 2916 3687 in
2940 3631 3114 3710 lucem
3135 3628 3510 3710 prodi_isse__ad

1916 3700 2116 3763 annum
2142 3708 2247 3763 577
2274 3705 2646 3762 affirmaverit.
2689 3700 2955 3760 Cancrum
2977 3700 3146 3757 multo
3178 3700 3513 3768 probabilius

1917 3780 2130 3854 videtur
2151 3778 2363 3854 cladem
2386 3779 2544 3843 hanc,
2574 3778 2730 3854 cujus
2758 3778 2859 3854 hoc
2881 3778 3000 3854 loco
3022 3774 3269 3854 meminit
3290 3778 3512 3854 sanctus

1916 3852 2275 3917 Ambrosius,
2330 3863 2569 3905 atrocem
2616 3846 2859 3903 Valentis
2904 3846 3252 3917 imperatoris
3304 3846 3510 3917 exitum

1918 3934 2157 3978 secutam
2186 3914 2307 3977 esse
2326 3938 2340 3989 ;
2359 3937 2481 3976 cum
2514 3920 2680 3991 ipsius
2703 3919 2933 3974 ducilms
2960 3914 3190 3991 Trajano
3219 3925 3275 3971 et
3310 3914 3509 3991 Sebas-

1922 3996 2068 4051 tiano
2113 3987 2607 4061 cmsis,'omnique
2657 3991 2796 4047 adeo
2840 3987 3504 4061 exercituLinterneciune

1918 4067 2122 4129 deleto,
2149 4058 2307 4122 Gntlti
2340 4058 2541 4136 aliique
2572 4063 2809 4136 barbari,
2857 4068 3066 4115 vastato
3095 4058 3307 4136 Illyrico
3338 4072 3509 4136 usque

1919 4140 1985 4193 ad
2032 4128 2198 4207 Alpes
2239 4128 2480 4194 Julianas
2537 4152 2601 4191 ac
2630 4135 2961 4190 Venetorum
3003 4128 3303 4207 regionem,
3326 4128 3511 4207 omnia

1921 4211 2045 4273 igne
2087 4200 2339 4282 ferroque
2377 4208 2616 4282 populati
2664 4217 2832 4272 sunt,
2895 4214 2952 4259 ut
2991 4200 3506 4282 pu§t__Ann_nianum

1922 4282 2114 4345 Marc.,
2170 4272 2487 4343 Socratem,
2520 4279 2883 4335 Sozomcnnm
2912 4286 3075 4345 atque
3101 4272 3507 4345 'l‘lteodoretum

1923 4342 2191 4408 Baronius
2213 4354 2331 4419 ipse
2357 4342 2561 4420 scripto
2593 4349 2848 4416 prodidit.
2876 4342 3264 4420 Adi—etiatmcl.
3290 4358 3345 4397 v.
3377 4342 3510 4397 Her-

1924 4441 2179 4498 maunum
2293 4415 2566 4498 Ambrosii
2596 4415 2739 4488 Vita,
2773 4415 3221 4498 lili.‘tt,__cap:n12.
3261 4484 3312 4498 Π

1993 4494 2020 4533 (λ
2050 4496 2165 4551 Cic.
2198 4497 2291 4550 lib.
2328 4512 2364 4550 ll
2391 4494 2570 4568 Oflic.,
2624 4484 2740 4563 pag:
2783 4492 2911 4556 582,
2956 4484 3151 4568 liu.'15_
3194 4484 3511 4568 :_l.ibnales

1922 4577 2089 4623 autem
2124 4570 2211 4639 qui
2238 4566 2574 4638 facultatibus
2602 4559 2895 4639 aut—captos
2935 4580 2968 4616 a
3008 4559 3335 4639 pradonibus
3371 4559 3515 4611 redi.

1922 4632 2146 4694 munt...
2169 4632 2260 4694 aut
2284 4640 2337 4693 in
2367 4639 2594 4711 ﬁliarum
2621 4632 2957 4711 collocatione
2981 4632 3251 4711 adjacent,
3280 4638 3389 4711 etc.
3453 4699 3482 4711 Δ.

1998 4718 2023 4747 ⁸
2065 4711 2200 4766 Ibid.
2237 4701 2515 4780 pagfﬁsl,
2547 4710 2640 4763 lin.
2675 4708 2745 4780 55
2770 4727 2783 4763 :
2813 4701 3069 4776 Deinceps
3097 4705 3163 4758 de
3183 4701 3515 4771 beneﬁcentia

1844 4814 1899 4874 1)
1926 4784 2198 4874 ἀὲοριξραηι
2225 4778 2246 4838 ἐ
2270 4778 2420 4853 cujus
2444 4791 2516 4836 est
2547 4781 2679 4874 rJat-io
2701 4778 2917 4874 d‘uplear,
2938 4786 3048 4874 etc:

2001 4855 2018 4894 ί
2055 4854 2268 4925 Erasm.
2302 4845 2359 4910 εἰ
2384 4869 2499 4925 seq.
2525 4852 2683 4925 edin,
2711 4850 2847 4925 Quae
2868 4864 3084 4925 onerum
3125 4845 3423 4925 collatione.

1996 4937 2021 4974 κ
2052 4924 2181 4983 Gill.
2214 4928 2265 4981 in
2293 4920 2549 4995 margfet
2573 4923 2733 4977 Rom.
2764 4922 2896 4977 edit.
2926 4920 2980 4975 in
3006 4920 3256 4989 corpore,
3284 4934 3375 4995 per
3400 4931 3517 4984 sep-

1923 5000 2173 5053 tennium.
2221 4996 2327 5055 Sed
2355 4987 2641 5070 ciunualizc
2686 5008 2879 5049 omnes
2922 5007 2986 5046 ac
3019 4987 3197 5070 *ηις-ε..
3227 4987 3519 5070 ρίιίιξρτθιιι

1923 5071 2347 5141 quinquennium,
2362 5066 2620 5123 credibile
2636 5076 2720 5122 est
2740 5062 3312 5141 sanctunLAntistitem
3333 5062 3519 5141 itapo-

1924 5131 2124 5206 suisse,
2167 5141 2309 5211 quod
2335 5131 2609 5211 putaverit
2655 5138 2909 5206 popnlmn
2954 5133 3270 5211 Egyptium
3321 5131 3514 5211 saltent

1928 5200 2121 5282 primis
2158 5200 2369 5268 d'uobu's
2428 5212 2587 5265 annis
2630 5200 2906 5263 victitasse
2955 5200 3180 5282 privatis
3217 5200 3513 5282 fructibus,

1923 5275 2216 5354 antequam
2247 5300 2368 5339 eum
2396 5282 2462 5337 ad
2493 5282 2641 5354 regia
2672 5281 2864 5354 horrea
2891 5279 3185 5354 confugere
3214 5275 3519 5354 fameshco-

1922 5343 2094 5427 geret'.
2126 5357 2270 5414 Sane
2295 5356 2419 5409 huic
2445 5343 2628 5409 scnsvui
2651 5343 3092 5427 videtur‘favere,
3122 5343 3266 5427 quod
3293 5343 3516 5427 legitur,

1923 5416 2010 5484 ἰαὶ
2035 5430 2229 5502 ἐγένετο
2256 5428 2399 5502 λιμὸς
2425 5428 2479 5502 ἕπε
2499 5427 2725 5502 πάσῃ,τῇ
2750 5432 2836 5500 νῦν
2860 5422 2908 5502 ἐν
2936 5420 2990 5502 δέ
3016 5421 3163 5491 πάστι
3184 5424 3247 5492 τῇ
3266 5422 3346 5502 ἶνῖλ.
3370 5416 3521 5502 Afri:

1929 5487 2221 5562 πει-ου’ἧσαν
2249 5487 2414 5575 rip-rat.
2463 5487 3083 5575 Liceﬁdiési'nmlamlunt
3103 5487 3316 5571 nbn’sit
3334 5487 3522 5575 haberi

1930 5571 1983 5626 in
2010 5561 2140 5627 mss.
2173 5561 2469 5633 nonnullis,
2499 5567 2733 5644 ρῦπςῆσαν
2761 5564 2939 5644 ἄρτοι..
2954 5562 3040 5615 cui
3078 5561 3242 5642 {ﬂiam
3280 5561 3520 5644 COﬂC‘ilm

1929 5644 2151 5716 Syriaca
2174 5646 2375 5699 versio.
2407 5643 2512 5697 Sed
2545 5642 2770 5694 aliarum
2795 5637 3058 5716 onmium.
3088 5637 3369 5716 ipsiusque
3400 5637 3519 5716 tene

1931 5706 2017 5768 tus
2040 5715 2278 5771 hebraici
2309 5727 2631 5775 consensus,
2658 5724 2757 5765 nec
2786 5720 2891 5759 non
2919 5706 3188 5757 orationis
3209 5706 3328 5773 ipsa
3350 5706 3520 5756 Series

1928 5785 2089 5840 aliam
2121 5788 2352 5846 adstruit
2376 5784 2686 5842 lectionem.
2776 5830 2781 5835 .

2002 5855 2028 5894 ¹¹
2045 5857 2160 5912 Cic.
2181 5844 2273 5913 lib.
2301 5872 2335 5912 tt
2354 5856 2668 5924 Oliic.,pag.
2692 5844 3043 5915 531’,lin.37:
3067 5844 3526 5918 Largitioquequa
