4078 6306
509 275 610 334 ηδ

1905 279 2155 339 SANC'I‘I
2194 281 2524 342 Αιιιιιιοειι

3724 288 3830 347 121

505 401 708 461 tatem;
741 404 799 450 ut
816 410 925 466 quo
956 395 1206 468 pluribus
1235 398 1418 469 largiri
1450 399 1709 465 volueris,
1731 415 1800 456 eo
1817 398 2104 470 pauciores
2129 400 2181 462 Α
2209 402 2489 470 pauperis.
2519 401 2704 474 Neque
2733 414 2869 460 vero
2904 403 3022 460 ﬁeri
3047 412 3230 476 potest
3253 413 3314 462 ut
3343 413 3452 462 non
3480 415 3830 480 extatque”

505 485 753 560 adjuves,
785 502 840 546 et
869 507 1018 560 saepe
1045 491 1139 547 tibi
1175 493 1317 548 desit
1356 493 1498 563 quod
1541 495 1665 550 aliis
1709 492 2103 550 conferendum

505 583 800 652 putaveris.
819 581 1047 640 Consilii
1074 585 1188 660 88
1209 595 1386 643 autem
1415 589 1706 660 aperisqne
1722 588 1969 653 collatio,
1997 603 2106 658 quo

505 674 560 729 in
581 675 767 744 plures
797 676 1139 746 diii'unditur,
1159 694 1227 736 eo
1273 681 1662 736 redundantior
1699 689 1904 751 manet,
1949 691 2004 738 et
2049 681 2104 738 in

503 779 660 820 suum
716 767 921 825 fontem
970 771 1223 826 recurrit.
1277 772 1333 828 In
1387 789 1450 829 se
1495 775 1640 830 enim
1674 774 1858 831 reﬂuit
1887 775 2108 834 ubertas

505 858 808 930 prudentiae
840 880 854 917 :
907 867 964 919 et
989 873 1098 936 quo
1129 859 1378 936 pluribus
1403 866 1660 937 ﬂuxerit,
1703 885 1770 925 eo
1812 868 2109 927 exercitius

507 949 568 1008 lit
595 967 758 1010 omne
785 948 929 1027 quod
960 961 1229 1014 remanet.

1103 1046 1334 1108 CAPUT
1373 1049 1518 1109 XVI.

513 1137 729 1196 Modum
775 1139 828 1198 in
867 1143 1176 1202 liberalitate
1215 1149 1542 1215 servandum,
1578 1168 1642 1206 ne
1688 1148 2036 1224 profundatur
2056 1148 2113 1211 in

581 1231 823 1305 indignos
873 1234 1014 1308 quod
1059 1237 1380 1309 dignioribus
1421 1240 1736 1310 debebatur;
1789 1261 1894 1300 non
1943 1254 2112 1301 tamen

581 1327 738 1383 nimis
783 1343 942 1401 parce
981 1339 1043 1386 'ac
1084 1331 1265 1390 timide
1303 1336 1676 1393 ministrandas
1718 1339 2064 1412 sleemosynas
2092 1358 2112 1396 :

583 1425 677 1479 sed
704 1426 1011 1482 imitandum
1034 1431 1240 1484 beatum
1265 1431 1486 1505 Ioseph,
1510 1435 1664 1506 cujus
1692 1433 1966 1505 prudentia
1994 1451 2116 1510 pro-

583 1517 854 1574 liacioribus
877 1521 1045 1577 verbis
1071 1525 1484 1583 commendatur.

582 1614 672 1670 76.
702 1614 900 1686 Liquet
932 1617 1104 1689 igitur
1143 1619 1347 1676 debere
1393 1637 1515 1678 esse
1545 1629 1574 1660 ι
1603 1619 1948 1680 liberalitatis
1999 1633 2118 1679 mo-

503 1707 667 1774 dum,
697 1723 768 1766 ne
795 1709 892 1764 iiat
921 1711 1135 1767 inutilis
1161 1711 1400 1784 largitas.
1437 1715 1720 1772 Sobrietas
1748 1715 1982 1772 tenenda
2005 1721 2114 1781 est,

2211 496 2444 564 amplius
2471 495 2859 567 importunitas
2889 495 3304 555 vociferantium
3337 513 3352 554 :
3380 500 3477 556 sed
3519 511 3635 557 non
3681 515 3833 558 sem-

2211 604 2309 658 per
2331 585 2360 626 ει
2393 589 2745 660 impudentia:
2773 591 2928 648 incus
2953 593 3048 648 sit.
3073 591 3358 650 Videndus
3385 604 3466 650 est
3499 594 3628 660 ille,
3649 597 3746 665 qui
3771 603 3834 653 te

2211 695 2320 738 non
2369 683 2556 740 videt:
2587 685 2948 757 requirendus
2989 685 3119 752 ille,
3167 687 3261 756 qui
3307 687 3594 744 erubescit
3617 689 3826 746 videri.

2209 773 2306 830 llle
2327 777 2493 833 etiam
2519 779 2739 834 clausus
2767 781 2821 835 in
2848 793 3070 838 carcere
3087 789 3345 838 occurrat
3369 782 3504 852 tibi;
3534 782 3636 839 ille
3658 782 3833 840 ειπερ-

2212 877 2299 924 tus
2343 871 2670 941 aegritudine
2719 883 2955 930 mentem
2999 883 3150 930 suam
3197 883 3478 947 personet,
3523 875 3624 948 qui
3661 889 3834 934 aures

2212 973 2320 1017 non
2351 973 2550 1034 potest.

2287 1057 2378 1113 78.
2418 1056 2538 1126 Quo
2565 1057 2691 1130 plus
2737 1067 2790 1114 te
2829 1059 3048 1132 operari
3075 1061 3280 1118 viderit
3317 1061 3552 1133 populus
3577 1098 3594 1130 ,
3643 1062 3828 1130 magis

2213 1147 2426 1222 diliget.
2461 1151 2588 1208 Scio
2629 1151 2922 1224 plerosque
2945 1153 3299 1222 sacerdotes,
3325 1167 3440 1226 quo
3469 1155 3594 1226 plus
3627 1163 3836 1212 conita-

2215 1242 2416 1310 lerunt,
2446 1244 2566 1315 plus
2584 1245 2926 1312 abundasse;
2957 1248 3214 1318 quoniam
3244 1248 3589 1319 quicumque
3615 1247 3832 1304 bonum

2214 1340 2526 1407 operarium
2549 1339 2720 1406 videt,
2753 1349 2778 1379 ο
2807 1340 2909 1410 ipsi
2935 1340 3152 1396 confert
3181 1341 3325 1411 quod
3353 1341 3472 1415 δ’
3495 1341 3714 1398 illesuo
3748 1340 3839 1395 ui-

2217 1431 2342 1486 iicio
2365 1430 2642 1502 dispenset
2664 1473 2682 1498 ,
2713 1447 2944 1490 securus
2975 1433 3124 1505 quod
3151 1434 3218 1489 ad
3245 1449 3544 1506 pauperem
3566 1445 3670 1488 sua
3705 1445 3837 1506 prr-

2214 1523 2396 1579 veniat.
2431 1524 2814 1581 misericordia
2849 1544 2864 1580 :
2895 1539 3060 1581 nemo
3085 1525 3235 1582 enim
3278 1526 3430 1593 vult,
3463 1526 3568 1581 nisi
3593 1527 3835 1596 pauperi

2218 1615 2485 1686 proﬁcere
2515 1632 2668 1672 suam
2699 1615 2721 1656 ί
2753 1617 3130 1674 collationem.
3159 1616 3295 1674 Nam
3321 1619 3370 1673 si
3401 1633 3564 1689 quem
3591 1627 3693 1674 aut
3721 1618 3834 1673 im-

2220 1711 2560 1764 moderatum
2585 1718 2681 1766 aut
2715 1710 2880 1767 nimis
2902 1720 3154 1767 tenacem
3195 1711 3646 1780 dispensatorem
3671 1711 3836 1768 vide-

511 1803 748 1858 maxime
780 1805 1186 1875 sacerdotibus,
1218 1817 1276 1862 ut
1305 1823 1412 1863 non
1457 1821 1556 1880 pro
1581 1809 1861 1880 iactantia,
1895 1808 1990 1866 sed
2013 1820 2116 1881 pro
2145 1807 2194 1869 B
2222 1803 2297 1858 rit
2317 1843 2331 1867 ,
2373 1811 2666 1872 utrtnnque
2691 1803 2960 1876 despiciet
2989 1821 3004 1859 :
3031 1806 3081 1861 si
3106 1815 3200 1861 aut
3225 1805 3521 1877 supernatis
3550 1810 3838 1880 erogatio-

505 1897 714 1967 jostitia
739 1891 1083 1968 dispensant.
1125 1899 1404 1973 Nusquam
1443 1901 1590 1958 enim
1615 1901 1647 1942 δ
1680 1903 1856 1974 major
1885 1901 2116 1959 aviditas

511 1993 814 2063 petitionis.
866 1993 1319 2061 Veniuntvalidi,
1371 1999 1598 2052 veniunt
1643 1997 1846 2053 nullam
1891 1981 2113 2053 causam

511 2087 620 2142 nisi
650 2087 880 2157 vagandi
907 2087 1201 2154 habentes.
1248 2100 1305 2146 et
1333 2095 1526 2148 volunt
1563 2093 1810 2148 subsidia
1845 2103 2116 2150 evacuare

511 2187 837 2248 pauperum,
884 2181 1172 2238 exinanire
1219 2194 1492 2254 sumptum
1533 2199 1546 2238 :
1585 2196 1688 2242 nec
1737 2185 1935 2257 exiguo
1985 2199 2118 2242 con-

513 2272 668 2336 tenti,
710 2274 920 2342 majora
967 2284 1246 2345 quaerunt,
1294 2277 1500 2332 ambitu
1544 2277 1777 2334 vestium
1829 2289 2116 2348 captantes

515 2363 798 2434 petitionis
844 2365 1182 2437 suifragitnn,
1231 2375 1288 2424 et
1329 2370 1584 2426 natalium
1615 2371 1964 2428 simulatione
1995 2370 2116 2428 lici-

515 2467 690 2513 tantes
712 2459 1049 2516 incrementa
1077 2471 1412 2532 questuum.
1446 2463 1542 2519 llis
1560 2464 1605 2520 si
1627 2465 1750 2536 quis
1773 2464 1935 2522 facile
1961 2464 2115 2522 defe-

511 2558 603 2606 rat
641 2551 824 2618 lidem,
853 2553 966 2607 cito
1011 2553 1266 2610 exhaurit
1295 2569 1592 2626 pauperum
1623 2557 1896 2614 alimoniis
1929 2557 2116 2629 prolu-

515 2653 634 2701 tura
679 2647 1024 2718 compendia.
1061 2649 1250 2706 Modus
1287 2651 1546 2722 largiendi
1591 2651 1758 2718 adsit,
1795 2662 1854 2708 ut
1895 2661 1996 2708 acc
2035 2652 2116 2709 illi

515 2743 704 2796 inanes
734 2744 1015 2813 recedant,
1045 2760 1222 2817 neque
1253 2747 1650 2804 transcribatur
1676 2749 1782 2803 vita
1813 2761 2112 2819 pauperum

515 2837 569 2892 in
603 2837 778 2906 spolia
809 2837 1298 2897 fraudulentorum.
1339 2841 1415 2898 Ea
1463 2856 1596 2912 ergo
1631 2856 1886 2898 mensura
1929 2842 2023 2910 sit,
2055 2849 2114 2896 ut

515 2947 690 3001 neque
721 2932 1035 2991 humanitas
1071 2935 1375 3002 deseratur,
1423 2951 1528 2993 nec
1560 2935 1891 2991 destinatur
1919 2947 2114 2990 neces.

518 3023 675 3080 sitas.

584 3117 674 3172 77.
727 3117 978 3190 Plerique
1023 3120 1282 3178 simulant
1307 3121 1508 3178 debita.
1561 3121 1648 3195 Sit
1697 3121 1812 3178 veri
1855 3128 2111 3178 examen.

2214 1899 2376 1955 nibus
2407 1899 2641 1968 dissipet
2665 1899 2828 1956 alieni
2871 1900 3078 1957 fruetus
3126 1899 3368 1966 laboris,
3419 1909 3518 1956 aut
3562 1901 3837 1960 reccidat

2215 1993 2470 2049 sacculis.
2515 1991 2671 2050 Sicut
2715 1992 2880 2065 igitur
2915 1993 3106 2050 modus
3153 1993 3504 2050 liberalitatis
3555 1995 3836 2051 terrendus

2215 2096 2324 2152 est,
2357 2087 2431 2142 ita
2459 2088 2622 2142 etiam
2651 2097 2676 2136 ιι
2698 2087 2882 2144 calcar
2909 2088 3234 2160 plerumque
3260 2087 3634 2145 adhibendam
3679 2089 3838 2146 vide-

2217 2188 2326 2236 tur.
2359 2179 2552 2236 Modus
2580 2180 2704 2236 ideo
2724 2219 2740 2247 ,
2771 2177 2800 2218 δ
2836 2188 2902 2236 ut
2937 2180 3082 2253 quod
3123 2181 3404 2238 beneﬁcis
3433 2220 3448 2248 .
3495 2182 3549 2238 id
3576 2181 3836 2254 quntltﬁo

2216 2273 2396 2330 lacere
2423 2276 2632 2344 possis;
2661 2289 2729 2329 ne
2767 2274 3058 2331 subtrahas
3083 2275 3427 2340 necessitati.
3459 2277 3610 2348 quod
3647 2277 3838 2334 indul-

2213 2371 2354 2425 seris
2375 2367 2648 2425 cli'usioni:
2681 2369 2863 2425 calcar
2893 2379 3202 2440 propterea,
3231 2369 3362 2442 quia
3401 2373 3601 2428 melius
3627 2383 3837 2444 cpera-

2217 2471 2306 2518 tur
2331 2465 2557 2532 pecunia
2581 2463 2634 2516 in
2660 2463 2914 2532 pauperis
2935 2461 3058 2517 cibo
3073 2506 3088 2528 ,
3109 2477 3272 2532 quam
3293 2464 3346 2518 in
3376 2463 3562 2519 divitis
3579 2464 3833 2520 sacculo.

2214 2555 2360 2612 Cave
2383 2571 2458 2612 ne
2479 2559 2618 2612 intra
2645 2555 2857 2613 loculos
2879 2564 3005 2614 tuos
3029 2556 3280 2614 includas
3299 2558 3532 2614 salutem
3553 2561 3793 2630 inopum
3815 2603 3831 2627 ,

2213 2659 2268 2706 et
2313 2658 2568 2718 tanquam
2611 2649 2666 2703 in
2707 2649 2931 2704 tumulis
2981 2647 3214 2719 sepelire
3269 2651 3441 2704 vitam
3487 2663 3831 2721 paperem.

2289 2743 2378 2800 79.
2420 2743 2600 2800 Potuit
2633 2743 2841 2800 donare
2865 2742 3074 2814 Ioseph
3114 2752 3258 2800 totas
3297 2741 3522 2817 tEgypti
3549 2759 3693 2816 opes
3715 2785 3732 2812 ,
3769 2755 3837 2802 et

2214 2837 2498 2895 edundere
2538 2839 2828 2896 thesauros
2863 2837 3080 2908 regios;
3108 2839 3283 2894 noluit
3313 2851 3499 2896 tamen
3537 2840 3616 2896 de
3639 2840 3838 2898 alieno

2215 2930 2420 2988 eil'usus
2451 2930 2660 2986 videri:
2691 2930 2882 2986 maluit
2915 2929 3185 2988 frumenta
3218 2931 3458 2988 vendere
3477 2973 3494 3000 ,
3525 2947 3700 3003 quam
3727 2933 3840 2989 do-

2217 3041 2348 3081 nare
2371 3025 2773 3091 esurientibus;
2800 3025 2925 3096 quia
2951 3024 2999 3080 si
3035 3026 3220 3096 paucis
3247 3027 3535 3093 donasset,
3569 3028 3840 3099 plurimis

2219 3117 2500 3174 defuisset.
2525 3117 2654 3172 Eam
2678 3117 3059 3174 liberalitatem
3083 3119 3362 3190 probavit,
3385 3133 3500 3193 quo
3521 3121 3842 3180 abundaret

515 3208 720 3268 Exutos
749 3226 810 3268 se
839 3228 936 3283 per
965 3212 1577 3288 latrociniadeploraw
1608 3223 1700 3268 aut
1727 3212 1923 3285 injuria
1955 3211 2114 3268 [idem
2143 3207 2188 3268 C
2222 3209 2497 3265 omnibus.
2531 3207 2788 3267 Patefecit
2833 3209 3059 3279 horrea,
3087 3219 3149 3266 ut
3183 3227 3378 3268 omnes
3403 3223 3662 3269 eruerent
3697 3215 3841 3270 sub-

512 3303 696 3374 l‘aciat,
722 3315 822 3362 aut
848 3307 1086 3378 cognitio
1122 3323 1388 3378 personae,
1421 3323 1531 3380 quo
1571 3307 1898 3379 propensius
1921 3305 2118 3377 juven-

515 3407 624 3454 tur.
658 3410 680 3438 ο
707 3400 791 3456 Ab
833 3399 1078 3457 Ecclesia
1120 3402 1376 3473 relegatis
1405 3411 1658 3472 sumptus
1699 3399 2114 3471 impartiendus,

511 3491 559 3546 si
585 3492 730 3548 desit
767 3493 848 3547 eis
873 3492 1054 3548 alendi
1082 3494 1259 3564 copia.
1291 3492 1478 3564 Itaque
1513 3493 1606 3564 qui
1649 3491 1870 3547 modum
1911 3499 2116 3556 servat,

510 3599 708 3638 avarus
739 3585 896 3651 nulli,
927 3586 1022 3641 sed
1056 3587 1239 3656 largus
1268 3587 1525 3644 omnibus
1558 3595 1642 3641 est
1674 3603 1687 3640 :
1713 3602 1822 3641 non
1848 3587 1993 3640 enim
2023 3599 2116 3640 so-

512 3677 594 3731 las
633 3688 796 3733 aures
844 3679 1089 3749 praebere
1129 3680 1390 3736 debemus
1445 3679 1734 3736 audiendis
1775 3682 2114 3750 precantium

513 3768 761 3835 vocibus,
790 3770 886 3826 sed
918 3773 1082 3826 etiam
1113 3772 1304 3826 oculos
1333 3770 1750 3827 considerandis
1769 3768 2114 3827 necessitati-

513 3862 636 3919 bus.
671 3861 799 3920 Pius
820 3864 1019 3920 clamat
1044 3863 1323 3938 operatori
1350 3865 1494 3922 bono
1515 3862 1793 3934 debilitas,
1825 3879 1989 3937 quam
2015 3877 2119 3920 vox

514 4023 573 4092 ﬁt
583 4041 646 4079 ea:
657 4041 712 4098 re
723 4024 1193 4098 familiariJontem
1217 4025 1390 4094 ipsum
1402 4023 1730 4098 benignitqtis
1740 4021 1997 4098 ίλειξΙιιιιινίιἓ
2005 4033 2114 4078 etc.

586 4105 611 4133 τι
651 4093 765 4153 Cic.
801 4097 896 4152 lib.
921 4113 957 4152 tt
988 4093 1170 4164 0iiic.,
1199 4093 1318 4168 pag.
1351 4097 1478 4158 582,
1520 4093 1620 4150 lin.
1647 4095 1717 4149 7:
1771 4093 2116 4168 Quamobrem

513 4183 606 4220 nec
632 4169 704 4221 ita
729 4168 1022 4224 claudenda
1050 4181 1122 4224 est
1149 4184 1231 4222 res
1259 4166 1556 4238 familiaris,
1587 4176 1644 4222 ut
1689 4182 1800 4221 eam
1829 4166 2118 4236 benignitas

514 4240 717 4308 aperire
745 4257 846 4295 non
870 4241 1052 4309 possit,
1071 4248 1178 4296 etc.

583 4309 610 4348 δ
655 4311 759 4348 Μία
826 4310 1027 4348 ῃιίηηηι
1118 4314 1290 4348 mna'na'
1338 4310 1561 4348 nm'lla'lna
1639 4305 1884 4348 Ρρήιῖηηῖ

653 4311 782 4367 Mss.
824 4305 1062 4390 aliquot,
1118 4314 1290 4390 major
1337 4305 1910 4390 aoiditas.__Petitio_nis
1939 4325 2116 4390 fouea

510 4382 724 4435 veniunt
773 4383 953 4436 validi.
997 4384 1064 4438 Et
1088 4381 1350 4439 coniinuo
1377 4393 1521 4452 post,
1563 4381 1656 4436 alii
1685 4381 1868 4450 pauci,
1896 4381 1998 4436 nisi
2024 4395 2116 4434 va-

514 4453 669 4506 condi
695 4453 956 4508 habentes.

587 4533 609 4562 ο
649 4525 741 4579 Sic
766 4525 899 4580 edit.
925 4539 1138 4596 omnes.
1173 4535 1226 4579 et
1275 4524 1450 4592 major
1489 4523 1776 4596 potiorque
1796 4537 1940 4596 pars
1981 4537 2112 4579 mss.

517 4593 698 4670 Aliqui
724 4604 907 4670 tatfneu
933 4613 948 4650 :
970 4595 1042 4650 Ab
1071 4593 1306 4670 Ecclesia
1345 4593 1608 4670 relegatis.
1631 4594 1909 4670 Quaeritur
1935 4604 2116 4670 autem

514 4663 568 4718 in
596 4663 764 4737 prima
791 4669 1049 4732 teetione,
1078 4667 1296 4737 quinum
1329 4663 1590 4732 sunt'illi,
1622 4669 1686 4721 ab
1713 4665 1944 4721 Ecclesia
1985 4669 2120 4721 rele-

517 4738 666 4806 gati?
696 4736 1000 4794 Voluerunt
1048 4736 1291 4794 nuttnnlli
1319 4754 1417 4794 eos
1443 4739 1546 4795 hoc
1577 4739 1700 4794 loco
1731 4739 2118 4807 intelligendos

515 4811 606 4878 qui
642 4819 866 4878 propter
897 4811 1056 4866 (idem
1085 4812 1153 4865 ab
1199 4811 1466 4867 Ecclesiis
1513 4811 1629 4866 suis
1655 4811 1906 4866 exsulare
1939 4807 2117 4866 coacti

519 4891 726 4954 essent.
771 4881 878 4937 Sed
917 4892 1350 4954 uumqnamrtam
1391 4898 1551 4954 parce
1579 4896 1642 4936 ac
1679 4889 1914 4954 tenuiter
1940 4882 2010 4954 de
2033 4881 2120 4940 bis

520 4949 801 5006 locuturus
831 4963 950 5008 erat
976 4949 1196 5009 sanctus
1216 4949 1438 5010 Doctor.
1472 4953 1582 5010 Eos
1610 4969 1741 5025 ergo
1764 4953 2119 5025 intelligimus

520 5025 610 5092 qni
644 5025 713 5096 ab
747 5025 1010 5080 Ecclesia:
1034 5028 1206 5082 sacris
1236 5025 1566 5096 ptenitentize
1593 5021 1754 5082 causa
1786 5021 2002 5080 fuerant
2025 5039 2115 5080 se-

523 5095 737 5166 parati;
793 5097 990 5164 quibus
1029 5097 1135 5153 etsi
1169 5097 1584 5153 Ecciesiasticas
1614 5098 1996 5166 eleemosynas
2023 5111 2120 5150 au-

519 5163 650 5221 ferri
715 5163 1068 5224 consuevisse
1124 5177 1356 5224 testetur
1399 5168 1766 5238 Augustinus,
1827 5163 2007 5224 tamen
2061 5169 2117 5224 in

519 5248 763 5292 extrema
815 5242 1145 5296 necessitate
1187 5241 1482 5295 christiana
1516 5241 1811 5295 liberalitas
1859 5256 1966 5294 non
2021 5239 2116 5294 de-

519 5320 658 5364 erat.
695 5309 880 5366 Potest
907 5312 1070 5364 etiam
1106 5314 1176 5366 ita
1197 5312 1640 5380 explicari,ntob
1655 5311 1889 5366 Ecclesia
1917 5308 2120 5380 refero:

522 5388 608 5433 tur
649 5381 716 5434 ad
769 5382 1164 5456 inipartiendus,
1217 5373 1440 5440 minime
1468 5373 1603 5439 vero
1654 5385 1720 5438 ad
1769 5382 2030 5456 relegatis,
2064 5373 2117 5437 id

525 5460 630 5514 est,
657 5453 959 5508 exsulibus.

591 5519 618 5558 ἀ
659 5523 914 5597 Quendam
939 5527 1073 5582 edit.
1107 5525 1306 5590 Paris.,
1333 5528 1698 5597 imprudentia:
1717 5527 1860 5582 locus
1886 5523 1972 5582 sit.

597 5593 776 5669 {Non
825 5611 956 5651 sunt!
1005 5599 1314 5669 properanti
1343 5593 1502 5655 oculo
1551 5597 1972 5669 transmittenda
2032 5605 2118 5669 est

526 5664 816 5742 laudabilis
861 5683 924 5722 ea
961 5664 1322 5739 const'tetndo,
1373 5685 1484 5742 qua
1533 5671 1694 5740 prisci
1730 5665 2118 5742 illircbristiani

524 5738 811 5820 pecuniam
849 5755 1003 5820 suam
1021 5738 1312 5820 teconomo
1341 5738 1438 5820 seu
1464 5738 1832 5820 dispensatori
1841 5741 2119 5820 ⁸ιεῖιιιτιοὲειειι

2219 3303 2416 3359 sidium
2446 3301 2860 3358 frumentarium
2905 3299 3075 3374 (Gen.
3109 3317 3202 3360 xu
3224 3343 3239 3368 ,
3271 3303 3379 3371 56,
3412 3301 3519 3375 b7)
3542 3343 3558 3370 ,
3601 3320 3672 3361 ne
3705 3321 3842 3378 ενι-

2223 3399 2290 3453 tis
2319 3395 2670 3466 accipiendo,
2719 3396 2896 3451 cultus
2933 3404 3206 3453 terrarum
3249 3398 3659 3470 relinquerent;
3693 3416 3838 3472 quo-

2222 3491 2366 3545 niam
2399 3491 2488 3558 qui
2515 3489 2699 3544 alieno
2727 3489 2919 3556 utitur,
2951 3503 3110 3545 suum
3150 3491 3394 3562 negligit.

2291 3583 2382 3640 80.
2425 3581 2609 3654 Itaque
2635 3581 2870 3654 primum
2899 3583 3144 3638 omnium
3167 3585 3512 3639 coacervavit
3540 3587 3837 3655 pecunias,

2225 3677 2423 3733 deinde
2456 3677 2815 3733 instrumenta
2839 3685 3041 3732 caetera
3062 3717 3079 3743 ,
3099 3676 3169 3732 ad
3207 3687 3544 3746 postremum
3565 3678 3693 3749 jura
3723 3688 3843 3736 ter-

2227 3777 2405 3824 rarum
2435 3769 2548 3839 regi
2585 3767 2908 3840 acquisivit,
2961 3783 3069 3824 non
3097 3777 3160 3824 ut
3185 3783 3380 3824 omnes
3406 3779 3638 3826 exueret
3677 3785 3786 3828 suo
3817 3816 3838 3842 ,

2233 3860 2250 3900 ί
2271 3861 2368 3919 sed
2396 3861 2610 3918 iulcirct
2634 3880 2646 3917 :
2673 3863 2687 3914 t'
2733 3861 3008 3935 publicum
3039 3861 3302 3918 tributum
3314 3861 3843 3938 constitueret,quo

2222 4036 2412 4089 perum
2452 4021 2709 4092 gregibus
2759 4019 3210 4092 distribuendam.
3257 4019 3489 4092 insignis
3521 4020 3626 4078 hac
3671 4023 3745 4079 de
3771 4037 3842 4081 ne

2226 4093 2382 4150 locus
2405 4090 2492 4150 est
2519 4090 2578 4150 in
2607 4094 2746 4150 beati
2767 4093 2964 4148 Justini
3009 4090 3274 4164 Apologia
3302 4090 3546 4149 secunda
3577 4095 3842 4161 proximo

2221 4178 2347 4236 ante
2393 4167 2581 4230 linem,
2625 4165 2784 4234 cujus
2819 4165 2980 4218 verba
3015 4180 3120 4218 non
3151 4167 3359 4234 pigebit
3389 4164 3480 4220 llic
3507 4165 3787 4236 subjicere
3817 4185 3836 4224 :

2222 4235 2476 4292 Craterum
2499 4239 2590 4306 qui
2619 4236 2981 4304 locupletiores
3007 4244 3150 4311 sunt,
3198 4237 3392 4306 inquit,
3429 4247 3476 4290 et
3502 4235 3710 4303 uolunt,
3733 4255 3841 4311 pro

2220 4311 2434 4364 arbitrio
2481 4305 2692 4380 quisque
2741 4323 2835 4362 suo
2877 4305 3018 4380 quod
3057 4308 3221 4380 uisum
3272 4305 3371 4380 est.
3423 4313 3708 4377 conferunt
3733 4305 3756 4366 ἓ
3783 4321 3843 4368 ει

2219 4383 2360 4452 quod
2385 4383 2455 4452 ita
2479 4377 2767 4450 colligitur,
2797 4377 2939 4452 apud
2969 4379 3308 4452 prepositum
3329 4379 3614 4452 deponitur
3638 4397 3660 4436 :
3679 4394 3844 4452 atqu

2221 4447 2312 4506 ille
2339 4451 2460 4525 inde
2481 4447 2764 4525 cpitulotur
2784 4451 3004 4525 pupillis
3023 4458 3071 4502 et
3093 4449 3281 4511 viduis.
3307 4461 3354 4503 et
3383 4447 3468 4503 Itis
3494 4451 3586 4522 qui
3617 4447 3842 4525 propta'

2221 4523 2457 4578 morbum
2501 4521 2590 4578 aut
2613 4521 2845 4589 aliquam
2889 4521 3050 4574 etiam
3076 4536 3290 4592 causam
3341 4531 3511 4592 egent,
3561 4521 3756 4592 quique
3779 4525 3844 4581 in

2223 4595 2442 4650 vinculis
2464 4603 2604 4662 sunt,
2629 4603 2676 4647 et
2693 4608 2903 4665 peregre
2926 4591 3314 4665 aduenientibus
3345 4591 3636 4665 hospitibus
3654 4591 3676 4659 ξ
3697 4607 3746 4650 et
3777 4606 3843 4652 tu

2221 4669 2524 4736 simpliciter
2555 4666 2746 4730 dicam,
2773 4662 3122 4731 indigentium
3159 4665 3202 4718 is
3233 4662 3464 4718 omnium
3485 4679 3708 4722 curator
3735 4678 3840 4724 est.

2299 4737 2316 4777 ί
2360 4736 2616 4794 Nonnulli
2650 4750 2806 4794 mss..
2836 4749 2986 4788 suam
3009 4734 3436 4790 consolationem.
3462 4735 3573 4791 Sed
3599 4741 3840 4794 omnino

2409 4750 2616 4792 outtutlt
2650 4750 2806 4798 mss.,
2836 4750 2986 4788 suam
3009 4750 3436 4790 consolationem.
3462 4750 3573 4791 Sed
3599 4750 3845 4796 omnino

2221 4826 2345 4866 cum
2375 4811 2498 4865 aliis
2519 4851 2533 4874 ,
2563 4819 2729 4878 atque
2759 4805 2889 4862 edit.
2929 4804 3248 4873 legendum,
3281 4823 3431 4860 suam
3460 4809 3838 4878 collationem,

2223 4883 2276 4938 id
2309 4893 2424 4949 εει,
2457 4897 2612 4937 suam
2653 4879 3057 4949 eleemosynam
3078 4917 3113 4949 ,_7
3149 4891 3313 4946 quam
3341 4879 3640 4935 collectam
3681 4892 3848 4937 vorat

2221 4947 2542 5019 Apostolus.
2594 4951 2663 5007 Et
2707 4947 2872 5021 infra__
2900 4949 2986 5002 ubi
3030 4947 3164 5002 edit.
3191 4963 3260 5021 ac
3289 4964 3423 5021 mss.
3475 4967 3588 5006 non
3633 4955 3841 5021 pauci,

2223 5015 2506 5096 utrumque
2527 5023 2807 5096 despiciet;
2831 5019 3046 5074 Tituan.
3073 5030 3133 5075 et
3155 5017 3248 5074 alii
3272 5015 3482 5092 aliquot
3503 5015 3843 5094 praeferunt,

2221 5095 2496 5173 utrumque
2523 5095 2782 5173 displicet.
2859 5170 2866 5173 Α

2297 5180 2324 5218 s
2362 5161 2548 5224 ωὸιιεχ
2575 5161 2788 5220 'I‘buan.
2816 5170 2874 5216 et
2901 5161 2993 5217 alii
3025 5176 3135 5218 non
3163 5175 3334 5231 parvo
3355 5179 3626 5229 numero,
3655 5167 3847 5222 calcar

2225 5241 2550 5313 plerumque.
2583 5233 2919 5292 Adhibendus
2951 5233 3152 5286 videtur
3178 5235 3398 5298 modus.
3425 5243 3536 5292 etc.

2295 5332 2324 5371 ιι
2363 5332 2476 5387 (lic.
2513 5330 2606 5385 lib.
2639 5343 2674 5381 lt
2701 5324 2888 5392 Oltic.,
2933 5338 3064 5395 pag.
3090 5323 3219 5385 582,
3250 5325 3349 5380 lin.
3383 5327 3448 5381 ὅτ
3482 5327 3626 5394 Quid
3659 5341 3846 5385 autem

2222 5415 2300 5462 est
2317 5404 2529 5460 stultius
2549 5442 2566 5468 ,
2593 5414 2755 5470 quam
2776 5397 2914 5467 quod
2940 5395 3161 5449 libenter
3181 5397 3375 5466 facias,
3409 5409 3516 5454 etc.

2302 5501 2318 5537 ί
2365 5498 2496 5554 Mss.
2521 5495 2758 5565 aliquot,
2786 5488 2876 5544 sed
2905 5487 3108 5559 fulcire!
3128 5488 3395 5562 publicam
3415 5533 3430 5558 ,
3461 5491 3549 5546 Vel
3585 5493 3808 5564 publica
3827 5513 3850 5552 :

2223 5570 2472 5626 tributum
2488 5609 2502 5631 ,
2535 5575 2644 5620 etc.

2301 5662 2316 5712 i
2366 5659 2479 5716 Sic.
2524 5659 2620 5712 lib.
2661 5671 2698 5711 tt
2740 5650 2921 5714 Ofﬁc.,
2967 5665 3092 5722 pag.
3143 5649 3278 5722 385,
3309 5651 3406 5707 lin.
3437 5655 3502 5710 3:
3538 5647 3738 5711 Danda
3768 5670 3852 5714 est

2226 5749 2386 5801 Opera
2431 5731 2670 5791 omnino.
2715 5726 2761 5781 si
2805 5723 2994 5801 possit,
3031 5721 3139 5777 etc.
3185 5721 3319 5801 Item
3351 5723 3450 5801 lin.
3499 5725 3599 5801 15:
3645 5725 3853 5787 Danda

522 5791 589 5871 in
605 5791 810 5874 nos;
831 5791 1450 5897 agatisagttzugi.
1467 5791 1673 5897 “ista;
1690 5791 2126 5900 uitiasse;
2229 5791 2385 5865 citant
2409 5817 2566 5892 opera
2589 5807 2662 5857 est
2679 5839 2696 5867 ,
2726 5791 2884 5854 uel...
2907 5791 3154 5864 tributum
3178 5795 3246 5850 ait
3281 5797 3658 5882 couj'erﬂtduut
3683 5841 3700 5868 ,
3730 5811 3850 5880 etc.
