4078 6306
464 270 569 333 H7
656 280 661 291 ’

1862 266 2111 329 SANCTI
2126 266 2131 275 ’
2147 267 2477 327 ΑιιΒιιοδιι

3666 266 3780 325 128

458 392 595 447 ciam
622 389 834 446 verbum
874 388 1069 445 malum
1096 389 1191 445 hoc
1212 431 1228 458 ,
1262 398 1311 444 et
1347 389 1571 461 peccabo
1611 403 1786 443 coram
1832 385 2058 442 Domino
2083 390 2141 451 Α
2165 386 2275 443 bat.
2312 387 2532 443 Sciebat
2561 386 2874 456 abundare,
2906 388 2999 460 qui
3036 401 3144 444 non
3172 387 3449 461 quaerebat
3475 387 3672 444 datum
3712 387 3778 442 in

470 484 640 559 (Gen.
670 501 860 553 xxxix,
891 484 927 540 8
950 496 999 539 et
1026 483 1196 557 seq.)‘i
1226 484 1390 540 Plena
1412 499 1513 539 vox
1542 482 1887 547 humilitatis,
1912 481 2068 552 plena

465 579 845 636 castimoniae:
895 578 1252 645 humilitatis,
1284 582 1407 649 quia
1446 577 1668 634 domino
1699 586 1725 615 δ
1754 575 2066 643 deferebat;

469 672 940 740 honoriﬁcentius,
974 672 1098 744 quia
1145 671 1423 728 referebat
1450 673 1712 742 gratiam:
1745 669 1902 739 plena
1930 683 2069 739 quo-

470 782 580 840 que
630 767 1009 833 castimoniis,
1077 767 1202 838 quia
1257 766 1400 837 turpi
1450 765 1656 837 ﬂagitio
1712 763 2070 819 contaminari

472 875 640 933 grave
667 868 948 926 peccatum
980 859 1224 929 putabat.

543 955 637 1012 88.
678 954 827 1010 Talis
856 954 1019 1026 igitur
1048 952 1210 1010 debet
1248 968 1371 1009 esse
1399 951 1774 1020 consiliarius,
1815 951 1904 1021 qui
1940 948 2072 1005 nihil

474 1047 800 1105 nebulosum
840 1047 1036 1103 habeat
1056 1088 1072 1113 ,
1102 1045 1131 1085 ι)
1162 1045 1293 1101 nihil
1337 1044 1530 1110 fallax,
1560 1044 1695 1100 nihil
1725 1043 2035 1099 simulatum
2056 1083 2072 1108 ,

479 1140 624 1213 quod
664 1141 834 1197 vitam
865 1140 986 1211 ejus
1013 1154 1078 1195 ac
1104 1153 1289 1195 mores
1312 1138 1558 1206 refellat;
1587 1137 1723 1193 nihil
1767 1137 2074 1207 improbum

475 1250 543 1291 ac
564 1235 920 1301 malevolum,
953 1234 1093 1306 quod
1121 1242 1335 1289 avertat
1354 1233 1726 1290 consulentes.
1753 1243 1775 1271 ο
1805 1231 1923 1325 ψει
1950 1239 2079 1286 sunt

480 1332 628 1389 enim
657 1347 777 1402 qua:
805 1329 1105 1402 fugiuntur,
1146 1328 1249 1383 alia
1280 1344 1402 1401 qua:
1439 1324 1886 1384 contemnuntur.
1920 1324 2080 1395 Fugi-

474 1440 595 1482 mus
624 1440 687 1481 ea
717 1441 836 1497 quae
884 1431 1109 1494 possunt
1139 1437 1365 1490 nocere,
1396 1436 1517 1493 quae
1549 1421 1821 1475 malitiose
1851 1426 2079 1489 possunt

2174 484 2438 554 pecunia,
2486 484 2583 539 sed
2629 483 2943 555 requirebat
2977 482 3211 541 fructum
3253 484 3306 539 in
3335 485 3533 556 gratia.
3570 483 3782 540 Possu-

2172 594 2294 634 mus
2331 587 2387 633 et
2424 577 2504 634 sic
2535 578 2876 649 intelligere,
2908 579 3032 658 quia
3077 579 3290 635 sciebat
3325 577 3646 639 abundare.
3677 576 3780 647 qui

2176 680 2389 744 poterat
2412 672 2633 729 dicere:
2661 672 2734 728 0s
2758 683 2992 728 nostrum
3022 683 3159 745 patet
3187 674 3258 728 ad
3282 689 3397 743 vos,
3428 690 3460 729 o
3490 671 3778 739 Corinthii,

2174 780 2263 819 cor
2290 774 2521 819 nostrum
2548 765 2824 820 dilatatam
2849 776 2922 820 est
2946 764 3023 839 (ll
3047 764 3168 821 Cor.
3204 783 3291 834 vt,
3325 766 3449 839 11).

2246 858 2336 915 92.
2376 858 2434 914 In
2465 859 2720 915 omnibus
2751 869 2872 914 erat
2906 858 3181 926 imbutus,
3209 869 3265 915 et
3291 858 3530 914 saturari
3559 866 3616 913 et
3643 870 3784 912 esu-

2175 952 2308 1008 rire.
2351 953 2551 1008 Beatus
2600 953 2692 1024 qui
2736 953 2944 1009 sciebat
2988 954 3225 1009 saturari
3268 955 3320 1008 in
3366 952 3609 1009 Christo.
3654 952 3783 1008 Non

2176 1062 2307 1118 ergo
2334 1047 2423 1102 illa
2440 1047 2772 1118 corporalis,
2798 1048 2893 1103 sed
2918 1048 3219 1118 spiritualis
3239 1056 3327 1104 est
3346 1049 3592 1112 satietas,
3609 1060 3783 1117 quam

2178 1150 2437 1209 operatur
2464 1140 2719 1195 scientia.
2753 1140 2821 1194 Et
2850 1140 3046 1195 merito
3075 1140 3307 1196 scientia
3339 1154 3479 1210 opus
3503 1148 3623 1204 est;
3652 1137 3785 1209 quia

2179 1251 2285 1289 nou
2322 1236 2378 1290 in
2407 1252 2540 1306 pane
2579 1236 2689 1291 solo
2738 1235 2858 1290 vivit
2902 1236 3050 1289 homo
3073 1277 3088 1302 ,
3131 1235 3222 1290 sed
3249 1236 3304 1289 in
3334 1234 3476 1288 omni
3503 1232 3656 1288 verba
3684 1231 3790 1288 Dei

2182 1327 2382 1397 (Deut.
2432 1343 2546 1394 vttt,
2574 1330 2661 1400 5).
2693 1327 2837 1398 Ergo
2864 1330 2953 1399 qui
2984 1328 3065 1383 sic
3090 1326 3301 1384 sciebat
3340 1326 3580 1382 saturari
3618 1334 3675 1380 et
3705 1332 3793 1382 sic

2183 1421 2392 1476 esurire
2409 1460 2423 1488 ,
2447 1420 2655 1476 sciebat
2682 1430 2740 1475 ut
2761 1436 2986 1491 semper
3012 1436 3151 1476 nova
3182 1427 3477 1491 qumreret.
3502 1426 3525 1452 '
3549 1418 3793 1473 esuriret

475 1519 529 1575 in
562 1532 757 1574 noxam
790 1532 1044 1588 serpere;
1076 1525 1132 1572 ut
1172 1519 1218 1572 si
1249 1516 1294 1571 is
1322 1514 1415 1587 qui
1444 1514 1770 1581 consulitur,
1802 1512 1970 1567 dubia
2009 1513 2083 1589 sit
2186 1514 2354 1569 Deum
2378 1555 2393 1580 ,
2440 1515 2615 1569 sitiret
2664 1515 2719 1569 in
2775 1514 3087 1570 Dominum.
3142 1514 3363 1570 Sciebat
3407 1512 3625 1568 esurire
3646 1552 3664 1577 ,
3698 1511 3796 1582 qui

478 1610 617 1679 ﬁde,
648 1619 704 1666 et
732 1610 978 1683 pecunia:
1003 1609 1196 1665 avidus
1215 1650 1230 1677 ,
1265 1617 1326 1665 ut
1358 1610 1529 1680 possit
1552 1608 1728 1679 pretio
1773 1605 2001 1661 mutari:
2033 1605 2080 1662 si
2185 1606 2395 1662 sciebat
2424 1607 2546 1677 quia
2572 1607 2877 1662 esurientes
2900 1606 3309 1662 manducabunt
3333 1604 3560 1678 (Matth.
3591 1620 3649 1670 v,
3678 1602 3792 1675 6):

478 1706 793 1779 injuriosus,
825 1705 914 1763 hic
943 1706 1147 1778 fugitur
1171 1721 1235 1761 ac
1267 1704 1591 1760 declinatur.
1621 1702 1723 1772 Qui
1751 1717 1880 1757 vero
1894 1703 2084 1771 volup-
2188 1699 2394 1755 sciebat
2430 1710 2485 1754 et
2524 1707 2742 1769 poterat
2769 1699 3085 1766 abundare,
3130 1700 3223 1770 qui
3271 1697 3405 1754 nihil
3435 1696 3707 1764 habebat,
3739 1702 3800 1752 et

104 6016 391 6087 [Ἦ

481 1799 725 1867 tuarius,
756 1799 1160 1869 intemperans,
1208 1797 1311 1854 etsi
1342 1796 1554 1852 alienus
1582 1810 1612 1849 a
1640 1794 1865 1860 fraude;
1900 1803 2081 1849 tamen
2109 1793 2159 1856 B
2189 1792 2502 1864 possidebat
2542 1794 2724 1849 omnia
2754 1793 2841 1867 (ll
2866 1792 2986 1850 Cor.
3022 1808 3096 1860 vr,
3131 1792 3257 1865 10).

475 1906 677 1947 avarus
720 1899 778 1948 et
815 1890 1069 1961 cupidior
1096 1890 1235 1945 lucri
1288 1887 1497 1960 turpis,
1551 1887 1641 1942 hic
1688 1885 2082 1943 contemnitur.

477 1984 634 2055 Quod
675 1986 824 2043 enim
872 1986 1155 2056 specimen
1187 1984 1501 2050 industriae,
1538 1998 1701 2054 quem
1742 1981 1975 2038 fructum
2007 1982 2087 2037 la-

479 2076 629 2132 boris
655 2076 823 2132 edere
862 2085 1077 2146 potest,
1110 2090 1272 2146 quam
1305 2075 1553 2145 recipere
1582 2073 1767 2129 animo
1804 2088 1992 2128 curam
2022 2087 2087 2128 ac

480 2167 907 2225 sollicitudinem
925 2210 940 2235 ,
970 2168 1066 2239 qui
1091 2182 1151 2223 se
1170 2168 1382 2238 torpori
1403 2166 1621 2223 dederit
1646 2176 1808 2236 atque
1832 2164 2088 2237 ignaviazl

554 2259 646 2316 89.
676 2260 807 2317 Ideo
837 2260 965 2316 boni
996 2261 1082 2315 vir
1126 2259 1344 2316 consilii
1369 2259 1538 2315 dicit:
1572 2257 1689 2332 Ego
1713 2260 1850 2314 enim
1890 2258 2083 2325 didici,

483 2352 540 2407 in
577 2352 762 2424 quibus
803 2369 952 2421 sum,
993 2353 1264 2424 sufﬁciens
1304 2369 1413 2408 esse
1440 2350 1626 2425 (Phil.
1658 2367 1739 2420 tv,
1772 2350 1897 2423 ll).
1940 2350 2090 2407 Scie-

488 2446 581 2503 bat
605 2447 754 2504 enim
786 2447 1028 2502 omnium
1055 2447 1324 2502 malorum
1352 2445 1593 2502 radicem
1616 2460 1741 2501 esse
1777 2444 2087 2513 avaritiam,

486 2550 541 2597 et
568 2541 693 2598 ideo
721 2556 823 2597 suo
850 2549 1143 2598 contentus
1170 2551 1319 2604 erat,
1351 2541 1591 2598 alienum
1630 2554 1738 2597 non
1774 2539 2091 2611 requirebat

498 2637 552 2711 (ι
582 2636 717 2692 Tim.
748 2654 826 2704 vr.
862 2637 988 2711 10).
1013 2638 1158 2696 Satis
1186 2639 1325 2695 mihi
1353 2649 1459 2707 est,
1492 2639 1851 2711 inquit,qnod
1879 2639 2088 2706 habeo;

488 2732 606 2787 sive
637 2746 848 2801 parum,
871 2732 987 2787 sive
1015 2732 1310 2803 plurimum
1342 2732 1604 2800 habeam,
1629 2731 1765 2788 mihi
1791 2731 2091 2804 plurimum

489 2834 594 2882 est.
628 2825 955 2896 Expressius
1003 2826 1211 2897 aliquid
1261 2826 1553 2883 dicendum
1598 2827 1836 2884 videtur.
1864 2827 2091 2899 Signato

489 2918 662 2973 verbo
693 2932 825 2974 usus
855 2926 973 2974 est:
999 2916 1028 2955 ά
1059 2917 1278 2975 Sufﬁcit
1308 2919 1471 2986 mihi,
1504 2919 1699 2990 inquit,
1727 2921 1779 2974 in
1808 2935 1916 2990 quo
1943 2936 2089 2986 sum;

491 3010 545 3065 id
573 3019 689 3079 est,
734 3025 836 3067 nec
867 3011 1053 3078 deest,
1096 3027 1195 3068 nec
1240 3011 1546 3082 superﬂuit.
1590 3012 1707 3068 Non
1739 3012 1934 3079 deest,
1965 3013 2092 3084 quia

492 3102 626 3158 nihil
658 3118 847 3173 quaero
893 3104 1164 3175 amplius:
1215 3120 1323 3160 non
1351 3103 1658 3175 superfluit,
1688 3104 1814 3176 quia
1846 3119 1956 3160 non
1994 3118 2090 3160 so-

491 3197 603 3254 lum
637 3196 768 3251 mihi
793 3197 993 3265 habeo,
1021 3197 1116 3255 sed
1146 3197 1414 3269 pluribus.
1445 3198 1562 3254 Hoc
1590 3199 1660 3255 de
1692 3199 1943 3269 pecunia.

561 3289 672 3361 92
711 3287 802 3345 90.
852 3288 1127 3345 Creterum
1171 3289 1240 3345 de
1275 3290 1534 3347 omnibus
1582 3290 1691 3346 dici
1740 3299 1922 3361 potest
1969 3290 2095 3359 quia

493 3380 841 3438 sufficiebant
883 3382 965 3438 illi
1012 3384 1343 3453 prrcsentia,
1377 3383 1482 3439 hoc
1511 3391 1628 3449 est,
1679 3400 1786 3439 non
1826 3383 2094 3439 honorem

493 3473 792 3542 majorem,
826 3488 933 3529 non
982 3475 1246 3545 obsequia
1277 3474 1533 3532 uberiora
1577 3474 1953 3542 desiderabat;
1990 3491 2097 3531 non

493 3563 684 3634 gloria:
733 3564 1043 3621 immodica:
1113 3567 1380 3635 cupidus,
1432 3577 1526 3623 aut
1577 3569 1806 3639 gratiam
1859 3568 2101 3625 indebite

493 3659 803 3730 qnmrebat:
832 3660 928 3715 sed
978 3660 1149 3716 debiti
1179 3661 1342 3717 ﬁnem
1387 3662 1709 3719 certaminis
1731 3704 1748 3728 ,
1781 3664 1995 3734 patiens
2022 3664 2102 3719 la-

495 3752 674 3818 boris,
706 3766 936 3809 securus
978 3753 1161 3810 meriti
1204 3755 1659 3825 praestolabatur:
1694 3756 1853 3819 Scio,
1891 3758 2098 3827 inquit,

496 3854 545 3897 et
574 3842 840 3897 humiliari
870 3842 1054 3916 (Phil.
1084 3860 1159 3911 tv,
1196 3843 1319 3917 l2).
1346 3844 1464 3902 Non
1505 3861 1637 3918 ergo
1673 3847 1891 3902 indocta
1923 3847 2104 3904 humi-

497 3935 662 4004 litas,
689 3935 787 3991 sed
819 3952 942 4008 qua:
976 3937 1176 3993 habeat
1224 3938 1307 3993 sui
1338 3938 1662 3995 modestiam
1695 3948 1751 3996 et
1778 3941 2101 4010 scientiam,

495 4029 644 4086 laudi
672 4030 856 4086 datur.
887 4031 985 4087 Est
1022 4034 1167 4087 enim
1200 4032 1482 4088 humilitas
1506 4032 1856 4103 formidinis,
1890 4046 1974 4090 est
2004 4035 2106 4090 im-

497 4123 711 4192 peritia:
748 4132 917 4196 atque
951 4123 1306 4195 ignorantiae;
1337 4134 1393 4180 et
1430 4124 1553 4180 ideo
1587 4124 1868 4195 Scriptura
1898 4127 2003 4180 ait:
2033 4124 2103 4180 Et

496 4215 717 4272 humiles
744 4216 936 4288 spiritu
976 4215 1403 4290 salvabit(Psal.
1446 4234 1636 4286 χχχιιι,
1676 4217 1800 4291 l9).
1830 4219 2103 4278 Praeclare

497 4322 629 4378 ergo
662 4307 835 4362 dixit:
868 4306 994 4362 Scio
1036 4317 1084 4363 et
1110 4307 1410 4376 humiliari,
1443 4308 1495 4363 id
1534 4318 1651 4377 est,
1695 4324 1806 4380 quo
1846 4313 1899 4367 in
1944 4312 2105 4381 loco;

498 4415 606 4471 qua
635 4400 1044 4468 moderatione,
1071 4416 1181 4472 quo
1228 4402 1368 4467 line,
1397 4401 1453 4456 in
1495 4417 1606 4473 quo
1655 4401 1837 4459 ofﬁcio
1862 4444 1878 4471 ,
1907 4403 1964 4459 in
1993 4420 2103 4476 quo

498 4507 751 4550 munere.
792 4492 1036 4549 Nescivit
1063 4493 1378 4549 Pbarisaeus
1414 4493 1726 4560 humiliari,
1755 4496 1880 4553 ideo
1919 4497 2105 4569 dejec-

2750 1884 2997 1952 CAPUT,
3035 1884 3227 1942 XVIII.

2190 1976 2453 2045 Quantum
2501 1979 2665 2046 iniqui
2705 1979 2992 2035 consiliarii
3034 1979 3212 2036 damni
3250 1981 3520 2053 afferant,
3553 1978 3802 2048 «templo

2261 2072 2435 2128 decem
2482 2073 2708 2129 tribuum
2755 2090 2788 2128 a
2833 2090 2952 2147 rege
2991 2072 3224 2129 Ro‘boam
3266 2073 3662 2129 desciscemium
3712 2082 3801 2128 sat

2262 2167 2507 2240 intelligi.

2264 2263 2354 2320 95.
2390 2260 2619 2333 Egregie
2649 2262 2830 2331 itaque
2859 2260 3008 2316 viros
3043 2259 3206 2317 alicui
3230 2265 3253 2306 ι
3289 2258 3652 2329 praesidentes
3679 2273 3808 2314 mu-

2192 2358 2311 2414 neri
2351 2355 2699 2413 commendat
2731 2355 2980 2425 justitia:
3011 2364 3204 2410 contra
3254 2353 3520 2425 iniquitas
3548 2353 3811 2409 destituit

2192 2461 2355 2523 atque
2390 2450 2695 2520 impugnat.
2744 2448 3011 2519 Exemplo
3042 2447 3204 2503 nobis
3240 2456 3329 2504 est
3354 2447 3645 2518 Scriptura
3675 2461 3806 2517 qua

2192 2544 2325 2602 dicit
2354 2544 2479 2614 quia
2528 2558 2654 2598 cum
2703 2542 2938 2614 populus
2978 2541 3144 2596 Israel
3191 2547 3319 2611 post
3361 2549 3596 2596 mortem
3644 2538 3811 2595 Salo—

2192 2638 2372 2695 monis
2411 2644 2658 2707 rogasset
2706 2635 2874 2690 lilium
2927 2634 3048 2706 ejus
3096 2633 3375 2701 Roboam,
3420 2642 3480 2688 ut
3528 2632 3811 2689 relevaret
3856 2687 3873 2702 ,

2193 2732 2445 2789 cervices
2465 2745 2653 2787 eorum
2685 2745 2717 2785 a
2745 2732 3014 2786 servitute
3044 2729 3179 2786 dura
3201 2770 3218 2795 ,
3259 2738 3316 2784 et
3345 2728 3556 2800 paterni
3584 2729 3810 2798 imperii

2194 2834 2532 2899 temperaret
2555 2824 2932 2881 austeritatem
2952 2865 2967 2891 ,
2999 2823 3150 2879 illum
3174 2832 3364 2895 spreto
3382 2822 3544 2880 senili
3571 2824 3812 2879 consilio

2194 2920 2263 2977 de
2306 2920 2657 2991 suggestione
2713 2917 3151 2975 adolescentium
3181 2921 3534 2988 responsum
3580 2914 3813 2972 dedisse

2197 3014 2543 3086 bujusmodi,
2574 3014 2705 3084 quia
2755 3021 2812 3069 et
2859 3027 3000 3068 onus
3043 3011 3307 3082 adjiceret
3359 3025 3524 3081 super
3568 3009 3813 3079 patrium

2191 3108 2410 3180 iugum,
2458 3116 2515 3164 et
2575 3106 2781 3162 leviora
2826 3105 3171 3177 gravioribus
3232 3102 3517 3175 suppliciis
3564 3111 3816 3158 mutaret

2202 3201 2303 3275 (lll
2347 3199 2475 3272 Reg.
2521 3215 2624 3266 xu,
2655 3200 2689 3255 4
2715 3208 2762 3253 et
2787 3196 2944 3269 seq.).

2269 3294 2361 3350 94.
2384 3292 2504 3363 Quo
2530 3306 2793 3363 responso
2815 3291 3125 3362 exasperati
3156 3289 3557 3363 responderunt
3590 3288 3811 3360 populi:

2198 3386 2322 3442 Non
2349 3395 2424 3442 est
2455 3385 2601 3441 nobis
2638 3384 2815 3457 portio
2851 3400 2969 3439 cum
2997 3382 3200 3449 David,
3234 3398 3396 3455 neque
3438 3380 3723 3437 hereditas
3754 3383 3814 3437 in

2199 3486 2326 3557 ﬁliis
2352 3483 2521 3540 Iesse.
2553 3481 2829 3538 Revertere
2849 3481 3210 3552 unusquisque
3235 3479 3291 3533 in
3321 3476 3658 3532 tabernacula
3683 3487 3780 3531 tua
3798 3518 3816 3542 ,

2199 3578 2373 3633 Israel
2396 3576 2569 3649 (Ibid.
2596 3573 2698 3647 16)
2715 3592 2730 3641 ;
2749 3574 3047 3646 Kquoniam
3072 3572 3162 3627 hic
3182 3572 3348 3627 homo
3374 3586 3551 3641 neque
3577 3571 3631 3625 in
3660 3569 3819 3640 prin-

2201 3671 2379 3741 cipem
2397 3710 2413 3736 ,
2442 3684 2621 3739 neque
2650 3671 2701 3723 in
2725 3667 2923 3723 ducem
2953 3666 3060 3721 erit
3081 3664 3261 3721 nobis.
3281 3663 3470 3735 Itaque
3494 3662 3750 3718 desertus
3783 3678 3815 3718 a

2202 3762 2403 3834 populo
2443 3776 2509 3816 ac
2537 3760 2861 3827 destitutus,
2895 3742 2985 3814 vix
3026 3758 3256 3814 duarum
3305 3756 3543 3812 tribuum
3582 3764 3821 3827 propter

2204 3852 2375 3910 David
2405 3853 2659 3907 meritum
2701 3850 2905 3906 habere
2938 3849 3115 3919 potuit
3143 3849 3483 3905 societatem.

2728 3942 2837 4016 93
2876 3940 3105 3999 CAPUT
3144 3940 3291 3997 χιχ.

2204 4039 2420 4095 Iustitia
2447 4047 2493 4094 et
2523 4036 2872 4092 benevolentia
2910 4045 2960 4091 et
2990 4033 3296 4103 affabilitate
3322 4033 3577 4104 plurimos
3622 4034 3817 4089 conci-

2456 4131 2576 4186 liari
2607 4146 2626 4186 :
2651 4112 2745 4185 sed
2774 4128 2908 4183 hanc
2928 4129 3186 4183 sinceram
3215 4143 3324 4182 esse
3349 4125 3552 4182 debere.

2277 4223 2369 4280 95.
2410 4221 2593 4278 Clarct
2610 4237 2742 4292 ergo
2762 4220 3020 4292 quoniam
3041 4230 3098 4275 et
3116 4216 3145 4255 ιι
3170 4219 3397 4289 :equitas
3420 4218 3651 4288 imperia
3680 4233 3824 4276 con-

2205 4316 2407 4383 ﬁrmet,
2436 4323 2491 4371 et
2519 4313 2781 4384 iujustitia
2811 4311 3096 4367 dissolvat.
3125 4309 3263 4366 Nam
3292 4308 3570 4382 quomodo
3618 4320 3820 4380 potest

2205 4416 2413 4473 malitia
2444 4429 2670 4485 regnum
2703 4411 3010 4484 possidere,
3032 4426 3155 4482 qua:
3174 4424 3244 4465 ne
3262 4424 3423 4464 unam
3451 4406 3674 4479 quidem
3704 4407 3825 4477 pri-

2207 4521 2388 4565 vatam
2410 4516 2592 4579 potest
2620 4521 2816 4578 regere
2846 4504 3154 4560 familiam?
3186 4504 3411 4561 Summa
3448 4501 3617 4572 igitur
3659 4501 3824 4556 beni-

499 4596 588 4643 tus
644 4595 777 4642 est:
836 4588 993 4643 scivit
1047 4586 1402 4657 publicanus,
1462 4588 1588 4647 ideo
1638 4590 1969 4662 justiﬁeatus
2014 4603 2091 4652 est

2209 4604 2410 4676 gnitate
2433 4615 2571 4671 opus
2596 4606 2703 4663 est,
2727 4608 2789 4654 ut
2810 4614 2919 4653 non
2944 4599 3123 4653 solum
3155 4596 3374 4666 publica
3412 4594 3818 4667 gubernacula,

501 4680 656 4754 (Luc.
693 4695 844 4747 svnt,
879 4682 940 4736 ll
973 4690 1022 4738 et
1047 4681 1202 4756 seq.).

570 4773 662 4830 9|.
712 4773 932 4830 Sciebat
973 4784 1028 4831 et
1073 4775 1353 4832 abundare
1398 4777 1636 4846 Paulus,
1679 4780 1803 4851 quia
1857 4782 2099 4841 animum

503 4864 739 4923 habebat
770 4866 1030 4935 divitem;
1069 4869 1174 4926 etsi
1224 4870 1543 4927 thesaurum
1569 4870 1755 4930 divitis
1785 4890 1894 4932 non
1929 4878 2101 4935 babe-

574 5020 601 5051 ⁸
643 5011 716 5068 lta
748 5027 880 5068 mss.
904 5012 1098 5089 optimi
1117 5011 1317 5089 quique
1341 5026 1404 5089 ac
1434 5013 1874 5089 numerosissimi
1899 5034 1913 5073 :
1936 5020 2102 5089 aliqui

503 5094 689 5169 tamen
708 5096 761 5140 et
782 5093 994 5169 curcta:
1014 5085 1173 5151 edit.,
1200 5084 1460 5155 deferebat
1490 5087 1959 5158 honoriﬁcentiam,
1981 5084 2106 5161 quia

502 5157 758 5225 referebat
781 5159 1019 5229 gratiam.
1946 5157 1950 5158 ί
1993 5157 2004 5161 ⁷

549 5227 849 5301 ίδηοιιιιιεε
888 5229 1045 5295 edit.,
1080 5227 1214 5283 nihil
1245 5229 1440 5301 fallax,
1473 5228 1606 5284 nihil
1636 5230 1929 5301 fabulosum
1957 5250 1970 5286 :
2004 5234 2101 5290 sed

503 5300 637 5374 nihil
664 5299 959 5374 fabulosum
982 5305 1033 5355 in
1064 5316 1197 5374 mss.
1232 5299 1391 5373 longe
1414 5299 1660 5373 plurimis
1691 5318 1791 5358 nec
1821 5319 1928 5360 non
1960 5306 2103 5361 auti-

507 5372 788 5441 quissimis
817 5372 1270 5443 pra-termittitur.

584 5454 607 5483 ε
648 5443 764 5501 Cic.
805 5446 901 5501 lib.
936 5462 971 5502 ιι
1026 5445 1212 5514 0fﬁc.,
1251 5460 1373 5517 pag.
1409 5444 1537 5511 379,
1569 5445 1666 5517 lin.
1693 5444 1761 5500 9:
1812 5445 1938 5501 Non
1970 5449 2107 5502 enim

511 5531 683 5571 omnes
713 5533 799 5572 eos
822 5527 1186 5586 contemnunt,
1207 5516 1271 5573 de
1296 5517 1478 5584 quibus
1504 5516 1639 5571 male
1659 5519 1976 5584 existimant,
1998 5531 2106 5576 etc.

579 5590 605 5661 ξι
650 5588 1013 5646 Vetustissimi
1042 5591 1167 5648 end.
1197 5632 1212 5656 ,
1264 5588 1447 5661 Efﬁcit
1473 5589 1632 5653 mihi,
1660 5590 1824 5661 inquit
1850 5630 1963 5658 ,....
1988 5590 2110 5656 quia

511 5659 799 5730 efﬁciebant
824 5663 952 5718 illis.

591 5736 614 5762 '
651 5732 852 5789 Omnes
871 5735 1029 5801 edit.,
1052 5736 1250 5801 esurire
1268 5744 1316 5790 et
1336 5733 1482 5788 sitire
1501 5732 1801 5799 Dominum;
1820 5747 1952 5787 mss.
1977 5749 2114 5788 non-

517 5803 674 5874 nulli,
693 5806 889 5861 esurire
912 5806 1095 5872 Deum,
1119 5809 1303 5875 sitiret,
1320 5815 1413 5861 aut
1432 5805 1579 5860 sitire
1602 5815 1646 5859 et
1669 5802 1991 5870 Dominum;
2022 5802 2115 5860 alii

2208 4695 2306 4752 sed
2348 4694 2512 4750 etiam
2568 4694 2771 4764 privata
2819 4690 2939 4761 jura
2991 4701 3259 4745 tueamur.
3306 4686 3608 4744 Plurimum
3658 4685 3823 4757 juvat

2208 4786 2615 4852 benevolentia,
2642 4800 2763 4856 quae
2791 4798 2984 4840 omnes
3009 4783 3192 4840 studet
3226 4780 3507 4840 beneﬁciis
3532 4779 3815 4853 amplecti,

2209 4880 2491 4938 devincire
2519 4877 2739 4943 ofﬁciis,
2768 4876 3130 4950 oppignerare
3150 4876 3348 4948 gratia.

2208 5035 2407 5093 magno
2435 5032 2668 5090 numero
2686 5060 2701 5084 ,
2728 5018 2942 5093 esuriret
2977 5014 3145 5070 Deum
3164 5016 3376 5093 ,_sit_iret
3407 5015 3469 5093 _in
3497 5009 3819 5093 Dominum;

2210 5095 2265 5150 in
2297 5085 2531 5162 quorum
2557 5085 2735 5145 tamen
2756 5088 3026 5158 aliquibus
3054 5102 3158 5141 non
3185 5085 3381 5170 legitur
3402 5087 3453 5139 in
3466 5085 3819 5210 ίξιιτιἪῘοείιὶο.

2285 5169 2306 5208 r
2340 5164 2462 5210 Cic-
2517 5162 2613 5210 lib-
2660 5176 2697 5210 ιι
2744 5159 2927 5210 Ofﬁc..
2958 5173 3081 5210 nae.
3114 5158 3239 5210 385.
3294 5158 3394 5210 ltu.
3430 5155 3464 5210 4
3521 5172 3535 5209 :
3648 5155 3819 5210 ullum

2285 5155 2462 5220 f'Clc.
2517 5162 2613 5218 lib.
2660 5176 2697 5216 tt
2744 5155 2927 5226 Ofﬁc.,
2958 5173 3081 5229 pag.
3114 5155 3250 5214 385.
3294 5157 3394 5213 lin.
3430 5155 3535 5210 40:
3590 5155 3822 5229 Nullum

2206 5237 2378 5311 igitur
2407 5235 2592 5311 vitium
2623 5233 2902 5288 tetrius....
2948 5246 3105 5301 quam
3140 5229 3361 5287 avaritia
3381 5269 3398 5295 ,
3427 5228 3721 5301 praesertim
3765 5229 3821 5282 in

2206 5307 2532 5380 principibus
2557 5346 2570 5367 ,
2598 5316 2704 5380 etc.

2279 5381 2305 5420 8
2349 5368 2605 5446 Quoniam
2645 5376 2728 5428 hic
2771 5374 2952 5438 homo,
2981 5381 3088 5428 etc.
3140 5391 3248 5429 non
3278 5372 3624 5446 reperiuntur
3653 5368 3822 5446 inbi-

2214 5441 2387 5514 bliis;
2408 5449 2547 5504 sicut
2573 5462 2676 5502 nec
2714 5446 2902 5500 ultima
2931 5446 3092 5502 verba
3111 5486 3127 5513 ,
3157 5446 3251 5500 erit
3275 5443 3453 5509 nobis,
3485 5443 3535 5496 in
3569 5441 3823 5511 pluribus

2214 5520 2626 5593 potioribusque
2671 5532 2800 5573 mss.
2845 5518 3269 5593 quorumetiam
3317 5514 3484 5585 aliqui
3513 5527 3611 5584 pro
3651 5528 3823 5583 neque

2213 5588 2269 5647 in
2291 5592 2493 5653 ducem.
2527 5592 2712 5660 legunt
2736 5605 2899 5659 neque
2919 5592 2973 5641 in
2986 5588 3238 5656 judicem.

2292 5660 2320 5700 ιι
2351 5663 2465 5718 Cic.
2499 5654 2606 5717 tibi
2625 5678 2662 5717 ιι
2688 5654 2873 5725 omet,
2904 5654 3025 5729 pag.
3057 5661 3163 5716 578
3186 5702 3203 5727 ,
3235 5660 3333 5714 lin.
3364 5658 3396 5714 8
3420 5673 3439 5712 :
3484 5654 3614 5729 Ωιέςε
3646 5658 3824 5729 δίκρο-

2220 5734 2349 5809 pulo
2378 5733 2531 5788 Rom.
2561 5735 2780 5809 injuste,
2805 5724 3081 5809 inmitem
3104 5724 3240 5804 pag;
3268 5730 3397 5799 379,
3428 5729 3504 5784 litt
3532 5724 3605 5783 45
3630 5742 3644 5782 :
3686 5724 3825 5786 Cum

2219 5802 2531 5876 igiturt‘anta
2558 5802 2633 5861 vis
2652 5805 2870 5869 iustitia:
2898 5802 2983 5870 sit,
3007 5802 3118 5858 et'c.
