4078 6306
251 255 364 313 129

1289 253 1379 312 DE
1419 252 1706 312 OFFltlllS
1746 249 2222 310 MINISTRORUM
2262 250 2388 307 LIB.
2431 249 2497 305 ll.

3482 255 3588 312 150

326 372 427 428 96.
476 374 871 429 Affabilitatem
924 386 1138 445 quoque
1191 373 1461 428 sermonis
1516 372 1756 427 diximus
1802 371 1868 425 ad
1897 373 1945 430 Α
2044 368 2134 424 99.
2179 366 2388 438 Ubique
2417 365 2586 436 igitur
2615 366 2757 422 inter
2786 367 3104 423 admiranda
3135 382 3302 438 opera
3345 377 3402 425 et
3426 386 3583 427 reve-

248 465 676 521 conciliandatn
719 467 946 538 gratiam
973 465 1156 521 valere
1200 465 1517 536 plurimum.
1565 464 1675 522 Sed
1731 465 1870 521 hanc

248 558 530 614 volumus
557 574 684 615 esse
715 569 744 597 ε
774 560 1042 615 sinceram
1076 574 1139 615 ac
1165 559 1402 615 sobriam
1432 560 1556 616 sine
1585 561 1696 616 ulla
1739 561 1872 616 adu-

250 653 498 720 latione,
537 670 604 709 ne
632 655 1036 725 simplicitatem
1067 669 1130 710 ac
1161 655 1447 725 puritatem
1471 655 1695 726 alloquii
1717 653 1744 693 ιι
1777 655 1876 714 de-

249 744 459 800 deceat
493 749 768 803 sermonis
789 747 1030 802 adulatio
1054 764 1068 814 ;
1091 745 1266 802 forma
1292 748 1437 804 enim
1465 762 1589 803 esse
1611 747 1874 804 debemus

250 839 487 896 caeteris
518 857 626 898 non
659 844 840 899 solum
866 845 918 899 in
951 858 1139 913 opere,
1183 845 1280 898 sed
1305 845 1468 900 etiam
1504 845 1561 900 in
1596 859 1869 910 sermone,

250 933 308 986 in
341 936 610 991 castitate
635 951 700 992 ac
727 937 854 993 fide.
886 937 1087 1004 Quales
1112 937 1301 992 haberi
1328 938 1597 1002 volumus,
1631 937 1768 993 tales
1795 937 1872 992 sio

252 1042 380 1082 nius
418 1037 525 1083 :et
555 1029 772 1100 qualem
813 1029 1064 1086 allectum
1097 1029 1361 1086 habemus
1385 1071 1402 1096 ,
1452 1031 1614 1086 talem
1661 1030 1876 1100 aperia-

251 1133 405 1173 mus.
440 1119 638 1191 Neque
660 1121 906 1177 dicamus
953 1122 1004 1177 in
1049 1123 1215 1179 corde
1254 1133 1445 1179 nostro
1493 1123 1717 1180 verbum
1764 1123 1873 1178 iiii-

250 1227 454 1282 qnum,
487 1213 635 1283 quod
667 1214 927 1270 abscondi
961 1225 1210 1284 putemus
1238 1216 1500 1284 silentio;
1550 1217 1678 1289 quia
1725 1217 1876 1273 audit

250 1305 306 1360 in
334 1306 570 1362 occulto
601 1307 767 1374 dicta,
798 1309 890 1379 qui
922 1309 1131 1364 occulta
1166 1310 1292 1366 fecit
1322 1329 1336 1366 :
1375 1322 1430 1366 et
1460 1313 1745 1383 cognoscit
1787 1328 1875 1369 se-

249 1408 410 1453 creta
444 1399 745 1467 viscerum,
774 1403 868 1471 qui
895 1417 1111 1457 sensum
1144 1403 1451 1460 visceribus
1481 1403 1696 1460 infudit.
1729 1406 1874 1477 Ergo

254 1502 554 1563 tamquam
579 1495 680 1549 sub
702 1496 876 1550 oculis
901 1495 1179 1551 constituti
1200 1497 1426 1567 judicis,
1479 1499 1742 1569 quidquid
1782 1514 1876 1569 ge-

254 1587 464 1653 rimus,
494 1587 554 1641 in
587 1588 709 1643 luce
739 1588 974 1659 positum
1017 1597 1293 1660 putemus,
1322 1599 1381 1646 ut
1416 1590 1668 1646 omnibus
1697 1590 1875 1646 mani-

255 1681 523 1737 festetur.

881 1777 1111 1834 CAPUT
1153 1777 1274 1833 XX.

261 1873 531 1928 Omnibus
583 1873 802 1928 multum
852 1875 1096 1946 prodesse
1139 1873 1387 1928 bonorum
1432 1874 1872 1944 familiaritatem,

331 1970 570 2024 maxime
609 1985 726 2023 vero
781 1968 1238 2024 adolescentibus:
1293 1968 1390 2023 hoc
1439 1967 1568 2023 Jesu
1621 1967 1768 2022 Nave
1813 1983 1874 2021 ac

334 2063 538 2136 Moysi,
567 2064 792 2136 aliisque
822 2065 1072 2135 exemplis
1104 2064 1313 2134 probari
1343 2080 1363 2118 :
1387 2063 1571 2134 quibus
1601 2063 1876 2135 subjicitur

331 2159 425 2229 qui
452 2168 613 2213 aetate
640 2160 741 2214 sint
770 2160 1027 2231 dispares,
1050 2161 1236 2214 virtute
1272 2160 1532 2214 interdum
1561 2176 1711 2230 pares
1740 2175 1868 2227 esse,

335 2263 391 2307 nt
423 2251 625 2307 Petrus
647 2270 710 2308 ac
734 2250 962 2308 Joannes
989 2254 1325 2324 patefaciunt.

332 2344 425 2400 97.
469 2344 780 2400 Plurimum
831 2345 1014 2415 itaque
1064 2345 1285 2414 prodest
1357 2345 1654 2416 unicuique
1718 2345 1874 2400 bouis

257 2439 436 2510 jungi.
475 2447 498 2476 ο
530 2437 991 2495 Adolescentibus
1015 2453 1232 2508 quoque
1259 2436 1422 2505 utile,
1483 2448 1541 2492 ut
1589 2437 1766 2493 claros
1819 2445 1877 2492 et

258 2535 554 2602 sapientes
575 2533 722 2588 viros
749 2541 1078 2602 sequantur;
1113 2533 1369 2601 quoniam
1399 2532 1488 2602 qui
1519 2531 1874 2601 congreditur

259 2628 635 2696 sapientibus,
667 2627 881 2697 sapiens
905 2641 1028 2683 est:
1058 2628 1150 2699 qui
1179 2637 1360 2682 autem
1395 2627 1638 2684 cohaeret
1666 2628 1874 2697 impru-

262 2720 571 2786 dentibus,
619 2721 940 2792 imprudens
977 2723 1308 2793 agnoscitur.
1352 2722 1420 2777 Et
1457 2721 1525 2777 ad
1559 2724 1875 2778 instructio-

265 2833 388 2872 nem
418 2813 447 2853 ά
480 2817 677 2886 itaque
716 2817 1007 2886 plurimum
1055 2817 1308 2886 prolicit,
1359 2827 1415 2873 et
1467 2817 1534 2872 ad
1587 2817 1875 2887 probitatis

267 2909 675 2964 testimonium.
707 2907 1016 2964 Ustendunt
1058 2909 1204 2964 enim
1252 2909 1632 2965 adolescentes
1685 2925 1871 2964 eorum

266 3016 328 3058 se
355 3003 672 3058 imitatores
698 3016 844 3068 esse,
874 3001 1070 3072 quibus
1093 3002 1416 3068 adhaerent;
1467 3011 1523 3058 et
1563 3018 1624 3057 ea
1671 3017 1871 3058 conva-

266 3096 421 3152 lescit
452 3096 670 3168 opinio,
699 3095 842 3166 quod
869 3095 938 3150 ab
965 3095 1048 3150 his
1075 3096 1289 3151 vivendi
1321 3097 1636 3166 acceperint
1674 3096 1868 3152 simili-

269 3190 546 3257 tudinem,
575 3205 701 3246 cum
726 3189 920 3260 quibus
953 3191 1312 3246 convcrsandi
1341 3189 1624 3247 hauserint
1663 3190 1872 3261 cupidi-

273 3295 462 3342 tatem.

342 3377 431 3433 98.
474 3375 615 3434 Inde
647 3384 826 3433 tantus
854 3377 1013 3433 Jesus
1035 3377 1202 3444 Nave,
1231 3377 1376 3448 quod
1405 3393 1529 3433 eum
1561 3393 1666 3434 non
1695 3377 1872 3432 solum

274 3470 512 3527 erudivit
555 3471 622 3526 ad
655 3471 815 3542 Legis
859 3470 1142 3526 scientiam
1185 3472 1354 3542 Moysi
1408 3471 1639 3540 capula,
1684 3487 1873 3526 verum

275 3563 436 3619 etiam
460 3562 832 3620 sanctificavit
861 3562 927 3618 ad
951 3565 1180 3633 gratiam
1215 3563 1413 3636 (Exod.
1441 3580 1588 3628 xxw,
1621 3563 1734 3636 l3).
1771 3565 1876 3621 De-

276 3656 438 3727 nique
477 3671 608 3711 cum
651 3655 703 3710 in
747 3656 865 3725 ejus
911 3655 1266 3712 tabernaculo
1305 3656 1485 3711 divina
1535 3667 1558 3694 ο
1608 3655 1876 3727 refulgere

279 3748 571 3819 praesentia
603 3747 881 3804 videretur
922 3748 1181 3818 majestas
1222 3749 1460 3816 Domini,
1493 3749 1646 3804 solus
1673 3761 1789 3804 erat
1821 3749 1874 3804 in

280 3843 640 3899 tabernaculo
665 3841 824 3898 Jesus
853 3841 1024 3897 Nave.
1077 3841 1293 3914 Moyses
1341 3858 1463 3898 cum
1518 3843 1632 3898 Deo
1658 3842 1878 3914 9410-

275 3937 548 4006 quebatur
580 3977 596 4003 ,
641 3934 800 3990 Jesus
873 3935 1078 4005 pariter
1128 3936 1274 3992 nube
1337 3951 1491 3992 sacra
1566 3938 1872 4008 tegebatur.

278 4028 595 4102 Presbyteri
619 4038 674 4084 et
702 4029 932 4099 pupulas
959 4029 1217 4086 deorsum
1242 4031 1458 4085 stabant
1483 4047 1496 4096 ;
1547 4031 1707 4086 Jesus
1751 4047 1875 4088 cum

284 4121 466 4194 Moyse
513 4121 583 4177 ad
631 4121 1001 4192 accipiendam
1054 4123 1253 4193 Legem
1303 4123 1635 4180 ascendebat
1675 4123 1877 4195 (Exod.

286 4232 481 4285 sum,
521 4217 634 4288 11).
669 4215 857 4271 Omnis
882 4217 1115 4287 populus
1141 4217 1283 4272 intra
1307 4227 1484 4272 castra
1533 4227 1674 4285 erat,
1720 4217 1880 4275 Jesus

284 4320 432 4367 extra
463 4317 645 4366 castra
677 4311 729 4365 in
761 4311 1112 4367 tabernaculo
1132 4312 1602 4368 testimonii.Cum
1625 4315 1878 4371 columna

286 4405 445 4459 nubis
473 4404 858 4471 descenderet,
887 4413 942 4459 et
971 4405 1288 4476 loqueretur
1319 4421 1441 4462 cum
1465 4405 1680 4479 Moyse,
1724 4408 1879 4477 quasi

1894 3141 1944 3208 C

1978 463 2143 516 renda
2196 470 2406 517 secreta
2459 472 2650 517 sancto
2697 461 2867 534 Moysi
2910 462 3222 518 individuus
3247 464 3580 520 adhicreliat.

1977 554 2134 612 Unde
2162 555 2362 612 factum
2396 567 2481 612 est
2512 567 2569 611 ut
2595 556 2686 627 qui
2716 555 2894 611 fuerat
2914 557 3094 612 socius
3121 560 3584 627 conversationis,

1975 649 2131 706 fieret
2175 667 2463 707 successor
2513 653 2800 722 potestatis
2846 650 3024 723 (Deut.
3058 667 3241 718 xxxiv,
3270 653 3348 726 9).
3377 653 3587 721 ,Merito

1974 745 2062 799 vir
2110 744 2419 815 liujusmodi
2467 746 2678 812 evasit,
2710 755 2767 801 ut
2792 745 3014 802 sisteret
3061 745 3342 803 fluminum
3391 763 3588 805 cursus

1977 839 2162 909 (Iosue
2185 856 2244 895 ιιι
2267 883 2280 906 ,
2315 841 2384 896 15
2410 851 2456 894 et
2487 838 2641 913 seq.),
2672 840 2885 896 diceret
2914 858 2927 897 :
2964 841 3085 898 Stet
3108 842 3286 910 sol,et
3307 850 3478 898 staret
3506 841 3588 899 sol

1979 931 2163 1005 (Josue
2189 950 2248 1000 χ,
2280 935 2366 998 12,
2407 935 2519 1006 15);
2550 935 2706 1006 quasi
2739 935 2859 1005 ejus
2879 947 3154 1006 spectator
3183 937 3430 994 victoriae
3455 953 3588 994 noc-

1991 1035 2097 1080 teni
2135 1025 2406 1092 differret,
2437 1026 2580 1082 diem
2615 1029 2977 1098 produceret:
3007 1029 3135 1101 quid
3170 1031 3183 1084 !
3210 1030 3386 1102 (quod
3414 1030 3588 1106 Moysi

1983 1129 2238 1190 negatum
2271 1118 2396 1191 est)
2429 1120 2580 1175 solus
2605 1121 2922 1192 eligeretur,
2958 1132 3013 1176 ut
3045 1124 3305 1193 populum
3339 1124 3588 1182 introdu-

1976 1220 2128 1266 ceret
2150 1211 2203 1266 in
2232 1223 2432 1267 terram
2463 1214 2928 1284 repromissionis.
2963 1214 3187 1286 Magnus
3215 1216 3295 1272 vir
3324 1218 3450 1274 lidei
3479 1221 3586 1275 mi-

1977 1306 2202 1372 raculis,
2235 1322 2462 1378 magnus
2491 1307 2805 1378 triumphis.
2840 1309 2990 1365 lllius
3019 1313 3340 1381 augustiora
3383 1328 3589 1385 opera,

1984 1397 2147 1470 hujus
2203 1401 2572 1470 prosperiora.
2606 1399 2850 1472 Uterque
2881 1402 3045 1472 igitur
3096 1403 3276 1459 divina
3325 1407 3589 1464 subnixus

1975 1493 2172 1564 gratia,
2201 1494 2341 1548 ultra
2375 1497 2664 1551 humanam
2693 1498 2964 1566 processit
2989 1489 3361 1557 conditionem
3387 1501 3587 1576 (Exod.

1977 1602 2086 1654 XIV,
2120 1586 2213 1659 21)
2245 1607 2258 1640 :
2291 1589 2377 1644 ille
2408 1591 2578 1655 mari,
2610 1590 2698 1645 hic
2725 1591 2867 1648 coelo
2898 1593 3204 1664 imperavit.

2053 1678 2177 1734 100.
2221 1679 2451 1734 Pulchra
2486 1681 2666 1752 itaque
2698 1680 2716 1719 ί
2746 1683 2941 1753 copula
2970 1686 3248 1742 seniorum
3270 1696 3433 1758 atque
3453 1691 3586 1746 ado-

1905 1751 1956 1813 Β
1984 1771 2302 1827 lescentium
2333 1772 2488 1845 (Gen.
2525 1751 2622 1841 sit,
2651 1773 2729 1846 4).
2758 1751 2864 1830 Alii
2893 1778 3234 1846 testimonio,
3265 1751 3358 1836 alii
3390 1783 3587 1841 solatio

1979 1876 2104 1922 sunt
2139 1869 2269 1923 :alii
2304 1869 2644 1940 magisterio,
2675 1871 2767 1927 alii
2798 1872 3166 1932 delectationi.
3195 1877 3402 1935 Omitto
3439 1881 3584 1951 quod

1981 1960 2216 2016 Abrahae
2247 1961 2478 2017 adhaesit
2504 1962 2641 2018 Loth
2667 1964 3106 2024 adolescentulus
3133 1970 3300 2026 etiam
3344 1973 3587 2041 proﬁcis-

1977 2055 2122 2109 centi
2150 2071 2165 2120 ;
2210 2071 2278 2111 ne
2323 2055 2462 2112 forte
2493 2056 2596 2112 hoc
2626 2059 3045 2130 propinquitatis
3079 2065 3250 2134 magis
3277 2064 3445 2122 fuisse
3469 2067 3588 2123 exi-

1975 2150 2229 2203 stimetur
2251 2189 2266 2214 ,
2297 2159 2351 2203 et
2374 2151 2704 2205 necessariae
2736 2153 2919 2220 potius
2948 2170 3109 2224 quam
3139 2157 3459 2214 voluntaria:
3486 2163 3584 2215 ad-

1971 2239 2294 2310 junctionis.
2327 2241 2468 2310 Quid
2522 2242 2692 2297 Etiam
2739 2255 2903 2316 atque
2953 2246 3212 2304 Elisaeum
3255 2249 3583 2323 loquamur?

1974 2333 2130 2390 Licet
2181 2351 2287 2391 non
2358 2352 2619 2408 expresse
2681 2339 2937 2397 Elisaeum
2980 2341 3242 2413 juvenem
3294 2345 3584 2419 Scriptura

1974 2431 2396 2502 signiﬁcaverit,
2430 2433 2769 2490 advertimus
2793 2444 2972 2491 tamen
2997 2446 3052 2492 et
3073 2439 3380 2511 colligimus
3397 2441 3583 2513 junio-

1975 2539 2093 2578 rem
2141 2522 2309 2580 fuisse
2341 2525 2359 2596 (
2386 2525 2453 2580 lll
2479 2523 2610 2597 Reg.
2645 2543 2759 2592 xu,
2790 2527 2852 2583 2i
2875 2529 2916 2600 ).
2949 2529 3006 2586 lit
3036 2531 3264 2589 Actibus
3304 2537 3586 2606 apostolo«

1975 2633 2096 2672 rum
2148 2618 2424 2674 Barnabas
2470 2619 2710 2676 Marcum
2756 2626 3092 2693 assumpsit,
3125 2627 3327 2685 Paulus
3369 2629 3580 2700 Silam,

1975 2710 2178 2766 Paulus
2231 2712 2576 2770 Timmheum
2607 2757 2622 2780 ,
2690 2716 2892 2774 Paulus
2966 2719 3145 2776 Titum
3193 2724 3350 2795 (Act.
3403 2741 3478 2782 xn
3527 2736 3579 2784 et

1978 2803 2160 2875 alibi).

2050 2898 2173 2954 101.
2217 2898 2323 2954 Sed
2357 2899 2464 2955 illis
2494 2901 2868 2971 superioribus
2896 2904 3146 2963 videmus
3171 2908 3344 2965 divisa
3373 2910 3585 2983 officia,

1977 2999 2036 3047 ut
2065 2993 2315 3048 seniores
2345 2993 2581 3048 consilio
2622 2997 3018 3067 praevalerent,
3045 2999 3293 3070 juniores
3334 3003 3582 3062 ministe-

1975 3085 2077 3140 rio.
2127 3085 2459 3157 Plerumque
2506 3088 2670 3143 etiam
2725 3091 3022 3148 virtutibus
3080 3111 3272 3164 pares,
3332 3097 3582 3170 dispares

1974 3178 2250 3244 aetatibus,
2275 3181 2358 3235 sui
2386 3180 2728 3238 delectantur
2755 3185 2976 3255 copula,
2999 3187 3138 3242 sicut
3165 3188 3580 3249 delectabantur

1975 3270 2168 3325 Petrus
2215 3281 2270 3326 et
2314 3271 2576 3328 Joannes.
2609 3273 2748 3328 Nam
2797 3275 3204 3334 adolescentem
3260 3279 3492 3351 legimus
3525 3284 3579 3338 in

1975 3364 2268 3434 Evangelia
2298 3376 2322 3413 ε
2349 3365 2614 3422 Joannem
2659 3378 2715 3424 et
2758 3384 2856 3425 sua
2889 3386 3019 3428 voce
3040 3413 3056 3439 ,
3090 3372 3219 3429 licet
3263 3376 3476 3433 meritis
3522 3386 3581 3435 et

1975 3460 2239 3530 sapientia
2272 3461 2406 3516 nulli
2439 3460 2602 3517 fuerit
2629 3463 2907 3520 seniorum
2940 3467 3212 3524 secundus
3235 3510 3250 3536 ,
3281 3480 3402 3527 erat
3429 3473 3578 3531 enim

1977 3551 2032 3606 in
2065 3568 2131 3606 eo
2162 3566 2416 3610 senectus
2448 3556 2782 3613 venerabilis
2828 3574 3039 3616 morum
3070 3571 3125 3617 et
3171 3578 3306 3618 cana
3345 3567 3583 3636 pruden-

1975 3646 2071 3700 tia.
2107 3646 2224 3702 Vita
2255 3648 2400 3704 enim
2431 3649 2774 3706 immaculata
2811 3651 2970 3709 bona:
3017 3657 3320 3714 senectutis
3360 3661 3575 3732 stipen-

1977 3741 2126 3797 dium
2153 3753 2257 3798 est.

2548 3838 2780 3897 CAPUT
2810 3841 2952 3898 XXI.

1979 3925 2276 3985 Plurimum
2317 3932 2482 3987 valere
2530 3934 2599 3986 ad
2663 3936 3194 4007 commendationem,
3239 3941 3284 3996 si
3329 3943 3582 4016 defendas

2053 4024 2284 4093 inﬁrmos
2305 4066 2318 4089 ,
2347 4035 2436 4080 aut
2469 4028 2763 4099 peregrinos
2805 4033 3064 4101 suscipias
3087 4075 3103 4098 ,
3128 4035 3380 4092 similiave
3418 4040 3586 4108 ofﬁcia

2053 4117 2320 4182 exhibeas,
2356 4129 2402 4173 et
2434 4119 2530 4173 hoc
2571 4121 2795 4176 maxime
2821 4125 2943 4178 viris
2969 4127 3217 4195 probatis.
3256 4127 3355 4184 Ubi
3393 4131 3587 4203 injecta

2052 4211 2282 4266 avaritiae
2309 4213 2684 4284 vituperatione
2708 4257 2722 4282 ,
2757 4217 3083 4287 potissimum
3135 4221 3474 4296 prodigalitas
3528 4225 3584 4282 in

2052 4305 2400 4358 sacerdotibus
2425 4305 2769 4375 improbatur.

1995 4375 2011 4392 ’
2058 4397 2180 4451 102.
2222 4397 2455 4469 Adjuvat
2499 4399 2604 4456 hoc
2651 4418 2868 4473 quoque
2933 4405 3001 4460 ad
3071 4409 3371 4478 profectum
3429 4413 3585 4471 bona:

291 4501 428 4557 fidus
454 4502 668 4558 astabat
694 4502 990 4558 minister:
1034 4518 1134 4558 nec
1177 4503 1364 4558 exibat
1407 4503 1474 4558 de
1526 4503 1877 4560 tabernaculo

1991 4490 2425 4560 existimationis,
2454 4489 2481 4528 ιι
2508 4495 2552 4548 si
2583 4493 2652 4550 de
2695 4498 2928 4565 potentis
2957 4499 3066 4573 95
3112 4503 3360 4560 manibus
3382 4507 3590 4579 eripias

274 4593 520 4674 juvenis,
545 4611 670 4650 cum
701 4595 949 4651 seniores
975 4593 1132 4666 longe
1161 4593 1321 4664 positi
1343 4594 1524 4650 divina
1549 4595 1884 4668 trepidarent

297 4689 575 4746 miracula.

297 4806 338 4878 ξ
368 4816 393 4842 ει
419 4804 536 4861 Cic.
563 4805 659 4860 lib.
680 4803 914 4869 ttOl'fic.,
937 4820 1057 4877 pag.
1091 4803 1217 4870 380,
1247 4804 1340 4878 lin.
1359 4805 1612 4878 9ziQuam
1636 4809 1885 4878 praeclare

304 4875 536 4961 Socrate:
561 4878 708 4961 hanc.
735 4878 868 4960 viam
887 4918 916 4960 ..
942 4875 965 4929 7.
988 4875 1062 4961 .7
1076 4887 1132 4960 ut
1159 4877 1328 4961 qualis
1354 4877 1527 4932 haberi
1558 4875 1729 4946 uellet,
1766 4882 1885 4936 talis

303 4961 452 5003 esset.
489 4949 640 5016 Quod
667 4950 708 5004 si
737 4949 824 5020 qui
854 4948 1207 5010 simulatione,
1236 4960 1338 5003 etc.

368 5019 396 5058 ι’
450 5024 592 5076 Edit.
635 5022 840 5096 ultima:
891 5021 1063 5074 Paris.
1108 5036 1230 5074 cuni
1274 5021 1462 5092 paucis
1509 5035 1640 5076 mss.
1670 5063 1686 5089 ,
1719 5024 1889 5096 deleat

303 5096 546 5147 sermonis
575 5093 828 5146 adulatio.

377 5175 398 5201 ε
428 5164 543 5220 Cic.
574 5166 671 5219 lib.
701 5180 738 5220 tt
785 5162 974 5229 Offic.,
1026 5177 1148 5233 pag.
1181 5162 1317 5230 580,
1350 5164 1446 5217 lin.
1475 5163 1542 5219 38
1569 5183 1581 5218 :
1613 5164 1890 5220 Facillime

307 5245 469 5289 autem
497 5278 510 5292 .
545 5274 559 5289 .
596 5277 610 5292 .
648 5275 660 5291 .
693 5236 1042 5290 adolescentes
1071 5235 1158 5303 qui
1202 5252 1256 5290 se
1296 5234 1365 5288 ad
1399 5235 1569 5291 claros
1609 5249 1657 5294 et
1688 5239 1895 5309 sapien-

311 5314 402 5414 ,εεᾶ
419 5321 756 5462 ,ἓξρετίοι-εε
786 5378 966 5446 Edit.,
1011 5379 1182 5450 itaque
1234 5379 1380 5434 bonis
1412 5381 1568 5452 jungi
1610 5380 1896 5454 plurimum

313 5452 578 5603 prgﬁlfl’dit.
609 5537 732 5577 cum
763 5536 920 5590 mss.,
953 5523 1231 5595 refulgeret
1260 5523 1535 5593 prwsentia
1563 5533 1610 5578 et
1643 5523 1902 5577 videretur

318 5605 568 5661 majestas,
598 5603 704 5650 etc.

377 5664 409 5736 γι
440 5667 548 5721 Cic.
585 5667 676 5720 lib.
711 5667 780 5720 de
814 5665 1107 5721 Senectute
1147 5681 1267 5736 pag.
1297 5663 1439 5727 409,
1465 5666 1560 5720 lin.
1591 5666 1660 5720 9:
1697 5664 1905 5736 Etenim

321 5735 718 5810 adolescentibus
741 5739 874 5793 bona
895 5738 1072 5791 indole
1096 5735 1330 5810 prwditis
1357 5739 1609 5808 sapientes
1636 5752 1778 5790 senes
1816 5735 1908 5791 de-

323 5805 587 5878 lectantur,
616 5819 722 5867 ctc.

1992 4583 2207 4653 inOpem
2227 4626 2242 4649 ,
2273 4583 2344 4640 de
2375 4595 2551 4642 morte
2581 4586 2895 4645 damnatum
2927 4605 3090 4647 eruas
3114 4635 3128 4660 ,
3162 4606 3423 4664 quantum
3471 4600 3594 4657 sine

1993 4679 2404 4751 perturbatione
2454 4680 2571 4737 fieri
2617 4690 2828 4752 potest;
2879 4699 2948 4740 ne
2991 4684 3275 4742 videamur
3319 4688 3596 4760 jactantia:

2069 4811 2093 4847 ες
2116 4799 2442 4880 “ῌο111.“-Θ(Ῐῖι.
2478 4811 2841 4880 reseraverat,
2873 4815 2919 4858 et
2941 4821 3037 4858 sua
3058 4821 3197 4874 voce,
3230 4810 3372 4880 quod
3406 4819 3590 4868 tamen

1996 4874 2049 4928 in
2080 4874 2203 4927 aliis
2231 4871 2359 4928 edit.
2397 4883 2450 4927 et
2479 4876 2697 4929 cunctis
2729 4889 2861 4928 mss.
2890 4871 3215 4942 reperimus.

2066 4942 2091 4980 ιι
2149 4945 2263 4999 Cic.
2300 4943 2395 4998 lib.
2432 4961 2468 4998 tt
2515 4944 2672 5000 Offic.
2719 4962 2840 5016 pag.
2872 4949 3015 5016 581,
3057 4949 3153 5004 lin.
3185 4952 3255 5007 29
3295 4970 3308 5006 :
3364 4952 3597 5010 Maxime

1995 5026 2168 5091 autem
2210 5025 2256 5070 et
2285 5016 2470 5091 gloria,
2491 5018 2698 5086 paritur
2738 5027 2785 5071 et
2815 5020 2984 5091 gratia
3021 5021 3408 5091 defensionibus
3434 5067 3448 5091 ,
3482 5036 3591 5080 etc.

1997 5088 2152 5154 Quod
2198 5096 2378 5142 autem
2427 5090 2498 5142 ait
2547 5088 2904 5157 Ambrosius,
2972 5092 3036 5145 de
3079 5088 3244 5148 morte
3291 5088 3598 5150 daninatum

1998 5176 2170 5237 eruas,
2204 5159 2272 5213 de
2305 5158 2406 5213 hoc
2429 5160 2594 5215 adeas
2622 5160 2772 5237 licet,
2801 5178 2935 5237 quae
2953 5177 3054 5218 nos
3083 5173 3232 5237 tonio
3263 5166 3282 5220 Ι
3314 5167 3514 5237 Expos.
3541 5169 3597 5222 in

1999 5233 2144 5302 psal.
2176 5246 2342 5285 cxvnt
2368 5270 2382 5293 ,
2416 5245 2580 5286 serm.
2615 5231 2648 5287 8
2671 5275 2684 5294 ,
2723 5248 2847 5286 num
2874 5234 2939 5287 41
2972 5275 2987 5295 ,
3018 5231 3454 5292 ειὼη‹›ιθνίιιιυέ.
3498 5237 3600 5293 Hic

2001 5302 2212 5376 veroid
2254 5317 2420 5356 unum
2453 5303 2584 5357 libet
2616 5303 2887 5373 adjicere,
2934 5307 3241 5376 cautionem
3289 5310 3599 5376 appositatn

2002 5375 2104 5428 huc
2131 5374 2405 5450 locohiuc
2434 5389 2812 5450 promanasse,
2845 5374 3002 5450 quod
3025 5391 3147 5450 cum
3189 5374 3460 5450 interdum
3485 5382 3604 5450 epi—

2004 5446 2180 5521 se0pi,
2222 5443 2405 5521 clerici
2437 5443 2521 5521 vel
2546 5446 2708 5500 etiam
2753 5443 3004 5521 monachi
3052 5446 3385 5521 ferventiore
3433 5443 3598 5521 quam

2009 5517 2509 5591 prudentioreaelo
2535 5531 2658 5571 reos
2687 5516 2971 5591 suppliciis
3012 5516 3559 5591 eriperenitereutur
3583 5562 3602 5591 ,

2009 5596 2105 5642 aut
2130 5587 2495 5643 seditionibus
2521 5631 2535 5653 ,
2581 5597 2666 5641 aut
2715 5588 2908 5659 saltem
2942 5587 3194 5659 gravibus
3227 5589 3470 5659 judicuni
3503 5587 3604 5650 im;-

2013 5660 2294 5728 perialium
2327 5660 2560 5730 querelis
2590 5673 2776 5712 ansam
2805 5656 3024 5710 dabant.
3067 5656 3242 5732 Adde
3267 5663 3408 5732 quod
3438 5665 3600 5720 etiam

2015 5734 2128 5785 fieri
2160 5729 2365 5799 poterat
2391 5770 2406 5793 ,
2453 5741 2511 5782 ut
2557 5744 2692 5803 quos
2720 5744 2817 5803 per
2841 5729 3248 5803 corruptionem
3281 5729 3379 5803 ipsi
3407 5734 3604 5791 libera-

2019 5797 2208 5859 verant
2233 5842 2249 5869 ,
2295 5816 2392 5858 cus
2431 5815 2527 5871 per
2552 5802 2658 5856 vim
2686 5797 2752 5856 ab
2780 5797 3050 5871 episc0pis
3081 5810 3268 5874 raptos
3303 5797 3604 5869 causaren~
