4078 6306
46 4655 240 4834 58/

171 4753 240 4819 3‘4

171 4753 262 4819 37

448 216 546 278 151
1811 203 2053 266 δΑΝΟΊΊ

2162 195 2422 262 1880811

3653 188 3771 256 13ἒ

443 337 616 409 magis
639 349 802 391 causa
833 333 1032 396 facere,
1063 344 1226 404 quam
1253 325 1681 394 misericordias,
1713 331 1772 382 et
1799 322 2046 395 graviora
2077 332 2122 394 Α
2152 341 2300 399 cedi,
2344 341 2413 398 ad
2455 341 2689 398 meum,
2739 339 2885 411 quod
2929 347 3162 412 "seu"
3213 335 3488 400 amicitia,
3538 351 3606 393 ε,
3654 351 3767 404 φη

438 432 642 488 inferre
665 430 914 497 vulnera,
936 427 1065 484 dum
1089 423 1386 483 levioribus
1409 421 1614 479 mederi
1638 418 2043 476 desideramus.

437 527 559 584 iam
590 526 636 580 si
665 538 986 595 oppressum
1017 521 1214 592 opibus
1245 519 1504 590 potentis,
1527 523 1584 572 et
1613 512 1851 570 factione
1876 509 2048 581 magis

438 635 601 693 quam
632 618 858 676 sceleris
889 617 971 674 sui
1005 615 1180 686 pretio
1208 622 1492 686 gravatum
1522 607 1866 672 liberaveris,
1889 617 2046 677 egre-

435 719 540 786 gia:
569 712 906 769 convalescit
931 707 1210 780 opinionis
1237 704 1638 762 testimonium.
1685 721 1693 736 -

515 809 639 866 105.
657 805 1023 864 Commendat
1041 805 1330 876 plerosque
1349 801 1512 856 etiam
1532 807 1557 834 υ
1577 789 2050 867 bospitalitas.Est

437 903 586 960 enim
642 901 854 973 publica
906 899 1120 970 species
1175 892 1566 958 humanitatis,
1618 899 1677 944 ut
1721 884 2049 960 peregrinus

441 993 682 1065 hospitio
713 1009 822 1050 non
851 1003 1041 1064 egeat,
1074 987 1406 1058 suscipiatur
1429 984 1707 1065 ofﬁciose.
1739 987 1922 1052 pateat
1951 976 2048 1031 ad-

437 1061 679 1143 venienti
707 1085 736 1128 b
760 1061 947 1157 ianua.
983 1083 1150 1140 Valde
1195 1082 1248 1138 id
1277 1079 1542 1138 decorum
1587 1061 1758 1134 totius
1783 1081 1870 1130 est
1901 1067 2050 1130 orbis

437 1181 881 1248 existimatione,
912 1177 1229 1248 peregrinos
1273 1190 1398 1230 etim
1431 1173 1640 1227 honore
1669 1164 1909 1236 suscipi,
1937 1178 2048 1220 non

439 1273 635 1332 deesse
661 1287 867 1328 incusas
894 1269 1282 1341 hospitalitatis
1307 1266 1535 1338 gratiam
1559 1305 1574 1332 ,
1604 1274 1900 1320 occurrere
1932 1258 2051 1314 uilio

436 1365 537 1422 ciis
566 1365 944 1430 liberalitatis,
976 1363 1268 1434 explorare
1299 1360 1574 1415 adventus
1603 1355 1904 1426 hospitum.

515 1462 640 1519 101.
679 1460 837 1530 Quod
869 1461 1102 1516 Abraha:
1145 1457 1292 1513 laudi
1324 1464 1413 1513 est
1436 1455 1655 1519 datum,
1688 1452 1782 1524 qui
1811 1458 1942 1506 ante
1967 1447 2051 1520 ja-

443 1571 602 1611 ιιιιιιιη
626 1569 777 1610 suam
799 1553 1209 1624 speculabatur,
1228 1565 1296 1607 ne
1319 1551 1458 1605 torte
1481 1546 1787 1618 praitcriret
1811 1539 2052 1614 peregri-

441 1663 546 1704 nus
591 1647 790 1719 aliquis
816 1665 829 1700 :
859 1657 914 1702 et
944 1646 1240 1716 diligenter
1266 1641 1646 1714 prastendebat
1682 1637 1962 1702 excubias,
1993 1644 2052 1689 ut

2149 437 2406 494 oriuntur
2427 436 2678 508 plurimm
2712 432 3157 501 commoditates,
3181 429 3210 470 ἀ
3231 446 3351 503 qua:
3379 429 3769 486 contemnenti

2150 531 2325 602 aliqua
2360 529 2416 586 in
2443 539 2710 600 tempore,
2741 533 2928 599 postea
2955 523 3253 581 fructuosa!
3282 531 3469 579 erunt.

2235 625 2360 682 i07.
2399 623 2458 680 In
2490 622 2690 678 ciliciis
2733 630 2916 678 autem
2945 617 3330 689 hospitalibus,
3359 613 3616 670 omnibus
3641 611 3774 682 qui-

2150 717 2275 774 dem
2301 716 2609 772 humanitas
2632 712 2996 786 impartienda
3025 719 3110 768 est
3138 729 3151 764 :
3178 721 3204 750 ο
3231 709 3394 782 justis
3421 716 3606 764 autem
3631 705 3776 763 ube-

2149 812 2266 868 rior
2288 810 2584 867 deferenda
2625 806 3045 864 honoriﬁcentia
3073 823 3086 858 :
3117 803 3446 873 Quicumque
3469 802 3610 858 enim
3625 803 3776 875 ju-

2150 916 2260 960 tmn
2284 905 2530 977 receperit
2555 904 2611 958 in
2641 903 2850 958 nomine
2865 901 3023 973 justi,
3053 897 3342 954 mercedem
3362 896 3518 972 justi
3540 895 3776 966 accipiet

2150 995 2368 1070 (Matth.
2398 1013 2456 1063 ι,
2482 996 2574 1060 41,
2606 993 2737 1066 ﬂ),
2767 1001 2830 1049 ut
2859 993 3120 1049 Dominus
3161 989 3559 1063 pronuntiavit.
3588 987 3778 1044 Tanta

2150 1100 2334 1147 autem
2380 1101 2463 1146 est
2512 1087 2656 1160 apud
2699 1087 2871 1144 Deum
2920 1085 3316 1156 hospitalitatis
3357 1087 3568 1155 gratia,
3603 1088 3661 1136 ut
3698 1097 3777 1137 ne

2153 1191 2312 1253 potus
2341 1181 2562 1254 quidem
2592 1195 2750 1250 aquas
2785 1177 2996 1251 frigidas
3025 1193 3054 1232 a
3087 1176 3328 1249 praemiis
3363 1175 3780 1232 remanentiu—

2153 1277 2239 1333 nis
2270 1275 2524 1332 immunis
2551 1275 2644 1330 sit.
2680 1273 2844 1329 Vides
2871 1271 2997 1344 qttla
3031 1271 3310 1328 Abraham
3345 1269 3520 1326 Deum
3558 1267 3780 1339 recepit

2152 1369 2418 1441 hospitio,
2450 1368 2578 1424 dum
2608 1365 2855 1438 hospites
2891 1364 3126 1438 quem?
3152 1363 3320 1419 Vides
3347 1362 3472 1433 quia
3494 1359 3634 1416 Loth
3659 1374 3776 1414 an-

2151 1463 2306 1536 gelos
2359 1461 2606 1531 recepit?
2640 1459 2660 1500 ι
2695 1457 2854 1516 Unde
2904 1457 3016 1514 scis
3047 1471 3120 1512 ne
3155 1462 3215 1511 et
3262 1464 3320 1509 tu
3364 1469 3490 1509 cum
3531 1452 3777 1523 suscipis

2152 1557 2434 1614 hominem
2455 1599 2470 1624 ,
2503 1555 2770 1626 suscipias
2812 1551 3096 1610 Christum
3117 1553 3143 1606 t
3170 1551 3323 1606 Licet
3351 1549 3406 1604 in
3433 1547 3655 1620 hospite
3691 1547 3778 1603 sit

2153 1651 2440 1716 Christus;
2486 1649 2611 1720 quia
2659 1647 2911 1704 Christus
2959 1645 3073 1718 96
3119 1644 3172 1700 in
3207 1657 3443 1713 paupere
3486 1651 3592 1708 est,
3621 1641 3779 1696 sicut

439 1752 788 1807 occurreret,
819 1749 878 1796 ut
905 1741 1270 1812 praeveniret,
1297 1745 1356 1792 ut
1389 1742 1642 1806 rogaret,
1673 1747 1745 1790 ne
1796 1729 2053 1786 transiret

2163 1744 2280 1814 ipse
2307 1743 2385 1796 ait
2417 1757 2433 1796 :
2465 1738 2534 1795 In
2570 1755 2780 1794 carcere
2799 1753 2978 1804 eram,
3012 1748 3060 1791 et
3086 1735 3296 1790 uenistis
3326 1733 3397 1788 ad
3439 1749 3522 1788 me
3554 1748 3574 1787 :
3593 1731 3777 1788 nudata

441 1835 662 1907 hospes,
693 1836 884 1893 dicens
912 1853 925 1890 :
961 1835 1202 1901 Domine,
1235 1833 1281 1888 si
1307 1832 1480 1886 inueni
1507 1829 1728 1902 gratiam
1757 1835 1876 1881 ante
1900 1834 1968 1891 te,
1992 1839 2057 1879 ne

440 1931 748 2002 praterieris
794 1944 1017 2004 puerum
1057 1936 1205 1982 tuum
1249 1923 1407 2000 (Gen.
1445 1937 1598 1988 xvnt,
1635 1920 1660 1975 1
1704 1928 1756 1974 et
1781 1915 1938 1989 seq.).
1987 1914 2058 1970 Et

445 2022 568 2080 ideo
593 2038 694 2093 pro
727 2021 1124 2094 hospitalitatis
1147 2017 1405 2076 mercede
1443 2015 1677 2072 l‘ructum
1721 2009 2057 2084 posteritatis

444 2117 674 2184 recepit.

517 2207 645 2264 t05.
685 2205 829 2264 Loth
858 2219 1078 2276 quoque
1105 2217 1278 2275 nepos
1303 2201 1424 2272 ejus
1456 2215 1564 2256 non
1593 2199 1770 2258 solum
1805 2209 2015 2269 genere
2037 2238 2054 2264 ,

445 2301 543 2358 sed
573 2301 740 2360 etiam
790 2299 996 2354 virtute
1045 2297 1368 2369 proximus,
1404 2305 1632 2366 propter
1669 2291 2056 2364 hospitalitatis

443 2394 704 2452 ali‘ectum
725 2393 1086 2450 Scdomitana
1127 2407 1159 2448 a
1186 2405 1249 2448 se
1275 2392 1498 2462 suisque
1528 2387 1790 2461 supplicia
1823 2383 2058 2444 detorsit

441 2488 604 2559 (Gen.
639 2504 752 2555 ιιι,
777 2490 804 2544 1
839 2498 889 2544 st
917 2485 1076 2560 seq.).

520 2583 646 2640 ttlti.
691 2582 854 2638 Decet
901 2581 1066 2652 igitur
1116 2579 1440 2652 hospitalem
1497 2593 1660 2648 esse,
1711 2577 2050 2648 benignum,

439 2675 647 2746 justum
670 2715 688 2740 ,
713 2688 824 2730 non
870 2672 1038 2728 alieni
1089 2673 1379 2743 cupidum;
1428 2673 1597 2727 immo
1622 2681 1646 2710 °
1683 2669 1753 2726 de
1792 2684 1894 2725 suo
1932 2671 2056 2738 jure

449 2770 740 2825 cedentem
776 2769 960 2838 pctius
1006 2767 1182 2838 aliqua
1203 2808 1219 2834 ,
1249 2767 1292 2822 si
1325 2766 1488 2822 fuerit
1538 2766 1858 2830 lacessitus,
1891 2778 2052 2834 quam

449 2862 626 2920 aliena
671 2862 798 2932 jura
848 2861 1158 2933 pulsantem
1181 2903 1198 2928 ,
1232 2861 1546 2932 flagitantem
1599 2861 1776 2916 litium
1800 2899 1817 2926 ,
1847 2857 2053 2914 abhor-

449 2966 666 3012 rentem
710 2972 741 3010 a
783 2955 1014 3026 iurgiis,
1048 2953 1409 3010 redimentem
1436 2951 1785 3009 concordiam
1809 2961 1865 3006 et
1906 2960 2053 3006 trau-

449 3048 737 3118 quillitatis
765 3047 1019 3119 gratiam.
1048 3045 1328 3118 Siquidem
1355 3045 1424 3102 de
1449 3061 1548 3102 suo
1573 3047 1699 3116 jure
1738 3044 2054 3106 virum.bo-

2155 1851 2319 1902 enin,
2345 1845 2394 1890 et
2418 1835 2700 1906 operuistis
2726 1847 2808 1888 me
2830 1830 3049 1904 (Matth.
3080 1844 3214 1896 xxv,
3244 1827 3364 1900 36).

2233 1930 2356 1988 i08.
2397 1927 2581 1986 Suave
2627 1936 2715 1984 est
2757 1925 2923 1998 igitur
2963 1938 3074 1981 non
3104 1923 3392 1995 pecuniae,
3433 1919 3534 1978 sed
3571 1918 3778 1993 gratiae

2157 2021 2404 2080 studere.
2435 2030 2461 2070 8
2509 2019 2709 2076 Verum
2751 2017 2857 2074 hoc
2901 2017 3107 2078 malum
3149 2013 3470 2088 jamdudum
3512 2011 3780 2071 humanis

2157 2115 2372 2174 inﬂuxit
2421 2113 2729 2179 mentibus,
2762 2123 2820 2168 ut
2867 2109 3099 2182 pecunia
3147 2107 3346 2165 honori
3375 2111 3480 2174 sit,
3509 2115 3566 2163 ct
3597 2103 3778 2162 animi

2158 2209 2442 2266 hominum
2469 2209 2783 2264 divitiarum
2810 2205 3173 2266 admiratione
3210 2203 3518 2276 capiantur.
3550 2199 3684 2258 Inde
3709 2214 3780 2256 se

2155 2303 2426 2360 immersit
2453 2301 2682 2364 avaritia
2706 2343 2722 2368 ,
2750 2301 2920 2358 veluti
2947 2299 3200 2372 quadam
3231 2298 3500 2354 bonorum
3539 2294 3779 2350 ariditas

2153 2397 2461 2454 ciliciorum
2487 2414 2502 2462 ;
2531 2406 2590 2452 ut
2633 2395 2890 2452 homines
2935 2394 3202 2452 damnum
3256 2400 3452 2461 putent
3501 2387 3775 2462 quidquid

2154 2501 2358 2562 praeter
2379 2505 2590 2548 morem
2609 2487 2969 2560 impenditur.
2985 2485 3096 2544 Sed
3118 2486 3283 2543 etiam
3307 2483 3482 2539 iniice
3503 2481 3777 2538 adversus

2155 2582 2443 2640 avaritiam
2469 2623 2485 2646 ,
2515 2597 2586 2637 ne
2625 2579 2770 2649 quod
2814 2577 3014 2635 all‘erre
3055 2577 3226 2648 possit
3252 2574 3726 2647 impedimenta
3751 2613 3772 2639 ,

2155 2676 2439 2748 prospexit
2463 2675 2748 2746 Scriptura
2779 2671 3128 2737 venerabilia,
3157 2670 3349 2728 dicens
3375 2686 3398 2726 :
3423 2668 3566 2737 Quia
3587 2667 3778 2724 melior

2153 2780 2235 2826 est
2263 2770 2591 2842 hospitalitas
2618 2785 2735 2823 eum
2755 2766 2979 2824 oleribus
3005 2764 3192 2837 (Prae.
3224 2781 3313 2831 av,
3349 2763 3464 2836 17).
3493 2761 3562 2819 Et
3590 2761 3768 2818 infra:

2155 2863 2349 2920 Helior
2373 2875 2448 2919 est
2475 2863 2628 2936 panis
2657 2864 2714 2918 in
2739 2863 2990 2918 suauitate
3015 2876 3133 2916 euut
3149 2875 3274 2930 pace
3303 2857 3491 2930 (Prov.
3519 2871 3654 2927 ml,
3685 2853 3765 2930 1).

2153 2957 2270 3014 Non
2311 2959 2461 3013 enim
2514 2956 2773 3029 prodigos
2823 2970 2924 3013 nos
2949 2955 3114 3012 docet
3147 2969 3272 3011 esse
3311 2953 3635 3025 Scriptura,
3667 2951 3772 3009 sed

2154 3053 2434 3110 liberales.

451 3157 579 3198 num
617 3141 822 3212 aliquid
851 3141 1133 3209 relaxare,
1179 3156 1288 3196 non
1327 3141 1504 3196 solum
1548 3138 1926 3206 liberalitatis,
1957 3139 2051 3195 sed
2081 3137 2128 3204 C
2233 3147 2358 3205 409.
2397 3147 2688 3219 Largitatis
2717 3148 2864 3203 enim
2889 3146 2917 3186 ιι
2942 3145 3054 3203 duo
3080 3155 3210 3202 sunt
3255 3143 3503 3218 generat
3537 3163 3554 3200 ε
3595 3159 3768 3200 unum

451 3235 768 3306 plerumque
792 3235 954 3291 etiam
985 3233 1396 3290 commoditatis
1421 3243 1526 3290 est.
1557 3233 1803 3289 Primum
1833 3232 2056 3303 dispen-

449 3329 541 3387 dio
569 3332 678 3387 litis
701 3345 914 3398 carere,
933 3347 1041 3386 non
1071 3330 1350 3386 mediocre
1377 3340 1460 3386 est
1475 3329 1716 3396 lucrum;
1745 3328 1946 3386 deinde
1966 3342 2056 3384 ac-

451 3454 556 3498 tur.
581 3443 847 3500 Tollenda
874 3444 1038 3516 igitur
1066 3443 1194 3500 huic
1225 3443 1371 3498 malo
1397 3444 1548 3516 leges
1572 3443 1854 3516 nonnulla:
1885 3460 2048 3516 repe-

451 3517 666 3572 riuntur
691 3518 832 3571 datu:
861 3515 930 3587 ab
957 3517 1377 3587 imperatoribus
1401 3515 1523 3587 °,_ut
1563 3525 1693 3586 puta
1723 3531 1752 3570 a
1791 3515 2050 3573 Theodo—

449 3587 534 3644 sio
557 3599 610 3644 et
632 3587 870 3644 Arcadio
891 3586 983 3642 lib.
1009 3585 1080 3643 xv
1109 3597 1162 3643 et
1192 3601 1303 3651 xvi,
1328 3588 1392 3644 de
1421 3585 1620 3642 Pieriis.
1651 3588 1822 3643 Porro
1844 3603 2053 3646 morem

453 3659 597 3713 hunc
638 3673 748 3728 quo
789 3657 973 3713 clerici
1021 3673 1086 3712 ac
1141 3657 1392 3712 monachi
1441 3659 1714 3729 supplicio
1757 3673 1884 3729 reos
1917 3660 2054 3716 alias

455 3729 770 3800 eximebant
797 3771 810 3793 ,
845 3730 1096 3798 Cujacius
1120 3770 1135 3793 ,
1181 3729 1444 3784 Paratitlo
1475 3728 1612 3800 cod.
1655 3728 1720 3782 de
1736 3728 1930 3800 Epiro.
1959 3748 2056 3784 au-

454 3799 674 3862 dientia,
705 3810 944 3874 autumat
977 3809 1156 3874 ortum
1181 3799 1409 3874 duxisse
1435 3799 1505 3854 ab
1530 3799 1791 3874 exemplo
1806 3799 2057 3874 pagano-

452 3888 574 3944 rum
603 3873 1020 3944 sacrilicorum;
1073 3871 1178 3928 hoc
1221 3873 1368 3944 enim
1419 3886 1485 3928 co
1525 3871 2057 3944 jurepotitos'esse

451 3941 646 4010 Taciti,
663 3943 907 4000 Suetonii
943 3956 997 4000 et
1020 3943 1294 4000 Plutarchi
1315 3941 1644 4000 auctoritate
1666 3941 1810 4004 idem
1834 3947 2051 4004 astruit.

451 4013 718 4085 Superest
743 4026 927 4072 autem
964 4019 1260 4072 etiamnum
1289 4013 1430 4084 apud
1455 4029 1554 4070 nos
1575 4017 1858 4086 vestigium
1887 4016 2058 4087 quod-

451 4087 576 4142 dam
620 4087 814 4156 priscte
847 4088 1008 4158 hujus
1051 4087 1465 4144 consuetudinis
1495 4087 1690 4159 ,‘dum
1732 4087 2056 4159 Rothomagi

449 4160 677 4230 singulis
705 4160 870 4216 anuis
891 4157 1087 4228 ,l’esto
1119 4159 1477 4217 Ascensionis
1495 4157 1586 4215 die
1609 4201 1628 4228 ,
1659 4175 1799 4216 unus
1848 4162 1918 4216 de
1947 4157 2058 4216 reis

453 4229 762 4296 homicidii,
811 4241 1102 4303 postquam
1133 4231 1370 4303 solemni
1397 4229 1522 4303 Aritu
1568 4245 1784 4293 sacrum
1829 4231 2058 4290 Romani

454 4303 697 4372 episc0pi
729 4299 988 4358 feretrum
1022 4302 1266 4356 humeris
1291 4299 1529 4369 subivit,
1558 4303 1858 4358 absolvitur
1891 4321 1904 4359 :
1947 4303 2060 4362 Au-

453 4373 649 4447 reliani
678 4389 897 4447 quoque
943 4388 1085 4429 novo
1115 4374 1374 4447 episcopo
1405 4373 1458 4426 in
1496 4390 1615 4429 eam
1648 4375 1837 4432 urbem
1871 4377 2055 4447 ingre-

452 4444 624 4500 dienti
653 4443 900 4515 quisquis
925 4443 1246 4516 occurrerit,
1277 4445 1328 4502 si
1357 4458 1538 4500 rerum
1571 4448 1884 4516 capitalium
1918 4443 2057 4504 noxa

457 4525 730 4592 teneatur.
750 4515 956 4592 eadem
977 4515 1216 4592 donatur
1232 4517 1584 4592 impunitate;
1608 4515 1763 4590 cujus
1790 4519 2060 4592 privilegii

455 4588 708 4643 meminit
749 4586 840 4644 lvo
869 4587 1096 4644 Carnot.
1131 4588 1276 4659 epist
1305 4586 1396 4644 53.

527 4667 556 4697 ι
579 4659 693 4715 Cic.
722 4661 816 4714 lib.
847 4675 882 4716 ιι
909 4659 1069 4716 Ofﬁc.
1123 4659 1411 4729 pagm
1431 4660 1530 4714 lin.
1559 4661 1629 4717 '57
1653 4677 1667 4716 :
1718 4661 1872 4720 Recte
1901 4664 2060 4723 etiam

453 4748 487 4788 α
517 4729 879 4800 Theophrasto
908 4745 985 4788 est
1013 4733 1230 4790 laudata
1258 4729 1612 4800 Hospitalitas,
1637 4743 1743 4792 etc.

525 4801 554 4877 ii
577 4804 818 4877 Quidam
841 4818 999 4868 mss.,
1023 4807 1212 4874 janua.
1250 4804 1459 4874 Quanta
1481 4807 1649 4877 gratia
1668 4815 1714 4862 et
1741 4818 2052 4877 marcescit,

450 4875 540 4947 qui
565 4875 799 4948 hospites
821 4887 868 4931 et
899 4877 1196 4948 peregrinos
1222 4878 1462 4947 suscipit.
1484 4875 1662 4938 Valde
1688 4879 1768 4946 id,
1796 4891 1908 4936 etc.

526 4957 549 4986 ε
578 4945 717 5004 ibid.
740 4991 756 5012 ,
792 4945 912 5020 pag.
945 4945 1073 5010 583.
1105 4951 1198 5005 lin.
1223 4950 1331 5006 50:
1365 4945 1439 5009 In
1454 4952 1596 5008 omni
1620 4967 1678 5006 re
1697 4945 2055 5008 contrahenda

455 5057 470 5078 .
498 5057 512 5076 .
533 5061 564 5099 ι.
600 5061 613 5075 .
636 5036 844 5093 (equum
873 5029 922 5078 et
951 5021 1180 5092 facilem,
1209 5021 1379 5080 multa
1403 5023 1587 5080 multis
1615 5023 1680 5080 de
1703 5039 1800 5082 atto
1813 5027 1942 5099 jure
1965 5021 2048 5078 de-

453 5089 735 5159 cedentem,
761 5103 870 5154 etc.
951 5089 962 5092 ’
1164 5089 1170 5091 ⁷
1234 5105 1242 5112 '

523 5160 551 5202 ἀ
579 5165 724 5224 Edit.
757 5180 968 5232 omnes,
1000 5181 1116 5235 quat
1139 5167 1482 5222 contem'ienti
1509 5167 1688 5236 aliqua
1713 5166 1769 5224 iu
1799 5175 2053 5235 tempore,

451 5247 630 5301 postea
664 5241 948 5310 fructuosa:
980 5241 1082 5294 sint
1111 5238 1136 5293 7
1178 5253 1311 5294 mss.
1341 5252 1472 5296 vero
1497 5253 1722 5304 omnes,
1754 5249 1813 5294 ut
1839 5239 2054 5310 incon-

453 5313 604 5380 tcxtu
627 5327 642 5376 ;
665 5307 720 5366 'si
745 5322 926 5368 tamen
957 5324 1124 5368 unum
1153 5321 1247 5365 aut
1271 5310 1503 5368 alterum
1528 5312 1778 5380 excipias
1803 5348 1819 5373 ,
1858 5307 1946 5364 ubi
1975 5308 2051 5363 le-

449 5378 1122 5498 quftcontemnenti
1148 5383 1325 5454 aliqua
1345 5382 1400 5438 in
1427 5378 1678 5456 tempore,
1707 5387 1887 5452 postea
1905 5383 2051 5452 fruc-

479 5464 606 5506 uosa
628 5463 798 5510 erunt.

533 5531 556 5598 ξ’
603 5525 713 5598 Cic.
771 5527 867 5582 lib.
921 5541 959 5584 ιι
1001 5522 1159 5598 (title.
1189 5567 1205 5592 ,
1249 5541 1375 5598 pag.
1407 5524 1546 5598 384.
1597 5521 1837 5598 limit:
1870 5520 2057 5598 Itaque

460 5591 612 5674 vulgo
633 5596 909 5666 loquuntur
939 5613 992 5654 se
1018 5596 1073 5654 in
1101 5591 1359 5668 beneﬁcii}
1393 5594 1717 5656 collocandis
1753 5607 1921 5652 tuom
1961 5593 2056 5650 lto-

462 5676 680 5732 trttutmt,
699 5676 806 5724 etc.

541 5734 558 5773 τ
592 5737 782 5796 Plures
813 5737 947 5796 edit.
974 5746 1029 5795 et
1055 5738 1270 5809 quidam
1297 5753 1428 5794 mss.
1457 5779 1474 5806 ,
1525 5737 1630 5806 Qui
1676 5735 1775 5791 scis
1810 5749 1879 5792 an
1918 5741 1965 5792 ct
2003 5741 2057 5790 tu

2163 3243 2547 3308 liberalitatis,
2603 3241 2836 3298 alterum
2883 3239 3126 3312 prodigas
3173 3239 3478 3297 eﬂ'usionis.
3510 3235 3772 3294 Liberale

2161 3346 2246 3393 est
2267 3335 2505 3406 hospitio
2529 3335 2777 3407 recipere
2797 3377 2812 3401 ,
2843 3335 3047 3391 nudum
3074 3333 3298 3403 vestire,
3327 3333 3608 3390 redimere
3637 3346 3771 3400 cap-

2158 3464 2276 3503 cum
2317 3449 2535 3516 suspicis
2587 3447 2841 3518 hospitem
2907 3488 2920 3500 .
2970 3487 2984 3501 .
3032 3489 3045 3502 .
3103 3489 3120 3502 .
3178 3462 3296 3502 cum
3340 3447 3396 3501 in
3444 3445 3652 3516 hospite
3703 3447 3772 3500 sit

2157 3520 2415 3575 Christus.

2230 3601 2257 3640 ε
2285 3593 2400 3648 Cic.
2431 3589 2526 3645 lib.
2554 3591 2799 3657 ttOitic.,
2837 3604 2961 3661 pag.
2993 3589 3102 3650 581
3127 3631 3143 3656 ,
3192 3590 3290 3648 lio.
3319 3589 3393 3650 23.
3432 3607 3446 3646 ε
3503 3587 3616 3648 Sed
3649 3588 3772 3661 quis

2157 3673 2234 3718 est
2263 3665 2473 3736 laudent
2491 3663 2579 3734 qni
2597 3664 2770 3736 inopis
2790 3671 2841 3736 et
2867 3662 3050 3736 optimi
3077 3661 3174 3718 uiri
3199 3677 3370 3736 causa
3409 3677 3511 3720 non
3539 3672 3772 3736 _ontcpo-

2158 3745 2268 3798 nat,
2299 3743 2407 3789 etc.
2455 3732 2588 3806 Item
2618 3732 2716 3790 lin'.
2752 3735 2821 3789 45
2847 3751 2862 3806 ς
2893 3732 2999 3806 Sed
3037 3734 3271 3806 corrupti
3311 3748 3478 3791 mores
3514 3732 3774 3804 deprava-

2161 3808 2301 3874 tique
2318 3816 2436 3860 sunt
2457 3805 2800 3861 admiratione
2820 3805 3136 3860 diuitiarum.

2233 3875 2263 3916 ιλ
2285 3877 2422 3934 Ibid.
2439 3920 2456 3945 ,
2485 3893 2610 3948 pag,
2631 3877 2765 3942 382,
2789 3877 2888 3933 lin.
2914 3876 3022 3933 13:
3051 3875 3278 3932 Omnino
3302 3875 3407 3932 duo
3431 3884 3553 3935 sunt
3575 3891 3773 3948 genere

2159 3949 2450 4022 largorum,
2471 3947 2691 4024 quorum
2711 3949 2860 4024 atteri
2893 3948 3100 4024 prodigi
3140 3948 3426 4024 dicuntur,
3467 3960 3580 4008 etc.
3633 3947 3775 4024 Qua!

2159 4019 2342 4094 auiam
2371 4019 2774 4094 prodigalitatis
2802 4019 3069 4094 exempla
3101 4019 3339 4094 subjecit
3378 4027 3609 4094 sanctus
3639 4022 3775 4078 Am.

2161 4090 2386 4148 brosius
2406 4135 2421 4160 ,
2463 4090 2654 4148 eadem
2681 4092 2792 4163 jam
2820 4090 3002 4161 priore
3030 4103 3180 4144 tomo
3210 4090 3412 4159 smpius
3456 4091 3775 4163 egegitave-

2159 4175 2274 4229 rat;
2301 4166 2586 4220 enimvero
2631 4161 3016 4220 conviviorum
3041 4163 3228 4220 luxum
3251 4173 3417 4231 atque
3441 4161 3772 4218 suasionem

2159 4251 2280 4296 cum
2299 4237 2426 4294 alibi
2453 4251 2562 4295 non
2591 4235 2786 4302 semel,
2815 4244 2930 4292 tum
2963 4235 3214 4302 plurimis
3234 4233 3374 4294 locis
3411 4233 3508 4292 lib.
3537 4237 3604 4292 de
3643 4231 3776 4291 Elia

2159 4317 2207 4364 ct
2233 4307 2608 4385 Jejunio,_suis
2633 4308 2914 4385 coloribus
2938 4305 3211 4385 descripta
3235 4305 3508 4385 reperies:
3533 4305 3610 4385 _dc
3634 4306 3773 4385 circi

2161 4376 2343 4436 autem
2368 4396 2432 4436 ac
2461 4379 2660 4436 theatri
2683 4379 3008 4449 spectaculis
3037 4376 3314 4449 praecipue
3337 4376 3507 4449 habes
3532 4377 3587 4432 in
3620 4377 3768 4448 psal.

2159 4465 2351 4518 cxvm,
2374 4467 2542 4508 iterm.
2573 4451 2630 4517 5,
2655 4447 2780 4520 pag.
2815 4449 2976 4506 1025.
3007 4447 3166 4518 Quod
3195 4447 3379 4520 autem
3408 4448 3466 4504 in
3501 4449 3778 4518 gladiato-

2164 4537 2284 4578 rum
2317 4537 2543 4580 munera
2591 4537 2697 4580 nou
2736 4519 2814 4577 ita
2847 4521 3042 4576 crebro
3077 4519 3362 4582 invehitur
3386 4561 3402 4588 ,
3455 4521 3583 4582 hinc
3624 4519 3776 4578 forte

2165 4596 2360 4648 merito
2390 4595 2718 4658 collexeris,
2753 4592 3042 4650 Mediolani
3087 4607 3278 4661 parum
3307 4593 3568 4648 usitatum
3597 4589 3776 4649 fuisse

2163 4665 2386 4721 crudele
2417 4664 2554 4720 illud
2595 4664 2980 4720 oblectationis
3019 4677 3232 4734 genus,
3277 4661 3426 4733 quod
3471 4675 3774 4731 numquam

2084 4762 2135 4824 ι)
2160 4750 2272 4824 non
2312 4751 2543 4824 somnum“
2579 4735 3034 4824 cumr‘stjo'mac‘lto
3079 4735 3337 4824 detestati
3378 4743 3510 4824 sunt
3552 4734 3773 4824 mitiqui

2159 4806 2370 4866 Patres.
2415 4807 2496 4865 De
2527 4805 2840 4879 huiusmodi
2882 4803 3277 4879 certaminibus
3301 4812 3506 4879 praeter
3549 4815 3774 4879 veteres

2158 4887 2415 4937 auctores
2459 4895 2490 4934 e
2537 4875 2938 4934 recentioribus
3003 4877 3420 4940 accuratissime
3467 4875 3776 4946 disputavit

2157 4949 2212 5021 .j.
2232 4949 2446 5021 Lipsius
2466 4949 2562 5008 lib.
2594 4949 2762 5008 duch.
2793 4949 3164 5021 Saturnalium
3189 4947 3473 5021 :_Rosinus_
3493 4949 3548 5021 in
3575 4947 3769 5021 Antiq.

2158 5019 2322 5076 Rom}
2372 5021 2633 5092 nonnulla
2663 5061 2678 5086 ,
2731 5019 3059 5092 Laurentius
3096 5020 3152 5074 in
3184 5019 3546 5092 Polymathia
3593 5019 3772 5076 multa

2157 5095 2465 5173 congessit._
2503 5091 2764 5173 Ultimum
2815 5089 3034 5173 tandem
3066 5089 3279 5173 prodigi
3300 5089 3555 5173 sumptus
3579 5104 3776 5173 exem-

2159 5161 2308 5234 plum
2343 5165 2494 5234 ponit
2522 5164 2868 5224 venationes.
2886 5164 3166 5234 circenses
3191 5161 3448 5234 videlicet
3487 5162 3539 5234 in
3570 5161 3773 5234 quibus

2163 5231 2310 5290 feras
2337 5231 2588 5318 insolitas
2619 5244 2918 5318 per_totam
2949 5231 3189 5316 Africam
3212 5233 3464 5318 aliasque
3481 5233 3774 5318 dissitisaj-

2163 5321 2281 5365 mas
2312 5307 2567 5376 regiones
2594 5305 2849 5366 maximis
2880 5305 3146 5374 impensis
3195 5305 3534 5376 conquisitas
3565 5305 3774 5376 popqu

2162 5375 2492 5432 exhibebant
2517 5393 2530 5432 :
2558 5377 2628 5432 de
2649 5393 2756 5446 qua
2783 5375 3018 5432 venandi
3042 5375 3254 5431 ratione
3278 5375 3445 5430 multa
3475 5383 3603 5434 sunt
3622 5375 3774 5446 apud

2161 5447 2460 5519 martialem
2513 5445 2962 5519 epigrammata:
3017 5446 3286 5519 nonnulla
3331 5461 3550 5518 quoque
3603 5445 3776 5503 habet

2160 5517 2453 5591 Suetonius
2479 5559 2495 5584 ,
2524 5516 2710 5591 ﬂauius
2758 5519 2888 5591 alii:
2937 5516 3036 5591 sed
3078 5516 3360 5591 adeundus
3397 5516 3512 5591 prie
3549 5520 3773 5576 caeteris

2161 5589 2399 5667 Tertull.
2424 5587 2863 5667 ngpeEtauuiis,
2888 5599 2946 5646 et
2977 5588 3228 5652 Cassiod.
3396 5587 3593 5667 ἦγες.

2241 5659 2254 5696 ί
2287 5659 2424 5720 Cod.
2443 5659 2590 5736 βία.-
2609 5671 2730 5736 post
2761 5675 2951 5736 vocem
2973 5676 3171 5736 genera
3196 5659 3500 5736 subiungit.
3537 5659 3614 5716 De
3640 5659 3772 5722 duo-

2163 5731 2257 5786 bus
2277 5730 2549 5804 generibus
2572 5730 2850 5803 largitatis.
2879 5730 2998 5788 Sed
3017 5747 3083 5788 ex
3117 5733 3384 5802 margine.

3821 69 3844 152 i
