4078 6306
225 293 327 354 133

1277 297 1366 353 DE
1405 293 1696 355 OFFICIIS
1736 294 2216 357 MINISTRORUM
2257 297 2387 358 LIB.
2432 303 2494 358 ll.

3428 305 3530 364 154

221 414 403 479 tivos,
437 429 548 470 non
601 415 867 472 habentes
893 421 1110 484 sumptu
1137 411 1366 481 iuvare:
1402 411 1684 482 prodigum
1711 419 1826 476 est,
1861 418 1904 474 Λ
1935 415 2076 482 regis
2110 417 2274 482 illius,
2307 416 2507 473 decore
2540 417 2787 488 insignis,
2821 420 3074 490 egregius
3120 422 3291 476 forma
3327 465 3341 492 ,
3390 440 3531 493 prae-

224 507 566 574 sumptuosis
614 507 930 564 efﬂuescere
971 505 1275 568 conviviis,
1299 513 1355 560 et
1387 507 1510 560 vino
1562 505 1829 575 plurimo;

227 599 373 654 unde
422 601 607 669 legisti
647 620 660 656 :
701 601 984 673 Prodigum
1029 611 1101 656 est
1132 601 1337 667 uinum,
1375 611 1422 655 et
1461 599 1839 655 contumeliosa

227 693 447 748 ebrietas
477 693 667 764 (Prov.
704 710 800 758 sx,
827 693 900 765 1).
933 695 1220 764 Prodigum
1245 708 1327 747 est
1364 695 1642 764 popularis
1683 693 1836 749 favo-

229 788 302 840 ris
329 785 508 856 gratia
560 786 847 842 exinanire
896 788 1142 856 proprias
1191 802 1324 857 opes
1369 803 1383 840 :
1436 787 1582 856 quod
1633 786 1838 841 faciunt

229 885 320 956 qui
340 885 484 941 ludis
510 887 867 953 circensibus,
884 887 967 941 vel
990 887 1152 942 etiam
1181 886 1560 950 theatralibus,
1577 894 1630 939 et
1650 899 1839 939 mune-

230 979 381 1034 ribus
403 980 777 1050 gladistoriis,
826 979 914 1034 vel
958 981 1121 1034 etiam
1153 979 1537 1033 venationibus
1583 977 1839 1046 patrimo-

231 1073 380 1128 nium
431 1073 728 1142 dilapidant
757 1088 937 1140 suum,
971 1082 1029 1128 ut
1072 1075 1292 1128 vincant
1320 1071 1666 1143 superiorum
1693 1071 1841 1126 cele—

233 1168 489 1231 britates;
533 1182 656 1220 cum
705 1176 873 1221 totum
926 1166 1057 1222 illud
1111 1168 1181 1221 sit
1225 1167 1409 1232 inane,
1460 1165 1605 1237 quod
1650 1173 1835 1236 agunt.

230 1259 685 1330 Quandoquidem
729 1259 891 1313 etiam
943 1260 1207 1314 bonorum
1259 1275 1486 1329 operum
1533 1258 1840 1328 sumptibus

233 1357 652 1413 immoderatum
681 1370 804 1412 esse
829 1370 938 1411 non
971 1357 1186 1409 deceat.

308 1449 431 1504 110.
464 1459 488 1485 ⁸
516 1448 746 1504 Pulchra
778 1449 1076 1504 liberalitas
1105 1445 1272 1521 (Dist.
1308 1447 1400 1511 86,
1427 1463 1545 1517 cap.
1580 1443 1838 1516 Pulchra)

229 1559 359 1614 erga
390 1545 537 1613 ipsos
582 1556 796 1611 quoque
830 1556 1098 1611 pauperes
1125 1539 1154 1578 δ
1182 1554 1498 1595 mensuram
1529 1546 1751 1601 tenere.
1785 1548 1843 1592 ut

229 1636 482 1692 abundes
528 1635 820 1703 pluribus:
892 1649 1000 1689 non
1048 1633 1375 1688 conciliandi
1426 1631 1627 1686 favoris
1669 1632 1841 1702 gratia

232 1735 374 1789 ultra
422 1731 644 1787 modum
700 1730 888 1786 ﬂuere.
920 1727 1193 1801 Quidquid
1246 1744 1312 1782 ex
1347 1725 1544 1782 affectu
1594 1740 1730 1796 puro
1781 1739 1844 1779 ac

1936 519 2089 565 stans
2116 512 2373 581 juventa;
2425 512 2493 566 ita
2527 521 2582 565 ut
2615 511 2699 567 vir
2733 513 2852 568 tali“
2888 514 2939 568 iu
2975 514 3140 569 Israel
3189 533 3293 570 non
3319 520 3523 588 reperi-

1937 610 2108 666 retur,
2153 616 2182 656 a
2225 602 2455 670 vestigio
2503 603 2657 668 pedis
2713 621 2884 674 usque
2915 604 2982 659 nd
3033 607 3290 662 verticem
3339 609 3535 662 imma-

1936 693 2172 748 culatus.
2207 691 2255 748 Is
2278 691 2407 748 fecit
2430 692 2534 747 sibi
2582 709 2776 748 currus
2804 703 2860 749 et
2886 710 3076 764 equos,
3109 705 3164 750 et
3209 699 3355 752 viros
3381 699 3540 768 quin-

1937 788 2215 856 quaginta,
2275 788 2362 856 qui
2413 799 2810 856 prmcurrerent
2878 796 3006 842 ante
3056 805 3201 843 eum.
3267 789 3539 860 Surgebat

1937 879 2200 946 diluculo,
2237 889 2291 935 et
2325 881 2509 936 stabat
2546 892 2673 937 ante
2702 891 2910 951 portam
2962 883 3011 936 in
3061 881 3145 936 via
3173 902 3185 935 ;
3212 894 3267 938 et
3303 884 3532 956 siquem

1938 972 2265 1028 advertisset
2298 975 2443 1045 regis
2485 974 2683 1042 judicia
2727 988 3084 1044 qttzurcnlem,
3131 976 3427 1032 accedebat
3469 976 3534 1031 ad

1939 1082 2085 1134 eum,
2117 1067 2306 1123 dicens
2338 1086 2350 1122 :
2387 1068 2464 1124 Ex
2508 1084 2610 1140 qua
2659 1069 2876 1124 civitate
2918 1085 2977 1124 es
3020 1082 3073 1124 tu
3104 1069 3538 1140 Tllespondebat

1939 1161 2033 1215 ille
2065 1179 2078 1215 :
2115 1161 2193 1216 Ex
2227 1175 2336 1216 una
2381 1163 2524 1217 tribu
2553 1177 2673 1217 sum
2720 1164 2786 1218 de
2820 1165 3063 1219 tribubus
3115 1163 3303 1230 Israel,
3349 1183 3541 1230 servus

1941 1265 2083 1308 tuus.
2114 1255 2406 1310 Referebat.
2432 1256 2731 1310 Abessalon
2767 1276 2779 1310 :
2814 1257 2988 1312 Verba
3025 1268 3110 1311 tua
3155 1258 3294 1312 bona
3326 1271 3455 1316 sunt
3483 1271 3538 1315 et

1940 1346 2172 1414 directa,
2205 1357 2258 1401 et
2288 1348 2377 1416 qui
2413 1356 2465 1402 te
2505 1347 2688 1402 audiat
2717 1364 2821 1403 non
2863 1360 2944 1405 est
2986 1351 3077 1404 tibi
3127 1350 3285 1405 datus
3325 1366 3354 1405 a
3389 1368 3538 1422 rege.

1939 1442 2073 1509 Quis
2103 1441 2396 1496 constituet
2424 1441 2794 1511 mejudicctn,
2857 1452 2910 1498 et
2947 1443 3196 1513 quisquis
3238 1444 3304 1498 ad
3340 1461 3424 1499 Ille
3454 1461 3543 1500 ve-

1943 1536 2073 1600 niet,
2107 1535 2435 1606 cuicumque
2470 1536 2630 1590 fuerit
2661 1537 2925 1603 judicium
2961 1537 3355 1606 necessirium,
3379 1538 3538 1606 justi-

1944 1630 2115 1685 licabn
2151 1630 2327 1684 illum?
2355 1630 2578 1685 Talibus
2603 1630 2870 1685 delinibut
2897 1632 3143 1698 singulos
3167 1632 3538 1708 sermonibus.

1947 1723 2012 1777 Et
2042 1738 2164 1778 cum
2193 1722 2516 1779 accederent
2557 1725 2788 1780 adorare
2824 1741 2971 1790 eunt,
3004 1724 3309 1780 extendens
3350 1742 3544 1780 manus

226 1833 450 1888 sincero
494 1827 781 1898 promitur,
814 1830 917 1882 line
955 1837 1040 1882 est
1085 1825 1344 1881 decorum
1378 1843 1391 1878 τ
1421 1835 1443 1863 ο
1493 1840 1600 1878 non
1649 1837 1840 1893 super-
1871 1803 2094 1882 Bsuas,
2148 1817 2598 1887 apprehendebat
2659 1827 2820 1888 atque
2863 1817 3214 1871 osculabatur
3277 1833 3395 1872 eos.
3453 1818 3543 1874 Sic

226 1925 370 1981 ﬂuas
400 1923 786 1979 aedificationes
816 1921 1063 1994 aggredi,
1088 1935 1187 1977 nec
1211 1920 1629 1992 praetermittere
1653 1932 1842 1974 neces-

227 2018 436 2074 sarias.

307 2112 435 2168 111.
478 2111 547 2166 Ει
578 2112 812 2167 maxime
866 2107 1136 2164 sacerdoti
1185 2106 1286 2162 hoc
1323 2103 1614 2167 convenit,
1644 2116 1841 2158 ornare

230 2209 332 2265 Dei
367 2209 632 2278 templum
681 2207 882 2262 decore
925 2218 1197 2274 congruo,
1230 2212 1286 2256 ut
1335 2200 1499 2256 etiam
1545 2198 1650 2255 hoc
1694 2199 1839 2253 cultu

229 2303 358 2358 aula
412 2301 624 2356 Domini
668 2298 1017 2370 resplendeat
1065 2313 1078 2348 :
1134 2295 1410 2366 impensas
1452 2291 1843 2350 misericordias

231 2396 630 2451 convenientes
661 2393 1008 2462 frequentare
1039 2407 1052 2444 :
1083 2397 1346 2459 quantum
1379 2395 1630 2458 oporteat
1659 2384 1842 2451 largiri

235 2487 577 2560 peregrinis;
612 2502 718 2542 non
768 2483 1080 2555 superﬂua.
1111 2484 1206 2539 sed
1254 2483 1622 2552 competentia
1675 2498 1689 2536 :
1739 2495 1844 2534 non

236 2582 642 2649 redundantia,
672 2581 768 2636 sed
819 2595 1056 2650 congrua
1107 2577 1471 2643 humanitati;
1521 2592 1588 2631 ne
1629 2582 1845 2644 sumptu

239 2690 545 2746 pauperum
573 2675 807 2730 alienam
838 2674 941 2728 sibi
969 2681 1177 2744 quaerat
1229 2672 1457 2743 gratiam
1480 2713 1493 2733 .
1529 2685 1631 2726 nec
1661 2670 1849 2724 restri-

234 2770 469 2823 ctiorem
516 2783 639 2838 erga
689 2767 923 2822 clericos
977 2776 1070 2820 aut
1118 2763 1581 2835 indulgentiorem
1615 2779 1673 2818 se
1702 2778 1847 2834 pra:-

240 2862 391 2917 bet.
426 2860 672 2916 Alterum
701 2861 846 2915 enim
877 2859 1257 2926 inhumanum,
1282 2859 1511 2913 alterum
1536 2856 1848 2928 prodigum;

240 2955 284 3009 si
317 2963 416 3008 aut
454 2963 704 3022 sumptus
735 2953 879 3008 desit
925 2953 1239 3008 necessitati
1283 2967 1472 3007 eorum
1506 2967 1644 3022 quos
1674 2967 1700 3004 a
1735 2967 1852 3007 sor-

241 3045 390 3101 didis
419 3045 808 3116 negetiationis
857 3045 1105 3115 aucupiis
1149 3046 1432 3100 retrahere
1480 3043 1684 3099 debeas
1715 3060 1728 3096 :
1762 3052 1856 3098 aut

243 3142 516 3212 voluptati
542 3139 862 3210 superﬂuat.

751 3233 858 3306 97
908 3231 1142 3289 ωρυτ
1182 3231 1346 3287 xxn.

246 3327 466 3384 Modum
497 3329 631 3383 inter
671 3328 882 3382 nimium
914 3327 1274 3382 remissionem
1300 3341 1362 3378 ac
1388 3325 1708 3380 severitatem
1744 3339 1853 3377 esse

316 3420 684 3486 statuendum;
728 3435 816 3473 eos
867 3419 1002 3472 enim
1031 3419 1120 3489 qui
1168 3415 1416 3484 nﬂ'ectata
1460 3416 1763 3469 remissione
1799 3415 1854 3467 in

317 3517 549 3572 aliorum
570 3515 773 3570 animos
801 3514 1030 3583 irrepere
1055 3511 1366 3575 moliuntur,
1395 3508 1618 3564 solidum
1657 3525 1719 3562 ac
1750 3507 1850 3560 du—

317 3624 559 3668 raturum
618 3610 751 3664 nihil
803 3612 1042 3679 consequi
1081 3607 1262 3677 :quod
1311 3603 1638 3659 Abessalonis
1684 3617 1856 3657 exem-

321 3705 471 3774 plum
497 3703 624 3756 satis
654 3701 894 3756 ostendit.

323 3799 448 3854 112.
491 3799 636 3863 Quin
665 3797 828 3851 etiam
859 3794 1152 3850 verborum
1195 3793 1436 3862 ipsorum
1468 3800 1522 3846 et
1555 3798 1856 3865 prrecepto-

251 3907 371 3946 rum
403 3904 528 3945 esse
561 3902 872 3943 mensuram
897 3887 1182 3949 convenit;
1217 3900 1284 3940 ne
1313 3893 1408 3938 aut
1458 3883 1624 3938 nimia
1656 3885 1854 3938 remis-

252 3986 334 4040 sio
387 3983 660 4050 videatur,
705 3991 799 4036 aut
843 3982 1011 4036 nimia
1062 3979 1351 4036 severitas.
1411 3979 1662 4050 Plerique
1710 3981 1854 4034 enim

249 4072 276 4112 ἀ
307 4076 652 4131 remissiores
683 4073 894 4128 malunt
923 4087 1066 4140 esse,
1102 4082 1160 4127 ut
1196 4072 1488 4126 videantur
1526 4071 1651 4126 boni
1684 4087 1807 4127 esse
1839 4087 1857 4126 :

253 4167 349 4224 sed
385 4167 518 4222 nihil
562 4167 878 4223 simulatum
925 4177 983 4221 et
1029 4165 1215 4220 fictum
1265 4181 1405 4222 verae
1454 4165 1678 4222 virtutis
1733 4180 1858 4221 esse

254 4273 466 4318 certum
498 4269 618 4325 est;
647 4260 778 4330 quin
810 4259 972 4314 etiam
1005 4258 1326 4313 diuturnum
1378 4272 1502 4314 esse
1533 4273 1642 4313 non
1692 4258 1856 4312 solet.

256 4355 311 4410 In
346 4355 626 4428 principio
661 4363 877 4419 vernat,
912 4352 966 4408 in
995 4368 1256 4424 processu
1283 4363 1560 4426 tamquam
1592 4352 1857 4408 ﬂosculus

255 4449 558 4520 dissipatur
590 4456 646 4504 et
683 4448 915 4502 solvitur
946 4464 958 4502 :
990 4446 1134 4518 quod
1183 4456 1363 4502 autem
1396 4460 1588 4503 verum
1635 4459 1701 4501 ac
1749 4445 1861 4500 sin-

258 4557 474 4606 cerum,
502 4541 609 4598 alta
640 4539 826 4598 radice
849 4538 1129 4595 fundatur.

1945 1910 2215 1964 convertit
2243 1911 2294 1964 in
2320 1925 2378 1965 se
2409 1911 2572 1965 corda
2599 1912 2864 1974 onmium,
2891 1910 3018 1963 dum
3055 1909 3330 1965 blanditiae
3361 1909 3545 1984 hujus-

1944 2002 2088 2058 modi
2123 2003 2439 2058 intimorum
2478 2013 2705 2074 tangunt
2739 2004 3010 2060 viscerum
3059 2019 3301 2058 sensum.

2017 2097 2140 2152 115.
2185 2097 2289 2154 Sed
2333 2098 2550 2153 delicati
2592 2098 2678 2152 isti
2709 2109 2764 2152 et
2807 2098 3078 2152 ambitiosi
3127 2098 3414 2170 elegerunt
3445 2099 3542 2152 ho-

1945 2189 2208 2244 norabilia
2241 2201 2295 2244 et
2324 2204 2473 2260 grata
2508 2189 2573 2244 ad
2618 2202 2832 2260 tempus
2873 2199 2928 2246 et
2951 2190 3227 2262 jucunda:
3256 2190 3349 2246 ubi
3382 2205 3546 2262 parva

1946 2283 2213 2351 processit
2241 2281 2452 2347 dilatio,
2486 2297 2648 2350 quam
2695 2281 2934 2350 prudens
2977 2282 3222 2335 omnium
3275 2280 3545 2351 propheta

1948 2375 2226 2444 paulisper
2295 2373 2542 2430 cedendo
2607 2375 3065 2444 interponendam
3137 2375 3365 2444 putavit,
3438 2389 3547 2428 non

1949 2475 2246 2535 potuerunt
2328 2467 2562 2522 tolerare
2627 2482 2692 2520 ac
2777 2466 3070 2521 sustinuere.
3148 2465 3392 2536 Denique
3452 2463 3544 2537 (II

1950 2555 2247 2627 Reg.xvm.
2279 2553 2348 2627 5)
2378 2572 2485 2610 non
2526 2556 2782 2611 dubitans
2811 2558 2877 2611 de
2902 2557 3123 2612 victoria
3157 2556 3346 2622 David,
3396 2571 3548 2610 com-

1953 2649 2243 2704 mendabat
2273 2649 2442 2702 lilium
2471 2649 2830 2715 dimicaturis,
2868 2659 2923 2703 ut
2948 2651 2995 2704 ei
3031 2662 3340 2719 parcerent.
3393 2649 3547 2704 Ideo-

1951 2760 2057 2814 que
2088 2760 2186 2799 nec
2217 2743 2404 2814 prrelio
2430 2753 2453 2780 ο
2482 2743 2747 2798 interesse
2775 2744 2963 2798 maluit
3002 2761 3016 2807 ;
3085 2761 3152 2799 ne
3207 2745 3291 2800 vel
3344 2742 3548 2799 referre

1953 2849 2126 2898 arma,
2157 2833 2436 2903 parricida:
2468 2833 2615 2900 licet,
2650 2833 2947 2899 videretur,
2982 2834 3076 2888 sed
3110 2844 3288 2890 tamen
3323 2833 3455 2889 lilio.

2029 2926 2152 2982 116.
2199 2926 2392 2998 Liquet
2427 2926 2589 2998 igitur
2635 2942 2696 2982 ea
2748 2942 2869 2982 esse
2930 2937 3189 2996 perpetua
3234 2943 3299 2982 ac
3351 2927 3549 2995 solida,

1958 3036 2076 3090 qua:
2110 3034 2236 3075 vera
2281 3028 2430 3084 sunt,
2479 3028 2535 3075 et
2577 3035 2699 3090 qua:
2746 3021 2959 3076 sincere
3011 3021 3192 3092 potius
3221 3037 3380 3091 quam
3423 3020 3553 3076 dolo

1958 3119 2400 3181 congregantur:
2431 3125 2492 3166 ea
2538 3125 2668 3166 vero
2698 3127 2818 3181 quae
2868 3112 3219 3166 simulatione
3266 3124 3427 3184 atque
3469 3128 3556 3169 as-

1875 3211 1922 3275 c
1953 3204 2257 3258 seutatione
2286 3213 2471 3273 parata
2501 3213 2648 3270 sunt,
2678 3219 2783 3258 non
2819 3221 2980 3274 posse
3007 3205 3097 3260 ditt
3134 3222 3508 3276 perseverare.

2454 3297 2813 3369 ascriptis
2856 3298 3050 3354 xxm.

1961 3390 2157 3444 Eorum
2185 3392 2274 3461 qui
2311 3392 2390 3446 vel
2418 3393 2638 3464 pecunia
2686 3393 2762 3446 vel
2807 3394 3003 3450 ambitu
3033 3397 3286 3470 redempti
3331 3399 3548 3468 fuerint,

2029 3486 2228 3555 ﬂuxam
2258 3487 2412 3554 fidem
2443 3503 2572 3542 esse.

2033 3580 2158 3636 117.
2200 3581 2336 3650 Quis
2371 3582 2535 3652 igitur
2564 3584 2646 3640 vel
2685 3584 2854 3639 illos'
2887 3587 2976 3657 qui
3024 3587 3249 3657 pecunia
3307 3589 3372 3641 ad
3424 3589 3556 3645 obe-

1957 3675 2222 3732 dientiam
2257 3675 2617 3746 redimuntur,
2670 3679 2756 3733 vel
2795 3695 2892 3736 eos
2936 3679 3028 3752 qui
3069 3682 3437 3737 assentatione
3479 3683 3559 3737 in.

1959 3771 2215 3831 vitantur.
2249 3770 2387 3825 ﬂdos
2411 3771 2514 3826 sibi
2543 3773 2868 3828 arbitretur?
2889 3773 3023 3829 Nam
3055 3783 3112 3830 et
3138 3774 3214 3830 illi
3245 3775 3561 3847 frequenter

1959 3877 2020 3918 se
2063 3862 2303 3917 vendere
2334 3864 2545 3928 volunt,
2578 3873 2634 3918 et
2668 3865 2756 3919 isti
2809 3866 3034 3938 imperia
3081 3866 3213 3921 dura
3266 3867 3408 3923 ferre
3454 3883 3559 3923 non

1960 3966 2205 4026 possunt.
2255 3956 2385 4011 Levi
2427 3958 2886 4014 assentatiuncula
2940 3959 3099 4016 facile
3143 3962 3436 4032 capiuntur
3473 3980 3484 4015 :
3517 3964 3561 4018 si

1962 4050 2350 4119 perstrinxeris
2373 4051 2560 4114 verbo,
2595 4054 3036 4118 immurmurant,
3061 4054 3347 4120 deserunt,
3380 4057 3563 4113 infesti

1961 4143 2185 4213 abeunt,
2236 4144 2576 4215 indignantes
2628 4147 2958 4217 relinquunt,
3011 4148 3278 4216 imperare
3332 4151 3561 4214 malunt,

1963 4249 2122 4305 quam
2169 4236 2396 4293 obedire
2425 4255 2440 4294 :
2472 4238 2626 4308 quasi
2665 4239 2934 4294 obnoxios
2967 4240 3256 4308 beneficio,
3288 4242 3562 4312 subjectos

1964 4327 2066 4382 sibi
2094 4327 2299 4384 debere
2342 4343 2465 4385 esse
2509 4324 2854 4400 existimant,
2908 4347 3046 4406 quos
3092 4335 3416 4408 praepositos
3461 4335 3564 4392 sibi

1969 4418 2170 4476 habere
2195 4421 2448 4477 debeant.

2043 4512 2170 4568 118.
2211 4514 2343 4581 Quis
2385 4516 2547 4586 igitur
2589 4517 2691 4572 sibi
2731 4517 2920 4574 fideles
2972 4529 3144 4590 putet,
3175 4537 3314 4592 quos
3357 4524 3442 4578 vel
3476 4539 3565 4594 pe-

328 4634 457 4689 “5.
499 4633 572 4688 Ει
638 4644 698 4686 ω
741 4632 1011 4703 exemplis
1065 4633 1409 4690 asserum,”
1462 4641 1680 4688 nostras
1739 4648 1860 4706 pro-
1890 4614 1940 4674 D
1966 4608 2124 4706 cuttia
2154 4608 2237 4663 vel
2260 4609 2583 4706 adulatione
2608 4613 2708 4668 sibi
2735 4613 3055 4686 obligandos
3086 4616 3406 4672 crediderit?
3434 4617 3567 4674 Nam

261 4725 480 4791 bemus,
512 4726 770 4798 quoniam
799 4741 919 4796 qua:
959 4726 1212 4781 simulata
1252 4735 1400 4793 sunt,
1453 4726 1713 4782 diuturna
1741 4742 1862 4782 csse

262 4833 371 4873 non
400 4828 653 4890 possunt,
695 4817 789 4875 sed
823 4831 1096 4889 tamquam
1124 4819 1192 4875 ad
1241 4828 1459 4890 tempus
1490 4820 1722 4876 virentia
1752 4821 1864 4875 cito

260 4912 546 4982 decidunt,
595 4928 663 4968 ex
695 4928 758 4968 ea
808 4912 1015 4968 familia
1063 4927 1129 4969 ex
1181 4929 1285 4986 qua
1332 4914 1491 4969 nobis
1532 4915 1763 4986 plurima
1795 4914 1864 4969 ad

262 5005 480 5060 virtutis
531 5005 835 5074 profectum
906 5006 1156 5076 exempla
1214 5006 1628 5073 accersivimus,
1697 5023 1863 5063 unum

262 5098 639 5156 simulationis
704 5106 761 5156 et
810 5096 1018 5154 fraudis
1086 5097 1432 5171 proferamus
1490 5098 1864 5156 testimonium

275 5191 343 5266 (ll
369 5193 506 5264 Reg.
539 5210 650 5260 ιιν,
671 5191 788 5263 25).

336 5283 467 5340 114.
508 5285 806 5340 Abessalon
833 5284 906 5357 (ll
933 5283 1062 5357 Reg.
1093 5301 1184 5351 xv,
1216 5286 1242 5340 1
1269 5294 1320 5341 et
1349 5285 1493 5360 seq.)
1541 5294 1661 5342 erat
1692 5284 1863 5341 David

339 5428 368 5458 ⁸
388 5423 585 5497 Crat,
623 5423 854 5478 Pulchra
873 5425 1024 5478 etiam
1045 5423 1328 5478 liberalitas
1349 5432 1422 5478 est
1446 5423 1500 5478 in
1533 5423 1646 5497 ipso
1668 5437 1863 5495 paupe—

268 5495 339 5549 ris
361 5495 488 5549 dato
513 5512 797 5550 mensuram
824 5507 1012 5548 tenere.

341 5565 369 5606 ι’
399 5567 519 5621 Cie.
550 5567 643 5622 lib.
685 5583 723 5620 Il
754 5566 909 5619 tlftic.
932 5605 947 5630 ,
980 5581 1100 5638 pag.
1135 5567 1241 5622 383
1268 5607 1282 5630 ,
1312 5566 1410 5620 lin.
1448 5566 1558 5622 54:
1615 5563 1867 5620 Habenda

274 5650 442 5691 autem
469 5649 544 5690 est
565 5639 696 5692 ratio
720 5638 793 5691 rei
816 5638 1092 5708 familiaris
1119 5680 1132 5704 ,
1171 5646 1277 5693 etc.

350 5720 370 5745 ε
403 5709 564 5773 Ibid.,
592 5709 689 5762 lin.
723 5711 792 5780 5,.
819 5707 983 5780 Atque
1000 5711 1151 5763 etiam
1193 5710 1300 5763 illa:
1340 5709 1584 5776 impensa:
1631 5707 1870 5763 meliores

276 5791 414 5840 sunt,
443 5782 596 5842 muri,
620 5779 844 5840 neralia,
878 5779 1182 5847 portus,etc.

345 5848 370 5886 ⁸
398 5850 514 5905 Cic.
543 5852 629 5905 lib.
664 5866 700 5905 tt
729 5849 910 5916 Oﬂlc.,
941 5867 1058 5922 pag.
1094 5851 1220 5919 580,
1248 5850 1345 5905 lin.
1385 5850 1443 5903 11
1479 5867 1490 5903 :
1523 5849 1674 5914 Quod
1713 5849 1758 5902 si
1783 5847 1870 5918 qui

1970 4712 2025 4754 ct
2056 4700 2142 4755 ille
2181 4701 2270 4773 qui
2304 4702 2586 4770 pecuniam
2632 4707 2926 4776 acceperit,
2975 4708 3138 4764 vilem
3171 4724 3230 4766 se
3258 4720 3313 4765 et
3339 4710 3568 4784 despec-

1973 4800 2084 4848 tum
2111 4791 2340 4864 judicat,
2378 4795 2645 4866 nisistepe
2673 4797 3009 4855 redimatur?
3039 4801 3226 4873 itaque
3255 4803 3568 4874 frequenter

1972 4895 2252 4955 exspectat
2295 4888 2528 4958 pretium
2563 4905 2719 4945 suum
2762 4902 2863 4947 :et
2896 4893 2986 4949 ille
3039 4896 3132 4966 qui
3177 4895 3564 4956 obsecratione

1973 4981 2210 5038 ambitus
2238 4982 2473 5052 videtur,
2505 4986 2624 5040 vult
2656 5001 2874 5056 semper
2903 5003 2961 5045 se
2991 4991 3190 5064 rogari.

2533 5074 2764 5136 CAPUT
2806 5079 3001 5138 XXIV.

1975 5166 2138 5223 Bonis
2174 5169 2370 5224 artibus
2421 5171 2487 5224 ad
2534 5171 2754 5228 honores
2804 5175 3095 5242 nitendum,
3147 5178 3370 5231 maxime
3414 5179 3573 5232 eccle-

2048 5262 2281 5316 siasticos
2299 5277 2318 5316 :
2339 5262 2583 5333 adeptum
2604 5279 2722 5319 vero
2744 5282 2930 5322 munus
2956 5267 3217 5323 moderate
3235 5286 3295 5324 ac
3316 5270 3573 5338 sapienter

1969 5423 2321 5498 simulatione,
2345 5432 2392 5476 et
2419 5423 2561 5498 inani
2593 5427 2951 5498 ostentatione,
2975 5436 3079 5480 etc.
3117 5425 3244 5482 Item
3283 5443 3403 5498 pag.
3438 5429 3567 5498 ,εδ-9.,

1973 5494 2068 5548 lin.
2093 5493 2162 5546 Ἦ
2196 5512 2208 5548 :
2248 5492 2470 5563 Ipsaque
2499 5496 2589 5549 illa
2617 5496 2852 5551 delinitio
2883 5498 3251 5560 multitudinis,
3277 5492 3384 5554 etc'.

2049 5574 2071 5635 εξ
2103 5565 2258 5617 Rom.
2293 5567 2450 5630 enlit.,
2479 5567 2721 5620 interesse
2750 5569 2927 5626 voluit,
2952 5584 3013 5621 ne
3037 5569 3112 5622 vel
3134 5569 3324 5635 inferre
3342 5588 3511 5628 arma.

2055 5634 2071 5671 τ
2104 5635 2267 5711 lbid._,
2290 5652 2413 5711 pag.
2445 5637 2574 5711 576A,
2603 5636 2798 5711 lin._i5
2827 5656 2840 5692 :
2872 5636 3012 5711 Male
3037 5634 3259 5696 animae
3284 5658 3362 5696 res
3395 5645 3566 5711 liabet,

1973 5723 2092 5781 eum
2113 5707 2252 5781 quod
2278 5706 2459 5781 rirtute
2485 5708 2610 5781 emci
2640 5708 2802 5781 debet,
2835 5719 2940 5781 etc.
2973 5706 3106 5781 ltetn
3150 5727 3269 5781 pag.
3317 5715 3442 5780 581,
3477 5706 3570 5771 Ιὶηζ

2072 5775 2400 5854 apt-rectore
2430 5778 2480 5830 in
2514 5775 2738 5846 'epistoln
2771 5778 2991 5846 qttaduttt
3028 5775 3377 5838 Alexandrum
3408 5775 3577 5854 filiuni

1980 5847 2260 5918 Philippus
2284 5860 2514 5915 accusat,
2545 5861 2648 5902 etc.
