4078 6306
443 191 550 252 135

1805 185 2054 246 SANCTI
2089 184 2419 246 AMBROSII

3641 183 3755 244 156

511 304 1005 361 administrandum.
1067 302 1185 362 Nec
1228 303 1502 378 inferiores
1531 304 1738 359 ordines
1774 303 2034 359 simulatis
2061 305 2118 366 Α
2141 317 2319 372 neque
2359 299 2406 357 si
2428 299 2558 372 quid
2607 299 2738 356 boni
2789 297 3020 368 habeas,
3069 297 3124 356 id
3167 297 3238 357 ad
3280 297 3758 358 deformationem

512 399 785 455 uirtutibus
823 399 1062 473 episcopo
1109 398 1356 472 derogare
1385 439 1402 466 ,
1457 412 1552 453 nec
1585 397 1705 453 item
1749 396 2044 470 episcopum

513 493 639 548 cleri
666 492 902 548 invidum
941 508 1055 548 esse
1099 490 1285 546 debere
1310 505 1329 546 :
1354 490 1446 546 sed
1461 491 1666 564 justum
1701 487 1756 544 in
1785 488 2042 556 omnibus,

516 596 672 660 atque
699 585 1005 656 comprimis
1031 585 1088 640 in
1105 582 1419 656 judicando.

521 681 649 737 119.
692 681 836 751 Ergo
872 689 898 717 ι
926 678 1086 736 bonis
1143 678 1354 735 actibus
1401 686 1456 733 et
1502 676 1719 734 sincero
1767 673 2046 748 proposito

447 771 732 830 nitendum
751 771 820 828 ad
845 773 1112 828 honorem
1137 769 1392 838 arbitror,
1422 777 1477 824 et
1500 767 1734 825 maxime
1759 767 2050 824 ecclesias-

447 867 648 935 ticum;
693 875 752 922 ut
795 881 974 938 neque
1011 863 1267 936 resupina
1317 862 1648 934 arrogantia,
1699 861 1787 918 vel
1817 860 2048 916 remissa

449 959 778 1034 negligentia
804 959 880 1016 sit
917 975 932 1014 :
973 972 1148 1031 neque
1177 957 1353 1028 turpis
1379 955 1676 1022 alfeclatio,
1704 963 1760 1012 et
1788 954 2048 1012 indecora

449 1053 696 1110 ambitio.
723 1053 803 1109 Ad
824 1052 1004 1109 omnia
1025 1050 1261 1108 abundat
1287 1050 1452 1108 animi
1472 1049 1679 1108 directa
1704 1047 2048 1122 simplicitas,

452 1147 698 1219 satisque
724 1159 785 1202 se
819 1145 936 1216 ipsa
965 1143 1332 1202 commendat.

529 1238 658 1296 120.
697 1235 755 1294 ln
801 1238 924 1311 ipso
972 1253 1102 1294 vero
1151 1235 1432 1294 munereb
1462 1250 1644 1307 neque
1702 1236 2048 1292 severitatem

449 1347 574 1390 esse
607 1331 798 1388 duram
825 1331 1106 1400 convenit,
1135 1345 1236 1387 nec
1275 1329 1501 1386 nimiam
1533 1327 1950 1387 remissionem:
1981 1343 2053 1384 ne

451 1435 547 1484 aut
572 1409 893 1500 potestatem
925 1439 1213 1493 exercere,
1237 1433 1330 1481 aut
1358 1432 1673 1496 susceptum
1693 1422 1936 1490 ofﬁcium
1959 1436 2055 1479 ne-

453 1534 728 1594 quaquam
755 1518 984 1590 implere
1009 1517 1319 1575 videamur.

527 1613 651 1670 ﬁt.
693 1611 1025 1669 Enitendum
1067 1626 1286 1684 quoque
1328 1619 1386 1667 ut
1416 1608 1694 1667 beneﬁciis
1741 1617 1906 1680 atque
1933 1606 2053 1664 olli-

451 1704 554 1762 ciis
583 1707 606 1736 °
633 1703 938 1777 obligemus
966 1704 1257 1777 plurimos,
1298 1713 1356 1761 et
1397 1703 1652 1760 collatam
1695 1716 2048 1758 reservemus
2077 1705 2128 1769 Β
2148 1704 2442 1778 judicando
2469 1704 2764 1776 potentiori
2791 1703 2966 1761 dones
3010 1719 3230 1760 causam
3275 1703 3554 1760 interioris
3596 1721 3614 1758 :

453 1800 716 1874 gratiam;
749 1816 818 1858 ne
842 1800 968 1872 jure
996 1799 1249 1858 beneﬁcii
1281 1799 1412 1856 liant
1445 1799 1820 1864 immemores,
1865 1796 1960 1870 qui
1994 1811 2056 1854 se

453 1894 698 1967 graviter
725 1894 886 1951 latsos
915 1893 1122 1950 dolent.
1155 1893 1314 1965 Saepe
1340 1893 1485 1950 enim
1525 1907 1626 1948 usu
1653 1892 1804 1948 venit
1825 1900 1884 1946 ut
1919 1903 2058 1962 quos

454 1987 630 2060 gratia
692 1985 916 2052 foveris,
965 1986 1050 2042 vel
1108 1985 1292 2056 aliquo
1354 1983 1639 2056 superiore
1693 1980 2058 2039 cumulaveris

457 2079 654 2152 gradu,
681 2087 919 2146 avertas,
947 2077 993 2135 si
1020 2077 1240 2150 indigne
1265 2078 1499 2150 aliquem
1523 2077 1603 2133 eis
1630 2073 2057 2147 praeponendum

451 2173 688 2246 iudices.
719 2172 829 2230 Sed
855 2182 910 2230 et
935 2173 1275 2230 sacerdotem
1297 2171 1576 2229 beneﬁciis
1597 2171 1710 2227 suis
1738 2170 1825 2227 vel
1839 2167 2060 2242 judiciis

461 2269 648 2327 lavere
677 2269 956 2338 convenit,
986 2277 1046 2324 ut
1067 2268 1377 2340 aequitatem
1405 2267 1701 2335 custodiat,
1727 2273 1785 2323 et
1831 2263 2062 2338 presby-

461 2373 580 2425 tero
610 2364 698 2423 vel
726 2363 980 2422 ministro
1001 2363 1236 2432 deferre,
1263 2373 1322 2420 ut
1347 2363 1584 2435 parenti.

533 2459 658 2515 122.
698 2457 884 2531 Neque
913 2456 1016 2514 hos
1039 2455 1164 2530 quia
1188 2456 1355 2513 semel
1383 2455 1595 2528 probati
1624 2465 1778 2524 sunt,
1803 2467 2063 2524 arrogan-

461 2562 546 2611 tes
567 2567 692 2610 esse
721 2558 975 2622 oportet;
1004 2549 1102 2607 sed
1134 2551 1304 2619 magis
1335 2557 1610 2621 tamquam
1639 2562 1914 2604 memores
1937 2560 2064 2618 gra-

463 2647 578 2716 tiae,
607 2643 972 2701 humilitatem
995 2651 1219 2700 tenere:
1252 2657 1429 2714 neque
1453 2639 1660 2697 edendi
1693 2638 2058 2705 sacerdotem,

460 2739 508 2796 si
531 2749 627 2795 aut
651 2737 1062 2810 presbyter,aut
1083 2735 1356 2802 minister,
1382 2742 1477 2791 aut
1495 2733 1780 2806 quisquam
1799 2731 1868 2789 de
1887 2732 2061 2802 clero,

460 2839 560 2889 aut
601 2829 1004 2896 misericordia,
1043 2835 1139 2884 aut
1168 2827 1404 2899 jejunio,
1455 2836 1545 2883 aut
1589 2825 1928 2896 integritate,
1969 2833 2064 2881 aut

462 2924 711 2982 doctrina
731 2932 790 2979 et
810 2921 1048 2980 lectione
1073 2920 1531 2978 existimationem
1556 2918 1866 2975 accumulet
1885 2931 2060 2974 suam:

465 3021 496 3064 ιι
519 3016 704 3075 Gratia
717 3017 860 3074 enim
879 3014 1137 3072 Ecclesia:
1155 3014 1273 3070 laus
1292 3011 1538 3068 doctoris
1554 3020 1658 3068 est.
1682 3010 1912 3078 Bonum,
1929 3025 2065 3080 opus

2147 395 2376 451 alterius
2404 404 2461 451 et
2489 393 2946 466 vituperationem
2976 408 3256 452 exerceas.

2221 488 2348 544 124.
2387 488 2468 545 Ne
2495 499 2521 536 ις
2549 487 2808 545 delendas
2836 487 3168 560 improbum,
3213 497 3271 545 et
3297 494 3486 544 sancta
3513 485 3750 558 indigno

2148 581 2540 640 committenda
2597 582 2886 638 arbitreris
2927 599 2944 638 :
2982 596 3165 654 neque
3208 579 3405 638 iterum
3451 593 3650 652 urgeas
3704 588 3768 636 et

2148 677 2462 749 impugnes,
2504 675 2666 748 cujus
2711 676 2920 732 crimen
2964 689 3071 732 non
3111 673 3570 746 deprehenderis.
3615 671 3766 729 Nam

2149 787 2274 831 cum
2306 772 2360 828 in
2391 770 2646 828 omnibus
2671 767 2700 808 ιι
2730 768 2994 842 injustitia
3039 769 3152 826 cito
3180 767 3442 837 odendat,
3477 776 3594 824 tum
3640 781 3768 823 ma-

2150 865 2298 923 xime
2329 865 2382 920 in
2410 863 2655 920 Ecclesia
2683 904 2700 930 ,
2729 863 2819 919 ubi
2869 863 3180 934 mqnitatem
3212 875 3337 918 esse
3378 869 3620 932 oportet,
3664 857 3767 914 ubi

2151 960 2515 1032 aequalitatem
2570 959 2761 1016 haberi
2803 958 2994 1026 decet;
3044 966 3106 1014 ut
3127 957 3266 1014 nihil
3313 956 3422 1014 sibi
3476 953 3764 1026 potentior

2151 1053 2275 1126 plus
2297 1052 2561 1121 vindicet,
2595 1050 2732 1108 nihil
2780 1051 2903 1122 plus
2947 1059 3178 1122 usurpet
3203 1047 3399 1107 ditior.
3439 1047 3570 1105 Sive
3609 1047 3768 1102 enim

2152 1162 2380 1220 pauper,
2418 1147 2535 1203 sive
2583 1146 2766 1213 dives,
2813 1145 2867 1202 in
2911 1144 3133 1202 Christo
3181 1159 3348 1202 unum
3401 1149 3553 1198 sunt.
3612 1139 3770 1198 Nihil

2153 1242 2396 1297 sanctior
2426 1239 2550 1311 plus
2573 1239 2677 1296 sibi
2707 1245 2960 1310 arroget;
2997 1237 3174 1310 ipsum
3205 1237 3353 1294 enim
3382 1250 3482 1308 par
3521 1241 3770 1292 estesse

2156 1332 2525 1389 humiliorem.

2227 1424 2352 1481 125.
2395 1424 2506 1483 Sed
2546 1439 2648 1481 nec
2699 1437 2990 1495 personam
3039 1422 3266 1497 alterius
3313 1419 3648 1494 accipiamus
3702 1419 3766 1477 in

2149 1518 2356 1589 judicio
2389 1535 2404 1574 :
2435 1517 2610 1590 gratia
2659 1518 2823 1586 absit,
2872 1516 2888 1554 ί
2927 1532 3109 1574 causae
3181 1515 3378 1574 merita
3429 1515 3766 1572 decernant.

2155 1610 2304 1667 Nihil
2333 1610 2412 1668 sic
2438 1611 2776 1682 opinionem,
2809 1611 2978 1668 immo
3008 1610 3170 1668 fidem
3199 1617 3409 1682 gravat,
3433 1624 3594 1682 quam
3624 1609 3670 1664 si
3699 1608 3766 1666 in

3669 1703 3766 1759 vel

2158 1814 2454 1872 pauperem
2479 1800 2827 1855 innocentem
2845 1813 3066 1870 arguas,
3086 1797 3314 1854 divitem
3337 1811 3575 1853 excuses
3601 1811 3768 1852 reum

2157 1895 2352 1968 culpae.
2388 1894 2627 1950 Pronum
2667 1893 2886 1966 quidem
2913 1901 2997 1950 est
3031 1907 3204 1964 genus
3249 1891 3532 1948 hominum
3573 1890 3770 1947 lavere

2159 1989 2624 2056 bonoratioribus,
2657 2005 2725 2045 ne
2755 1989 2915 2045 laesos
2944 2002 3070 2044 sese
3111 1995 3320 2059 putent,
3351 1988 3428 2044 ne
3474 1984 3607 2042 victi
3647 1985 3755 2042 do-

2159 2083 2330 2138 leant.
2361 2079 2470 2138 Sed
2498 2079 2732 2152 primum
2762 2081 2808 2135 si
2837 2077 3098 2135 ollensam
3151 2077 3380 2145 vereris,
3409 2077 3424 2128 l
3465 2091 3573 2134 non
3615 2076 3776 2133 reci-

2160 2177 2282 2252 pias
2301 2175 2570 2247 judicium
2595 2193 2610 2232 :
2633 2175 2680 2231 si
2708 2174 2967 2232 sacerdos
2986 2190 3069 2242 es,
3101 2185 3196 2230 aut
3221 2173 3267 2230 si
3289 2173 3574 2245 quisquam
3596 2173 3770 2239 alius,

2165 2288 2273 2328 non
2301 2272 2559 2327 lacessas.
2588 2269 2743 2327 Licet
2769 2269 2867 2326 tibi
2912 2270 3080 2327 silere
3127 2270 3180 2325 in
3224 2268 3446 2341 negotio
3497 2269 3774 2326 duntaxat

2164 2366 2512 2439 pecuniario;
2545 2379 2876 2437 quamquam
2905 2363 2977 2420 sit
2993 2363 3318 2420 constantia:
3347 2363 3546 2420 adesse
3591 2364 3772 2434 tequi-

2162 2460 2282 2518 tati.
2307 2460 2367 2516 lu
2388 2475 2552 2516 causa
2577 2468 2756 2516 autem
2779 2458 2899 2527 Dei,
2927 2457 3017 2516 ubi
3043 2457 3443 2514 communionis
3460 2457 3773 2530 periculum

2161 2564 2271 2624 est,
2304 2553 2470 2612 etiam
2496 2552 2846 2612 dissimulare
2876 2562 3158 2624 peccatum
3186 2562 3271 2610 est
3298 2567 3409 2610 non
3436 2551 3580 2610 leve.

2736 2644 2967 2704 CAPUT
3007 2645 3176 2703 XXV.

2164 2741 2430 2814 Beneﬁcia
2473 2741 2529 2795 in
2561 2756 2818 2812 pauperes
2844 2739 3018 2811 potius
3045 2741 3363 2812 conferenda
3402 2757 3562 2811 quam
3589 2739 3645 2795 in
3677 2741 3769 2796 di—

2236 2837 2400 2903 vites;
2445 2835 2539 2892 Iros
2563 2836 2700 2890 enim
2724 2845 2814 2890 aut
2860 2835 3128 2906 qutesitam
3157 2851 3190 2888 a
3215 2850 3270 2890 se
3316 2834 3555 2904 beneﬁcii
3601 2835 3774 2890 piceus

2237 2938 2442 3000 putare,
2471 2937 2561 2982 aut
2589 2927 2856 2999 indignari
2883 2926 3021 2998 quod
3049 2927 3324 2982 uideantur
3350 2927 3471 2981 hinc
3507 2927 3636 2998 [acti
3669 2927 3772 2983 de-

2239 3022 2427 3077 bitores
2455 3037 2476 3077 :
2499 3037 2750 3094 pauperes
2796 3036 2916 3075 vero
2965 3029 3014 3076 et
3054 3020 3334 3076 debitorem
3381 3037 3478 3091 pro
3500 3037 3554 3078 se
3599 3019 3776 3076 Deum

461 3111 576 3185 99
603 3109 832 3182 alicujus
849 3107 1160 3182 praedicari,
1181 3107 1255 3163 ita
1292 3113 1472 3162 tamen
1499 3104 1546 3160 si
1589 3104 1740 3160 nullo
1768 3103 1949 3160 studio
1978 3101 2064 3157 (lat

2241 3117 2414 3188 ipsum
2441 3115 2778 3178 constituere,
2807 3123 2858 3170 et
2887 3113 3102 3169 libenter
3128 3124 3341 3190 accepta
3361 3113 3616 3184 beneﬁcia
3643 3130 3778 3170 con-

453 3205 752 3280 jactantiae.
784 3203 1034 3262 Laudent
1053 3203 1198 3260 enim
1222 3215 1662 3272 unumquemque
1693 3200 2064 3272 proximorum

464 3298 630 3364 labia,
661 3307 716 3356 et
745 3313 852 3356 non
885 3313 948 3354 os
985 3312 1142 3355 suum
1175 3306 1272 3352 :et
1307 3294 1694 3352 commendent
1735 3307 1926 3365 opera,
1956 3307 2064 3348 non

465 3391 649 3448 studia
684 3405 806 3448 sua.

547 3485 673 3542 125.
721 3495 744 3524 ο
772 3484 1042 3542 Caeterum
1091 3484 1138 3541 si
1181 3483 1304 3556 quis
1352 3499 1461 3540 non
1511 3482 1736 3542 obediat
1781 3481 2063 3554 episcopo,

470 3579 739 3636 extollere
780 3589 944 3652 atque
969 3581 1210 3638 exaltare
1241 3594 1364 3638 sese
1400 3580 1696 3646 desideret,
1741 3578 2068 3636 obumbrare

469 3673 666 3732 merita
706 3673 949 3744 episcopi
990 3671 1248 3730 simulata
1285 3671 1629 3730 aﬂ‘ectatione
1667 3672 1934 3729 doctrina:
1973 3679 2068 3728 aut

471 3763 816 3834 humilitatis,
843 3773 940 3822 aut
981 3765 1396 3832 misericordia,
1427 3765 1474 3822 is
1501 3781 1532 3821 a
1561 3779 1693 3822 vero
1741 3764 1932 3822 devius
1971 3781 2066 3822 su-

467 3859 678 3933 perbit;
727 3860 984 3932 quoniam
1035 3859 1286 3917 veritatis
1316 3874 1380 3916 ea
1408 3868 1493 3918 est
1533 3859 1742 3930 regula,
1774 3863 1798 3908 t
1843 3868 1904 3915 ut
1931 3857 2068 3915 nihil

468 3953 642 4012 iacias
669 3952 1090 4011 commendandi
1121 3952 1200 4010 tui
1227 3968 1412 4022 causa,
1444 3967 1553 4026 quo
1575 3953 1757 4010 minor
1781 3952 2066 4019 aliusﬂat:

545 4099 573 4128 ι
599 4089 691 4148 Sic
715 4089 939 4172 Amerh.
976 4101 1259 4172 cum-mss.
1292 4087 1775 4172 proppmnibus:
1808 4086 1936 4143 Era.
1971 4101 2068 4144 au-

478 4171 587 4272 ¹⁸¹ἶι¹
603 4159 1618 4303 ἓῗοῗῗᾶῗῗὸθῶξῗ’ἐξιέῗέἨΞῖἲῖξίῗῗ’ς
1644 4228 1711 4284 1η
1729 4229 1870 4302 juris
1897 4245 2072 4298 atqua-

2240 3209 2396 3279 ﬁteri.
2430 3207 2632 3275 Quibus
2661 3206 2876 3262 additur
2902 3207 2970 3262 ad
3015 3208 3251 3279 pecunia
3275 3217 3628 3280 contemptum
3669 3209 3774 3265 ad-

2243 3305 2486 3359 hortatio.

2243 3395 2367 3453 196.
2407 3394 2547 3465 Quid
2570 3405 2757 3454 autem
2787 3405 2843 3452 et
2873 3396 2970 3454 tibi
3007 3397 3232 3468 prodest
3263 3397 3449 3455 lavere
3475 3396 3660 3455 diviti?
3687 3397 3780 3456 An

2171 3490 2297 3563 quia
2343 3489 2502 3546 citius
2546 3499 2820 3547 amantem
2867 3491 3274 3548 remuneratur?
3303 3489 3328 3528 Β
3361 3490 3460 3547 His
3501 3490 3653 3547 enim
3688 3491 3777 3548 fa-

2175 3597 2366 3638 vemus
2392 3580 2756 3654 frequentius,
2789 3597 2821 3638 a
2863 3583 3059 3654 quibus
3097 3582 3397 3640 referenda:
3424 3583 3600 3640 vicem
3645 3598 3784 3656 spe-

2175 3691 2362 3732 ramus
2377 3676 2590 3748 gratiae.
2614 3675 2724 3733 Sed
2745 3691 2812 3733 eo
2835 3676 2994 3749 100
3008 3676 3180 3748 magis
3201 3674 3418 3732 inﬁrmo
3437 3684 3494 3732 et
3513 3676 3661 3746 inopi
3676 3692 3788 3734 nos

2176 3767 2400 3826 studere
2425 3767 2680 3824 convenit
2705 3784 2721 3836 ;
2750 3769 2878 3840 quia
2911 3782 3010 3838 pro
3029 3783 3098 3825 eo
3123 3769 3216 3839 qui
3245 3783 3353 3824 non
3375 3767 3560 3833 habet,
3594 3781 3788 3824 remu-

2175 3859 2511 3916 nerationem
2531 3873 2813 3931 speramus
2825 3875 2854 3913 a
2869 3858 3104 3916 Domino
3115 3859 3242 3917 Jesu
3261 3858 3531 3930 (Luc.xnv,
3549 3859 3640 3928 12,
3655 3860 3784 3933 i3):

2175 3953 2270 4028 qui
2293 3955 2395 4012 sub
2441 3953 2626 4026 specie
2667 3952 2901 4010 convivii
2952 3955 3264 4027 generalem
3309 3953 3571 4010 virtutum
3601 3953 3788 4012 edidit

2177 4097 2348 4173 tamen
2377 4096 2436 4173 ut
2461 4086 2560 4144 hoc
2580 4088 2885 4173 fugiendum
2909 4099 3005 4159 est,
3035 4090 3108 4146 ita
3133 4083 3516 4147 habendum'est
3535 4090 3787 4166 religioni

2178 4170 2520 4229 contrarium,
2543 4171 2651 4216 etc.

2249 4231 2278 4270 ιι
2299 4231 2462 4300 Ibid.,
2493 4247 2614 4304 pag.
2655 4230 2783 4306 384,
2827 4232 2924 4288 lin.
2951 4231 3022 4306 48
3055 4250 3068 4288 :
3095 4231 3403 4290 Extremum
3441 4245 3615 4290 autem
3645 4251 3790 4306 pra:-

475 4304 672 4362 bilitate
719 4302 1004 4360 exercenda
1046 4301 1209 4376 etiarn
1245 4311 1320 4358 est
1368 4301 1686 4373 facilitas....
1711 4301 1757 4357 et
1786 4311 1956 4358 tamen
2001 4303 2075 4358 ita
2096 4303 2151 4364 D
2178 4317 2478 4376 ceptum...
2496 4301 2722 4376 ine'rquid
2745 4304 3045 4367 contendas.
3075 4317 3182 4362 etc.

477 4377 748 4450 probanda
774 4385 848 4431 est
877 4374 1243 4450 mansuetudo,
1285 4383 1394 4450 etc.

554 4459 580 4488 ο
605 4447 726 4504 Lib.
754 4462 815 4512 ιι,
867 4462 985 4517 pag.
1013 4446 1142 4518 576,
1173 4445 1271 4518 lin.
1303 4444 1418 4518 127:
1453 4443 1735 4518 Proprium
1779 4446 1877 4500 hoc
1905 4453 2076 4518 statuo

476 4536 586 4576 esse
609 4519 837 4588 uirtutis.
869 4515 1152 4573 conciliare
1177 4515 1274 4571 sibi
1305 4517 1526 4588 animos.
1558 4515 1668 4572 etc.
1699 4517 1832 4573 Item
1859 4533 1912 4588 p.
1945 4516 2074 4586 584,

475 4591 576 4660 lin.
606 4591 674 4646 12
707 4607 722 4645 :
761 4587 907 4644 Licet
937 4599 1108 4660 tamen
1141 4605 1298 4660 opera
1333 4587 1580 4660 prodesse
1618 4589 1813 4656 multis,
1845 4587 1952 4645 etc.

551 4659 582 4700 ἀ
610 4662 740 4718 Mss.
772 4663 998 4732 aliquot,
1029 4658 1192 4716 Grata
1222 4660 1358 4714 enim
1384 4658 1631 4732 Ecclesia,
1651 4663 1785 4724 laus,
1821 4669 1928 4732 etc.

557 4743 581 4772 ο
611 4729 1142 4802 (Σιθι-ἰεοεέβὶεοορο
1158 4746 1260 4786 suo
1281 4729 1507 4802 perinde
1527 4745 1590 4784 ac
1610 4731 1720 4787 Deo
1743 4731 1844 4802 ipsi
1867 4745 2074 4787 morem

519 4819 675 4861 erere
703 4811 961 4876 oportere
1006 4801 1197 4876 beatus
1226 4801 1464 4873 lgttatius
1505 4803 1690 4876 multis
1725 4801 2076 4876 episgilarum

501 4873 614 4932 ocis
665 4873 931 4946 praecipit.
997 4873 1251 4946 maxime;
1293 4888 1426 4946 vero
1472 4875 1648 4946 epist.
1705 4873 1810 4946 ad;
1843 4873 2075 4946 Ephes.,

481 4948 644 5020 epist.
666 4943 765 5020 'ad
795 4943 1138 5020 Magnes‘tet
1168 4944 1331 5013 epist.
1365 4943 1430 4999 ad
1454 4943 1731 5020 _'_i‘ral_lian.
1773 4943 2080 5020 Cyprianus

480 5015 616 5077 vero
639 5018 803 5090 epist.
833 5015 904 5074 55
924 5029 980 5074 et
999 5016 1072 5090 65
1105 5017 1264 5072 docet
1290 5031 1406 5090 non
1421 5015 1641 5072 aliunde
1679 5015 1880 5090 exoriri
1900 5017 2082 5090 solere

481 5087 726 5148 hreresés
762 5101 928 5161 atque
954 5089 1275 5161 schismata,
1307 5088 1410 5142 nisi
1437 5102 1503 5142 ex
1530 5102 1598 5144 eo
1637 5089 1782 5161 quod
1829 5087 2077 5161 praesuli-

481 5161 585 5219 bus
609 5163 724 5220 suis
744 5157 971 5218 obedire
994 5158 1124 5216 cieri
1147 5159 1454 5215 detrectent
1477 5173 1542 5214 ac
1580 5157 1868 5230 refugiant.
1913 5157 2080 5230 Cujus

483 5234 699 5302 quidem
731 5235 810 5290 rei
849 5233 1177 5302 exemplum
1213 5230 1520 5286 luctuosum
1557 5231 1610 5284 in
1653 5231 1784 5286 Ario
1829 5231 2081 5302 preponit

482 5301 858 5363 Theodoretus
890 5304 1026 5359 Hist.
1055 5301 1209 5358 Eccl.
1242 5302 1336 5356 lib.
1366 5318 1405 5367 ι,
1428 5315 1550 5370 cap.
1571 5304 1628 5367 2,
1657 5312 1711 5358 et
1743 5303 1793 5356 in
1813 5301 1938 5358 aliis
1965 5301 2080 5356 alii.

559 5375 580 5416 ί
611 5376 795 5433 Codex
816 5375 1060 5441 Thuan.,
1084 5383 1141 5428 ut
1161 5373 1293 5431 nihil
1314 5373 1422 5443 fuci
1449 5373 1950 5440 commendanditui,
1973 5386 2080 5429 etc.

483 5462 594 5518 non
642 5450 804 5510 male.
858 5449 906 5503 si
956 5446 1181 5518 verbum
1224 5443 1888 5518 aliquodsubintelligas,
1935 5443 2082 5518 quod

483 5517 633 5590 forte
652 5535 680 5572 a
707 5518 974 5590 scriptore
996 5517 1169 5590 luerit
1200 5515 1654 5590 praeiermissum.

554 5595 583 5636 ⁸
605 5588 720 5648 Cic.
748 5587 843 5647 lib.
869 5605 910 5646 tt
937 5589 1120 5659 0ilic.,
1149 5587 1270 5660 pag.
1299 5588 1428 5655 38l,
1466 5588 1564 5643 lin.
1596 5587 1662 5660 21
1691 5606 1704 5642 :
1739 5587 1900 5660 Atque
1928 5589 2082 5643 etiam

482 5660 580 5718 hoc
625 5671 938 5742 praeceptum
966 5662 1118 5746 cilicii
1147 5659 1422 5746 diligenter
1458 5659 1740 5744 tenendum
1776 5659 1870 5726 est,
1925 5675 2084 5746 neque

481 5731 707 5808 utiquam
739 5731 1057 5789 innocentem
1089 5731 1294 5809 judicio
1350 5731 1538 5806 capitis
1577 5746 1903 5790 accersas....
1961 5731 2074 5787 Nec

2254 4375 2272 4416 ί
2306 4377 2508 4432 Omnes
2533 4375 2666 4432 edit.
2699 4390 2764 4430 ac
2793 4390 2926 4448 mss.
2948 4376 3195 4448 aliquot,
3235 4395 3445 4434 causam
3473 4378 3660 4434 merita
3691 4380 3790 4435 de-

2177 4456 2423 4509 cernant;
2453 4461 2586 4502 mss.
2623 4447 2891 4512 nonnulli,
2921 4447 3214 4504 discernunt
3237 4467 3257 4506 :
3293 4449 3505 4506 Tliuan.
3553 4465 3686 4506 vero
3725 4463 3791 4508 et

2177 4517 2544 4593 antiquissimi
2571 4519 2796 4593 quique,
2839 4535 3010 4575 causa
3037 4523 3220 4576 merita
3246 4522 3558 4588 decernant;
3587 4521 3642 4577 id
3671 4532 3788 4593 est,

2177 4589 2496 4659 conﬂigant,
2528 4589 2603 4645 ac
2621 4589 2926 4646 decertant.

2253 4661 2267 4712 i
2311 4661 2406 4716 His
2432 4662 2614 4717 verbis
2640 4675 2746 4716 non
2775 4661 3008 4720 obscure
3037 4663 3270 4720 innuere
3297 4663 3514 4720 videtur
3542 4665 3788 4720 Ambro-

2179 4733 2320 4796 sius,
2349 4732 2622 4804 episcopis
2643 4733 2846 4789 licitum
2871 4733 3038 4790 fuisse
3061 4751 3349 4792 causarum
3379 4751 3442 4792 ac
3470 4733 3644 4792 litium
3677 4752 3792 4792 sa:-

2181 4804 2448 4860 cularium
2494 4819 2749 4861 recusare
2795 4805 3118 4872 arbitrium;
3162 4821 3286 4863 cum
3336 4819 3516 4864 tamen
3546 4806 3641 4862 alii
3676 4808 3793 4868 hoc

2181 4877 2475 4949 munusab
2498 4877 2760 4947 Apostolo
2788 4874 2958 4949 lCor.
2977 4895 3055 4949 v1,
3100 4879 3128 4932 1
3157 4888 3214 4933 et
3242 4894 3388 4948 seq.,
3429 4879 3566 4949 ipsis
3604 4880 3790 4949 impo-

2181 4949 2340 5002 situm
2377 4947 2544 5004 luisse
2569 4947 2921 5004 contendant.
2957 4947 3346 5006 Verumtamen
3379 4947 3634 5006 observat
3667 4947 3792 5007 Au-

2181 5021 2430 5100 gustinus
2473 5019 2566 5075 lib.
2611 5019 2680 5100 de
2716 5019 3188 5100 Operebionaclt.
3235 5036 3356 5100 c_ap_.
3406 5022 3498 5090 15,
3529 5036 3573 5100 _a
3608 5020 3790 5100 Paulo

2183 5090 2303 5159 ipso
2346 5090 2628 5164 impetrari
2677 5105 2784 5164 non
2831 5092 3098 5164 potuisse,
3146 5102 3210 5164 ut
3244 5090 3563 5164 hujusmodi
3597 5094 3789 5152 munia

2183 5174 2490 5232 exerceret.
2507 5162 2648 5230 Quin
2675 5161 2847 5217 immo
2864 5163 3102 5232 ipsemet
3129 5161 3380 5220 Christus
3403 5163 3666 5219 Dominus
3687 5165 3791 5221 de-

2185 5231 2352 5288 latam
2373 5232 2447 5306 ad
2467 5248 2526 5288 se
2550 5232 2619 5306 de
2633 5231 2960 5302 patrimonio
2981 5235 3124 5306 quod
3141 5232 3368 5291 fratrum
3390 5236 3618 5292 duorum
3644 5235 3792 5294 alter

2183 5305 2508 5378 cumgaltero
2533 5304 2776 5378 dividere
2810 5304 3050 5378 nolebat,
3083 5308 3359 5378 querelam
3391 5323 3514 5364 non
3541 5305 3786 5366 admisit.

2183 5374 2322 5450 Quid
2355 5375 2519 5450 igitur
2542 5376 2762 5450 mirum,
2779 5375 2827 5450 si
2849 5374 3226 5450 sanctissimos
3246 5393 3492 5450 quosque
3510 5379 3792 5436 antistites

2187 5447 2331 5521 hanc
2361 5447 2534 5521 litium
2567 5447 2990 5521 decidendarum
3019 5447 3426 5518 necessitatem,
3457 5451 3557 5507 sibi
3604 5465 3788 5521 popu-

2182 5517 2360 5573 lorum
2393 5517 2742 5594 improbitate
2771 5520 3072 5588 obtrusam,
3121 5531 3232 5576 tam
3268 5517 3624 5594 frequenter;
3649 5517 3791 5578 tam-

2185 5604 2291 5673 que
2317 5591 2557 5673 graviter
2580 5599 2806 5660 questos
2835 5595 3194 5673 reperiamus.

2260 5659 2288 5738 ξ
2319 5659 2430 5716 Cic.
2462 5661 2552 5738 lib.
2575 5659 2644 5738 tt,
2684 5677 2804 5732 pag.
2834 5663 2960 5727 584,
2988 5663 3088 5738 lin.
3117 5663 3188 5719 24
3213 5681 3234 5738 :_
3260 5662 3306 5738 Α
3335 5681 3436 5731 quo
3457 5664 3594 5719 enim
3632 5679 3796 5738 expe-

2181 5733 2341 5790 ditior
2361 5743 2408 5790 et
2434 5734 2648 5790 celerior
2675 5737 3022 5790 remuneratio
3051 5735 3406 5810 foreyidetur,
3437 5743 3544 5793 etc.
