4078 6306
229 313 336 380 ιδ’]

1273 323 1359 380 DE
1400 324 1697 383 OFFICIIS
1741 322 2214 384 MINISTRORUM
2257 327 2390 384 LIB.
2433 329 2494 385 ll.

3443 335 3542 393 I58

227 439 491 495 formam:
521 444 579 494 ut
608 435 694 495 his
724 436 902 511 potius
936 444 1119 494 nostra
1158 440 1502 497 conferamus
1536 439 1822 505 beneﬁcia,
1853 443 1903 502 Α
1931 442 2180 496 tubarum
2233 439 2661 496 sacerdotalinm
2713 455 2850 496 sono
2893 439 3225 509 corruisset,
3279 452 3336 499 et
3379 444 3542 502 Iesus

226 531 319 601 qui
361 533 518 587 nobis
549 549 614 587 ea
645 550 750 587 non
783 542 1005 601 possunt
1051 543 1464 605 reprzesentare,
1509 535 1716 590 docens
1758 536 1825 591 ad

222 627 536 681 convivium
568 636 732 694 atque
757 627 946 695 epulas
974 641 1078 679 ιιοιι
1111 643 1207 682 eos
1228 629 1320 698 qui
1351 627 1545 683 divites
1567 641 1712 692 sunt,
1731 628 1825 683 sed

224 734 496 791 pauperes
538 719 864 774 invitandos.
893 720 1096 776 Divites
1140 722 1283 775 enim
1321 724 1495 793 rogari
1550 721 1827 789 videntur,

223 814 407 883 utipsi
437 831 656 885 quoque
696 815 852 870 nobis
880 815 1108 870 reddant
1154 816 1496 881 convivium;
1534 832 1822 885 pauperes,

222 909 345 980 quia
394 926 502 962 non
554 908 922 980 habentquod
968 911 1277 974 restituant,
1311 925 1434 964 cum
1487 909 1820 977 acceperint,

219 1012 687 1059 remuneratorem
721 1004 877 1059 nobis
904 1003 1110 1059 faciunt
1155 1005 1464 1072 Dominum,
1495 1006 1587 1076 qui
1617 1020 1675 1060 se
1727 1021 1826 1075 pro

219 1112 458 1170 paupere
488 1098 838 1170 obligandum
870 1099 1084 1154 obtulit.

293 1191 417 1246 1‘27.
460 1189 542 1246 Ad
569 1192 742 1261 ipsum
769 1208 982 1263 quoque
1010 1191 1193 1247 szrculi
1224 1207 1380 1247 usum
1405 1191 1624 1246 collatio
1660 1191 1825 1247 bene-

218 1283 325 1340 ﬁcii
358 1283 495 1338 facta
530 1284 581 1338 in
613 1300 882 1354 pauperes
906 1285 1076 1355 magis
1103 1301 1262 1355 Quam
1289 1285 1339 1338 iu
1373 1284 1674 1353 locupletes
1702 1286 1822 1353 plus

213 1378 400 1451 juvat;
435 1387 460 1414 η
491 1377 615 1448 quia
649 1378 800 1433 dives
827 1377 1150 1448 dedignatur
1186 1379 1529 1441 beneficium,
1561 1387 1614 1432 et
1657 1377 1825 1448 pudet

217 1486 342 1527 eum
389 1471 697 1525 debitorem
743 1486 866 1526 esse
905 1471 1110 1540 gratio.
1163 1471 1304 1539 Quin
1358 1471 1520 1524 etiam
1568 1470 1620 1524 id
1677 1469 1820 1539 quod

216 1566 479 1622 collatum
534 1574 620 1620 cst
651 1566 776 1632 sibi,
822 1567 1033 1621 meritis
1083 1570 1196 1621 suis
1226 1577 1464 1636 arrogat,
1495 1566 1638 1636 quod
1671 1566 1823 1620 velut

215 1657 457 1715 debitum
501 1659 796 1727 acceperit,
849 1659 932 1713 vel
975 1659 1097 1714 ideo
1141 1659 1326 1714 datutn
1379 1662 1451 1713 sit
1481 1676 1546 1714 eo
1575 1661 1717 1729 quod
1777 1659 1821 1713 is

213 1754 306 1820 qui
365 1750 536 1816 dedit,
595 1750 928 1804 reddendam
954 1752 1056 1805 sibi
1105 1766 1134 1805 a
1183 1751 1352 1806 divite
1391 1752 1610 1805 uberius
1631 1751 1820 1805 existi-

1928 534 2075 591 NM‘C
2134 537 2397 605 pmiretttr
2453 537 2706 595 victoria,
2739 536 2992 607 Cognovit
3042 537 3366 591 ittlit'tnatattt
3417 555 3540 594 esse

1929 631 2180 684 virtutem
2217 633 2399 701 populi
2451 647 2547 701 per
2573 631 2891 697 avaritiam,
2921 641 3083 692 atque
3120 633 3238 687 auri
3272 633 3541 692 cunidita-

1928 732 2058 779 teut.
2092 724 2222 779 Nam
2279 742 2400 781 cum
2433 726 2501 780 de
2553 727 2742 794 spoliis
2776 727 2924 780 urbis
2960 729 3198 782 IIICI'IIS:P.
3230 729 3544 785 sustulisset

1931 816 2108 870 Achar
2142 828 2344 872 vestem
2377 835 2598 874 auream
2628 861 2642 884 ,
2703 829 2758 873 et
2785 819 3014 874 dueenta
3040 823 3248 891 argi-nti
3280 821 3537 876 didrach-

1927 921 2092 973 mala,
2124 922 2177 964 et
2211 907 2237 948 ἀ
2276 911 2509 982 linguam
2543 929 2798 978 auream,
2832 915 3045 967 Oltlﬂllls
3079 915 3312 969 υοιηίιιο
3340 929 3541 986 negare

1925 1017 2032 1057 non
2065 1005 2259 1073 potuit,
2283 1005 2378 1060 sed
2414 1005 2648 1075 prodidit
2669 1005 2866 1060 furtum
2889 1005 3071 1078 (Iosue
3101 1023 3196 1070 vn,
3220 1008 3281 1063 l9
3310 1021 3356 1062 et
3378 1010 3534 1077 seq.).

1999 1101 2121 1155 150.
2170 1098 2335 1154 Vetus
2364 1101 2528 1168 igitur
2555 1111 2608 1154 et
2635 1103 2849 1170 antiqua
2879 1103 3101 1156 avaritia
3131 1110 3235 1168 est,
3266 1119 3386 1172 quae
3410 1118 3534 1158 cum

1925 1191 2096 1262 ipsius
2147 1192 2344 1247 divinae
2385 1196 2518 1262 legis
2549 1197 2713 1262 cmpit
2764 1195 3035 1262 oraculis,
3088 1198 3255 1251 immo
3315 1209 3538 1267 pr0pler

1925 1284 2096 1355 ipsam
2127 1288 2528 1351 reprimendam
2576 1288 2660 1344 lex
2711 1290 2888 1344 delata
2921 1301 3026 1344 est.
3089 1291 3319 1361 Propter
3362 1294 3539 1346 aiari-

1927 1379 2054 1433 tiam
2089 1379 2286 1435 BaIat-h
2319 1384 2527 1449 putavit
2577 1383 2794 1437 Balaam
2829 1385 3066 1453 praemiis
3093 1401 3254 1455 posse
3300 1385 3535 1452 tentari,

1925 1481 1984 1526 ut
2014 1474 2366 1529 malediceret
2395 1477 2655 1545 populum
2682 1490 2893 1547 patrum
2914 1496 2926 1532 :
2947 1491 3002 1534 et
3035 1479 3251 1535 vicisset
3287 1483 3536 1548 avaritia,

1926 1567 2030 1622 nisi
2063 1567 2328 1625 Dominus
2359 1587 2390 1625 a
2439 1573 2728 1652 mali-dcto
2762 1584 2785 1610 θ
2816 1592 2938 1628 eum
2981 1577 3259 1631 abstinere
3284 1578 3544 1647 jussisset

1925 1660 2114 1730 (Num.
2149 1680 2290 1726 χχιι,
2344 1666 2376 1719 7
2405 1678 2450 1718 et
2478 1666 2634 1737 seq).
2688 1661 2925 1736 Propter
2950 1671 3233 1724 avaritiam
3285 1673 3541 1742 pra-cipi-

1925 1763 2068 1809 talus
2100 1759 2308 1820 Achar,
2366 1760 2418 1812 iu
2476 1761 2701 1814 entiam
2753 1762 3059 1816 deduxerat
3116 1775 3282 1817 lotam
3321 1765 3538 1832 plebem

214 1847 477 1900 maverit.‘
503 1847 580 1902 Ita
631 1845 684 1902 in
726 1846 1046 1916 accipiendo
1090 1848 1372 1910 hem-licio,
1407 1862 1472 1902 eo
1509 1849 1630 1918 ipso
1675 1846 1817 1913 quod
1853 1840 1896 1898 Β
1927 1858 2232 1916 parentum.
2262 1849 2452 1918 Itaque
2483 1851 2642 1907 .lcsus
2664 1853 2832 1912 Nare.
2865 1857 2954 1919 qui
2978 1856 3144 1922 potuit
3175 1855 3193 1894 ί
3228 1859 3397 1912 solem
3424 1869 3542 1913 sta-

213 1941 531 2006 acceperint
560 1939 777 2005 divites,
807 1941 1027 1996 dedisse
1059 1954 1118 1994 se
1146 1940 1316 2010 magis
1346 1956 1504 2008 quam
1541 1939 1822 2008 accepi-se

211 2033 532 2088 exi5lituanl
563 2047 581 2086 ’τ
614 2031 642 2071 δ
675 2049 882 2104 ptuper
902 2048 1033 2086 vero
1061 2036 1162 2086 etsi
1204 2048 1310 2086 It0It
1341 2032 1504 2086 habet
1533 2031 1674 2085 Utttlt:
1699 2032 1824 2085 red-

212 2126 308 2182 dat
353 2125 662 2197 pecuniam,
709 2125 877 2182 refert
928 2126 1179 2197 gratiam.
1234 2126 1288 2180 In
1330 2141 1439 2196 quo
1484 2141 1694 2181 certum
1737 2134 1824 2182 est

211 2220 358 2290 quod
396 2219 517 2284 plus
571 2218 785 2283 reddat,
837 2233 998 2288 quam
1048 2217 1350 2286 acceperit;
1399 2217 1626 2288 pecunia
1676 2219 1820 2271 enim

212 2327 442 2368 nummo
459 2313 713 2378 solvitur,
731 2313 900 2382 gratia
923 2326 1212 2382 numquam
1231 2312 1557 2365 exinanitur.
1576 2311 1824 2366 Redden-

210 2407 282 2462 do
305 2417 568 2462 vacuatur
587 2405 810 2477 pecunia
830 2405 1026 2477 :gratia
1042 2415 1220 2458 autent
1240 2416 1290 2460 et
1309 2403 1557 2458 habendo
1573 2405 1820 2468 solvitur,

223 2512 278 2560 et
323 2503 588 2558 solvendo
628 2501 918 2556 retinetur.
951 2500 1154 2556 Deinde
1199 2500 1341 2570 quod
1393 2499 1553 2554 dives
1603 2499 1818 2568 refugit,

212 2612 420 2666 pauper
469 2595 670 2651 fatetur
715 2594 860 2662 quod
910 2595 979 2649 sit
1038 2595 1307 2664 obligatus
1354 2592 1561 2656 debito,
1611 2595 1824 2663 sibique

211 2692 567 2754 Subventnm,
593 2705 698 2743 non
732 2689 923 2742 honori
956 2703 1054 2740 suo
1093 2687 1332 2741 delatum
1377 2695 1530 2757 potat
1555 2705 1568 2739 :
1595 2686 1825 2740 donatos

209 2783 318 2838 sibi
348 2785 648 2837 arbitratur
673 2782 835 2844 tilios,
861 2784 1022 2835 vitam
1049 2779 1341 2846 redditam,
1367 2790 1642 2834 servatam
1670 2779 1826 2835 fanti-

205 2873 367 2931 liam.
410 2875 629 2942 Quanto
674 2875 833 2945 igitur
876 2875 1070 2929 melius
1101 2873 1244 2945 apud
1277 2876 1471 2939 bonos,
1499 2890 1659 2945 quam
1683 2873 1823 2942 apud

209 2968 459 3038 ingratos
495 2970 676 3024 Iocare
701 2968 1022 3024 ltenelicium
1050 2967 1073 3020 ’ἶ

281 3063 416 3119 128.
462 3062 618 3118 Unde
667 3063 925 3117 Dominus
969 3061 1036 3116 ad
1089 3061 1393 3132 discipulos
1451 3060 1528 3115 ait
1581 3077 1594 3113 :
1648 3059 1826 3115 Nolite

208 3158 477 3232 possidere
505 3175 714 3222 aurum,
745 3174 906 3225 neque
952 3168 1244 3228 argentum,
1298 3173 1456 3226 neque
1497 3157 1772 3225 pecuniam
1805 3173 1824 3222 ,-

1930 1950 2113 2008 tucre,
2171 1959 2239 1998 ne
2289 1945 2609 2014 proeedcret
2639 1947 2836 2018 (Josue
2863 1966 2918 2012 ι,
2953 1951 3040 2009 1'2.
3081 1952 3219 2022 15),
3254 1953 3540 2008 avaritiam

1929 2035 2208 2092 hominum
2239 2057 2344 2093 non
2377 2043 2550 2110 potuit
2575 2043 2789 2109 siSIere,
2825 2060 2892 2097 ne
2923 2057 3189 2110 serperet.
3236 2045 3317 2100 Ad
3349 2063 3538 2101 vocem

1928 2129 2045 2201 ejus
2077 2132 2160 2186 sol
2193 2134 2362 2197 alﬁlll,
2394 2135 2617 2188 avaritia
2643 2151 2750 2191 non
2783 2138 2952 2191 stetit.
2975 2138 3106 2192 Sole
3138 2139 3319 2207 itaque
3342 2147 3543 2206 stante,

1928 2223 2165 2280 confecit
2211 2225 2371 2281 Jesus
2404 2227 2782 2296 triumphum:
2844 2231 3072 2285 avaritia
3127 2243 3310 2288 autent
3359 2249 3549 2304 proce-

1927 2316 2113 2380 dente,
2148 2334 2286 2388 pene
2307 2320 2490 2376 amisit
2520 2321 2824 2376 victoriam.

2001 2411 2124 2466 131.
2168 2414 2306 2478 Quid
2367 2413 2720 2468 fortissimmn
2755 2416 3005 2471 omnium
3063 2417 3292 2472 Samson
3317 2459 3332 2483 ,
3365 2434 3547 2475 nonne

1929 2503 2116 2560 Dalilm
2146 2509 2397 2564 mulieris
2441 2511 2663 2563 avaritia
2697 2511 2947 2579 deet-pit?
3004 2511 3191 2581 Itaque
3218 2513 3308 2566 ille
3337 2513 3426 2582 qui
3456 2529 3546 2566 ru-

1924 2605 2160 2672 gientem
2192 2604 2402 2658 leonem
2438 2604 2686 2658 inanibus
2713 2605 3003 2674 discerpsit
3036 2605 3170 2665 suis.
3204 2606 3294 2675 qui
3330 2608 3543 2661 vinctus

1931 2704 1986 2748 et
2015 2696 2332 2766 alienigenis
2387 2696 2636 2758 traditus,
2670 2698 2786 2752 sine
2819 2698 2927 2750 ttllo
2969 2699 3219 2764 adjutnre
3250 2699 3400 2752 solus
3428 2699 3541 2753 dis-

1933 2787 2127 2841 SoltIlis
2169 2787 2435 2851 vinculis,
2485 2787 2634 2843 mille
2681 2806 2745 2844 ex
2793 2788 2876 2843 his
2926 2791 3156 2857 pet'eIIIil
3213 2791 3405 2843 viros:
3453 2792 3545 2860 qui

1929 2879 2086 2935 funes
2119 2883 2336 2935 intextis
2367 2883 2551 2936 nervis
2582 2883 2722 2935 velut
2751 2883 2931 2936 mollia
2963 2886 3126 2952 sparti
3150 2883 3234 2937 ﬁla
3264 2883 3500 2950 disrupit
3527 2901 3541 2948 ;

1931 2973 1976 3028 is
1998 2989 2161 3044 Super
2191 2990 2363 3045 genua
2405 2975 2648 3030 mulieris
2699 2976 2894 3030 inflexa
2946 2977 3163 3029 cervice
3215 2987 3501 3030 truncatus
3531 3019 3544 3042 ,

1932 3065 2113 3119 invicti
2164 3067 2333 3121 crinis
2367 3077 2651 3129 oruatmn,
2705 3067 3119 3140 [ιινςιιι-ιιεκιίνέιιιι
3177 3082 3286 3120 sane
3330 3067 3549 3123 virtutis

1929 3160 2132 3212 atnisit.
2192 3158 2409 3213 Inﬂuxit
2441 3158 2669 3227 pecunia
2704 3160 2755 3211 itt
2804 3175 3068 3228 gremium
3103 3160 3372 3224 mulieris,
3425 3169 3479 3214 et
3510 3176 3539 3214 a

209 3253 434 3327 (Matth.
471 3271 524 3319 ς,
557 3255 655 3324 9);
685 3254 804 3324 quia
840 3253 985 3308 velut
1015 3252 1172 3315 falce,
1205 3250 1559 3320 pullulantem
1595 3253 1645 3303 in
1695 3265 1817 3320 pec.
1848 3241 1894 3303 C
1926 3253 2042 3305 viro
2069 3252 2318 3307 discessit
2343 3252 2510 3322 gratia
2539 3251 2742 3324 (Judic.
2775 3267 2888 3316 ut,
2922 3253 2955 3306 5
2983 3263 3030 3305 et
3057 3261 3213 3322 seq).

209 3348 424 3403 toribus
459 3347 709 3401 humanis
758 3346 987 3402 succidit
1025 3346 1326 3401 avaritiam.
1363 3345 1558 3400 Petrus
1605 3360 1824 3416 quoque

208 3442 428 3504 claudo,
476 3442 568 3512 qui
598 3457 668 3496 ex
722 3452 876 3498 utero
931 3443 1121 3496 matris
1153 3456 1268 3496 sua:
1319 3441 1656 3510 portabatur,
1704 3439 1820 3494 ait:

209 3535 503 3607 Argentum
533 3546 580 3588 et
607 3552 791 3589 aurum
838 3552 941 3589 non
971 3535 1132 3588 habeo
1162 3551 1182 3588 :
1213 3534 1303 3588 sed
1355 3534 1494 3604 quod
1520 3533 1706 3597 habeo,
1756 3533 1822 3587 do

209 3630 318 3683 tibi.
353 3627 425 3682 In
482 3629 687 3682 nomine
735 3627 860 3682 Jesu
903 3627 1097 3682 Christi
1150 3626 1415 3681 Nazareni
1443 3645 1594 3700 surge
1637 3638 1685 3680 et
1713 3643 1824 3680 am-

209 3725 329 3779 bula
354 3724 512 3795 (Act.
543 3740 620 3788 III,
645 3723 737 3794 6).
771 3723 955 3792 Itaque
983 3723 1272 3794 pecuniam
1322 3737 1427 3775 non
1459 3721 1631 3786 dedit,
1678 3721 1821 3775 sani-

209 3823 374 3872 tatem
417 3816 587 3872 dedit.
623 3817 839 3885 Qaanto
872 3818 1067 3872 melius
1098 3816 1433 3871 estsalutem
1469 3815 1672 3870 habere
1704 3816 1822 3870 sine

207 3912 466 3984 pecunia,
491 3927 652 3981 quam
684 3912 972 3982 pecuniam
1002 3912 1121 3967 sine
1150 3912 1360 3966 salute!
1392 3911 1638 3964 Surrexit
1668 3910 1820 3964 clau-

207 4006 327 4072 dus,
381 4006 530 4078 quod
578 4022 685 4061 non
743 4008 1044 4075 sperabat:
1095 4007 1376 4076 pccouiam
1424 4020 1532 4059 non
1585 4005 1816 4074 accepit,

207 4113 366 4170 quam
406 4100 681 4170 sperabat.
716 4099 823 4155 Sed
855 4099 970 4154 haec
1003 4100 1087 4154 vix
1130 4101 1180 4153 in
1222 4102 1426 4154 sanctis
1469 4098 1686 4154 Domini
1734 4114 1820 4153 re-

207 4195 516 4263 periuntur,
545 4192 834 4249 ul‘tlivititn
859 4193 1195 4263 Contetttptui
1220 4195 1346 4247 sint.

662 4309 815 4382 ιοι
857 4307 1084 4365 canor
1127 4307 1321 4364 xxw.

211 4421 376 4490 Quam
423 4437 570 4480 vetus
613 4425 809 4478 malum
851 4427 915 4480 sit
954 4426 1207 4488 avaritia,
1245 4425 1419 4479 multis
1449 4425 1631 4478 veteris
1659 4433 1818 4478 testa-

273 4519 434 4571 menti
465 4518 713 4587 exemplis
735 4518 933 4572 clarum
957 4534 1099 4585 esse;
1122 4517 1345 4587 hincque
1374 4528 1622 4588 prteterea
1644 4528 1819 4589 patere

274 4628 429 4682 quam
463 4614 638 4666 inanis
660 4613 724 4667 sit
747 4613 1084 4684 pecuniarum
1106 4613 1381 4682 possessio.

276 4728 402 4784 1‘29.
448 4728 720 4784 Cancrum
764 4729 837 4784 ita
876 4729 1242 4785 iucubuerunt
1268 4741 1287 4766 ε
1321 4743 1500 4783 mores
1534 4727 1812 4784 hominum
1841 4716 1896 4778 D

207 4819 570 4877 admiratioiie
599 4821 950 4888 divitiarum,
1007 4834 1064 4876 ut
1102 4837 1265 4878 nemo
1298 4821 1398 4875 nisi
1429 4820 1582 4875 dives
1611 4821 1817 4877 honore

208 4913 404 4986 dignus
440 4926 679 4986 putetur.
735 4915 921 4988 Neque
980 4916 1068 4972 hic
1105 4933 1297 4972 recens
1327 4931 1458 4971 usus
1493 4933 1506 4969 :
1540 4916 1636 4971 sed
1677 4916 1817 4985 jam-

207 5005 432 5071 dudum,
457 5009 603 5080 quod
639 5009 790 5080 pejus
821 5021 923 5075 cst,
960 5009 1184 5064 inolevit
1213 5009 1315 5063 ltoc
1343 5010 1531 5063 vitium
1565 5010 1815 5065 humanis

209 5105 502 5160 mentibus.
560 5103 846 5177 Siquidem
901 5119 1026 5160 cum
1073 5104 1330 5160 Hiericho
1381 5119 1572 5175 magna
1621 5105 1815 5161 civitas

276 5311 301 5338 ἰ
338 5304 458 5359 Cic.
510 5304 604 5358 lib.
650 5301 891 5365 uOllic.,
922 5315 977 5372 p.
1002 5299 1130 5366 δει,
1166 5299 1261 5354 litt.
1289 5297 1358 5354 29
1392 5297 1498 5353 :At
1526 5297 1614 5368 qui
1643 5312 1697 5350 se
1720 5297 1768 5350 lo

276 5321 301 5338 "
338 5321 458 5359 hlc.
512 5321 604 5358 III).
650 5321 687 5356 II
708 5321 891 5365 UIIIC.,
922 5321 977 5372 p.
1003 5321 1130 5366 eos,
1166 5321 1261 5354 IIII.
1291 5321 1358 5354 zu
1392 5321 1498 5353 :as
1526 5321 1614 5368 qut
1643 5321 1697 5350 ac
1720 5321 1768 5350 tu

209 5377 432 5435 captetes
459 5376 764 5434 honoratos.
782 5385 888 5428 ctc.
1769 5321 1808 5493 >

276 5448 304 5486 b
332 5449 494 5493 Ihid-_
522 5449 617 5493 lin-
652 5446 722 5493 53
762 5462 774 5493 :
818 5448 878 5493 At
911 5459 1025 5493 vero
1067 5444 1156 5493 ille
1181 5442 1381 5493 tenuis.
1411 5458 1525 5493 cum
1555 5439 1766 5493 auidaui

276 5448 304 5486 ιι
332 5449 496 5512 lbid.,
522 5449 618 5502 tiu.
652 5446 722 5500 53
762 5462 774 5498 :
818 5448 878 5498 At
911 5459 1025 5498 vero
1067 5444 1156 5496 ille
1181 5442 1381 5511 tenuis,
1411 5458 1525 5496 cunt
1555 5439 1766 5511 quidqui

214 5519 398 5589 factum
425 5522 512 5581 sit,
547 5537 602 5573 se
630 5527 915 5584 spectatum
940 5527 1099 5584 putet,
1130 5526 1236 5589 etc.

279 5593 301 5622 °
329 5590 493 5650 lbid.,
525 5593 620 5643 lin.
649 5590 722 5643 43
751 5607 763 5640 :
801 5589 903 5643 Sed
944 5588 1178 5652 eoi-rupti
1208 5603 1380 5641 mores
1438 5585 1808 5656 depravatique

215 5674 325 5715 sunt
349 5663 700 5716 admiratione
721 5661 1044 5722 divitiarum,
1073 5674 1179 5714 etc.

278 5733 303 5769 (ί
341 5733 416 5787 Ita
467 5733 595 5787 Era.
625 5749 749 5787 cum
791 5741 1043 5798 sequuttt.
1073 5734 1206 5786 edit.
1241 5746 1304 5785 ac
1333 5729 1636 5799 potioribus
1674 5745 1806 5785 mss.

215 5803 428 5861 Amet-Ii.
481 5822 631 5869 vero,
667 5806 889 5866 lineam;
922 5815 976 5857 et
999 5820 1130 5858 mss.
1177 5821 1282 5857 non
1319 5805 1508 5870 pauci,
1537 5805 1768 5866 renutant
1793 5842 1808 5864 ,

215 5877 406 5947 aliqui,
437 5878 688 5931 laminam
714 5893 941 5930 aureum.
974 5875 1042 5930 Et
1067 5875 1198 5930 infra
1233 5875 1324 5930 ubi
1355 5891 1454 5932 nos
1482 5891 1606 5931 cum
1625 5874 1818 5930 melio-

745 5968 1019 6029 ΡΑτιιοι..
1083 5966 1254 6029 XVI.

2003 3346 2123 3402 152.
2170 3346 2378 3400 Feralis
2408 3347 2572 3416 igitur
2600 3346 2860 3411 avaritia,
2918 3347 3235 3400 illerehrosa
3271 3347 3498 3415 pecunia
3527 3390 3540 3412 ,

1925 3456 2047 3510 qute
2077 3441 2339 3495 habentes
2365 3441 2724 3505 Contaminat,
2754 3458 2859 3493 non
2889 3441 3154 3496 habentes
3177 3458 3282 3495 non
3308 3441 3462 3512 juvat
3491 3453 3540 3498 κ.

1928 3533 2062 3589 Esto
2086 3543 2263 3590 tamen
2296 3544 2351 3588 ut
2373 3535 2666 3604 aliquando
2696 3535 2910 3603 adjuvet
2948 3536 3196 3604 pecunia,
3225 3536 3540 3592 inferiorem

1927 3637 2106 3684 tamen
2136 3639 2190 3683 ct
2224 3630 2392 3700 ip~am
2420 3629 2844 3684 desiderantem.
2871 3629 3010 3698 Quid
3054 3629 3119 3682 ad
3155 3646 3278 3682 eum
3311 3631 3399 3700 qui
3435 3646 3543 3686 non

1924 3722 2193 3777 desiderat
2225 3764 2239 3784 ,
2269 3723 2358 3792 qui
2387 3739 2491 3776 non
2523 3722 2785 3792 requirit,
2817 3722 2910 3792 qui
2947 3723 3149 3776 auxilio
3177 3721 3296 3789 ejus
3325 3739 3429 3776 non
3467 3723 3548 3778 itt-

1925 3815 2089 3886 diget,
2125 3816 2305 3869 studio
2330 3832 2434 3869 non
2466 3814 2740 3869 ﬂectitur?
2787 3815 2924 3880 Qttid
2975 3816 3040 3868 ad
3073 3814 3234 3879 alios,
3259 3815 3301 3868 si
3351 3817 3420 3868 sit
3453 3817 3545 3871 ille

1923 3911 2196 3979 eopiosior
2245 3912 2334 3979 qui
2396 3910 2593 3963 habet?
2641 3909 2908 3980 Numquid
2967 3910 3170 3964 idcirco
3225 3909 3538 3974 honestior;

1921 4005 2042 4074 quia
2076 4005 2236 4060 habet
2266 4021 2373 4074 quo
2406 4005 2666 4059 ltottcSIas
2693 4005 3012 4075 plerumque
3064 4003 3328 4056 amittitur
3352 4045 3366 4068 ,
3412 4004 3540 4073 quia

1924 4097 2084 4151 habet
2127 4099 2271 4168 quod
2325 4097 2516 4152 custod
2543 4107 2596 4149 at
2642 4098 2812 4165 magis
2851 4112 3009 4165 quam
3055 4097 3197 4157 quod
3231 4095 3540 4163 possideat?

1921 4189 2058 4244 Illud
2084 4192 2228 4244 enittt
2254 4188 2592 4260 p()S.~ltltflltlIs
2615 4206 2721 4257 quo
2748 4191 2972 4241 utimur:
3003 4187 3157 4259 102
3177 4186 3318 4256 quod
3351 4195 3533 4242 :IttlI'III

1921 4286 2060 4339 ultra
2091 4301 2244 4339 usum
2274 4293 2388 4344 est,
2435 4297 2542 4337 non
2579 4283 2765 4349 utique
2815 4281 2976 4336 habet
3023 4280 3388 4352 possessionis
3426 4281 3538 4335 fru~

1921 4390 2090 4447 ctum,
2125 4378 2221 4434 sed
2259 4377 2522 4433 custodia:
2557 4375 2882 4445 peticnlttm.

2457 4495 2686 4552 CAPUT
2749 4492 2968 4550 XXVII.

1926 4612 1992 4668 In
2020 4613 2252 4687 pecunia:
2282 4619 2574 4680 contemptu
2623 4609 2787 4662 inesse
2828 4610 3053 4679 formam
3087 4605 3350 4679 justitic:
3380 4621 3538 4677 quam

1995 4710 2232 4762 vittutem
2272 4722 2361 4760 nec
2390 4722 2494 4758 non
2523 4705 2656 4758 alias
2694 4703 2976 4756 nonnullas
3005 4702 3191 4754 sectari
3223 4703 3404 4757 debent
3429 4713 3536 4756 tam

1998 4801 2169 4856 clerici
2214 4816 2368 4869 quam
2397 4799 2688 4862 antistites;
2736 4796 2821 4850 ubi
2869 4797 3189 4864 potissimum
3219 4795 3283 4849 de
3317 4811 3420 4850 non
3464 4798 3539 4866 [e-

1995 4896 2156 4950 renda
2189 4893 2572 4963 prtrcipitunter
2613 4888 3167 4945 excommunicatione.

1998 5012 2122 5066 155.
2178 5009 2256 5064 Ad
2309 5023 2578 5064 summam
2625 5008 2878 5061 noiimtts
2917 5005 3060 5076 quod
3116 5003 3359 5075 peCunizc
3400 5021 3532 5061 con-

1924 5103 2411 5177 temptusjustitiac
2439 5103 2614 5159 forma
2657 5102 2758 5168 sit;
2808 5109 2864 5156 et
2892 5101 3015 5156 ideo
3045 5102 3330 5155 avaritiam
3360 5098 3529 5155 decli-

1906 5293 1982 5350 ris
2011 5294 2110 5347 aevi
2155 5291 2278 5349 cod.
2310 5293 2394 5346 lea:
2423 5291 2598 5346 delata
2625 5299 2721 5352 est,
2754 5289 2845 5344 alii
2874 5287 3070 5356 partim
3092 5301 3213 5338 cum
3248 5295 3360 5338 ant.
3386 5285 3518 5341 edit.

1909 5368 1995 5421 lea:
2016 5366 2108 5419 Dei
2139 5365 2262 5418 data
2292 5375 2382 5420 est.
2415 5365 2612 5432 partim
2637 5379 2757 5415 eum
2789 5363 2948 5414 Itoni.
2979 5361 3068 5432 lex,
3097 5358 3191 5410 Dei
3216 5359 3323 5410 luta
3352 5368 3447 5410 est.

1987 5449 2009 5475 ι’
2051 5440 2254 5491 Umues
2286 5429 2449 5498 editi,
2501 5453 2616 5489 eum
2655 5435 2910 5488 abstinere
2939 5431 3203 5490 vetuisset,
3240 5429 3522 5485 Contrario

1911 5521 1966 5566 ct
1998 5509 2182 5576 inepto
2211 5524 2394 5569 sensu,
2423 5508 2508 5560 cui
2541 5521 2716 5561 tamen
2747 5507 2910 5559 etiam
2953 5518 3142 5576 oumes
3176 5514 3308 5553 mss.
3343 5515 3524 5576 Italro-

1912 5573 2187 5640 cinautur,
2210 5593 2438 5648 cxwpto
2467 5579 2689 5632 Futliac.
2719 5595 2876 5646 quem
2904 5577 3006 5628 hoc
3037 5573 3157 5626 loco
3183 5577 3398 5628 eat-teris
3427 5575 3521 5628 du-

1913 5655 2089 5708 cimus
2122 5653 2567 5718 prthiotteiulmn.

1995 5724 2013 5762 ί
2062 5715 2272 5778 Erasm.
2308 5734 2361 5776 et
2392 5739 2508 5782 sm.
2540 5720 2694 5778 edit.,
2728 5717 2885 5770 solem
2913 5715 3118 5769 sistere.

1993 5807 2018 5845 ε
2057 5796 2173 5850 Cic.
2209 5795 2300 5848 lib.
2334 5811 2367 5847 ιι
2395 5793 2577 5863 Ollio”
2602 5808 2654 5861 p.
2687 5790 2812 5854 584,
2843 5790 2936 5842 Ιιιι.
2969 5787 3040 5844 45
3067 5806 3079 5842 :
3104 5787 3267 5844 Illum
3307 5792 3527 5860 fortass:

1920 5869 2158 5940 adjuvat,
2191 5869 2280 5936 qui
2308 5864 2480 5929 liabet,
2505 5873 2609 5919 etc.
