4078 6306
237 336 340 399 111

1287 340 1378 396 DE
1419 339 1505 395 OF
1511 337 1708 397 FICIIS
1744 333 2221 398 MINISTRORUM
2265 338 2394 396 LIB.
2437 339 2498 395 ll.

3445 344 3557 398 142

233 451 423 520 guinis
446 459 472 489 't
501 452 836 524 agnoscitur,
866 466 991 507 eum
1024 452 1076 508 in
1103 460 1332 524 utroque
1361 452 1558 509 viderit
1587 454 1837 525 redemp—
1863 451 1917 515 Α
1941 453 2066 524 quia
2100 451 2390 509 humandis
2425 450 2662 520 lidelium
2689 451 2934 522 reliquiis
2962 453 3136 526 spatia
3171 453 3349 509 laxata
3383 472 3508 511 sunt
3537 474 3550 510 :

237 547 482 612 tionem;
519 557 577 602 ut
605 549 746 603 calix
781 547 848 604 ab
894 546 1048 602 hoste
1085 547 1333 611 redimat,
1384 563 1524 618 quos
1549 547 1773 621 sanguis
1806 565 1836 604 a

233 650 462 710 peccato
490 640 736 696 redimit.
768 641 936 709 Quam
965 640 1272 711 pulchrum,
1317 650 1374 695 ut
1406 655 1530 696 cum
1552 639 1580 680 ιι
1622 640 1835 711 agmina

234 736 580 804 captivorum
637 735 706 790 ab
746 735 982 790 Ecclesia
1028 735 1392 798 redimuntur,
1443 734 1698 790 dicatur:
1729 734 1838 791 Hos

232 827 486 883 Christus
517 829 777 885 redemit!
808 829 950 884 Ecce
994 845 1182 885 aurum
1206 829 1348 900 quod
1382 829 1600 901 probari
1631 838 1839 900 potest,

232 936 362 978 ecce
387 937 583 978 aurum
609 923 758 987 utile,
791 937 919 979 ecce
967 938 1157 978 aurum
1186 920 1387 978 Christi
1415 923 1559 994 quod
1587 939 1614 978 a
1666 931 1843 979 morte

231 1013 448 1079 liberat,
480 1030 816 1072 ecceaurum
849 1017 1253 1089 quoredimitur
1274 1017 1558 1090 pudicitia,
1588 1028 1840 1074 servatur

231 1109 482 1164 castitas.

307 1201 432 1257 139.
477 1201 590 1260 Hos
612 1217 744 1272 ergo
773 1203 936 1258 malui
971 1203 1126 1258 vobis
1165 1203 1365 1259 liberos
1409 1203 1643 1271 tradere,
1679 1219 1841 1276 quam

231 1312 424 1351 aurum
452 1311 756 1353 reservare.
793 1297 890 1353 llic
919 1315 1179 1354 numerus
1200 1301 1566 1370 captivorum,
1595 1302 1680 1356 hic
1709 1301 1843 1356 ordo

231 1390 589 1460 prastantior
615 1401 728 1456 est,
770 1405 931 1460 quam
969 1402 991 1429 ο
1045 1391 1259 1461 Species
1305 1393 1649 1462 poculorum.
1706 1393 1844 1448 lluic

231 1483 448 1538 muneri
483 1483 747 1552 prolicere
773 1483 962 1540 debuit
985 1501 1174 1540 aurum
1202 1485 1600 1556 Redemptoris,
1627 1496 1683 1543 ut
1705 1487 1846 1543 redi-

232 1585 412 1631 meret
455 1575 847 1646 periclitantes.
894 1579 1145 1648 Agnosco
1172 1579 1408 1636 infusutn
1447 1596 1580 1636 auro
1621 1581 1843 1652 sangui-

236 1685 360 1726 nem
393 1668 598 1726 Christi
629 1685 735 1726 non
767 1671 945 1726 solum
977 1673 1299 1740 irrutilasse,
1340 1690 1529 1730 verum
1555 1677 1716 1730 etiam
1759 1674 1845 1729 di-

235 1763 378 1818 vinae
408 1763 744 1833 operationis
769 1763 1115 1836 impressisse
1160 1767 1412 1824 virtutem
1455 1769 1846 1839 redemptionis

236 1869 494 1910 munere.

315 1947 438 2004 H0.
482 1947 617 2004 Tale
641 1964 831 2004 aurum
861 1959 1084 2006 sanctus
1107 1960 1314 2023 martyr
1340 1949 1665 2007 Laurentius
1693 1949 1853 2025 10‘.

237 2041 475 2098 Domino
500 2043 822 2109 reservavit,
858 2059 886 2096 ιι
917 2058 1026 2114 quo
1053 2059 1176 2100 cum
1203 2054 1584 2116 quaererentur
1607 2045 1851 2101 thesauri

238 2136 527 2202 Ecclesiae,
555 2137 805 2207 promisit
835 2153 894 2194 se
918 2137 1441 2195 demonstraturum.
1475 2140 1735 2212 Sequenti
1764 2138 1852 2194 die

238 2243 512 2299 pauperes
543 2229 714 2284 duxit.
737 2229 1106 2302 Interrogatus
1126 2231 1213 2287 ubi
1236 2242 1420 2288 essent
1451 2231 1685 2288 thesauri
1717 2248 1853 2304 quos

237 2321 593 2393 promiserat,
621 2323 864 2378 ostendit
893 2339 1155 2394 pauperes
1172 2325 1854 2382 dicenszllisuntthesau-

239 2416 281 2472 ri
315 2415 604 2470 Ecclesiae.
632 2416 696 2470 Et
725 2431 852 2472 vere
873 2418 1136 2484 thesauri,
1162 2419 1214 2472 in
1237 2417 1432 2489 quibus
1469 2419 1723 2476 Christus
1745 2429 1850 2486 est,

242 2508 294 2563 itt
331 2507 532 2578 quibus
563 2507 696 2563 ﬁdes
723 2519 824 2564 est.
854 2508 1098 2578 Denique
1122 2512 1414 2579 Apostolus
1451 2512 1526 2566 ait
1552 2530 1565 2561 :
1594 2511 1857 2568 Habemus

243 2601 549 2657 mesaurum
576 2603 629 2657 in
655 2603 789 2657 vasis
819 2603 1066 2673 ﬁctilibus
1093 2605 1162 2674 (ll
1191 2605 1310 2661 Cor.
1351 2623 1421 2670 tv,
1458 2609 1486 2661 7
1491 2609 1534 2676 ).
1565 2607 1712 2676 Quos
1739 2625 1855 2664 nte-

244 2697 417 2754 liores
445 2698 732 2756 thesauros
765 2701 926 2757 habet
954 2701 1224 2769 Cbristtts,
1255 2721 1414 2775 quant
1449 2721 1542 2760 eos
1578 2707 1629 2759 in
1660 2705 1858 2776 quibus

243 2806 304 2846 se
343 2806 471 2847 esse
495 2791 676 2848 dixit?
701 2795 794 2850 Sic
825 2796 967 2850 enim
991 2798 1248 2866 scriptum
1276 2810 1354 2852 est
1383 2815 1394 2851 :
1431 2796 1640 2852 Esurivi
1659 2841 1672 2861 ,
1699 2808 1748 2854 et
1771 2799 1861 2853 de-

243 2886 400 2941 distis
430 2888 561 2942 mihi
596 2888 952 2944 manducare:
983 2891 1118 2944 sitivi
1136 2934 1148 2953 ,
1183 2901 1227 2944 et
1252 2891 1467 2944 dedistis
1492 2892 1619 2946 milii
1646 2890 1815 2946 bibere
1841 2907 1859 2946 :

246 2980 436 3048 hospes
481 2998 660 3048 erant,
711 2992 755 3036 et
802 2983 1086 3055 collegistis
1128 3000 1206 3038 me
1235 2984 1429 3056 (Matt.
1461 3001 1585 3047 xxv,
1634 2983 1760 3056 55).
1795 2983 1864 3039 Ει

243 3072 387 3129 infra
425 3089 442 3128 :
489 3073 642 3141 Quod
681 3077 815 3130 enim
862 3077 954 3130 uni
998 3076 1186 3130 horam
1237 3079 1464 3150 fecistis,
1514 3078 1640 3132 mihi
1667 3078 1861 3146 fecistis

247 3167 443 3239 (lbid.,
474 3168 587 3242 10).
640 3170 788 3238 Quos
829 3171 1082 3228 meliores
1109 3171 1265 3227 Jesus
1319 3173 1478 3229 habet
1532 3173 1857 3240 thesauros,

245 3278 410 3334 quam
445 3279 541 3320 eos
566 3265 617 3319 in
645 3266 844 3336 quibus
871 3276 1016 3321 amat
1040 3267 1252 3323 videri?

319 3358 448 3413 NI.
493 3357 603 3412 llos
654 3358 939 3414 thesauros
979 3360 1372 3416 demonstravit
1410 3358 1436 3398 (ι
1490 3360 1851 3428 Laurentius,

248 3459 302 3505 et
330 3451 485 3518 vicit,
519 3452 662 3523 quod
688 3467 784 3509 eos
810 3468 908 3509 nec
938 3463 1254 3524 persecutor
1282 3457 1455 3526 potuit
1485 3456 1721 3511 auferre.
1755 3455 1858 3511 Ita-

245 3562 353 3617 que
381 3545 635 3602 Joachim
663 3548 753 3618 qui
786 3564 974 3604 aurum
1009 3549 1062 3604 in
1103 3549 1390 3606 obsidione
1439 3551 1689 3606 servabat
1710 3593 1724 3619 ,
1755 3565 1858 3606 nec

246 3640 607 3708 dispensabat
628 3641 902 3698 alimoniae
933 3645 1348 3713 comparanda};
1406 3654 1453 3699 et
1494 3658 1686 3699 aurum
1728 3643 1861 3699 vidit

247 3734 412 3806 eripi,
446 3744 502 3790 et
523 3751 583 3792 se
608 3735 665 3792 in
687 3736 1057 3806 captivitatem
1081 3737 1275 3794 deduci
1305 3737 1396 3809 (IV
1418 3736 1712 3808 Rvg.xxtv,
1743 3736 1855 3809 15).

248 3826 586 3885 Laurentius
612 3829 703 3900 qui
728 3845 921 3885 aurum
950 3828 1211 3886 Ecclesiae
1260 3830 1448 3885 maluit
1477 3846 1704 3902 erogare
1732 3846 1860 3902 pau-

249 3922 480 3992 peribus
501 3965 515 3987 ,
551 3935 710 3995 quam
743 3925 1086 3994 persecutori
1130 3941 1431 3990 reservare,
1467 3941 1564 3997 pro
1594 3925 1861 3996 singulari

247 4026 362 4068 suae
412 4013 881 4084 interpretationis
909 4015 1197 4071 vivacitate
1244 4030 1453 4071 sacram
1483 4018 1730 4088 martyrii
1769 4032 1861 4074 ac-

246 4105 398 4176 cepit
423 4119 708 4161 coronam.
739 4106 1008 4178 Numquid
1041 4108 1245 4163 dictum
1288 4118 1373 4164 est
1397 4121 1589 4164 sancto
1621 4110 1864 4166 Lauren-

249 4201 359 4255 tio:
395 4199 518 4257 Non
559 4197 796 4258 debuisti
826 4218 1052 4275 erogare
1081 4203 1374 4278 thesauros
1408 4204 1698 4273 Ecclesiae,
1734 4221 1862 4262 vasa

247 4307 724 4356 sacramentorum
748 4298 1030 4356 vendere?

323 4389 457 4446 Mi.
501 4391 652 4462 Opus
693 4401 779 4448 est
822 4402 880 4448 ut
906 4394 1028 4463 quis
1051 4392 1159 4450 tlde
1195 4394 1413 4451 sinceta
1451 4406 1506 4449 et
1560 4393 1861 4465 perspicaci

247 4483 603 4554 providentia
633 4503 829 4544 munus
855 4486 957 4542 hoc
977 4486 1220 4559 impleat.
1242 4490 1386 4545 Sane
1407 4490 1449 4545 si
1475 4489 1526 4543 in
1551 4504 1646 4544 sua
1670 4488 1864 4560 aliquis

248 4576 470 4636 derivat
497 4582 890 4650 emolumenta,
913 4582 1118 4638 crimen
1137 4593 1218 4638 est
1241 4604 1254 4638 :
1275 4584 1355 4638 sin
1383 4599 1512 4640 vero
1536 4584 1863 4654 pauperibus

1945 561 2107 601 nemo
2138 553 2316 616 potest
2343 545 2553 611 dolere,
2578 546 2702 616 quia
2730 543 2784 599 iu
2804 544 3097 616 sepulturis
3113 542 3554 604 Christianorum

1945 643 2160 711 requies
2214 638 2593 695 defunctorum
2650 648 2752 692 est.
2810 639 2864 692 ln
2898 638 2982 693 his
3037 639 3218 695 tribus
3265 640 3557 712 generibus

1944 750 2071 789 vasa
2106 734 2365 790 Ecclesia:
2411 735 2574 790 etiam
2619 733 2829 788 initiata
2859 732 3240 805 confringere,
3297 733 3558 801 conﬂare,

1947 828 2186 884 vendere
2218 829 2364 884 licet.

2023 922 2144 977 115.
2187 921 2336 993 Opus
2364 931 2531 976 estut
2565 920 2632 977 de
2655 921 2896 977 Ecclesia
2927 922 3140 996 mystici
3175 923 3351 996 poculi
3376 924 3550 980 forma

1949 1029 2056 1070 non
2090 1024 2270 1081 exeat,
2294 1032 2361 1071 ne
2400 1015 2466 1070 ad
2502 1031 2630 1071 usus
2658 1014 2894 1071 nefarios
2918 1017 3058 1072 sacri
3089 1017 3276 1080 calicis
3305 1019 3556 1075 ministe-

1948 1105 2085 1160 rium
2151 1109 2526 1162 transferatur.
2589 1106 2716 1164 ldco
2765 1108 2902 1163 intra
2967 1109 3273 1168 Ecclesiam
3319 1111 3555 1186 primum

1947 1201 2176 1268 quaesita
2207 1210 2334 1255 sunt
2366 1215 2493 1255 vasa
2539 1217 2659 1272 quae
2691 1200 2896 1256 initiata
2926 1218 3032 1258 non
3057 1212 3246 1260 essent
3292 1223 3304 1259 :
3367 1203 3563 1261 deinde

1946 1294 2278 1350 comminuta
2301 1337 2317 1362 ,
2365 1304 2644 1365 postremo
2673 1296 2929 1364 conﬂata,
2964 1306 3110 1368 oper
3143 1297 3400 1352 minutias
3438 1313 3563 1353 ero-

1949 1387 2181 1458 gationis
2223 1388 2536 1459 dispensata
2584 1388 2905 1459 egentibus,
2957 1390 3297 1460 captivorum
3342 1407 3562 1462 quoque

1947 1480 2137 1552 pretiis
2167 1480 2539 1551 profecerunt.
2576 1481 2732 1550 Quod
2757 1481 2800 1537 si
2818 1482 3016 1537 desunt
3047 1499 3209 1550 nova,
3235 1492 3290 1540 et
3313 1501 3430 1555 quae
3460 1500 3559 1540 ne-

1943 1589 2216 1644 quaquam
2237 1575 2450 1630 initiata
2472 1574 2785 1642 videantur,
2813 1576 2866 1630 in
2897 1575 3212 1650 huiusmodi
3237 1593 3390 1648 usus,
3411 1595 3552 1650 quos

1943 1683 2110 1736 supra
2126 1669 2386 1736 diximus,
2412 1670 2648 1726 arbitror
2672 1671 2852 1725 omnia
2879 1672 2966 1742 pie
2999 1687 3161 1740 posse
3191 1673 3459 1728 converti.

2423 1764 2578 1836 105
2617 1762 2850 1820 CAPUT
2894 1764 3093 1820 xxnt.

1877 1857 1926 1917 B
1957 1853 2202 1927 Deposita
2229 1856 2524 1924 viduarum,
2549 1858 2704 1912 immo
2733 1859 2962 1912 omnium
2989 1858 3228 1931 ﬁdelium
3253 1861 3304 1914 in
3330 1858 3566 1918 Ecclesia

2028 1964 2144 2003 cum
2181 1950 2262 2003 sui
2297 1954 2452 2004 etiam
2493 1950 2724 2020 periculo
2765 1951 2974 2023 defendi
3014 1964 3296 2022 aportere:
3333 1971 3447 2024 qua:
3487 1971 3567 2008 res

2032 2043 2181 2098 Unice
2221 2045 2535 2111 sacerdotis,
2571 2043 2829 2100 Ambrosii
2880 2062 2940 2099 ac
2988 2042 3279 2102 Ticinensis
3334 2047 3567 2120 episcopi

2029 2139 2279 2208 exemplis
2309 2138 2478 2194 lucem
2506 2139 2667 2211 capit.

1966 2241 1971 2247 '
2035 2231 2156 2286 14-1.
2205 2231 2336 2286 Illud
2365 2245 2495 2287 sane
2524 2231 2815 2303 diligenter
2845 2233 3163 2289 intuendum
3189 2241 3292 2304 cst,
3322 2245 3380 2289 ut
3403 2233 3575 2308 depe-

1957 2323 2058 2378 sita
2091 2323 2378 2379 viduarum
2407 2326 2728 2381 intemerata
2759 2337 3034 2394 maneant,
3063 2328 3180 2384 sine
3202 2327 3310 2382 ulla
3340 2343 3568 2384 serven—

1961 2425 2048 2471 tur
2078 2418 2400 2485 oﬂ‘ensione,
2433 2435 2538 2475 non
2573 2419 2750 2476 solum
2783 2420 3098 2489 viduarum,
3127 2422 3221 2478 sed
3256 2423 3416 2478 etiam
3452 2438 3572 2476 om-

1960 2511 2146 2578 nium;
2181 2513 2317 2569 ﬁdes
2349 2515 2493 2568 enim
2518 2513 2823 2570 exhibenda
2856 2514 3110 2571 omnibus
3139 2525 3246 2582 est,
3271 2515 3366 2571 sed
3397 2514 3572 2586 major

1961 2617 2042 2662 est
2077 2607 2358 2663 viduarum
2391 2624 2553 2665 causa
2584 2619 2638 2665 et
2671 2610 3025 2682 pupillorum.

2038 2699 2163 2757 115.
2208 2702 2452 2772 Denique
2484 2702 2586 2758 hoc
2614 2701 2732 2758 solo
2764 2703 3050 2758 viduarum
3084 2702 3327 2771 nomine,
3353 2703 3494 2760 sicut
3520 2703 3573 2758 in

1962 2793 2114 2849 libris
2157 2794 2592 2851 Machabceorutn
2627 2796 2863 2867 legimus
2894 2801 2912 2867 (
2939 2795 2984 2852 ll
3016 2795 3264 2850 Machab.
3301 2811 3382 2861 ttt,
3425 2796 3490 2854 l0
3530 2807 3578 2851 et

1961 2889 2129 2963 seq),
2177 2891 2621 2948 commendatum
2673 2894 2874 2963 templo
2920 2908 3083 2948 omne
3130 2903 3409 2949 servatum
3456 2903 3568 2948 cst.

1964 2981 2096 3037 Nam
2124 2999 2245 3038 cum
2276 2983 2537 3040 indicium
2563 2984 2761 3041 factum
2786 2994 2932 3042 esset
2956 2986 3334 3057 pecuniarum,
3363 3002 3498 3058 quas
3521 2987 3575 3041 in

1965 3076 2166 3146 templo
2200 3075 2592 3149 Hierosolymis
2625 3078 2887 3133 maximas
2918 3079 3144 3150 reperiri
3178 3093 3342 3149 posse
3385 3077 3573 3135 Simon

1965 3169 2202 3224 nefarius
2246 3169 2515 3226 Antiocho
2569 3171 2681 3241 regi
2735 3171 3006 3243 prodidit,
3055 3171 3253 3228 missus
3307 3170 3325 3210 ί
3359 3172 3411 3228 in
3460 3189 3576 3227 rem

1885 3257 1930 3321 C
1963 3261 2324 3333 Heliodorus,
2355 3265 2423 3321 ad
2458 3266 2720 3336 templum
2750 3265 2936 3333 venit,
2965 3276 3019 3321 et
3048 3282 3263 3322 summo
3302 3266 3579 3324 sacerdoti

1960 3357 2173 3426 aperuit
2202 3357 2382 3412 indicii
2415 3358 2699 3424 invidiam,
2731 3368 2786 3414 et
2815 3358 3087 3415 adventus
3114 3361 3196 3416 sui
3223 3375 3464 3415 causam.

2036 3450 2158 3505 146.
2201 3451 2354 3508 Tunc
2385 3451 2640 3508 sacerdos
2669 3452 2910 3522 deposita
2954 3469 3074 3509 esse
3115 3453 3248 3509 dixit
3291 3454 3577 3512 viduarum

1962 3545 2211 3600 victualia
2263 3554 2318 3601 et
2367 3546 2733 3616 pupillorum:
2770 3557 2793 3593 κ
2826 3546 3072 3616 quaedam
3121 3559 3302 3603 autem
3355 3547 3575 3604 Hircani

1961 3636 2145 3691 Tobize
2177 3637 2283 3693 viri
2318 3638 2523 3706 sancti,
2557 3655 2728 3710 eaque
2767 3639 3180 3696 demonstravit.
3227 3642 3449 3711 Argenti
3494 3651 3576 3697 ta-

1964 3731 2108 3786 lenta
2135 3733 2491 3804 quadraginta
2515 3746 2691 3801 erant,
2715 3735 2830 3790 auri
2856 3749 2985 3791 vero
3005 3734 3260 3792 ducenta.
3290 3734 3421 3804 Quae
3451 3752 3574 3792 cum

1965 3825 2290 3883 Heliodorus
2308 3838 2552 3898 ereptum
2576 3827 2656 3884 ire
2679 3828 2862 3897 vellet,
2887 3840 2940 3884 et
2964 3829 3105 3900 regis
3129 3829 3408 3886 vindicare
3427 3847 3578 3886 com-

1964 3920 2168 3988 modis,
2197 3922 2508 3978 sacerdotes
2538 3933 2666 3978 ante
2702 3922 2874 3977 altare
2903 3922 3246 3992 jactaveruut
3276 3938 3367 3988 se,
3400 3922 3576 3980 induti

1963 4015 2330 4072 Sacerdotales
2361 4017 2569 4072 stolas:
2601 4023 2656 4072 et
2689 4016 2854 4072 Dettm
2882 4017 3063 4072 vivum
3094 4017 3186 4089 qui
3216 4015 3281 4072 de
3309 4015 3576 4088 depositis

1962 4109 2133 4179 legem
2179 4107 2438 4176 dederat,
2473 4111 2666 4168 llentes
2695 4110 3043 4178 invocabant,
3080 4118 3136 4165 ut
3179 4110 3462 4166 custodem
3510 4124 3575 4167 se

1967 4211 2364 4273 praeceptorum
2397 4211 2676 4274 praestaret
2704 4218 2950 4259 suorum.
2978 4201 3171 4257 Vultus
3196 4215 3326 4257 vero
3352 4212 3402 4258 et
3426 4203 3580 4258 color

1965 4296 2163 4352 summi
2221 4297 2521 4352 sacerdotis
2581 4298 2894 4352 immutatus
2953 4295 3268 4352 declarabat
3324 4294 3575 4351 dolorem

1965 4387 2156 4452 animi,
2183 4396 2236 4443 et
2257 4390 2453 4445 mentis
2482 4388 2701 4445 intentu:
2732 4388 3172 4446 sollicitudinem.
3202 4386 3429 4444 Flebant
3456 4403 3578 4444 om-

1965 4496 2086 4551 nes,
2111 4481 2256 4554 quod
2283 4483 2336 4538 itt
2360 4493 2732 4553 contemptum
2757 4484 2907 4538 locus
2933 4491 3194 4538 venturus
3216 4480 3379 4547 feret,
3405 4481 3452 4536 si
3476 4495 3578 4537 nec

1967 4575 2020 4630 in
2078 4577 2170 4632 Dei
2226 4577 2429 4648 templo
2479 4587 2588 4632 tuta
2641 4577 2762 4634 tidei
2815 4584 3129 4632 servaretur
3171 4574 3456 4630 custodia:
3487 4587 3578 4629 ac-

247 4679 467 4740 erogat,
521 4673 794 4742 captivum
847 4673 1095 4740 redimit,
1128 4674 1497 4730 misericordia
1546 4685 1648 4731 est.
1691 4675 1860 4733 Nemo
1886 4659 1940 4719 D
1965 4669 2267 4742 cinctaeque
2296 4671 2552 4728 mulieres
2581 4682 2793 4743 peetus,
2819 4680 2871 4726 et
2899 4671 3099 4728 clausae
3127 4669 3364 4742 virgines
3395 4668 3577 4741 pulsa-

249 4759 398 4816 enim
422 4767 444 4831 (
470 4763 558 4830 12,
596 4781 648 4835 q.
680 4766 736 4836 2,
769 4781 887 4837 cap.
922 4766 1140 4832 Aurum,
1175 4766 1204 4841 §
1236 4767 1401 4823 Nemo
1433 4770 1639 4841 potest)
1685 4779 1862 4841 potest

249 4853 443 4912 dicere
473 4874 487 4910 :
517 4856 627 4918 Cur
657 4874 860 4930 pauper
889 4860 1062 4917 vivit?
1092 4861 1262 4918 Nemo
1297 4873 1474 4934 potest
1515 4865 1702 4935 queri,
1733 4865 1858 4936 quia

253 4947 460 5018 captivi
489 4950 753 5022 redempti
779 4962 904 5008 sunt
931 4971 942 5007 :
978 4970 1140 5012 nemo
1166 4965 1342 5028 potest
1377 4971 1637 5015 accusare
1663 5001 1678 5026 ,
1732 4960 1859 5034 quia

252 5042 523 5113 templum
554 5044 644 5101 Dei
677 5054 764 5102 est
783 5046 1108 5104 aaditicatum
1135 5066 1150 5106 :
1185 5065 1346 5108 nemo
1374 5052 1858 5126 potestindignari,

325 5221 354 5253 ⁸
400 5220 533 5303 βω.
569 5231 622 5276 et
657 5237 780 5303 seq.
809 5221 944 5303 edit.
969 5237 1092 5282 cum
1124 5241 1255 5284 mss.
1289 5228 1586 5296 nonnullis,
1619 5246 1861 5302 agnosco,

255 5306 374 5377 cum
398 5293 462 5377 in
497 5303 708 5377 utroque
731 5293 932 5361 "uidero,
955 5305 1083 5377 etc_.__
1573 5293 1582 5296 ν
1653 5293 1686 5377 ’⁸

324 5361 355 5401 δ
393 5363 587 5419 Codex
623 5361 846 5422 "rbuatt.
901 5378 956 5423 et
995 5370 1086 5425 alii
1140 5385 1334 5443 magno
1360 5388 1611 5440 numero,
1649 5361 1860 5445 a'gmina

257 5449 607 5504 peccatorum.

333 5518 355 5546 τ
398 5509 634 5576 Quidam
657 5523 814 5577 mss.,
854 5511 1050 5579 species
1081 5515 1433 5569 vasculorum.

330 5579 357 5619 ά
399 5580 658 5656 gonnulli
692 5597 858 5656 mss.,_
883 5581 1217 5655 Laurentius,
1247 5598 1292 5640 et
1324 5589 1450 5642 vidit
1472 5605 1598 5656 quos
1619 5604 1727 5652 eos,
1753 5599 1858 5644 etc.

335 5659 358 5686 °
403 5652 556 5708 Edit.
600 5668 662 5709 ac
712 5654 862 5731 multi
896 5670 1028 5731 mss.
1075 5675 1168 5731 per
1201 5652 1440 5716 minutas
1487 5652 1810 5731 erogationes
1845 5675 1864 5714 :

263 5720 475 5808 'l'buatt.
515 5739 645 5808 vero
666 5727 827 5782 etalti
870 5720 1087 5798 aliquot
1117 5730 1273 5788 bona:
1299 5740 1464 5794 noue,
1500 5720 1865 5803 per'tuinutias

267 5807 584 5852 uacationis
592 5837 605 5850 .

395 5861 548 5923 Edit.
589 5881 778 5926 omnes
808 5885 872 5927 ac
903 5870 1150 5952 plerique
1177 5888 1308 5932 mss.
1320 5915 1335 5946 ,
1368 5876 1558 5934 missus
1586 5873 1639 5930 in
1677 5873 1869 5934 Hieru-

1969 4765 2098 4820 bant
2123 4765 2344 4837 januant
2372 4784 2384 4822 :
2413 4766 2479 4822 ad
2507 4782 2694 4822 muros
2721 4766 2815 4821 alii
2846 4765 3158 4830 currebant,
3185 4780 3281 4835 per
3305 4764 3575 4822 fenestras

1969 4859 2061 4914 alii
2101 4860 2546 4930 t‘trospectabaut,
2588 4874 2781 4915 omnes
2807 4859 2872 4914 ad
2904 4859 3102 4916 coelum
3133 4857 3428 4914 tendebant
3457 4873 3574 4913 ma-

1969 4969 2092 5021 nus,
2119 4965 2339 5010 orantes
2369 4966 2422 5010 ut
2454 4954 2569 5010 suis
2607 4955 2869 5011 Dominus
2899 4954 3115 5010 adesset
3146 4952 3377 5025 legibus.

1971 5115 1974 5118 p
2042 5048 2166 5104 M7.
2211 5047 2532 5106 lleliodorus
2559 5060 2741 5106 autem
2771 5064 2871 5106 nec
2907 5048 2993 5105 his
3031 5049 3281 5116 territus,
3315 5047 3460 5119 quod
3490 5046 3576 5102 in-

1965 5229 2127 5286 salem
2151 5244 2169 5283 :
2193 5244 2379 5312 verum
2411 5230 2649 5312 potiores
2677 5228 3122 5312 antiquioresqtte
3149 5232 3466 5312 constanter
3494 5224 3572 5306 lc-

1966 5311 2126 5372 gunt,
2175 5303 2361 5356 missus
2403 5299 2457 5354 in
2496 5318 2626 5369 rem,
2660 5303 2853 5372 supple
2894 5309 3229 5372 prwsentem,
3271 5299 3320 5353 id
3359 5306 3438 5350 est
3464 5336 3478 5360 ,
3514 5299 3569 5350 in

1968 5373 2142 5444 ipsum
2175 5374 2370 5428 locum.

2043 5455 2067 5491 ε
2101 5444 2354 5510 Quasdam
2416 5455 2680 5498 autem...
2731 5444 2848 5496 auri
2903 5457 3018 5495 vero
3063 5443 3320 5503 ducenta,
3371 5437 3572 5495 desunt

1967 5517 2158 5572 isthaec
2184 5519 2363 5571 omnia
2395 5516 2449 5571 in
2480 5517 2688 5570 Thuan.
2723 5515 2950 5583 aliisque
2979 5512 3220 5580 pluribus
3239 5527 3300 5565 ac
3321 5511 3571 5566 melioris

1918 5611 1922 5613 λ
1967 5589 2072 5645 aevi
2126 5589 2249 5643 cod.
2302 5589 2366 5642 Et
2418 5587 2644 5657 proinde
2703 5586 2863 5657 nobis
2911 5585 3177 5657 majorem
3234 5584 3286 5636 in
3344 5583 3569 5638 modum

1968 5669 2218 5729 suspecta
2241 5670 2386 5714 sunt.
2419 5651 2825 5729 itttanteucum
2854 5656 2905 5708 in
2925 5651 3234 5729 nonnullis,
3265 5663 3428 5729 atque
3451 5671 3572 5708 om-

1971 5722 2129 5787 nibits
2157 5733 2288 5785 edit.
2313 5731 2616 5785 habeantur
2644 5728 2722 5782 eis
2748 5722 3033 5795 spongiam
3065 5722 3428 5782 inducendam
3457 5740 3570 5795 non

1971 5803 2298 5934 gutbavimus.
2346 5804 2588 5869 Quatuor
2634 5794 2793 5865 mss,
2836 5794 3078 5868 quadam
3125 5806 3297 5854 autem
3347 5794 3571 5868 orphani

2017 5889 2046 5930 ο
2081 5889 2166 5930 ιο.
