4078 6306
454 277 561 336 MS

1795 273 2044 335 SANCTI
2080 271 2409 338 AMBROSII

3656 277 3768 341 ιιι

449 397 724 466 tenderat,
751 396 1000 471 urgebat,
1022 403 1081 455 et
1102 393 1432 454 satellitibus
1451 397 1567 454 suis
1591 393 1848 453 aerarium
1874 410 2059 468 sepse-
2083 396 2142 459 Δ
2165 412 2288 453 men
2319 396 2670 455 subierimus.
2696 396 3004 456 Commune
3033 395 3141 458 hoc
3162 395 3443 457 vobiscum
3479 397 3634 457 mibi.
3657 399 3774 458 Re-

451 499 569 557 rat;
599 507 724 549 cum
765 491 946 546 subito
981 491 1232 563 apparuit
1265 489 1344 547 illi
1385 490 1646 548 terribilis
1687 505 1853 561 eques
1891 490 2058 548 armis

451 587 784 660 prmfulgens
822 586 1006 642 aureis
1043 603 1056 640 :
1098 600 1272 659 equus
1315 595 1495 643 autem
1541 585 1660 658 ejus
1701 595 1818 643 erat
1862 585 2060 656 insigni

453 688 683 736 ornatus
729 677 1028 749 opertorio.
1061 678 1166 736 Alii
1213 693 1430 750 quoque
1475 677 1585 733 duo
1625 678 1858 748 juvenes
1895 691 2063 748 appa-

457 783 688 828 ruerunt
714 771 768 828 in
795 772 994 828 virtute
1029 771 1262 844 inclyta,
1297 770 1496 827 decore
1523 779 1696 840 grato,
1729 784 1852 826 cum
1881 769 2064 838 splen—

457 866 592 925 dore
637 867 856 939 glorire,
902 865 1136 938 speciosi
1181 864 1412 930 amictu,
1455 865 1545 936 qui
1586 865 2065 919 circumSteterunt

457 977 606 1027 eum,
649 969 704 1017 et
747 970 976 1032 utraque
1015 975 1082 1016 ex
1122 969 1275 1031 parte
1321 957 1666 1030 ﬂagellabant
1713 956 2062 1026 sacrilegum,

457 1055 579 1113 sine
637 1055 795 1129 106
849 1052 956 1109 ulla
1004 1052 1406 1110 intermissione
1453 1051 1772 1107 continuato
1815 1049 2062 1106 verbere.

465 1151 607 1222 Quid
629 1150 836 1207 multa?
855 1147 1232 1206 Circumfusus
1251 1146 1479 1218 caligine
1501 1146 1556 1202 in
1579 1153 1781 1202 terram
1803 1142 2066 1212 concidit,

463 1253 521 1302 et
563 1243 806 1300 evidenti
853 1243 1047 1299 divinae
1093 1241 1431 1313 operationis
1481 1239 1683 1296 indicio
1729 1239 2068 1296 exanimatus

455 1336 692 1410 iacebat,
721 1352 823 1394 nec
855 1336 962 1392 ulla
991 1351 1116 1407 spes
1145 1335 1200 1391 in
1228 1350 1295 1391 eo
1325 1334 1603 1390 residebat
1631 1333 1842 1388 salutis.
1866 1332 2069 1389 Uborta

459 1439 545 1488 est
572 1429 757 1488 laetitia
781 1431 1168 1495 metuentibus,
1198 1439 1376 1485 metus
1399 1427 1687 1498 superbis:
1714 1435 1740 1464 ει
1763 1425 2072 1496 dejectique

453 1535 530 1584 "ex
570 1526 762 1582 amicis
803 1523 1081 1582 lielioduri
1111 1521 1332 1594 quidam
1364 1521 1626 1591 regebant
1657 1518 2069 1582 Oniam,'vitam

467 1631 761 1692 poscentes
811 1619 896 1686 ei,
953 1617 1210 1690 quoniam
1264 1629 1587 1689 supremqu
1641 1615 1862 1686 gerebat
1913 1613 2074 1686 Spiri-

472 1720 612 1770 tum.

535 1803 662 1863 118.
702 1804 954 1877 Rogante
979 1803 1164 1876 itaque
1190 1801 1475 1860 sacerdote
1501 1814 1750 1867 summo,
1789 1798 1952 1856 iidem
1985 1798 2076 1868 ju-

463 1912 630 1957 venes
666 1898 865 1956 iterum
893 1895 1188 1954 Heliodoro
1218 1902 1618 1967 apparuerunt,
1651 1892 1844 1950 iisdem
1887 1892 2069 1948 amicti

465 1989 812 2062 vestibus,“
835 1991 1089 2049 dixerunt
1107 1989 1176 2047 ad
1201 2006 1324 2046 eum
1351 1988 1542 2047 :Ouite
1561 2003 1776 2044 summo
1803 1984 2074 2042 sacerdoti

466 2091 672 2164 gratias
699 2106 824 2160 age,
861 2098 1084 2161 propter
1111 2103 1274 2159 quem
1317 2085 1414 2140 tibi
1449 2085 1562 2140 vita
1605 2093 1690 2140 est
1726 2082 1960 2138 reddita.
1996 2079 2078 2136 Tu

469 2193 651 2240 autem
680 2193 940 2252 expertus
964 2180 1060 2236 Dei
1091 2177 1502 2250 ﬂ:tgella,vade,
1531 2185 1586 2232 et
1612 2175 1801 2232 nuntia
1826 2177 1931 2230 tuis
1955 2189 2076 2229 om-

469 2277 654 2345 nibus,
679 2285 939 2348 quautam
965 2273 1292 2346 cognoveris
1319 2271 1509 2340 templi
1535 2269 1880 2341 religionem,
1903 2278 1958 2324 et
1983 2267 2080 2324 Dei

469 2379 827 2444 p0testatem.
861 2367 958 2424 His
985 2366 1170 2433 dictis,
1203 2380 1311 2422 non
1343 2371 1784 2436 eomparueruut.
1819 2359 2080 2418 Heliodo-

471 2481 570 2522 rus
599 2466 782 2536 itaque
809 2471 1030 2532 recepto
1057 2461 1280 2532 spiritu,
1311 2457 1544 2514 hostiam
1588 2456 1820 2512 Domino
1859 2453 2081 2522 obtulit,

471 2559 629 2618 Oniae
655 2555 927 2615 sacerdoti
947 2555 1146 2626 gratias
1167 2551 1300 2624 egit,
1321 2561 1376 2608 et
1398 2565 1522 2607 cum
1545 2549 1788 2606 exercitu
1809 2546 1876 2603 ad
1899 2561 2082 2619 regem

469 2653 768 2712 revertitur
803 2649 1032 2706 dicens:
1061 2647 1120 2706 Si
1159 2663 1318 2719 quem
1351 2646 1522 2702 babes
1561 2643 1774 2700 hostem
1797 2685 1812 2709 ,
1851 2652 1948 2699 aut
1987 2643 2086 2699 ali-

477 2763 638 2820 quem
673 2744 1047 2802 insidiatorem
1075 2757 1258 2798 rerum
1287 2749 1526 2807 tuarum,
1557 2739 1685 2796 illuc
1713 2739 1861 2795 illum
1888 2738 2082 2810 dirige,

479 2850 536 2898 et
559 2837 892 2912 ﬂagellatum
919 2835 1151 2908 recipies
1180 2850 1327 2890 eum.

554 2932 682 2992 149.
723 2928 1000 2988 Servanda
1053 2937 1138 2986 est
1181 2928 1372 3001 igitur,
1423 2925 1552 2995 lilii,
1609 2925 1870 2996 depositis
1919 2923 2082 2991 fides,

481 3025 789 3086 adhibenda
819 3023 1122 3096 diligentia.
1152 3021 1382 3093 Egregie
1413 3020 1538 3076 bine
1567 3027 1806 3076 vestrum
1837 3015 2092 3074 enitescit

482 3119 882 3185 ministerium,
924 3117 972 3175 si
1017 3125 1268 3186 suscepta
1301 3113 1590 3186 impressio
1621 3111 1890 3184 potentis,
1925 3125 2089 3182 quam

485 3215 570 3270 vel
605 3211 764 3269 vidua
792 3211 876 3268 vel
906 3210 1137 3282 orpltani
1175 3207 1410 3266 tolerare
1442 3223 1549 3262 non
1579 3212 1804 3280 queant,
1832 3202 2092 3259 Ecclesiae

485 3306 728 3364 subsidio
771 3303 1093 3360 cohibeatur
1133 3320 1147 3358 :
1192 3303 1238 3359 si
1285 3301 1588 3358 ostendatis
1633 3301 1753 3372 plus
1799 3301 1942 3372 apud
1994 3316 2091 3359 vos

485 3397 798 3457 mandatum
827 3396 1066 3463 Domini,
1085 3411 1248 3468 quam
1279 3394 1467 3451 divitis
1491 3395 1674 3452 valere
1702 3397 1956 3466 gratiant.

559 3491 686 3550 150.
729 3487 1048 3546 Meministis
1076 3488 1177 3558 ipsi
1208 3490 1423 3559 quoties
1451 3489 1716 3546 adversus
1747 3490 1958 3562 regales
1981 3489 2088 3548 im-

2165 505 2296 547 cens
2334 491 2642 563 exemplum
2683 491 2947 550 Ecclesiae
2980 493 3280 551 Ticinensis
3318 493 3616 565 proferam,
3646 511 3777 567 qua:

2163 583 2341 639 vidua:
2368 583 2697 656 depositum,
2725 586 2871 657 quod
2899 596 3238 658 susceperat,
3267 591 3521 646 amittere
3553 587 3782 660 pericli-

2165 677 2403 732 tabatur.
2451 675 2835 748 interpellante
2880 679 3024 736 enim
3057 694 3124 736 eo
3158 680 3249 752 qui
3285 680 3392 736 sibi
3432 679 3567 736 illud
3593 677 3778 751 impe-

2165 769 2289 825 riali
2317 771 2582 842 rescripto
2611 771 2889 829 vindicare
2912 772 3188 843 cupiebat.
3213 770 3246 832 ι’.
3261 772 3446 830 clerici
3477 789 3588 830 non
3621 782 3787 828 tene-

2165 861 2298 921 bant
2323 865 2701 921 auctoritatem
2731 882 2746 920 :
2779 863 3033 922 honorati
3063 881 3279 938 quoque
3301 875 3360 922 et
3379 867 3788 922 intercessores

2167 954 2278 1012 dati
2303 972 2408 1012 non
2431 971 2593 1029 posse
2613 957 2900 1029 praeceptis
2917 959 3261 1030 imperatoris
3276 959 3480 1016 obviari
3505 959 3782 1018 ferebant.

2170 1049 2474 1123 Legebatur
2505 1052 2756 1124 rescripti
2785 1051 2960 1110 forma
2989 1055 3274 1118 directior,
3300 1054 3545 1127 magistri
3565 1053 3791 1110 olcio—

2169 1161 2290 1203 rum
2322 1157 2548 1218 statuta,
2578 1163 2746 1220 agens
2771 1149 2824 1204 in
2855 1149 3020 1207 rebus
3043 1149 3382 1208 imminebat.
3412 1148 3554 1219 Quid
3583 1147 3792 1221 plura?

2176 1250 2200 1280 ο
2227 1239 2508 1295 Traditqu
2536 1252 2674 1296 erat.

2245 1334 2370 1390 151.
2413 1334 2620 1390 Tamen
2655 1335 3058 1393 communicato
3087 1352 3302 1395 mecum
3329 1336 3587 1406 consilio,
3620 1336 3798 1394 obse—

2173 1427 2254 1486 dit
2280 1435 2501 1483 sanctus
2529 1427 2822 1500 episcopus
2861 1445 2924 1486 ea
2965 1431 3269 1502 conclavia,
3311 1431 3378 1488 ad
3425 1447 3551 1502 qua
3597 1441 3797 1490 trans-

2174 1521 2343 1577 latum
2389 1519 2521 1576 illttd
2555 1521 2862 1592 depositum
2889 1521 3068 1579 vidum
3113 1535 3466 1596 cognoverat.
3497 1524 3656 1596 Quod
3685 1525 3794 1582 ubi

2175 1629 2282 1670 non
2337 1614 2509 1684 potuit
2549 1613 2774 1682 auferri,
2809 1626 3086 1685 receptum
3125 1616 3228 1672 sub
3265 1616 3634 1688 chirographo
3675 1626 3796 1674 est.

2177 1707 2380 1764 Postea
2428 1707 2624 1764 iterum
2679 1707 3025 1779 ﬂagitabatur
3067 1725 3137 1766 ex
3184 1709 3552 1782 chirographo
3587 1729 3604 1765 :
3644 1725 3802 1784 pra:-

2179 1811 2394 1874 ceptum
2421 1803 2716 1874 imperator
2746 1803 3057 1872 iteraverat,
3083 1813 3142 1860 ut
3168 1804 3286 1875 ipse
3309 1821 3405 1874 per
3428 1805 3801 1876 semetipsum

2179 1911 2280 1952 nos
2298 1897 2637 1953 conveniret.
2660 1894 2921 1967 Negatum
2942 1906 3024 1952 est
3045 1911 3062 1952 :
3086 1907 3141 1953 et
3159 1898 3406 1968 exposita
3431 1895 3631 1953 divina-
3655 1897 3808 1970 legis

2180 1988 2532 2057 auctoritate,
2562 1997 2618 2044 et
2646 1989 2788 2044 serie
2817 1988 3096 2054 lectionis,
3127 1997 3184 2046 et
3213 1987 3495 2045 lieliodori
3519 1986 3804 2058 periculo,

2178 2084 2268 2140 vix
2315 2083 2530 2140 tandem
2565 2081 2722 2156 107
2752 2083 3020 2140 rationem
3065 2083 3366 2154 imperator
3392 2083 3626 2154 accepit.
3661 2082 3808 2140 Post

2180 2177 2344 2236 etiam
2381 2183 2584 2234 tentata
2617 2177 2792 2233 fuerat
2820 2176 3104 2247 obreptio;
3135 2176 3231 2233 sed
3274 2176 3538 2248 praevenit
3565 2186 3806 2234 sanctus

2181 2271 2493 2343 episcopus,
2527 2278 2585 2325 ut
2613 2268 2871 2326 redderet
2899 2269 3074 2326 viduae
3102 2267 3246 2341 quod
3285 2279 3594 2341 acceperat.
3625 2267 3806 2327 Fides

2181 2364 2400 2422 interim
2451 2363 2601 2420 salva
2646 2372 2769 2420 est:
2801 2359 2829 2400 δ
2860 2361 3151 2433 impressio
3201 2377 3307 2418 non
3347 2370 3433 2420 est
3472 2360 3804 2430 formidini;

2181 2458 2310 2531 quia
2334 2459 2448 2529 jam
2477 2471 2567 2513 res
2586 2497 2602 2523 ,
2637 2470 2744 2511 non
2774 2453 2909 2511 ﬁdes
2936 2453 3296 2526 periclitatur.

2762 2595 2994 2658 CAPUT
3033 2597 3206 2656 XXX.

2186 2715 2332 2774 Libri
2362 2719 2627 2774 conclusio
2667 2733 2758 2788 per
2793 2716 3195 2773 exhortationem
3224 2715 3295 2770 ad
3333 2713 3606 2790 fugiendos
3652 2715 3808 2772 intri-

2260 2813 2386 2880 dos,
2419 2823 2569 2884 atque
2607 2811 2676 2868 ad
2713 2811 3079 2884 prudentiam,
3110 2808 3267 2880 [idem
3302 2808 3535 2881 aliasque
3577 2809 3811 2866 uirtutes

2261 2904 2668 2978 prosequendos.

2265 3021 2390 3078 152.
2432 3020 2588 3086 Filii,
2622 3020 2790 3094 fugite
2829 3020 3138 3094 improbos,
3163 3029 3352 3078 cavete
3380 3017 3613 3076 invidos.
3646 3018 3811 3076 Inter

2193 3117 2504 3188 improbum
2550 3127 2606 3173 et
2649 3115 2892 3173 invidum
2939 3117 3044 3173 boc
3071 3116 3302 3172 interest
3332 3133 3346 3172 :
3377 3112 3660 3186 improbus
3701 3128 3811 3170 suo

2193 3210 2498 3268 delectatur
2534 3211 2713 3277 bono,
2755 3208 2973 3266 invidus
3003 3218 3288 3280 torquetur
3311 3207 3492 3264 alieno
3517 3224 3533 3264 :
3557 3205 3651 3263 ille
3677 3205 3815 3263 dili-

2196 3304 2274 3377 git
2302 3305 2464 3369 mala,
2488 3303 2578 3361 ltic
2605 3305 2744 3361 bona
2767 3302 2914 3372 odit;
2943 3311 3004 3360 ut
3031 3317 3199 3374 prope
3225 3299 3560 3358 tolerabilior
3588 3299 3685 3366 sit,
3714 3297 3812 3370 qui

2195 3400 2299 3456 sibi
2327 3399 2440 3456 vult
2469 3400 2631 3468 bene,
2661 3413 2824 3471 quam
2851 3399 2941 3470 qui
2972 3397 3115 3454 male
3137 3396 3412 3454 omnibus.

2269 3495 2394 3552 155.
2436 3493 2591 3562 Filii,
2638 3507 2766 3550 ante
2815 3491 3018 3549 factum
3057 3493 3330 3564 c0gitate:
3355 3498 3409 3546 et
3437 3503 3562 3545 cum
3600 3486 3815 3543 diutius

491 3591 650 3655 petus
679 3597 778 3656 pro
803 3580 1120 3645 viduarum,
1152 3579 1320 3636 immo
1349 3583 1591 3639 omnium
1628 3560 1891 3656 depositis
1916 3601 2092 3650 certa-
2118 3560 2166 3626 ο
2194 3560 2584 3662 cogitaveritis,
2626 3598 2752 3644 tunc
2783 3587 2942 3645 facite
2968 3587 3114 3661 quod
3137 3560 3406 3660 probatis.
3434 3594 3458 3623 ε
3493 3582 3816 3640 Laudabilis

564 3705 592 3734 ι
622 3694 878 3764 Quaedam
901 3692 1058 3776 edin,
1083 3691 1363 3776 delectique
1382 3712 1446 3750 ea:
1463 3696 1660 3752 amicis.
1682 3698 2096 3776 consequenter

493 3781 677 3847 autem
711 3780 912 3847 omnes
941 3763 1072 3819 edit.
1101 3779 1169 3847 ac
1203 3763 1360 3847 pauci
1400 3782 1558 3847 mss_.,
1590 3779 1645 3824 ut
1677 3775 1832 3847 uitam
1866 3763 2097 3847 pasceret

494 3839 565 3894 ei.
601 3839 844 3908 Denique
871 3835 1030 3890 Rom.
1063 3836 1197 3908 edit.
1231 3835 1370 3908 Sola,
1401 3839 1583 3908 agebat
1609 3835 1872 3905 spiritum:

569 3909 598 3950 δ
631 3909 759 3965 Mss.
787 3907 970 3976 plures
994 3917 1049 3963 et
1077 3907 1271 3979 antiq.,
1298 3906 1489 3964 Clerici
1519 3917 1894 3975 contendebant
1921 3931 2100 3978 aucto-

497 3981 745 4072 ‘riltatetjni
765 3987 1031 4072 quatugr,
1077 3979 1466 4072 contemnebant
1509 3989 1902 4056 auctoritatem;
1934 4009 2106 4072 unus,

501 4051 878 4118 obtendebant;
903 4051 1062 4118 alius,
1096 4068 1200 4106 non
1229 4053 1484 4111 tenebunt.
1517 4051 1897 4117 contendebant
1924 4051 2102 4120 aucto:

494 4125 724 4196 ritatem.
779 4129 1051 4196 Attamen
1087 4124 1304 4180 videtur
1352 4127 1532 4196 potior
1579 4127 1813 4186 aliarum
1863 4146 1918 4190 et
1965 4137 2100 4194 edit.

501 4195 698 4276 lcetio;
724 4195 824 4276 nisi
853 4197 977 4276 quis
1002 4195 1055 4251 id
1083 4197 1214 4250 velit
1241 4197 1753 4276 percontandebant,
1781 4203 2102 4276 signiﬁcari,

501 4267 734 4324 clericos
774 4267 1073 4322 intendisse
1102 4281 1168 4322 ac
1197 4267 1382 4322 verbis
1407 4267 1773 4337 atnplifieasse
1801 4267 2106 4336 Ciesareain

503 4339 911 4418 auctoritatem;
943 4349 1232 4408 propterea
1258 4338 1408 4418 quod
1433 4339 1482 4392 ei
1505 4342 1768 4418 cederent
1793 4363 1806 4398 :
1831 4351 1976 4418 quod
2000 4367 2106 4408 non

509 4409 651 4462 male
679 4408 921 4464 colueret
958 4407 1080 4464 cum
1113 4409 1493 4478 sequentibus.
1523 4407 1666 4466 Infra
1697 4431 1826 4471 vero
1851 4407 1941 4476 libi
1971 4407 2107 4478 etlit.

512 4478 815 4566 élnel‘boft
842 4479 968 4566 Era.
991 4495 1115 4536 cum
1147 4494 1278 4566 tttss.
1307 4482 1540 4566 aliquot.
1561 4480 1848 4556 Legebatur
1875 4495 2112 4566 rescripti

511 4555 703 4628 {arma
723 4549 993 4628 directior,
1030 4550 1282 4628 magister
1318 4549 1602 4628 oﬂiciqum
1635 4549 1828 4616 Statuta
1859 4581 2014 4628 agens
2035 4549 2116 4620 [in

512 4621 664 4677 rebus
685 4621 998 4676 imminebat.
1021 4621 1152 4678 Gill‘.
1175 4621 1447 4679 autent—ac
1469 4622 1625 4679 Rom.
1649 4642 1771 4683 cunt
1795 4621 1925 4690 mss”.
1951 4640 2112 4692 etiam

518 4694 814 4780 noluimus,
839 4693 1386 4780 Legebn‘turfescripti
1409 4695 1598 4764 forma.
1622 4699 1836 4760 directio
1857 4708 2112 4780 magistri,

519 4765 957 4847 oﬂiciorumuelc.
1004 4766 1235 4847 Quidam
1281 4782 1512 4847 mss"...
1553 4774 1792 4847 rescripti
1828 4765 1998 4847 fornl'a
2037 4765 2120 4834 di'.

517 4836 667 4918 recti,
717 4837 992 4918 magister;
1037 4836 1256 4918 quidam
1301 4836 1758 4918 etiam,_resct'_ipti
1798 4836 2000 4918 forma,
2032 4851 2117 4906 di-

2198 3705 2256 3770 ι1,
2285 3701 2342 3769 8,
2368 3703 2464 3769 29,
2492 3703 2583 3760 40.
2613 3703 2712 3758 Adi
2739 3703 2992 3758 similiter
3011 3701 3262 3758 eumdem
3291 3700 3580 3773 Bulenger.
3607 3700 3675 3755 de
3706 3698 3819 3773 [m-

2199 3775 2354 3849 perio
2391 3773 2682 3849 Romrlib.
2717 3791 2780 3849 tt,
2811 3789 2934 3849 e_:tp.
2970 3775 3062 3849 lii.
3093 3770 3499 3849 Intercessores',
3532 3781 3674 3849 teste
3699 3770 3818 3829 Go-

2204 3843 2441 3903 ihofridu
2464 3852 2514 3904 in
2548 3847 2644 3904 lib.
2676 3864 2690 3902 ι
2727 3847 2797 3903 de
2827 3845 3169 3918 Pignoribus,
3203 3853 3364 3918 erant
3389 3843 3423 3899 ii
3454 3843 3546 3914 qui
3563 3859 3613 3918 _a_
3633 3851 3819 3918 recto-

2201 3921 2354 3976 ribus
2384 3920 2784 3990 provinciarum
2825 3914 3508 3990 essecutores_daltantur.
3555 3914 3818 3986 Magister

2205 3987 2507 4065 Oﬁciorum
2557 3991 2808 4056 palatinis
2853 3987 3596 4065 prwerat_officiis.__.§gentes
3625 3999 3818 4043 autem

2203 4059 2434 4120 iri-rebus
2457 4063 2582 4118 dicti
2601 4072 2741 4126 sunt,
2765 4061 2908 4132 quod
2935 4061 3038 4116 sub
3061 4060 3316 4130 Magistro
3341 4059 3658 4132 Officiorum
3684 4072 3821 4132 age-

2206 4147 2350 4200 rent,
2375 4149 2431 4191 ttt
2457 4135 2621 4191 ducet
2643 4129 3018 4195 Gtttltbfritlus.
3039 4135 3124 4188 tit.
3153 4133 3216 4186 de
3243 4131 3521 4203 Agentibus
3541 4131 3596 4184 in
3615 4129 3778 4192 rebus
3799 4146 3820 4187 :

2207 4208 2546 4280 Buleugerus
2565 4223 2702 4280 vero
2723 4207 2792 4262 de
2817 4206 2919 4260 ltoc
2948 4215 3178 4280 utroque
3199 4203 3382 4280 ofﬁcio
3411 4211 3604 4260 tractat
3634 4204 3821 4280 lib._t_tt

2209 4283 2278 4338 de
2325 4275 2786 4351 ltn'perioHRomq
2834 4291 2954 4351 cap.
3005 4275 3108 4351 14.
3157 4285 3212 4332 et
3261 4275 3356 4351 lib.
3404 4290 3490 4351 vt,
3537 4289 3662 4351 cap.
3719 4277 3821 4333 ω.

2211 4344 2496 4412 Postremo
2541 4349 2740 4406 dicitur
2783 4344 3029 4412 rescripti
3071 4352 3242 4420 forma
3288 4347 3569 4420 directior,_
3601 4344 3655 4402 id
3706 4357 3820 4414 est.

2211 4425 2372 4496 plana
2415 4432 2471 4480 et
2508 4430 2720 4496 aperta,
2751 4434 2854 4496 nec
2898 4419 3024 4496 ullis
3064 4416 3382 4496 autbngibus
3423 4416 3693 4496 _invol_u_t:._,
3743 4420 3825 4478 De

2213 4489 2308 4552 illo
2337 4504 2517 4551 autem
2548 4489 2728 4550 viduae
2763 4491 3013 4561 deposito
3046 4489 3186 4559 apud
3229 4489 3526 4546 Ecclesium
3558 4489 3825 4550 Ticinettv

2215 4582 2329 4624 sem
2358 4568 2568 4639 egimus
2595 4565 2648 4639 in
2674 4563 3029 4639 Admouit.in
3053 4562 3219 4619 hosce
3239 4563 3308 4620 de
3325 4561 3488 4639 bec.
3507 4563 3708 4639 ﬁbras.

2293 4649 2314 4678 ε
2349 4634 2478 4693 Mss.
2537 4637 2774 4702 Divion.,
2833 4635 3084 4691 creditum
3135 4646 3263 4690 erat.
3323 4635 3450 4690 Mss.
3507 4634 3711 4692 Feron.
3769 4642 3826 4692 et

2218 4709 2413 4773 Laud.,
2470 4708 2781 4764 tradendum
2832 4717 2962 4763 erat.
3023 4705 3132 4762 Sed
3193 4707 3326 4762 nibil
3386 4707 3707 4762 mutandum
3766 4707 3826 4764 in

2219 4782 2454 4838 lectione
2481 4781 2709 4836 aliorum
2742 4791 2906 4850 atque
2937 4777 3248 4850 etlitasmpe
3273 4778 3419 4835 enim
3451 4795 3546 4850 per
3576 4779 3828 4848 ιιι-ζειαί·

2223 4861 2334 4908 tum
2362 4851 2658 4918 efferimus,
2686 4847 2830 4923 quod
2856 4851 3038 4904 statim
3067 4847 3306 4923 futurum
3334 4847 3736 4918 significamus;
3765 4858 3828 4906 ut

517 4910 685 4994 repu'o
711 4908 987 4994 magistris
1012 4909 1202 4994 reliqui
1233 4909 1548 4994 tandemOin
1579 4908 2028 4994 manusjrtmad.
2065 4929 2124 4994 et
2223 4939 2356 4980 cum
2387 4908 2776 4984 dicimusfbitc
2805 4923 3002 4978 laetum
3039 4933 3188 4992 puta,
3220 4922 3306 4980 vel
3334 4908 3466 4980 urbs
3491 4934 3650 4994 capta
3680 4908 3827 4988 erat,

519 4979 612 5034 alii
651 4979 992 5064 _probatittris
1035 4979 1200 5046 noun,
1227 4989 1288 5064 ut
1325 4996 1426 5038 nos
1467 4982 1519 5037 in
1563 4979 1732 5064 textu.
1777 4991 1946 5064 Porro
1988 4993 2116 5064 quid

521 5058 672 5106 esset
724 5050 1092 5122 rescriptum,
1151 5051 1416 5117 quibusve
1472 5057 1782 5118 numinibus
1838 5050 2116 5122 (liceretur

519 5123 707 5192 priore
736 5131 883 5195 totnn
909 5121 1284 5195 jamdiximus
1309 5143 1322 5178 :
1352 5125 1422 5182 de
1450 5142 1555 5195 quo
1581 5133 1744 5186 etiam
1773 5135 1960 5191 videas
1991 5121 2116 5194 licet

517 5194 892 5273 jurisettnsulti
949 5193 1250 5273 Bulengeri
1275 5195 1364 5254 lib.
1419 5193 1480 5273 ιιι
1531 5198 1600 5256 de
1638 5201 1893 5273 Imperat.
1951 5209 2112 5264 Rom.

525 5279 649 5336 cap.
683 5265 782 5347 1i.
803 5264 944 5350 sunt
971 5264 1150 5350 autem
1181 5267 1560 5350 aliaquaedam
1589 5264 1871 5350 vocabula,
1899 5297 2020 5350 qua:
2047 5295 2118 5336 ne

526 5336 848 5419 morae‘sint
901 5336 1116 5419 legenti,
1163 5336 1574 5419 explicabimus.
1625 5336 1967 5414 Interpeliare
2015 5355 2119 5408 boc

526 5407 650 5492 loco
682 5405 823 5492 idem
849 5417 936 5492 est
959 5405 1034 5462 'ac
1068 5405 1416 5492 compellare.
1440 5405 1846 5492 convenirent
1883 5405 2120 5492 juiridice

526 5482 828 5567 postulare.
839 5566 844 5567 γ
863 5477 1122 5567 Honorati
1162 5477 1268 5536 non
1308 5485 1424 5567 alii_
1439 5477 1817 5567 intelliguntur
1835 5477 2120 5567 quantuni

525 5547 756 5625 publicis
803 5551 1122 5625 muneribus
1159 5569 1286 5610 ante
1329 5558 1568 5614 defuncti
1591 5547 1894 5625 ,Vetneritb
1916 5547 2126 5622 ιιδίιόἕὲ

524 5620 947 5704 pollebunt..Sic
974 5638 1082 5704 non
1122 5628 1512 5704 solum_lticet
1549 5620 1645 5686 lib.
1679 5649 1758 5692 ut.
1786 5651 1907 5704 cap.
1940 5639 1994 5700 7,
2029 5620 2126 5693 sed

528 5691 691 5746 etiam
719 5693 858 5774 apud
871 5695 1178 5776 scriptores
1197 5691 1755 5776 Atttbrosioadquales
1771 5691 2124 5776 supparesve,

527 5776 631 5845 nec
659 5779 765 5845 no_n
791 5763 843 5821 in
867 5763 1240 5845 qu_._'l‘lt_eod._
1269 5772 1352 5845 tit.
1369 5775 1446 5845 de
1469 5763 1650 5844 (Micio
1669 5775 1794 5845 jud.
1823 5763 1891 5833 ea
1913 5763 2130 5836 vortat:1

521 5834 772 5906 sipienda
801 5847 904 5895 est.
933 5837 1065 5896 Vide
1092 5839 1339 5902 Cassiod.
1369 5834 1652 5902 Varia'rum
1669 5834 1772 5904 lib.
1800 5864 1857 5922 ιι,
1885 5851 2044 5925 epist.
2061 5834 2125 5924 '3,

2145 5023 2202 5087 n
2227 4995 2334 5087 ηίςί
2359 4994 2979 5087 i.‘f’f"‘f’.‘.’?“i~°’_s,.efzff:

2295 5063 2324 5104 ἀ
2360 5066 2479 5122 Vet.
2517 5066 2675 5133 edit.,
2717 5067 2982 5137 oppressio
3024 5081 3126 5122 non
3167 5076 3244 5122 est
3283 5065 3566 5136 formidini.
3609 5065 3827 5122 Rursus

2226 5153 2362 5195 vero
2395 5139 2484 5194 ttbi
2517 5140 2719 5195 ea-tlem
2757 5155 2880 5194 cum
2925 5141 3080 5192 ltom.
3117 5146 3174 5194 et
3219 5137 3464 5206 pluribus
3497 5152 3658 5202 tuss.,
3700 5137 3827 5206 quia

2216 5213 2331 5284 jam
2353 5227 2452 5275 res,
2481 5227 2582 5284 non
2607 5211 2735 5279 ﬁdes
2757 5210 3108 5284 periclitatur;
3130 5209 3492 5284 cod._Th_uatt.
3525 5219 3582 5284 et
3605 5207 3826 5284 aliiali-

2225 5278 2376 5353 'quot.
2401 5283 2526 5353 quia
2556 5278 2637 5338 res
2665 5278 2767 5338 non
2803 5292 2909 5348 est,
2938 5283 3068 5353 ﬁdes
3111 5281 3516 5350 periclitabatur.
3545 5279 3652 5337 Sed
3687 5278 3828 5336 forte

2227 5369 2329 5408 non
2357 5368 2454 5420 est,
2487 5355 2693 5410 librarii
2720 5357 2872 5419 lapsu
2903 5357 3166 5422 scriptum
3196 5361 3301 5420 est,
3334 5369 3432 5424 pro
3460 5363 3658 5424 nonet.
3683 5353 3826 5417 sive,

2227 5440 2332 5478 non
2369 5427 2556 5494 etiam,
2589 5427 2694 5481 nisi
2731 5426 2820 5482 hic
2858 5440 3074 5498 quoque
3117 5425 3278 5482 fuerit
3318 5422 3670 5496 transpositio
3701 5438 3825 5495 pro,

2229 5503 2276 5551 et
2305 5511 2430 5550 non.
3693 5521 3706 5528 I

2307 5576 2331 5604 θ
2361 5567 2560 5624 Omnes
2609 5568 2740 5626 edit.
2791 5583 2916 5625 cum
2969 5583 3100 5624 mss.
3159 5567 3466 5637 nonnullis,
3516 5561 3828 5622 Laudabilis

2233 5655 2390 5706 mors,
2413 5656 2534 5712 cum
2561 5641 2782 5708 occasio,
2811 5650 2918 5698 etc.
2944 5639 3058 5696 Cod
3085 5639 3298 5696 Thuan.
3327 5649 3383 5697 et
3416 5639 3508 5696 alii
3551 5641 3830 5712 probatio-

2233 5725 2344 5785 res,
2399 5709 2704 5768 Laudabilis
2753 5715 2961 5777 mortis,
2986 5721 3125 5785 _e_tc.
3175 5713 3340 5785 Magis
3381 5709 3660 5785 apposite;
3719 5725 3828 5768 non

2231 5782 2401 5857 enim
2417 5785 2596 5840 omnis
2633 5801 2781 5840 mors
2805 5782 3132 5857 laudabilis,
3167 5782 3283 5842 nec'
3305 5783 3534 5856 proinde
3569 5785 3828 5857 quaelibet

2233 5855 2426 5914 mortis
2454 5857 2672 5914 occasio
2701 5855 2980 5931 rapienda.
