4078 6306
251 266 357 331 143

1299 280 1387 338 DE
1425 279 1719 341 OFFlCllS
1757 285 2236 350 MlNlS'l'RORUM
2273 291 2540 356 LiBilﬂ.

3449 308 3558 367 μϐ

247 387 440 447 mortis
469 406 591 448 cum
621 394 835 451 occasio
863 393 1044 460 datur,
1080 394 1336 465 rapienda
1363 404 1445 450 est
1473 395 1638 452 illico.
1673 396 1846 455 Dilata
1872 400 1928 464 Α
1952 398 2110 458 Zelus
2147 404 2329 459 domus
2377 417 2480 462 tua:
2518 409 2737 465 comedit
2774 427 2852 466 me
2887 410 3066 485 (Joan.
3097 429 3155 482 ιι,
3186 415 3302 488 17).
3331 416 3415 474 Sit
3437 435 3572 493 ergo

245 483 414 553 gloria
442 483 598 555 fugit,
631 503 729 544 nec
759 486 916 543 facile
939 487 1435 558 comprehenditur.

321 579 482 652 108
520 581 645 637 151.
688 581 873 638 Fidem
915 581 1145 654 diligite.
1176 584 1428 655 quoniam
1471 597 1568 654 per
1601 585 1760 642 fidem
1789 597 1844 643 et

243 673 590 731 devorionem
614 676 794 733 JOsias
815 694 1065 749 maguum
1090 678 1189 733 sibi
1211 688 1235 715 ιι
1254 678 1320 733 ab
1341 678 1673 735 adversariis
1694 696 1844 735 amo-

241 783 356 824 rem
387 771 704 841 acquisivit;
751 773 1003 844 quoniam
1049 773 1346 828 celebravit
1375 776 1568 845 pascha
1598 774 1835 843 Domini,

241 875 364 916 cum
395 873 543 919 esset
572 880 837 920 annorum
878 867 1068 921 decem
1108 877 1164 920 et
1199 877 1351 931 octo,
1383 867 1842 938 quemadmodum

243 969 404 1010 nemo
432 968 558 1012 ante
589 974 712 1012 eum
746 957 834 1029 (IV
872 957 1002 1032 Reg.
1037 975 1188 1025 χχιιι,
1221 960 1284 1016 91
1322 960 1474 1030 seq.).
1507 961 1637 1016 Zelo
1666 963 1845 1034 itaque

240 1056 300 1102 ut
328 1047 460 1102 vicit
487 1051 818 1120 superiores,
848 1051 916 1106 ita
943 1062 995 1106 et
1019 1068 1140 1116 vos,
1167 1051 1284 1121 filii,
1309 1054 1484 1109 zelum
1511 1054 1602 1108 Dei
1627 1057 1844 1113 sumite.

239 1139 504 1211 Exquirat
544 1157 641 1197 vos
682 1144 774 1198 Dei
815 1147 964 1199 zelus
1005 1157 1056 1200 et
1095 1145 1348 1210 devoret;
1381 1157 1440 1201 ut
1480 1150 1848 1218 nnuSquisque

237 1245 480 1288 vestrum
512 1235 694 1292 dicat:
725 1235 1014 1307 Exquisivit
1042 1255 1121 1293 me
1156 1240 1294 1294 zelus
1323 1239 1508 1295 domus
1540 1251 1643 1295 tua:
1669 1241 1842 1312 (Psal.

240 1341 427 1392 uvru,
455 1329 568 1398 10).
595 1331 894 1400 Apostolus
915 1330 1117 1387 Christi
1145 1332 1350 1388 zelotes
1379 1334 1554 1388 dictus
1580 1345 1663 1390 est
1690 1334 1846 1407 (Luc.

236 1433 312 1487 vr,
346 1421 460 1491 15).
499 1420 641 1490 Quid
681 1421 749 1477 de
790 1421 1053 1495 Apostolo
1081 1421 1242 1481 dico?
1278 1423 1398 1496 ipse
1436 1424 1699 1482 Dominus
1738 1427 1847 1483 ait:

307 1567 332 1594 ιι
365 1555 442 1612 Ita
487 1573 618 1614 mss.
669 1559 965 1636 pluresue
1008 1564 1292 1636 potiores:
1327 1581 1431 1620 non
1464 1568 1619 1636 pauci
1661 1576 1843 1624 tamen

236 1638 396 1698 atque
437 1646 629 1686 omnes
667 1632 797 1686 edit.
828 1633 892 1686 ab
924 1637 1193 1691 universis.
1226 1635 1352 1693 Veri
1397 1632 1574 1692 tamen
1613 1639 1844 1700 similius

232 1712 312 1780 est
354 1701 456 1780 hoc
498 1701 617 1757 loco
656 1703 902 1760 alludere
943 1707 1285 1762 Ambrosium
1318 1711 1388 1766 ad
1422 1710 1472 1764 id
1502 1713 1647 1780 quod
1679 1712 1773 1768 lib.
1807 1734 1840 1772 ιι

232 1771 467 1844 Paralip.
492 1789 613 1845 cap.
649 1791 788 1831 xxxv
813 1789 1148 1834 memoratur
1168 1795 1292 1836 cum
1322 1797 1389 1838 eo
1418 1771 1597 1854 regem
1623 1771 1841 1861 Egypti
1872 1784 1922 1847 Β

1957 496 2052 552 Dei
2083 499 2255 566 zelus,
2286 515 2392 556 non
2419 502 2522 559 iste
2549 503 2817 564 humanus
2837 504 2869 579 ,ι’
2892 523 3054 578 quem
3089 509 3575 586 invidiageuerat.

2027 592 2152 648 155.
2197 592 2280 649 Sit
2307 595 2451 651 inter
2493 613 2587 653 vos
2623 614 2759 668 pax,
2795 598 2914 670 ause
2941 610 3165 672 supcrat
3190 619 3408 662 omnem
3439 623 3568 664 sen-

1955 698 2096 740 sum.
2142 685 2336 744 Amate
2376 705 2470 746 vos
2522 681 2776 748 invicem.
2822 693 2965 749 Nihil
3013 696 3282 754 charitate
3327 698 3564 768 dulcius,

1952 779 2087 834 nihil
2118 797 2248 850 pace
2275 787 2501 853 gratius.
2531 787 2594 841 Et
2621 802 2716 842 vos
2744 789 2842 858 ipsi
2871 789 3022 845 scitis
3047 793 3190 862 quod
3214 807 3330 863 pra:
3356 797 3573 852 caeteris

1955 889 2055 929 vos
2082 892 2302 947 semper
2332 879 2500 934 dilexi
2541 891 2595 936 et
2632 881 2839 952 diligo:
2871 885 3023 954 quasi
3057 886 3211 940 unius
3257 889 3426 957 patris
3461 889 3569 947 lilii

1953 969 2238 1024 coaluistis
2270 975 2320 1025 in
2350 971 2603 1029 alTeCtum
2633 978 3030 1045 germanitatis.

2032 1061 2152 1118 156.
2195 1064 2326 1132 Qure
2373 1067 2507 1122 bona
2539 1080 2663 1124 sunt
2703 1080 2907 1133 tenete.
2941 1082 2994 1126 et
3035 1072 3178 1128 Deus
3209 1074 3359 1144 pacis
3388 1084 3445 1132 et
3480 1076 3570 1132 di-

1952 1153 2206 1211 leCIionis
2255 1159 2357 1214 erit
2404 1161 2680 1217 vobiscum
2732 1165 2782 1218 in
2836 1164 3072 1220 Domino
3118 1166 3248 1223 Jesu
3293 1188 3306 1224 :
3349 1170 3434 1225 cui
3486 1180 3572 1226 est

1955 1247 2158 1316 honor,
2194 1252 2400 1321 gloria,
2435 1257 2869 1326 magniﬁcentia,
2907 1268 3181 1332 potestas,
3209 1277 3330 1320 cum
3360 1263 3568 1335 Spiritu

1953 1352 2142 1399 Sancto
2168 1343 2222 1399 in
2253 1347 2449 1402 saecula
2478 1350 2830 1410 saeculorum.
2861 1350 3058 1410 Amen.

1953 1586 2060 1655 non
2091 1576 2190 1630 nisi
2223 1578 2473 1646 invitum,
2500 1589 2555 1636 et
2585 1590 2871 1655 pastquam
2901 1595 3154 1644 amanter
3193 1603 3317 1646 eum
3342 1589 3565 1648 dissua-

1952 1642 2082 1717 dere
2098 1660 2337 1717 conatus
2363 1642 2534 1717 esset,
2565 1642 2757 1709 riunt-us
2782 1642 3148 1716 conseruisse.

2025 1713 2051 1754 δ
2083 1715 2424 1792 Cod.Carn.,
2452 1713 2543 1797 qui
2569 1727 2818 1783 invidiam
2843 1713 3114 1810 generati

217 1929 3464 1973 —————____.._._.____._______________________

1361 2076 1710 2164 LIBER
1783 2084 2330 2173 TERTIUS.

1603 2242 2166 2275 *4-

687 2314 842 2387 107
881 2315 1109 2374 CAPUT
1148 2317 1444 2378 PRIMUM.

218 2401 272 2460 Α
300 2401 500 2459 Doride
525 2421 586 2459 ac
621 2404 904 2462 Salomone
932 2410 1080 2464 nobis
1109 2423 1422 2482 praeceptum
1444 2454 1456 2476 ,
1497 2430 1600 2482 qua
1637 2415 1834 2470 ratione

296 2515 410 2553 cum
440 2504 597 2554 corde
626 2513 801 2557 nostro
826 2507 1234 2560 conversantium
1264 2508 1350 2572 sit,
1380 2509 1694 2580 proindcque
1715 2509 1835 2565 Sci-

297 2593 503 2661 pionem
547 2593 704 2662 dicti,
742 2597 880 2667 quod
919 2598 963 2651 ei
995 2599 1267 2666 tribuitur,
1305 2602 1527 2672 primunt
1569 2614 1832 2659 auctorem

294 2701 394 2740 non
419 2687 790 2754 reputandum.
812 2689 982 2758 Quam
1007 2692 1226 2760 pulchra
1243 2694 1296 2747 in
1316 2694 1419 2749 otio
1443 2712 1536 2750 suo
1559 2706 1829 2767 perpetra-

292 2780 459 2834 uerint
490 2783 661 2837 sancti
692 2785 954 2858 prapltette
979 2802 999 2839 :
1029 2787 1212 2841 ltorum
1261 2798 1412 2854 atque
1456 2791 1679 2846 aliorum
1725 2793 1831 2847 otia

292 2877 653 2945 conferuntur,
699 2879 1087 2951 ostenditurque
1117 2897 1396 2950 numquam
1433 2884 1602 2939 solum
1642 2895 1733 2939 aut
1778 2886 1831 2941 in

289 2976 512 3038 angusto
531 2968 737 3040 justum
766 2985 899 3024 esse.

292 3081 345 3135 1.
390 3081 558 3136 David
602 3083 870 3154 propheta
891 3085 1080 3142 docuit
1112 3104 1210 3145 nos
1243 3101 1516 3162 tamquam
1558 3093 1609 3148 in
1653 3096 1829 3166 ampla

211 3171 382 3230 domo
403 3173 757 3233 deambulare
779 3178 831 3233 in
856 3179 1027 3236 corde
1055 3191 1264 3250 nostro,
1288 3194 1342 3240 et
1365 3187 1679 3242 conversari
1705 3204 1828 3244 cum

211 3280 285 3323 eo
303 3278 574 3340 tamquam
602 3287 725 3326 cum
756 3272 902 3329 bono
928 3277 1345 3338 contubernali;
1377 3290 1435 3334 ut
1467 3281 1582 3350 ipse
1609 3283 1712 3338 sibi
1742 3283 1828 3338 dl-

212 3371 390 3428 ceret,
423 3373 480 3417 et
509 3364 826 3434 loqueretur
845 3384 1055 3436 secum,
1087 3380 1144 3424 ut
1172 3380 1258 3427 est
1283 3372 1412 3427 illud
1439 3391 1453 3428 :
1483 3372 1631 3439 Dixi,
1657 3387 1829 3431 custo-

212 3455 362 3511 diam
387 3458 499 3513 vias
527 3477 665 3516 meas
706 3461 894 3528 (Psal.
927 3480 1153 3531 xxxviii,
1183 3465 1274 3536 2).
1320 3467 1578 3522 Salomon
1611 3483 1830 3540 quoque

211 3549 365 3604 ﬁlius
391 3552 513 3620 ejus
538 3551 651 3606 ait:
682 3551 811 3608 Bibe
837 3573 1022 3625 aquam
1048 3556 1112 3612 de
1142 3559 1245 3612 tuis
1277 3559 1442 3621 vasis,
1474 3569 1521 3614 et
1553 3559 1616 3613 de
1643 3573 1822 3630 puteo-

1941 2332 2113 2390 lentio
2143 2335 2504 2407 loquebatur,
2543 2349 2600 2394 et
2632 2341 2685 2395 in
2717 2341 2832 2396 otio
2871 2342 3220 2412 operabatur.
3252 2341 3418 2413 Cujus
3457 2357 3554 2400 au—

1939 2431 2050 2481 tem
2090 2429 2295 2498 majora
2338 2432 2578 2500 negotia,
2603 2447 2764 2504 quam
2801 2433 2966 2505 hujus
3004 2434 3137 2503 otia,
3171 2437 3260 2508 qui
3293 2437 3559 2509 quadrin‘

1937 2519 2082 2589 ginta
2106 2521 2298 2577 diebus
2321 2524 2595 2594 positusin
2612 2538 2816 2593 monte,
2834 2536 3002 2584 totam
3022 2529 3219 2596 Legem
3239 2532 3560 2599 complexus

1938 2623 2045 2676 est,
2081 2622 2134 2668 et
2165 2616 2215 2668 in
2247 2616 2336 2670 illa
2374 2618 2667 2674 solitudine
2695 2622 2788 2691 qui
2827 2636 2948 2677 eum
2981 2637 3048 2678 eo
3078 2624 3414 2695 loqueretur,
3446 2641 3554 2680 non

1938 2702 2112 2760 defuit
2157 2706 2354 2772 (Exod.
2395 2724 2544 2778 xxiv,
2581 2711 2648 2766 15
2677 2721 2722 2766 cl
2753 2713 2922 2785 scq.)?
2967 2713 3121 2770 Unde
3151 2725 3205 2770 et
3230 2715 3399 2770 David
3436 2717 3551 2772 ait:

1936 2799 2160 2853 Audiam
2211 2803 2339 2871 quid
2384 2805 2626 2874 loquatur
2669 2806 2725 2860 in
2769 2823 2851 2860 me
2895 2807 3150 2862 Dominus
3190 2807 3334 2864 Deus
3375 2809 3548 2877 (Psal.

1938 2909 2162 2960 Lxxxtv,
2185 2895 2266 2965 9).
2288 2896 2356 2951 Et
2378 2908 2584 2968 quanto
2608 2898 2729 2969 plus
2755 2909 2839 2956 est
2866 2901 2912 2955 si
2942 2917 3065 2956 cum
3092 2899 3274 2971 aliquo
3297 2900 3443 2958 Deus
3474 2903 3554 2958 lo-

1935 2999 2156 3061 quatur,
2191 3007 2352 3062 quam
2383 2993 2498 3062 ipse
2529 2995 2746 3048 secum!

2009 3084 2063 3138 5.
2106 3085 2439 3140 Transibant
2481 3087 2746 3156 apostoli,
2785 3097 2840 3142 et
2871 3086 3064 3143 umbra
3098 3103 3290 3144 eorum
3327 3091 3554 3146 curabat

1938 3177 2204 3232 infirmos.
2238 3179 2629 3250 Tangebautur
2659 3180 2983 3236 vestimenta
3013 3197 3228 3249 eorum,
3257 3191 3316 3238 et
3343 3185 3551 3242 sanitas

1935 3272 2290 3328 deferebalur
2321 3273 2460 3343 (Act.
2487 3290 2539 3336 v,
2567 3273 2681 3344 16).

2007 3364 2062 3419 4.
2105 3365 2426 3420 Sermonem
2472 3371 2686 3424 locutus
2726 3377 2811 3422 est
2845 3367 3022 3434 Elias,
3078 3377 3133 3423 et
3174 3369 3353 3440 pluvia
3392 3372 3546 3428 stetit

1935 3476 2038 3517 uec
2065 3461 2263 3516 cecidit
2293 3477 2458 3531 super
2490 3470 2688 3518 terram
2727 3463 2899 3519 tribus
2926 3466 3082 3520 annis
3123 3479 3178 3522 et
3217 3483 3315 3522 sex
3346 3469 3551 3526 mensi-

1935 3553 2059 3609 bus.
2083 3553 2283 3609 lterum
2312 3555 2524 3610 locutus
2550 3565 2655 3621 est,
2682 3567 2736 3612 et
2758 3557 2944 3630 hydria
2978 3558 3165 3615 farina:
3192 3576 3298 3616 nou
3328 3561 3544 3632 defecit,

210 3657 331 3696 rum
360 3653 567 3696 tuorum
597 3645 823 3714 fontibus
864 3646 1046 3716 (Ρνου,
1079 3663 1134 3714 v,
1163 3650 1282 3720 15);
1317 3653 1418 3706 hoc
1448 3662 1531 3706 est
1559 3665 1651 3707 tuo
1681 3669 1810 3708 con-
1845 3656 1890 3720 ο
1922 3657 1977 3703 et
2007 3663 2102 3702 vas
2130 3649 2238 3703 olei
2275 3660 2389 3704 t0to
2419 3649 2805 3707 famisdiurna:
2831 3663 3075 3726 tempore
3104 3671 3211 3711 non
3241 3664 3327 3713 est
3354 3657 3543 3714 exina-

209 3735 340 3790 silio
382 3749 562 3792 utere.
593 3737 742 3808 Aqua
779 3741 919 3794 enim
959 3743 1086 3806 altu,
1118 3745 1390 3800 consilium
1431 3749 1484 3801 iu
1524 3749 1680 3802 corde
1725 3750 1824 3804 oiri

210 3825 402 3896 (Prov.
435 3844 524 3889 xx.
552 3829 632 3901 5).
663 3829 854 3898 Nemo,
882 3833 1078 3904 inquit,
1109 3837 1311 3893 alienus
1339 3840 1597 3910 particeps
1618 3843 1685 3895 sit
1708 3841 1818 3896 tibi.

210 3916 364 3976 Fons
411 3938 559 3991 aqua:
605 3934 706 3978 tute
753 3927 820 3978 sit
863 3925 955 3980 tibi
1001 3931 1358 4000 proprius:et
1383 3933 1680 4004 jucuntlare
1706 3951 1822 3989 cum

208 4029 395 4080 uxore,
409 4031 525 4079 quae
545 4027 618 4071 est
646 4017 737 4072 tibi
758 4036 791 4073 a
802 4022 1094 4092 juventute.
1109 4021 1299 4077 Cervus
1312 4026 1559 4082 amicitia!
1577 4038 1624 4081 et
1648 4030 1823 4097 pullus

208 4112 502 4182 gratiarum
533 4113 933 4184 confabulemur
961 4127 1127 4171 tecum
1158 4117 1344 4190 (Prov.
1377 4136 1429 4187 v,
1467 4122 1552 4186 17,
1585 4123 1698 4192 18).

284 4205 342 4261 2.
386 4207 500 4263 Non
535 4226 668 4280 ergo
691 4214 899 4280 primus
920 4221 944 4248 ιι
966 4214 1150 4283 Scipio
1177 4215 1336 4269 scivit
1362 4217 1510 4271 solus
1541 4234 1644 4272 non
1679 4233 1822 4286 esse,

208 4311 338 4355 cum
382 4302 530 4356 solus
565 4315 745 4370 esset;
774 4303 800 4343 ι)
823 4321 923 4360 nec
964 4307 1142 4360 minus
1182 4307 1412 4374 otiosus,
1447 4324 1568 4363 cum
1614 4311 1826 4366 otiOsus

209 4404 362 4448 e3sel
392 4411 404 4447 :
432 4395 593 4450 scivit.
619 4406 744 4451 ante
776 4398 950 4468 ipsam
997 4399 1242 4470 Moyses,
1284 4403 1374 4471 qui
1419 4417 1544 4457 cum
1595 4413 1823 4472 taceret,

210 4485 484 4542 clamabat
522 4488 724 4555 (Exod.
765 4507 871 4555 xiv,
918 4491 1006 4563 15)
1036 4511 1048 4547 :
1077 4509 1198 4547 cum
1231 4494 1439 4550 otiosus
1466 4506 1656 4562 staret,
1691 4513 1826 4567 prce-

209 4576 482 4646 liabatur;
509 4598 608 4636 nec
630 4583 807 4637 solum
843 4585 1212 4654 prmliabatur,
1244 4587 1340 4643 sed
1371 4588 1531 4643 etiam
1559 4590 1626 4644 de
1659 4590 1827 4646 hosti-

209 4670 338 4737 bus,
371 4689 506 4742 quos
534 4691 642 4731 non
675 4679 1013 4748 contigerat,
1061 4680 1425 4749 triumphabat
1454 4681 1652 4754 (Exod.
1691 4700 1822 4753 xvu,

213 4763 281 4822 il
316 4774 364 4818 et
392 4765 543 4837 seq.).
572 4768 724 4823 Adeo
759 4769 988 4833 otiosus,
1019 4780 1076 4825 ut
1103 4787 1294 4827 manus
1322 4773 1440 4844 ejus
1463 4775 1556 4830 alii
1585 4777 1823 4832 sustine-

212 4867 338 4912 rent
364 4876 378 4911 :
407 4874 503 4915 nec
534 4861 713 4916 minus
750 4863 910 4936 108
938 4880 1095 4933 quam
1141 4869 1326 4922 caueri
1365 4870 1705 4938 negotiosus,
1733 4872 1823 4941 qui

214 4948 408 5005 otiosis
440 4955 686 5009 manibus
714 4957 1060 5027 espugnabat
1081 4958 1316 5027 hostem,
1345 4976 1502 5032 quem
1533 4980 1639 5018 non
1670 4979 1825 5036 pme-

1925 3740 2098 3796 nilum
2130 3741 2221 3814 (Ill
2256 3741 2384 3813 Reg.
2421 3759 2555 3810 xvrt,
2587 3746 2609 3800 1
2642 3753 2691 3798 et
2720 3749 2879 3816 seq.).

1997 3833 2051 3888 5.
2098 3833 2162 3886 Et
2207 3838 2462 3901 quoniam
2508 3837 2800 3909 plerosque
2846 3837 3120 3895 delectant
3153 3841 3382 3910 bellica;
3414 3844 3544 3915 quid

1925 3934 2012 3982 est
2053 3930 2422 3993 praestantius,
2463 3931 2738 3985 exercitus
2773 3943 2794 3971 ε
2825 3935 3005 4004 magni
3035 3937 3274 4004 lacertis,
3309 3953 3375 3992 an
3407 3940 3540 3994 solis

1925 4018 2136 4075 meritis
2189 4023 2491 4078 coniecisse
2545 4023 2825 4092 praelium?
2890 4026 3129 4082 Sedehat
3183 4029 3414 4084 Elismus
3480 4031 3535 4087 in

1927 4129 2037 4169 uno
2063 4115 2205 4182 loco,
2227 4126 2283 4170 et
2305 4132 2398 4171 rex
2423 4117 2594 4188 Syria:
2623 4134 2870 4190 magnam
2897 4120 3020 4176 belli
3047 4122 3242 4178 molem
3272 4123 3537 4181 inferebat

1928 4209 2128 4278 populo
2168 4220 2421 4278 patrum,
2463 4210 2806 4283 diversisque
2846 4215 3199 4270 consiliorum
3248 4216 3538 4274 acervabat

1927 4299 2231 4366 fraudibus,
2264 4311 2320 4358 et
2353 4305 2752 4360 circumvenire
2794 4306 3007 4361 insidiis
3046 4309 3410 4365 moliebatur:
3442 4311 3542 4368 sed

1927 4410 2120 4451 omnes
2161 4396 2282 4467 ejus
2325 4411 2621 4470 apparatus
2667 4401 2929 4472 propheta
2975 4404 3449 4474 deprehendebat.
3483 4417 3541 4464 et

1927 4489 2118 4558 vigore
2146 4489 2344 4544 mentis
2370 4505 2467 4560 per
2490 4492 2720 4562 gratiam
2748 4493 2844 4548 Dei
2877 4494 3076 4565 ubique
3105 4510 3368 4566 praiseus,
3393 4499 3544 4568 cogi-

1932 4585 2170 4641 tatiooes
2203 4585 2439 4639 hostium
2473 4588 2586 4640 suis
2620 4588 3014 4655 annuntiabat,
3051 4597 3108 4644 et
3138 4591 3395 4646 mouebat
3420 4591 3544 4663 qui-

1932 4680 2032 4735 hus
2067 4681 2225 4753 109
2254 4691 2517 4737 caverent
2544 4683 2696 4738 locis.
2723 4685 2875 4752 Quod
2909 4685 2995 4739 ubi
3021 4685 3136 4758 regi
3165 4688 3337 4760 Syria:
3369 4691 3545 4746 mani-

1931 4774 2185 4830 festatum
2235 4786 2349 4840 est,
2402 4777 2570 4834 misso
2620 4781 2895 4842 exercitu,
2943 4781 3138 4835 clausit
3191 4783 3532 4852 prophetam.

1931 4869 2116 4925 Oravit
2147 4868 2400 4936 Eliswus,
2426 4880 2480 4926 et
2507 4886 2700 4927 omnes
2731 4873 2850 4928 illos
2875 4873 3122 4928 caecitate
3144 4875 3352 4945 percuti
3381 4874 3536 4942 fecit,

1930 4973 1984 5019 et
2011 4963 2260 5033 captivos
2290 4966 2493 5018 intrare
2523 4966 2574 5020 in
2608 4965 2933 5032 Samariam,
2965 4966 3054 5038 qui
3086 4979 3345 5023 venerant
3383 4967 3536 5025 obsi-

213 5057 342 5102 raut
372 5047 587 5105 vincere
615 5049 713 5121 qui
740 5049 1090 5108 dimicabant.
1126 5053 1268 5125 Ergo
1302 5053 1512 5126 Moyses
1559 5064 1616 5111 et
1657 5059 1708 5112 in
1750 5058 1823 5114 si-
1847 5051 1903 5114 D
1929 5058 2058 5116 dere
2085 5075 2209 5115 eum
2236 5057 2330 5132 (1V
2363 5059 2495 5133 Reg.
2523 5076 2596 5128 γι,
2625 5062 2658 5117 8
2685 5071 2731 5115 et
2760 5061 2916 5134 seq.).

293 5215 318 5243 ³
347 5206 460 5263 Cic.
500 5208 593 5262 lib.
637 5223 694 5263 ιιι
738 5209 894 5264 Ollio.
927 5211 1108 5264 statim
1149 5212 1304 5266 initio
1345 5231 1360 5268 :
1407 5212 1661 5269 Publium
1705 5215 1823 5272 Sci-

220 5279 445 5352 pionem,
476 5279 654 5353 Marce
684 5281 785 5350 fili,
816 5298 931 5335 eum
961 5284 1049 5350 qui
1080 5285 1299 5353 primus,
1333 5294 1440 5339 etc.
1477 5289 1550 5340 De
1586 5286 1686 5341 hac
1715 5303 1814 5343 au-

221 5352 608 5430 Ieni_seii_tentia
627 5359 797 5407 multo
814 5353 982 5409 fusius
997 5352 1231 5424 disputat
1247 5355 1568 5414 Ambrosius
1579 5359 1743 5430 epist.
1759 5361 1812 5426 5,

223 5421 601 5498 ad_Sa_hinum_.
861 5497 868 5498 ί
1086 5421 1096 5424 ’
1614 5421 1630 5430 ’
1743 5491 1749 5498 κ

296 5489 325 5529 ι’
359 5493 472 5549 Vel.
517 5495 647 5550 edit.
661 5536 674 5559 ,
695 5511 785 5548 nec
802 5497 966 5550 minus
987 5499 1298 5576 negotiosus,
1313 5517 1427 5554 cum
1447 5502 1641 5576 otiosus
1662 5491 1810 5576 esset,

225 5562 386 5622 Rom.
423 5582 546 5622 cum
571 5584 718 5640 mss.
757 5582 923 5640 prope
957 5562 1232 5637 omnibus,
1269 5562 1362 5625 nec
1400 5574 1568 5628 minus
1597 5562 1812 5637 otiosas,

228 5651 376 5700 cum,
415 5651 519 5694 etc.
562 5639 903 5693 Sententiam
950 5651 1130 5696 autem
1183 5644 1324 5697 hanc
1365 5660 1491 5699 cum
1535 5661 1642 5700 non
1685 5646 1816 5701 satis

230 5721 669 5785 “Sequerentur.
701 5711 792 5781 qui
823 5713 1028 5765 ullituis
1069 5712 1240 5768 Paris.
1286 5715 1416 5771 edit.
1463 5719 1813 5785 pra-luerunt,

234 5781 550 5859 particulam
575 5800 748 5859 quant,
775 5795 1107 5859 antevoces,
1133 5803 1248 5859 cum
1271 5781 1474 5844 otiosus.
1491 5800 1642 5855 esset,
1666 5781 1818 5859 quasi

239 5854 419 5910 sensui
461 5856 823 5913 necessariam
857 5855 1137 5915 addidere.
1171 5857 1279 5916 Sed
1324 5875 1385 5918 ea
1433 5861 1533 5916 hoc
1572 5854 1817 5916 loei'nou

1928 5228 2012 5274 est
2059 5233 2222 5295 opus,
2249 5235 2372 5295 cum
2406 5222 2596 5295 procul
2633 5221 2800 5277 duhio
2831 5223 3044 5295 ellipsis
3074 5222 3322 5289 quaedam
3355 5223 3427 5277 sit
3458 5225 3530 5278 ita

1927 5291 2228 5359 supplenda
2257 5309 2269 5344 :
2307 5290 2421 5345 Nec
2450 5293 2649 5362 primus
2675 5296 2823 5349 scivit
2852 5290 3019 5348 minus
3041 5295 3236 5350 otiosus
3263 5310 3399 5354 essc,-
3413 5310 3530 5349 cum

1927 5364 2124 5416 otiosus
2153 5373 2304 5418 esset.
2353 5365 2465 5417 Duo
2504 5376 2688 5420 tamen
2733 5367 2951 5421 codices
2989 5368 3206 5430 legunt,
3237 5381 3326 5418 nec
3355 5369 3530 5422 minus

1925 5446 2181 5505 pugnaret
2208 5452 2360 5504 quam
2390 5437 2582 5504 cteteri,
2606 5453 2698 5492 nec
2726 5439 2917 5493 otiosus
2943 5445 3092 5502 esset,
3121 5443 3228 5490 etc.
3255 5435 3372 5492 Non
3393 5439 3530 5495 satis

1922 5517 2069 5560 ante.

1958 5521 2302 5651 plcékmerbq
2321 5577 2451 5635 Gill.
2475 5594 2541 5634 ac
2563 5596 2694 5634 mss.
2725 5595 2830 5634 non
2856 5579 3033 5646 pauci,
3058 5579 3259 5651 ninguis
3283 5579 3530 5650 lacertis;

1925 5649 2122 5702 melius
2154 5659 2356 5716 tamen,
2393 5653 2566 5723 magni
2599 5653 2837 5728 lacertis,
2865 5663 2921 5705 ut
2951 5652 3003 5705 in
3031 5649 3270 5728 exteris.
3305 5653 3369 5728 Et
3398 5649 3535 5728 cons
3616 5701 3622 5708 .

1925 5722 2081 5775 tinuo
2115 5733 2259 5790 post,
2291 5724 2416 5777 Era.
2451 5722 2504 5778 et
2533 5739 2649 5791 seq.
2687 5723 2818 5776 edit.
2852 5737 2974 5777 cum
3021 5724 3366 5793 paucissimis
3393 5725 3544 5791 mss;

1925 5795 2034 5849 suis
2065 5793 2720 5868 meritis;Amerbrvero
2743 5810 2873 5868 cum
2909 5796 3033 5853 aliis
3075 5795 3237 5866 longe
3278 5797 3528 5868 plurimis

1926 5880 1992 5920 ac
2023 5866 2440 5934 probatissimis,
2475 5866 2598 5921 solis
2628 5866 2841 5922 meritis.
3059 5869 3063 5874 '
