4078 6306
489 278 594 340 H7

1826 271 2083 339 SANCTI
2113 273 2441 343 summa!

3701 278 3809 343 HS

553 398 610 454 6.
640 396 1001 456 Conferamus
1021 404 1046 434 α
1069 394 1176 454 hoc
1196 395 1368 452 otium
1396 408 1522 451 cum
1548 392 1782 449 aliorum
1815 391 1949 448 otio.
1984 389 2092 455 Alii
2120 393 2176 465 Α
2202 393 2333 451 utile
2349 407 2415 449 an
2440 392 2632 451 inutile
2665 410 2679 451 :
2708 393 2961 452 similiter
2989 397 3094 453 hoc
3117 392 3493 463 loco,utrumd
3516 393 3811 453 hostestam

486 490 632 547 enim
660 482 1039 563 requiescendi
1064 505 1225 547 causa
1248 487 1516 545 abducere
1538 489 1780 543 animum
1808 503 1837 543 a
1865 486 2096 559 negotiis

486 586 691 654 solent,
723 596 777 643 et
804 602 832 641 a
861 593 1133 643 conventu
1164 596 1420 657 coetuque
1456 580 1741 639 hominum
1773 579 2097 637 subtrahere

488 696 642 749 sese;
675 678 731 737 et
759 688 851 736 aut
879 680 1021 736 ruris
1044 689 1231 750 petere
1260 687 1559 744 secretum,
1590 684 1814 748 captare
1840 688 2094 749 agrorum

488 770 837 842 Solitudines,
869 785 962 830 aut
982 775 1119 831 intra
1151 770 1339 830 urbem
1370 788 1566 829 vacare
1586 771 1793 839 animo,
1819 771 2100 843 indulgere

493 870 663 945 quieti
695 872 751 927 et
780 868 1159 943 tranquillitati
1193 887 1206 923 :
1240 867 1467 924 Eliszeus
1493 876 1676 922 autem
1707 875 1799 920 aut
1826 866 1878 920 in
1907 864 2103 921 solitu-

492 966 624 1022 dine
639 962 933 1021 Jordanem
964 963 1197 1019 transitu
1222 976 1319 1017 suo
1345 956 1537 1016 dividit
1562 956 1652 1033 (IV
1686 954 1818 1031 Reg.
1836 974 1898 1025 ιι,
1929 956 2018 1032 8);
2044 965 2105 1013 ut

495 1076 621 1133 pars
648 1061 849 1119 delluat
874 1059 1164 1131 posterior,
1200 1052 1453 1128 superior
1478 1063 1659 1111 autem
1690 1053 1747 1109 in
1774 1051 1980 1109 fontem
2012 1065 2103 1106 re-

495 1165 683 1212 currat
712 1176 724 1209 :
757 1162 851 1210 aut
883 1136 935 1209 in
962 1151 1217 1211 Carmelo
1245 1151 1483 1207 resoluta
1524 1147 1552 1188 ³*
1583 1146 1907 1205 difficultate
1940 1159 2106 1217 gene-

498 1248 678 1321 randi,
711 1249 928 1322 inopina
961 1247 1202 1309 Sterilem
1246 1242 1606 1316 conceptione
1648 1240 1903 1297 fecundat
1946 1257 1959 1294 :
2011 1246 2108 1295 aut

493 1344 786 1402 resuscitat
812 1342 1071 1399 ’mortuos
1099 1358 1112 1394 :
1142 1348 1237 1401 aut
1266 1334 1514 1395 ciborum
1547 1342 1819 1406 temperat
1847 1332 2108 1391 amaritu-

499 1439 678 1506 dines,
707 1446 764 1495 et
809 1437 938 1493 facit
981 1432 1169 1491 farinae
1216 1422 1555 1488 admixtione
1598 1428 1966 1484 dulcescere:
2016 1432 2113 1482 aut

499 1533 686 1590 decem
740 1531 968 1603 panibus
1018 1527 1346 1593 distributis,
1380 1522 1639 1595 reliquias
1687 1522 1919 1594 colligit,
1953 1520 2110 1592 plebe

495 1633 773 1681 saturata:
810 1630 908 1678 aut
946 1622 1150 1677 furum
1180 1619 1393 1675 securis
1419 1628 1739 1682 excussum,
1777 1624 1833 1671 et
1872 1614 1928 1670 in
1958 1611 2109 1669 tluvii

497 1718 754 1776 Iordanis
784 1729 1026 1773 mersum
1063 1711 1421 1788 profundum,
1451 1709 1620 1765 misso
1650 1708 1703 1765 in
1734 1720 1903 1779 aquas
1936 1706 2107 1780 ligno,

2202 486 2273 559 sit
2300 502 2366 539 an
2399 482 2529 542 utile
2561 487 2807 545 nonnulli
2834 488 3226 560 requirendum
3254 498 3464 560 putant.

2275 578 2329 635 9.
2362 576 2471 635 Nos
2516 589 2700 639 autem
2750 596 3055 649 movemur,
3089 597 3156 639 ne
3207 582 3322 638 inec
3358 582 3502 639 inter
3548 595 3617 639 se
3659 580 3815 639 uelut

2203 671 2624 743 compugnantia
2673 672 2930 730 inducere
2980 673 3288 741 videamur,
3328 689 3449 745 quae
3490 673 3604 745 jam
3642 688 3816 745 supra

2204 779 2371 818 unum
2404 778 2528 819 esse
2553 764 2897 821 ostendimus
2923 783 2937 819 :
2963 781 3064 821 nec
3088 775 3111 804 θ
3151 764 3443 823 honestum
3470 780 3593 824 esse
3619 780 3817 839 posse.

2206 855 2309 912 nisi
2334 856 2479 928 quod
2511 857 2676 915 utile:
2713 874 2816 915 nec
2843 859 3000 926 utile,
3034 860 3135 916 nisi
3164 860 3309 932 quod
3341 859 3631 917 honestum
3651 877 3665 927 ;
3686 862 3818 934 quia

2206 966 2314 1007 non
2337 953 2620 1022 sequimur
2642 953 2966 1025 sapientiam
2993 955 3199 1022 Carnis,
3232 953 3378 1026 apud
3408 970 3570 1027 quam
3604 955 3822 1012 utilitas

2207 1047 2538 1118 pecuniaria:
2556 1047 2715 1105 istius
2730 1048 3136 1107 commoditatis
3153 1049 3330 1123 pluris
3344 1049 3596 1117 habetur,
3611 1049 3711 1108 sed
3730 1064 3823 1105 sa-

2208 1140 2472 1212 pientiam
2503 1156 2627 1214 quae
2662 1157 2725 1198 ex
2761 1140 2871 1198 Deo
2895 1151 3003 1210 est,
3031 1142 3172 1213 apud
3196 1158 3357 1217 quam
3386 1157 3453 1200 ea
3479 1158 3602 1213 quas
3630 1144 3687 1199 in
3717 1143 3826 1200 hoc

2209 1235 2416 1292 szcculo
2439 1251 2631 1309 magna
2653 1238 3015 1305 aestimatur,
3043 1252 3141 1309 pro
3163 1236 3499 1297 detrimento
3524 1238 3826 1295 habeatur.

2283 1329 2372 1386 10.
2417 1329 2529 1387 Hoc
2584 1332 2789 1388 etenim
2830 1333 3157 1410 κατορθώμα.
3204 1330 3398 1404 cited!
3430 1331 3740 1405 perfectum
3773 1341 3833 1390 et

2209 1416 2518 1479 absolutum
2550 1424 2791 1481 officiunt
2820 1434 2930 1494 est,
2963 1440 2994 1481 a
3025 1440 3160 1482 vero
3196 1426 3414 1483 virtutis
3458 1424 3612 1482 fante
3656 1426 3836 1498 proﬂ-

2211 1514 2456 1570 ciscitur.
2487 1515 2588 1571 Cui
2614 1516 2913 1573 secundum
2941 1525 3028 1574 est
3052 1532 3349 1575 commune
3382 1517 3651 1586 officium,
3681 1519 3831 1590 quod

2213 1608 2334 1679 ipso
2362 1624 2616 1666 sermone
2643 1610 2983 1683 significatur
3013 1625 3121 1668 non
3154 1626 3278 1669 esse
3305 1613 3492 1673 ardua
3518 1610 3745 1670 virtutis
3766 1628 3838 1683 ac

2214 1701 2533 1774 singularis,
2556 1703 2704 1776 quod
2731 1711 2907 1774 potest
2936 1702 3185 1776 plurimis
3211 1720 3340 1763 esse
3354 1721 3672 1764 commune.
3692 1706 3837 1764 Nam

496 1810 626 1867 facit
656 1819 1014 1881 supernatare
1046 1826 1059 1861 :
1091 1804 1184 1863 aut
1232 1800 1623 1863 emendatione
1662 1798 1966 1875 leprosum,
2017 1809 2114 1857 aut
2142 1791 2191 1854 Β
2219 1799 2465 1869 pecunia:
2486 1798 2811 1870 compendia
2830 1809 3057 1869 captare
3084 1798 3353 1857 familiare
3370 1800 3583 1868 multis,
3605 1801 3841 1871 elegan-

507 1908 807 1964 siccitatem
851 1904 1141 1971 imbribus,
1191 1911 1284 1958 aut
1334 1901 1536 1957 famem
1569 1905 1743 1956 mutat
1782 1897 2114 1954 fecunditate

501 2000 597 2075 (IV
626 1990 752 2071 Heg.
786 2015 861 2066 tv,
893 1990 963 2054 16
984 2006 1030 2051 et
1057 2012 1185 2067 seq.,
1209 2004 1254 2050 et
1275 1993 1449 2065 alibi.)

575 2095 630 2149 7.
664 2092 894 2163 Quando
920 2106 1051 2161 ergo
1072 2091 1250 2161 justus
1279 2090 1428 2145 solus
1446 2095 1551 2154 est,
1578 2088 1815 2159 quicum
1844 2086 1956 2143 Deo
1973 2097 2119 2139 sem-

510 2201 609 2257 per
638 2184 760 2241 est‘l
797 2182 1027 2251 Quando
1055 2181 1331 2237 solitarius
1362 2188 1467 2246 est,
1499 2179 1589 2250 qui
1625 2188 1917 2249 numquam
1955 2188 2118 2245 sepa-

504 2288 660 2334 ratur
677 2293 705 2332 a
734 2276 990 2333 Christo?
1019 2276 1146 2342 Quis
1169 2291 1283 2340 nos,
1303 2271 1820 2344 iuquit,separabita
1845 2270 2120 2325 dilectione

511 2369 999 2442 Christiiﬁonﬁdo
1041 2370 1162 2439 quia
1190 2382 1352 2439 neque
1390 2383 1553 2433 mars,
1596 2380 1762 2436 neque
1795 2365 1921 2431 vita,
1959 2370 2122 2433 neque

508 2466 726 2537 angelus
775 2463 956 2538 (Rom.
1007 2459 1270 2532 vim“).
1324 2458 1553 2528 Quando
1592 2465 1774 2515 autem
1823 2456 2053 2513 feriatur
2089 2468 2120 2511 a

512 2557 760 2630 negatio,
798 2557 891 2626 qui
923 2566 1221 2625 numquam
1262 2551 1490 2609 feriatur
1518 2565 1549 2606 a
1589 2550 1810 2615 merito,
1844 2563 1955 2620 quo
1984 2562 2121 2603 con-

513 2659 818 2709 summatur
862 2646 1428 2721 negetiuleuibus
1478 2652 1665 2700 autem
1714 2644 1848 2699 locis
1891 2642 2125 2699 circum-

512 2747 789 2813 scribitur,
818 2744 906 2802 eul
932 2753 1080 2799 tutus
1110 2742 1342 2798 mundus
1366 2739 1678 2797 divitiarum
1710 2737 1987 2808 possessio
2008 2735 2126 2792 est!

515 2842 631 2911 Qua
668 2839 1032 2896 aestimatione
1070 2835 1353 2902 deﬁnitur,
1400 2834 1493 2906 qui
1526 2836 1827 2902 numquam
1870 2829 2127 2901 opinione

514 2931 1040 3005 comprehenditur?
1082 2930 1299 2987 Etenim
1354 2928 1510 3000 quasi
1568 2927 1851 2998 ignoratur
1899 2933 1957 2981 et
1999 2938 2130 2996 cng-

518 3033 765 3088 noscitur
796 3048 809 3086 :
842 3029 998 3100 quasi
1027 3027 1285 3092 moritur,
1305 3032 1362 3080 et
1381 3037 1511 3080 ecce
1539 3022 1672 3077 vivit
1704 3039 1716 3072 ι
1749 3020 1905 3090 quasi
1929 3019 2125 3085 tristis,

517 3135 573 3182 et
613 3134 832 3191 semper
872 3122 1051 3176 laetior
1101 3135 1115 3172 :
1165 3127 1226 3173 ut
1270 3130 1497 3188 egenus,
1532 3124 1586 3170 et
1639 3113 1821 3183 largus
1870 3130 1883 3165 :
1938 3121 1996 3165 ut
2035 3111 2127 3182 qui

2221 1892 2345 1947 tiori
2374 1892 2626 1949 convivio
2663 1901 2721 1949 et
2766 1892 3109 1950 saevioribus
3137 1893 3400 1950 delectari
3435 1894 3616 1967 epulis
3657 1894 3840 1951 usita-

2220 1996 2334 2042 tum
2365 1995 2450 2042 est
2483 2004 2496 2041 :
2530 1980 2786 2059 jejunare
2816 1998 3000 2045 autem
3036 1998 3093 2046 et
3130 1989 3502 2046 continentem
3545 2004 3675 2047 esse
3702 2006 3843 2059 pau-

2217 2093 2411 2145 corum
2438 2089 2557 2146 est;
2592 2091 2648 2143 et
2667 2080 2831 2143 alieni
2856 2080 3113 2153 cupidum
3135 2098 3244 2138 non
3268 2097 3414 2148 esse,
3445 2096 3631 2138 rarum
3656 2100 3670 2137 :
3696 2097 3840 2138 con-

2224 2176 2303 2231 tra
2335 2179 2515 2232 autem
2542 2176 2836 2234 detrahere
2867 2177 3009 2234 velle
3033 2179 3217 2245 alteri,
3250 2186 3434 2234 etnon
3457 2191 3579 2232 esse
3604 2186 3846 2233 conten-

2224 2279 2336 2325 tum
2366 2282 2496 2336 suo;
2532 2286 2654 2325 nam
2685 2271 2737 2325 iu
2772 2270 2874 2327 hoc
2900 2286 3021 2327 cum
3057 2270 3332 2351 plerisque
3359 2270 3700 2327 consortium
3727 2278 3843 2327 est.

2224 2364 2343 2420 Alia
2386 2365 2551 2435 igitur
2581 2362 2774 2434 prima,
2820 2364 2925 2421 alia
2959 2372 2985 2413 ε
3014 2364 3194 2421 media
3239 2360 3440 2421 officia.
3487 2363 3671 2420 Prima
3710 2378 3847 2433 cum

2225 2459 2431 2532 paucis,
2460 2460 2639 2515 media
2668 2472 2791 2516 cum
2822 2458 3087 2531 pluribus.

2301 2552 2390 2608 ll.
2423 2551 2670 2624 Denique
2699 2553 2753 2608 in
2782 2552 2977 2609 iisdem
3007 2550 3190 2609 verbis
3217 2552 3538 2625 frequenter
3569 2546 3849 2623 discretio

2227 2654 2332 2703 est.
2375 2646 2554 2703 Aliter
2578 2647 2725 2703 enim
2754 2646 2958 2703 bonum
2990 2646 3157 2708 Deum
3183 2646 3437 2713 dicimus,
3470 2645 3631 2702 aliter
3659 2640 3852 2703 homi-

2231 2756 2354 2798 nem
2387 2756 2402 2797 :
2435 2741 2596 2797 aliter
2620 2742 2830 2812 justum
2860 2738 2887 2778 δ
2922 2740 3093 2797 Deum
3133 2738 3495 2821 appellamus,
3538 2740 3701 2797 aliter
3744 2736 3854 2796 ho-

2230 2834 2457 2893 minem.
2491 2835 2760 2892 Similiter
2787 2845 2845 2893 et
2869 2836 3175 2907 sapientem
3207 2834 3377 2892 Deum
3404 2834 3563 2890 aliter
3582 2826 3851 2902 dicimus,

2231 2931 2395 2988 aliter
2446 2929 2743 2987 hominem.
2794 2929 2952 2999 Quod
3003 2935 3061 2987 et
3105 2930 3158 2985 in
3206 2928 3498 3002 Evangelia
3528 2928 3849 2987 docemur:

2236 3025 2411 3081 Estote
2434 3042 2556 3097 ergo
2591 3035 2639 3081 et
2665 3042 2755 3081 vos
2786 3025 3023 3097 perfecti,
3065 3026 3197 3079 sicut
3237 3030 3284 3079 et
3310 3031 3456 3095 pater
3479 3032 3645 3079 vester
3670 3024 3764 3095 qui
3790 3026 3852 3080 in

2231 3120 2372 3174 caelis
2398 3130 2496 3182 est,
2530 3121 2786 3190 perfectus
2813 3128 2886 3173 est
2931 3114 3147 3189 (Maus.
3176 3130 3230 3183 ν,
3253 3114 3367 3189 48).
3396 3115 3579 3187 Ipsum
3613 3116 3854 3174 Paulum

518 3218 650 3274 nihil
686 3216 902 3281 haheat,
921 3224 977 3269 et
1004 3211 1284 3284 possideat
1305 3209 1488 3264 omnia
1518 3206 1587 3279 (ll
1609 3204 1733 3262 (lar.
1763 3220 1839 3272 vr,
1872 3206 1951 3275 8).
1984 3203 2123 3259 Nihil

2240 3213 2359 3284 lego
2389 3212 2692 3283 perfectum
2730 3221 2786 3268 et
2818 3225 2927 3267 non
2965 3208 3291 3282 perfectum.
3324 3210 3459 3265 Nam
3501 3222 3629 3265 cum
3672 3210 3855 3266 disia-

519 3314 663 3369 enim
698 3319 907 3379 spectat
950 3305 1034 3361 vir
1073 3305 1275 3375 justus,
1311 3302 1415 3359 nisi
1450 3301 1597 3371 quod
1644 3309 1907 3355 constans
1937 3308 1994 3353 et
2034 3298 2133 3352 lio—

523 3413 740 3461 nestum
791 3415 899 3457 est.
953 3400 1019 3454 Et
1067 3399 1189 3453 ideo
1218 3396 1432 3453 etiamsi
1480 3394 1571 3449 alii
1618 3392 1864 3448 videatur
1902 3404 2127 3461 pauper,

522 3500 624 3554 sibi
659 3497 814 3551 dives
839 3500 963 3550 est:
992 3492 1084 3562 qui
1114 3506 1222 3545 non
1266 3500 1458 3545 eorum
1487 3502 1610 3559 quae
1637 3485 1865 3551 caduca,
1896 3483 1994 3540 sed
2041 3497 2132 3539 eo-

523 3606 648 3649 rum
678 3602 806 3661 quie
831 3596 1037 3642 interna
1063 3593 1212 3649 sunt,
1241 3582 1603 3639 aestimatione
1633 3590 1908 3635 censetur.

1167 3674 1398 3734 CAPUT
1439 3673 1503 3730 ll.

527 3778 681 3847 Quod
712 3774 1010 3846 philosophi
1049 3772 1113 3828 de
1142 3770 1342 3827 honesti
1384 3777 1538 3838 atque
1570 3765 1719 3821 utilia
1746 3765 2136 3837 comparatione

600 3871 896 3942 disputant,
929 3867 1030 3921 hoc
1054 3863 1199 3937 apud
1228 3861 1563 3921 Christianos
1591 3859 1760 3914 locum
1788 3876 1897 3913 non
1922 3858 2133 3925 habere,

600 3965 787 4035 quibus
809 3961 943 4017 nihil
971 3961 1100 4016 utile
1120 3959 1223 4015 nisi
1248 3955 1387 4029 quod
1406 3958 1634 4030 justum.
1672 3953 1804 4023 Quia
1828 3954 1994 4025 oﬁcia
2020 3970 2137 4025 pcr-

602 4062 759 4130 [ecta,
802 4068 977 4127 quieos
1006 4052 1221 4108 media?
1248 4049 1473 4106 Easdem
1501 4063 1647 4105 voces
1689 4047 1907 4102 diuersis
1938 4048 2137 4101 diverse

602 4148 875 4207 “uenire
901 4162 922 4205 :
957 4155 1217 4220 postremo
1241 4144 1411 4200 cirum
1428 4146 1636 4216 justum
1658 4155 1940 4209 numquam
1962 4140 2136 4195 alieno

602 4244 929 4303 incommodo
972 4239 1298 4297 commodum
1341 4242 1493 4294 suum
1534 4250 1787 4307 aeterm,
1815 4232 1908 4288 sed
1955 4244 2137 4290 contra

604 4354 805 4410 semper
822 4337 1047 4393 aliorum
1067 4333 1271 4389 studere
1292 4330 1528 4386 utilitati.

606 4433 662 4491 εδ
691 4433 760 4489 Et
786 4430 1046 4503 quoniam
1078 4428 1148 4483 de
1175 4424 1393 4482 duobus
1420 4422 1793 4493 superioribus
1836 4421 1970 4479 locis
1997 4421 2138 4478 dixi-

535 4542 680 4595 suus,
711 4525 768 4581 in
790 4523 991 4597 quibus
1010 4532 1033 4562 ο
1055 4520 1344 4576 honestum
1375 4515 1507 4572 illud
1534 4523 1592 4572 et
1608 4514 1739 4571 utile
1757 4516 2132 4585 tractavimus,

2235 3315 2320 3362 set
2351 3324 2365 3363 :
2399 3304 2523 3361 Non
2550 3306 2691 3373 quod
2715 3306 2821 3375 iam
2844 3304 3151 3375 acceperim,
3177 3313 3267 3359 aut
3282 3305 3401 3377 jam
3420 3305 3680 3373 perfectus
3703 3303 3807 3357 sim
3834 3316 3857 3358 ε

2234 3417 2419 3471 sequor
2452 3408 2622 3455 autem
2651 3401 2697 3454 si
2725 3398 3156 3469 comprehendam
3180 3396 3352 3469 (Phil.
3385 3410 3466 3459 tu.
3513 3394 3625 3467 ιε).
3656 3395 3854 3451 statim

2234 3493 2506 3564 subjecit:
2541 3492 2862 3561 Quicumque
2889 3506 3010 3562 ergo
3038 3490 3254 3561 perfecti
3289 3503 3466 3543 sumus
3496 3486 3690 3560 (Ibid.,
3726 3484 3849 3559 lli).

2239 3585 2443 3656 Duplex
2476 3584 2621 3640 enim
2670 3585 2844 3639 forma
2889 3581 3244 3655 perfectionis
3287 3580 3436 3635 :alia
3463 3581 3700 3646 medios,
3739 3578 3857 3638 alia

2238 3681 2428 3751 plenos
2457 3693 2721 3735 numeros
2758 3677 3006 3734 habens:
3036 3678 3143 3732 alia
3176 3677 3285 3741 hic.
3320 3676 3427 3730 alia
3453 3675 3527 3731 ibi
3559 3692 3574 3732 :
3607 3674 3724 3731 alia
3755 3686 3855 3733 se‘

2234 3772 2470 3830 cundum
2505 3773 2743 3830 hominis
2772 3772 3213 3844 possibilitatem,
3248 3770 3353 3826 alia
3393 3770 3694 3827 secundum
3722 3783 3860 3841 per-

2236 3868 2528 3925 lectionem
2561 3867 2756 3924 futuri.
2792 3868 2934 3924 Deus
2963 3877 3143 3923 autem
3167 3866 3347 3937 justus
3382 3876 3480 3936 per
3506 3868 3715 3930 omnia,
3760 3874 3861 3922 sea

2238 3964 2393 4036 piens
2417 3977 2581 4033 super
2607 3964 2816 4031 omnia,
2842 3961 3117 4034 perlectus
3152 3960 3207 4016 in
3237 3959 3514 4016 omnibus.

2311 4056 2400 4111 η.
2428 4055 2578 4112 Inter
2606 4056 2756 4128 ipsos
2782 4071 3001 4129 quoque
3029 4055 3282 4112 homines
3307 4052 3563 4110 distantia
3592 4065 3700 4112 est.
3729 4054 3860 4112 Ali-

2240 4160 2323 4207 ter
2355 4151 2539 4207 Daniel
2571 4152 2815 4223 saplens,
2843 4150 2913 4208 de
2939 4166 3049 4223 quo
3070 4150 3279 4207 dictum
3307 4156 3429 4205 est:
3466 4149 3595 4217 Quis
3618 4148 3865 4207 Danish

2236 4246 2522 4314 sapientior
2552 4245 2766 4318 (Eseclt.
2802 4260 2996 4311 smn,
3029 4244 3124 4315 5)?
3168 4243 3347 4300 Aliter
3386 4244 3480 4298 alii
3534 4241 3860 4314 sapientes,

2237 4337 2401 4393 aliter
2446 4336 2730 4407 Salomon,
2781 4339 2873 4410 qui
2930 4338 3173 4408 repletus
3227 4344 3312 4392 est
3363 4335 3630 4405 sapientia
3681 4348 3866 4407 super

2239 4444 2458 4487 omnem
2480 4429 2805 4500 sapientiam
2843 4430 3216 4501 antiquorum,
3248 4437 3305 4484 et
3330 4441 3494 4499 super
3521 4440 3717 4483 omnes
3762 4442 3864 4483 ειη-ι

2241 4525 2454 4595 pientes
2485 4523 2708 4597 Egypti
2740 4523 2834 4597 (Ill
2874 4525 3004 4598 Reg.
3051 4538 3129 4591 tv,
3178 4523 3251 4579 29
3290 4534 3338 4578 et
3381 4520 3538 4595 ηιμ).
3570 4521 3736 4579 Aliud
3769 4532 3869 4582 est

535 4622 785 4693 sequitur
823 4627 1009 4673 utrum
1061 4613 1404 4670 honestatem
1452 4621 1510 4666 et
1555 4610 1844 4665 utilitatem
1900 4609 2044 4666 inter
2082 4624 2144 4669 se
2245 4620 2392 4675 enim
2436 4619 2801 4675 communiter
2847 4633 3082 4691 sapere,
3141 4616 3288 4674 aliud
3342 4630 3537 4687 sapere
3582 4614 3860 4687 perfecte.

538 4725 864 4784 comparare
889 4708 1214 4774 debeamus,
1244 4716 1299 4762 et
1336 4718 1587 4776 quaerere
1614 4703 1747 4774 quid
1793 4704 1864 4760 sit
1910 4714 2146 4776 aequen-
2256 4710 2392 4780 iQui
2424 4713 2788 4767 communiter
2808 4714 2968 4785 sapit,
3002 4725 3104 4782 pro
3127 4710 3526 4783 temporalibus
3554 4709 3720 4780 sapit,
3756 4722 3869 4780 pro

539 4808 690 4865 dum.
715 4806 867 4863 Sicut
891 4803 1038 4860 enim
1063 4814 1226 4873 supra
1254 4798 1414 4872 ιιο
1444 4796 1813 4866 ιηοωνίηὶυε,
1839 4807 2020 4854 mrum
2044 4798 2143 4854 ho-
2169 4811 2224 4873 1)
2250 4821 2309 4861 se
2340 4806 2514 4877 sapit;
2553 4816 2612 4862 ut
2636 4807 2795 4863 alteri
2821 4807 3021 4879 aliquid
3049 4805 3325 4871 detrahat,
3354 4814 3413 4861 et
3436 4803 3537 4861 sibi
3569 4802 3863 4877 adiungat.

540 4917 756 4966 nestum
782 4899 916 4958 illud
947 4914 1017 4954 an
1045 4906 1203 4967 turpe
1231 4905 1408 4961 esset;
1440 4900 1498 4950 et
1522 4892 1763 4949 secundo
1799 4892 1940 4962 loco,
1958 4902 2139 4950 utrum

615 5070 779 5128 aillic.
810 5066 909 5122 lib.
961 5078 1022 5120 ιιι
1064 5056 1250 5132 Ollic.,
1281 5074 1406 5132 pag.
1448 5058 1577 5132 387,
1618 5056 1713 5120 litt.
1750 5056 1828 5132 d7
1858 5074 1880 5132 :A
1906 5057 2015 5115 Sed
2053 5076 2146 5117 nec

544 5102 1406 5205 οιίηῖι“ίίοὲ’ῖίιηῖὶίῐίέὲἕιὶερῖῖεῖξ
1427 5102 2069 5205 ηέἴιέιιέἔῖοιῖιὶιάρῖἓῖρῖ

614 5215 642 5255 Ι)
687 5213 820 5271 Mss.
880 5202 1108 5276 aliquot,
1158 5202 1467 5276 Difﬁcultate
1512 5211 1559 5256 et
1614 5202 1895 5276 generandi
1947 5202 2143 5274 inopia,

544 5270 771 5344 sterilem
797 5270 1186 5353 conceptionem
1204 5270 1512 5353 quidam,
1522 5270 1857 5353 confeptlone
1877 5270 2144 5353 fecundat.

619 5315 1186 5427 i'Eiz.‘ﬁi;:°.i;:"i;’g':
1204 5315 2144 5427 ἒξέξὲξῖιᾙῗΒὸἒᾶἶὶιῧὶὲῖἑὲῑεᾙῖιὶίῗῖῗῖζ

543 5423 997 5501 ινιριιξαειιετὶθιιε
1025 5418 1325 5501 propositis,
1360 5420 1465 5501 etc.
1504 5484 1541 5501 η

614 5482 804 5555 ilMss.
835 5482 1104 5558 nonnulli,
1126 5482 1189 5545 'et
1214 5482 1421 5543 ultima!
1456 5484 1588 5543 edit.
1631 5485 1833 5554 Paris,
1876 5482 2144 5545 honestum

543 5574 608 5627 sit
638 5588 706 5627 an
730 5567 957 5623 inutile:
986 5563 1308 5632 concinnius
1334 5561 1626 5632 reliqui,...
1661 5575 1728 5614 an
1758 5558 1904 5614 utile.
1940 5561 2145 5615 Rursus

542 5644 676 5701 vero
705 5640 793 5696 ubi
824 5646 1020 5693 omnes
1038 5633 1199 5705 edit.,
1216 5630 1338 5705 ﬂos
1361 5630 1531 5685 autem
1552 5642 1848 5696 monemus;
1870 5645 2012 5705 mss.
2030 5633 2146 5705 fere

545 5710 612 5772 ad
646 5725 810 5782 unum
840 5708 1162 5782 prrel'eruut,
1188 5701 1311 5782 Nos
1339 5712 1511 5782 autem
1556 5701 2017 5782 ιιιουετιιιινηιιξιιιά
2056 5702 2144 5782 in.

546 5772 866 5849 commode";
904 5778 1047 5836 idem
1096 5772 1368 5848 sinuidem
1424 5775 1529 5842 est,
1561 5780 1627 5829 ac
1668 5772 1713 5827 si
1756 5774 2019 5848 scriptum
2049 5772 2143 5847 sit,

549 5852 661 5919 Nos
692 5862 861 5921 unum
887 5857 1141 5918 verentur,
1168 5857 1277 5905 etc.

2248 4898 2356 4967 Qui
2383 4897 2624 4970 perfecte
2652 4901 2815 4972 sapit,
2860 4901 3037 4957 nescit
3084 4914 3183 4959 sua
3228 4907 3484 4970 spectare
3508 4899 3806 4955 commoda
3843 4910 3864 4957 :

2327 5072 2349 5101 θ
2380 5063 2498 5122 Cic.
2532 5066 2628 5122 lib.
2663 5081 2722 5122 ιιι
2762 5065 2942 5133 Oiﬁc.,
2981 5081 3105 5138 pag.
3141 5067 3271 5133 589.
3313 5064 3479 5138 lin.’5
3509 5081 3524 5120 :
3574 5062 3716 5123 Nam
3753 5069 3870 5125 sive

2254 5133 2523 5210 honestum
2552 5139 2719 5193 solum
2750 5139 2939 5194 bonum
2970 5133 3146 5205 est'ut,
3176 5140 3352 5194 stoicis
3377 5137 3565 5210 placa,
3597 5145 3704 5210 etc.

2329 5206 2349 5248 τ
2383 5210 2545 5275 lbid.,
2579 5210 2676 5271 lin.
2726 5210 2831 5267 l5:
2866 5210 3067 5266 Etenim
3105 5212 3243 5278 quod
3282 5206 3540 5266 summum
3592 5208 3788 5265 bonum
3827 5229 3867 5267 α

2253 5280 2428 5335 stoicis
2455 5280 2647 5337 dicitur
2675 5283 3051 5350 convenienter,
3082 5295 3185 5339 etc.

2327 5356 2353 5426 εξ
2382 5352 2544 5420 lbid.,
2570 5352 2680 5426 lin.
2712 5352 2783 5411 23
2809 5372 2823 5409 :
2857 5344 2984 5410 Haec
3010 5344 3167 5426 igitur
3186 5352 3360 5409 omnia
3388 5344 3647 5424 sipisim...
3681 5353 3871 5415 medii!

2253 5424 2401 5493 stoici
2425 5416 2712 5493 appellant,
2737 5443 2797 5480 ea
2827 5416 3141 5492 communia,
3165 5433 3269 5480 etc.

2326 5492 2355 5531 ιι
2386 5490 2546 5563 lbid.,
2580 5496 2675 5552 lin.
2701 5490 2789 5555 ’56
2821 5517 2833 5552 :
2867 5497 2978 5551 Nec
3012 5490 3135 5553 vero
3154 5514 3270 5551 cum
3297 5497 3400 5552 duo
3432 5490 3600 5563 Decii,
3632 5512 3664 5551 α

2256 5564 2528 5695 ξεὶρὶοἱιεε
2558 5568 2714 5640 fortes
2751 5568 2846 5625 viri
2883 5580 3368 5636 commemorantur,
3397 5579 3485 5629 aut
3512 5583 3629 5623 cum

2256 5652 2280 5690 c
2304 5653 2385 5695 us.
2407 5654 2436 5693 e
2464 5654 2514 5695 c.

2254 5652 2385 5697 rtus.
2407 5652 2514 5697 θῐο.

2333 5679 2548 5777 ἶίὖῖἶιῖ,
2587 5704 2685 5768 lin.
2714 5708 2788 5768 48
2819 5730 2831 5766 :
2866 5712 2969 5782 Qui
2997 5720 3171 5768 autem
3199 5711 3371 5767 omnia
3402 5704 3682 5769 metiuntur
3714 5729 3871 5772 emes

2257 5783 2494 5843 iumentis
2517 5792 2562 5847 et
2584 5784 2890 5851 commodis,
2926 5800 3085 5857 neque
3106 5799 3166 5839 ea
3186 5784 3385 5852 volunt,
3413 5792 3521 5848 etc.

3753 5496 3871 5554 duo

3711 5567 3778 5623 ab
3786 5572 3869 5635 rio
