4078 6306
387 193 484 249 ibi

1721 187 1969 245 IANCTI
2006 185 2339 246 AﬂBllOSll

3599 188 3712 248 152

379 307 640 371 fraudari,
673 321 800 364 cum
834 305 1123 376 pecuniam
1150 306 1272 360 sine
1299 304 1480 361 usuris
1499 301 1829 359 reddendam
1853 317 1983 358 cen-
2011 302 2066 365 Δ
2161 312 2337 357 noceat
2360 303 2532 366 alteri,
2555 302 3080 375 grauesconscirntia
3097 319 3204 358 stuc
3217 319 3390 373 parm
3411 304 3699 373 luiturum,

379 402 484 458 suit
515 401 710 477 (Leuit.
753 416 865 460 xix.
901 400 1017 471 15).
1076 399 1383 455 Subvenire
1421 398 1570 453 enim
1616 413 1722 452 non
1767 395 1989 452 habenti

381 497 739 551 bummitatis
803 507 889 550 est
933 513 946 550 :
997 495 1212 550 duriiim
1263 507 1445 548 autem
1499 494 1616 560 plus
1659 503 1990 562 extorquere

378 606 542 662 quam
595 589 816 645 dederis
870 587 1052 658 (Deut.
1109 603 1260 651 nm,
1299 588 1410 660 l9).
1464 587 1727 642 Etenima
1790 586 1836 642 si
1866 585 1990 643 ideo

379 683 592 738 auxilio
623 693 715 736 tuo
741 682 849 736 erit
876 697 1034 751 opus,
1066 685 1193 752 quia
1239 697 1344 734 non
1397 679 1588 734 babuit
1619 678 1761 736 unde
1786 677 1856 734 de
1891 693 1990 737 suo

377 775 670 841 redderet;
707 789 888 830 nmine
927 773 1154 846 impium
1183 783 1268 829 est
1307 784 1365 829 ut
1407 773 1508 828 sub
1540 771 1893 828 humanitatis
1917 773 1992 829 si-

382 867 684 925 mulatione
711 869 950 938 amplius
994 867 1062 922 ab
1104 883 1170 922 eo
1214 882 1428 939 poscas,
1454 867 1548 939 qui
1599 881 1708 921 non
1757 865 1992 922 habebat

385 964 532 1020 unde
563 967 746 1020 minus
774 962 1064 1020 solveret?
1098 964 1354 1019 Absolvis
1396 963 1556 1032 igitur
1591 961 1750 1017 alteri
1779 962 1996 1016 debito-

383 1070 586 1125 torem,
617 1067 676 1113 ut
699 1057 1038 1113 condemnes
1063 1055 1156 1110 tibi
1185 1075 1199 1111 :
1223 1068 1275 1110 et
1318 1054 1460 1111 hanc
1483 1054 1876 1110 humanitatem
1901 1069 1996 1110 vo-

380 1168 496 1216 cas,
532 1151 626 1208 tibi
650 1160 735 1208 est
763 1149 792 1190 ιι
827 1151 1124 1221 iniquitatis
1153 1149 1376 1204 auctio?
1591 1198 1600 1204 .

449 1245 546 1301 il.
583 1245 694 1300 lloc
719 1250 1043 1315 praestamus
1063 1241 1278 1299 emteris
1297 1241 1690 1304 animantibus,
1717 1239 1862 1312 quod
1889 1240 1994 1296 alia

374 1352 581 1409 genera
611 1338 966 1392 animantium
1005 1333 1256 1390 conferre
1288 1333 1492 1406 aliquid
1531 1332 1825 1388 nesciunt:
1861 1330 1996 1389 fera:

375 1441 560 1488 autem
591 1430 850 1496 eripiunt,
881 1427 1134 1484 homines
1156 1428 1420 1482 tribuunt.
1451 1425 1603 1482 Unde
1626 1435 1683 1481 et
1709 1425 1997 1481 PSaImista

380 1526 500 1579 ait:
545 1523 734 1578 Justus
783 1525 1084 1586 miseretur,
1116 1532 1164 1575 et
1193 1521 1374 1576 tribuit
1423 1518 1598 1589 (Psal.
1653 1534 1843 1586 XXXVI,
1871 1518 1989 1591 2|).

379 1616 513 1674 Sunt
545 1627 727 1672 tamen
754 1615 957 1687 quibus
987 1625 1042 1670 et
1073 1615 1200 1670 fera:
1218 1612 1604 1668 co«:lerant.Si
1636 1611 1857 1683 quidem
1889 1613 1999 1667 col-

2164 397 2429 467 colligitur
2480 397 2571 450 uni
2599 397 2725 450 utile
2752 395 2885 450 nihil
2911 412 3056 464 esse,
3103 395 3240 462 quod
3276 397 3460 451 itidem
3489 413 3596 452 non
3634 397 3707 452 sit

2165 490 2441 544 omnibus:
2489 500 2642 559 atque
2683 489 2812 544 adeo
2862 490 3145 559 propositis
3187 507 3218 544 a
3258 490 3592 563 philosophis
3639 489 3714 545 de

2165 583 2439 654 naufragis
2493 584 2692 637 duobus
2733 583 3005 654 quaes'ioni
3047 583 3215 637 locum
3253 600 3356 637 non
3396 599 3510 638 esse
3553 582 3709 651 apud

2163 673 2510 741 Christianos,
2541 677 2724 747 quibus
2753 675 2944 745 ubique
2973 675 3205 733 cltaritas
3231 687 3384 748 atque
3427 674 3712 732 humilitas

2165 769 2464 825 exercenda
2491 779 2632 826 sunt.

2165 864 2258 920 24.
2296 863 2430 920 Huic
2457 881 2590 936 ergo
2616 863 2637 904 τ
2669 866 2946 938 colligitur
2975 869 3120 940 quod
3154 868 3340 936 homo,
3371 867 3465 940 qui
3509 883 3718 925 secun-

2094 957 2224 1016 dum
2257 970 2463 1015 natura:
2486 960 2752 1015 forinaius
2772 970 2858 1017 est
2887 962 3266 1028 directionem,
3297 971 3354 1018 ut
3381 964 3608 1020 oliediat
3628 961 3708 1031 ei,

2095 1068 2296 1109 nocere
2328 1069 2433 1108 non
2463 1052 2633 1124 possit
2663 1054 2819 1109 alteri
2847 1072 2860 1108 :
2909 1055 3052 1127 quod
3084 1057 3127 1111 si
3173 1055 3259 1112 cui
3289 1065 3510 1122 noceat,
3540 1065 3710 1112 natu-

2103 1157 2222 1200 ram
2257 1143 2456 1201 \iolet:
2490 1160 2666 1214 neque
2694 1152 2902 1200 tantum
2939 1162 3064 1202 esse
3095 1145 3365 1202 commodi
3406 1147 3552 1219 quod
3594 1147 3722 1204 adi-

2101 1237 2237 1308 pisci
2267 1251 2392 1293 sese
2444 1246 2628 1308 putet,
2659 1247 2921 1308 quantum
2951 1240 3282 1296 incommodi
3302 1282 3319 1307 ,
3344 1241 3491 1310 quod
3533 1257 3604 1296 ex
3642 1255 3720 1297 eo

2099 1331 2202 1386 sibi
2235 1330 2462 1386 accidat.
2494 1331 2629 1400 Quae
2651 1331 2797 1388 enim
2830 1349 2987 1404 paena
3015 1333 3256 1404 gravior,
3287 1349 3452 1406 quam
3478 1335 3724 1390 interio-

2101 1424 2177 1480 ris
2225 1423 2419 1480 vulnus
2468 1415 2868 1480 conscientia?
2897 1425 3052 1495 Quod
3101 1429 3350 1482 severius
3399 1426 3720 1497 judicium,

2101 1533 2262 1590 quam
2295 1517 2680 1582 domesticum,
2713 1534 2822 1590 quo
2851 1520 3225 1592 unusquisque
3271 1520 3376 1576 sibi
3407 1531 3495 1576 est
3548 1536 3725 1590 reus,

2101 1625 2270 1682 seque
2309 1611 2427 1682 ipse
2469 1610 2650 1682 arguit
2684 1611 2828 1682 quod
2879 1612 3131 1682 injuriam
3179 1613 3334 1668 fratri
3368 1613 3594 1685 indigne
3627 1613 3721 1670 fc-

379 1711 586 1766 latinne
611 1711 862 1765 Subolem
891 1724 1046 1763 suam
1077 1709 1348 1771 nutriunt,
1379 1715 1432 1761 et
1454 1721 1582 1762 avus
1603 1705 1846 1761 cibosuo
1873 1706 1992 1776 pul-
2023 1706 2070 1768 B
2095 1704 2272 1759 cerit?
2295 1703 2448 1771 Quod
2479 1721 2586 1759 non
2611 1703 2964 1761 mudiocriter
2993 1715 3019 1754 Β
3051 1705 3334 1777 Scriptura
3362 1707 3727 1762 commendat

376 1803 460 1858 los
486 1805 686 1858 satiant
717 1817 847 1856 suos
871 1818 884 1855 :
922 1799 1128 1855 homini
1157 1809 1336 1854 autem
1359 1799 1464 1854 soli
1493 1800 1752 1854 tributum
1792 1809 1896 1861 est,
1933 1808 1994 1856 ut

381 1911 573 1953 omnes
589 1908 865 1968 tamquam
887 1909 1018 1952 suos
1048 1901 1254 1964 pascat.
1286 1893 1453 1950 Debet
1480 1893 1618 1950 ismd
1640 1893 1758 1962 ipso
1781 1907 1992 1952 natura:

375 1989 522 2062 jure.
545 1990 702 2059 Quod
729 1993 772 2043 si
797 2007 903 2044 nun
935 1990 1061 2044 licet
1090 2003 1198 2042 non
1219 1987 1372 2052 dare,
1400 1987 1674 2058 quomodo
1701 1987 1992 2044 detrahere

383 2083 544 2140 licet?
571 2082 681 2139 Nec
707 2083 1040 2153 ipsaccleges
1069 2081 1338 2155 113mm
1365 2080 1607 2135 ducent?
1637 2095 1701 2134 ea
1731 2096 1856 2150 qua:
1886 2081 1990 2135 de-

383 2186 634 2233 trat-tasu
658 2188 696 2232 it
723 2177 908 2240 alicui,
931 2192 1054 2231 cum
1079 2177 1280 2242 injuria
1307 2188 1575 2244 personae,
1607 2185 1695 2228 aut
1716 2172 1794 2228 rei
1822 2173 1991 2242 ipsius

384 2272 1104 2341 cumulo.restituijuln-nt;
1133 2287 1240 2340 quo
1270 2269 1444 2324 furem
1469 2282 1498 2321 a
1519 2265 1994 2331 detraliendo,aut

381 2369 562 2440 plenis
588 2368 924 2433 deterreant,
955 2379 1052 2422 aut
1081 2367 1283 2420 inuicta
1317 2373 1600 2422 revocent.

453 2461 542 2517 2:3.
570 2461 714 2516 Pone
739 2470 919 2516 tamen
941 2460 1083 2531 quod
1111 2461 1310 2531 aliquis
1343 2460 1514 2529 possit
1535 2467 1629 2512 aut
1649 2472 1863 2527 pinnam
1882 2471 1990 2513 non

386 2555 601 2622 timere,
629 2562 724 2608 aut
761 2555 978 2609 mulctra
1009 2552 1276 2618 illudi-re;
1338 2550 1598 2623 numquid
1644 2551 1866 2622 (lignum
1908 2559 1994 2606 est

386 2645 415 2686 ἀ
442 2658 498 2703 ut
519 2649 686 2720 aliqui
712 2649 869 2704 alteri
893 2647 1217 2704 detrahant?
1236 2647 1447 2703 Servile
1476 2647 1577 2701 hoc
1592 2645 1802 2709 vitium,
1825 2655 1882 2701 et
1907 2645 1988 2701 fa-

387 2743 602 2800 miliare
631 2745 836 2798 ultimae
866 2741 1165 2798 conditioni
1193 2757 1208 2808 ;
1241 2741 1378 2796 adeo
1408 2750 1600 2796 contra
1630 2751 1906 2800 naturam,
1935 2749 1993 2794 ut

385 2838 574 2908 inopia
607 2839 778 2908 magis
807 2837 911 2892 boc
941 2846 1272 2907 extorquere
1299 2835 1568 2898 videatur,
1601 2849 1764 2902 quam
1797 2843 1990 2888 natura

382 2931 640 2987 suadere.
674 2931 972 2989 Servorum
1005 2939 1188 2985 tamen
1207 2927 1421 2984 occulta
1452 2927 1617 2992 furta,
1647 2925 1875 2982 divitum
1905 2940 1993 2981 ra-

386 3026 530 3096 pinae
560 3026 810 3093 publicat.

2097 1795 2288 1851 dicens
2311 1813 2324 1848 :
2357 1795 2440 1850 Ea:
2468 1812 2558 1850 ore
2583 1797 2860 1851 stultorum
2889 1797 3132 1853 baculum
3172 1800 3498 1854 contumelia
3526 1797 3722 1864 (Prov.

2095 1908 2206 1952 inv.
2238 1890 2334 1964 3).
2364 1891 2608 1948 Stultitia
2637 1893 2800 1963 igitur
2829 1894 3246 1960 condemnatur,
3275 1895 3400 1964 quia
3427 1901 3729 1949 contumeo

2097 1985 2224 2040 liam
2282 1981 2486 2040 lacit.h
2520 1983 2714 2042 Nonne
2766 1985 2874 2042 hoc
2919 1988 3090 2058 magis
3141 1987 3497 2058 fugiendum,
3547 2004 3722 2059 quam

2095 2093 2267 2144 mors,
2300 2095 2464 2150 quam
2503 2079 2876 2149 dispendium,
2907 2096 3068 2150 quam
3115 2081 3364 2148 inopia,i
3407 2097 3574 2151 quam
3615 2095 3725 2137 ex-

2094 2171 2310 2236 silium,
2341 2187 2502 2242 quam
2554 2172 2848 2228 debilitatis
2897 2172 3098 2228 dolor?
3145 2171 3284 2243 Quis
3327 2173 3473 2229 enim
3517 2175 3720 2230 vitium

2095 2267 2364 2336 corporis,
2397 2271 2491 2319 aut
2519 2265 2828 2336 patrimonii
2859 2267 3122 2322 damnum
3157 2284 3264 2324 non
3315 2270 3494 2325 levius
3539 2269 3719 2328 ducat

2094 2360 2229 2416 vitio
2257 2360 2445 2421 animi.
2474 2372 2529 2416 et
2556 2361 2978 2416 existimationis
3007 2362 3325 2433 dispendio?

2173 2451 2334 2526 ιιι
2377 2454 2471 2508 '25.
2525 2450 2540 2503 ἰ
2595 2453 2796 2526 Liquet
2843 2453 3008 2526 igitur
3062 2453 3089 2492 ἰ
3144 2455 3196 2510 id
3244 2454 3606 2525 spectandum
3658 2466 3720 2514 et

2096 2549 2389 2604 tenendum
2457 2549 2746 2614 onmibus,
2803 2549 2951 2621 quod
2999 2549 3192 2606 eadem
3240 2551 3581 2621 singulorum
3641 2553 3719 2610 sit

2095 2645 2338 2710 utilitas,
2381 2662 2502 2717 quae
2555 2646 2628 2702 sit
2666 2645 3048 2702 universorum
3099 2663 3113 2702 :
3165 2647 3411 2716 nihilque
3454 2648 3720 2719 judican-

2094 2737 2222 2795 dum
2253 2739 2416 2805 utile,
2450 2739 2552 2795 nisi
2584 2739 2728 2809 quod
2759 2741 2812 2795 in
2863 2755 3152 2796 commune
3185 2741 3376 2812 prosit.
3415 2740 3720 2810 Quomodo

2094 2832 2244 2887 enim
2279 2841 2459 2902 potest
2509 2828 2527 2870 ι
2553 2833 2644 2886 ιιιιί
2677 2831 2986 2903 prodesse?
3013 2832 3170 2902 Quod
3203 2833 3396 2889 inutile
3423 2835 3494 2890 sit
3523 2834 3718 2892 omni-

2096 2923 2218 2992 bus,
2249 2936 2428 2982 nocet.
2477 2925 2606 2982 Mitti
2642 2935 2793 2983 certe
2837 2943 2943 2982 non
2976 2930 3190 2984 videtur
3215 2971 3230 2994 ,
3257 2930 3347 3000 qui
3378 2929 3590 2987 inutilis
3623 2939 3720 2987 est

2096 3017 2388 3085 omnibus,
2424 3019 2526 3074 sibi
2579 3020 2725 3074 utilis
2762 3034 2888 3076 esse
2937 3035 3119 3090 pos-e.
3153 3021 3368 3078 Etenim
3403 3023 3450 3078 si
3479 3039 3586 3078 una
3621 3023 3718 3081 lex

457 3117 549 3174 25.
575 3117 714 3185 Quid
744 3128 923 3172 autem
957 3123 1065 3171 tam
1100 3124 1125 3155 ε
1155 3125 1344 3168 contra
1373 3123 1645 3180 naturam,
1677 3127 1842 3184 quam
1871 3112 1990 3168 vio-
2017 3106 2064 3169 C
2099 3122 2306 3166 natura:
2334 3111 2616 3177 omnibus,
2651 3129 2756 3168 una
2804 3112 2990 3184 utique
3028 3113 3235 3170 utilitas
3283 3115 3673 3173 universorum
3694 3156 3717 3187 ,

381 3210 498 3264 lare
527 3207 761 3263 alterum
807 3209 881 3262 tui
913 3205 1188 3263 commodi
1219 3221 1416 3273 causa;
1447 3221 1570 3261 cum
1601 3220 1700 3276 pro
1741 3204 1994 3261 omnibus

385 3299 812 3367 excubandum,
841 3299 1169 3356 subeundas
1219 3299 1531 3366 molestias,
1581 3297 1990 3366 suscipiendum

384 3392 630 3449 laborem
664 3392 931 3448 naturalis
958 3391 1187 3447 allectus
1215 3393 1536 3462 persuadeat
1567 3404 1657 3447 :et
1689 3393 1989 3462 gloriosum

386 3484 684 3554 unicuique
713 3484 963 3543 ducatur.
993 3483 1038 3538 si
1073 3483 1332 3553 periculis
1359 3485 1592 3554 propriis
1637 3496 1840 3555 quierat
1873 3483 1994 3538 uni-

381 3590 667 3632 Vcrsorum
699 3575 1146 3644 tranquillitatem
1173 3593 1188 3628 :
1238 3576 1516 3643 multoque
1541 3576 1642 3631 sibi
1693 3576 1989 3648 unusquis-

382 3682 490 3740 que
516 3669 813 3722 arbitretur
833 3667 1042 3738 gratius
1064 3667 1277 3722 excidia
1303 3669 1492 3738 patrne
1519 3670 1807 3740 repuliSse,
1826 3685 1989 3741 quam

382 3761 601 3832 propria
627 3759 902 3830 pericula:
926 3761 1382 3832 praestantiusque
1401 3775 1525 3817 esse
1549 3763 1823 3818 existimet
1845 3763 1990 3826 (ιιιυά

383 3867 610 3921 Operam
664 3867 819 3908 suam
881 3854 1071 3921 patrias
1104 3853 1462 3924 impenderit,
1496 3871 1657 3926 quam
1687 3858 1730 3911 si
1774 3857 1827 3912 in
1876 3859 1990 3912 otio

383 3945 595 4016 positus
623 3941 972 4018 tranquillam
1003 3947 1166 4003 vitam
1194 3948 1532 4021 voluptatum
1561 3950 1736 4020 copiis
1775 3949 1990 4006 functus

382 4038 605 4111 egisset.

1013 4134 1246 4194 CAPUT
1278 4135 1367 4192 ιν.

387 4225 488 4283 Ubi
508 4229 740 4286 strictius
783 4239 1046 4286 ostensum
1080 4241 1152 4285 est
1175 4247 1291 4284 eum
1311 4231 1402 4302 qui
1423 4231 1682 4286 commodi
1721 4231 1806 4286 sui
1832 4248 1988 4289 causa

453 4371 478 4399 ¹¹
501 4359 578 4416 lla
606 4377 738 4417 mss.
769 4363 931 4430 longe
963 4363 1178 4429 plurimi
1209 4372 1372 4430 atque
1399 4363 1763 4430 antiquissimi
1791 4382 1805 4420 :
1843 4381 1984 4422 non-

379 4433 514 4488 nulli
544 4442 728 4489 tamen
758 4447 813 4490 et
843 4448 1036 4489 omnes
1061 4436 1221 4501 edit.,
1259 4439 1303 4490 si
1339 4435 1456 4489 ideo
1495 4435 1648 4506 inops
1675 4437 1873 4492 auxilio
1896 4449 1983 4494 tuo

381 4507 543 4572 eguit,
573 4516 681 4560 i-tc.

505 4523 520 4556 1
591 4527 603 4541 ⁸
667 4543 681 4560 ι

411 4523 893 4649 gglaliqunt,
923 4577 1209 4649 iniqttittais
1238 4577 1394 4631 actio.
1425 4579 1595 4632 Minus-
1634 4580 1938 4636 commode.

455 4657 478 4686 ι·
509 4645 622 4702 Cic.
649 4649 744 4704 lib.
776 4663 832 4703 ιιι
863 4645 1043 4710 ΟΓΙίυζ,
1095 4664 1216 4716 pag.
1253 4649 1383 4716 590,
1410 4651 1508 4706 lin.
1542 4650 1612 4708 56
1641 4669 1654 4705 :
1703 4651 1814 4708 Hoc
1841 4653 1980 4710 enim

375 4731 603 4790 spectant
626 4721 782 4790 leges,
806 4717 904 4772 hoc
926 4719 1120 4784 volunt,
1155 4733 1263 4774 etc.

449 4787 478 4830 ἀ
513 4792 647 4845 lium
675 4787 861 4852 'edit.,'
889 4803 944 4842 ut
973 4794 1105 4845 alter
1129 4793 1280 4846 alteri
1305 4794 1568 4848 detrahat.

451 4870 476 4899 ⁶
505 4861 633 4938 βίαι.
665 4863 756 4916 lib.
794 4876 851 4938 ιιι
893 4860 1081 4924 Ollio,
1131 4880 1233 4932 pag
1286 4865 1426 4930 590,
1461 4869 1555 4920 liti.
1587 4863 1691 4923 45:
1743 4865 1978 4938 Itemque

375 4933 542 5008 magis
563 4945 635 5008 est
652 4934 1188 5008 secundumnn‘tnram
1206 4951 1300 5008 pro
1328 4937 1566 4992 omnibus
1583 4939 1839 5008 gentibus.
1864 4933 1978 4996 εἰς.

453 5001 472 5042 ί
507 5003 669 5080 l.ml._,
703 5022 822 5080 ring.
856 5006 983 5066 591.
1011 5005 1157 5080 linat
1187 5025 1199 5059 :
1233 5007 1316 5062 Ea:
1340 5027 1440 5077 quo
1463 5001 1690 5080 efﬁcitur
1719 5001 1978 5066 hominem

374 5091 578 5150 natura:
597 5075 911 5130 obedientem
933 5077 1129 5130 homini
1150 5093 1331 5133 nocere
1353 5075 1466 5134 non
1493 5075 1659 5150 posse.

447 5154 473 5192 tt
504 5147 708 5222 Otum-,8
723 5149 856 5200 edit.
881 5152 1120 5222 acpauci
1151 5163 1303 5214 mss,
1331 5147 1603 5222 Scriptura
1629 5152 1974 5221 condemnat;

373 5216 678 5286 elegantius
700 5231 879 5272 autem
897 5219 1010 5282 alii,
1033 5219 1306 5284 Scriptura
1323 5216 1663 5278 commendat.
1686 5225 1798 5280 lloc
1825 5216 1971 5280 enini

369 5287 610 5368 refertur
624 5287 692 5343 ad
705 5287 1067 5344 domesticum
1091 5291 1356 5361 judicium
1379 5295 1756 5364 conscientiar,
1779 5297 1849 5351 de
1865 5311 1974 5368 quo

371 5369 572 5428 agitur.

441 5425 471 5468 δ
499 5429 612 5515 Cir.
649 5429 741 5515 lib.
767 5445 828 5485 ιιι
851 5430 1032 5515 Ollic_.,
1080 5447 1202 5515 ppg.
1230 5435 1354 5515 591,
1391 5437 1490 5515 lin.
1630 5436 1728 5495 Sin
1768 5437 1974 5508 fugien—

371 5497 492 5552 dum
520 5499 578 5553 id
597 5502 799 5570 quidem
826 5513 1014 5568 Ct'ﬂ‘t“,
1040 5497 1130 5559 sed
1149 5497 1374 5562 Etmulto
1395 5511 1489 5563 illa
1504 5497 1704 5580 μείονα,
1734 5497 1969 5575 mortem,

372 5585 750 5640 ραιφντιιυειη,
783 5585 888 5630 t‘tc.

444 5650 464 5720 ξ
493 5644 752 5720 ᾕριιιιυιιὶ
783 5661 948 5720 tussi
960 5664 1112 5720 quam
1141 5650 1400 5706 exsiliunt.
1426 5651 1702 5713 debilitas,
1721 5649 1893 5712 dolare
1947 5707 1952 5712 .

438 5711 452 5761 i
489 5709 652 5786 tbid.,
687 5717 785 5774 lin.
809 5720 875 5774 8:
901 5709 1046 5791 Ergo
1074 5733 1236 5776 unum
1262 5724 1406 5779 ‘debet
1437 5727 1546 5779 esie
1571 5709 1828 5791 Omnibus,
1853 5709 1961 5779 etc.

2095 3205 2162 3260 ad
2191 3204 2586 3261 causuleudum
2633 3207 2818 3277 utique
2863 3207 3116 3262 omnibus
3148 3216 3362 3263 natura:
3391 3207 3520 3278 lege
3561 3223 3715 3264 con-

2093 3300 2432 3372 stringimur.
2467 3299 2585 3356 Non
2615 3310 2702 3355 est
2747 3315 2882 3372 ergo
2917 3300 3037 3372 ejus
3075 3301 3168 3372 qui
3211 3304 3527 3358 consultum
3573 3303 3716 3360 velit

2094 3397 2249 3452 alteri
2279 3395 2578 3452 secundum
2607 3406 2880 3464 naturam,
2913 3409 3117 3452 nocere
3145 3395 3195 3452 ei
3225 3395 3491 3453 adversus
3521 3397 3714 3471 legem

2093 3501 2323 3544 naturae.

2164 3583 2255 3639 26.
2291 3583 2507 3640 Etenim
2535 3586 2579 3640 si
2627 3584 2681 3640 bi
2716 3593 2758 3623 ιιι
2781 3583 2875 3657 qui
2919 3585 2976 3640 in
3010 3585 3189 3642 stadio
3233 3597 3485 3654 currunt,
3517 3587 3593 3645 ita
3625 3588 3714 3646 te-

2092 3686 2292 3733 runtur
2329 3694 2380 3749 pi
2395 3680 2616 3750 mceptis
2647 3679 2931 3734 informari
2955 3689 3120 3752 atque
3151 3680 3370 3744 instrui,
3417 3691 3478 3738 ut
3526 3697 3708 3738 unus-

2091 3771 2320 3842 quisque
2348 3771 2629 3827 celeritate
2659 3788 2768 3826 non
2798 3773 2984 3827 fraude
3024 3773 3348 3841 contendat,
3395 3789 3705 3847 cursuque,

2091 3877 2350 3937 quantum
2383 3876 2580 3937 potest,
2603 3865 2671 3921 ad
2701 3866 2982 3922 victoriam
3013 3879 3300 3940 properet;
3342 3869 3709 3942 supplantare

2091 3971 2271 4014 autem
2295 3960 2524 4017 alterum
2549 3971 2642 4016 aut
2665 3976 2828 4016 manu
2851 3961 3090 4032 dejicere
3127 3979 3234 4017 non
3262 3963 3444 4018 ausit:
3487 3973 3705 4034 quanto

2094 4051 2263 4124 magis
2291 4054 2344 4108 in
2363 4056 2465 4110 linc
2493 4069 2656 4110 cursu
2680 4055 2802 4109 vita:
2829 4056 3006 4119 istius,
3026 4055 3146 4110 sine
3173 4055 3363 4112 fraude
3391 4057 3619 4112 alterius
3645 4065 3706 4114 et

2090 4146 2596 4218 circumscriptione
2621 4153 2649 4183 υ
2675 4147 2912 4218 gerenda
2941 4148 3098 4204 nobis
3124 4149 3352 4205 victoria
3379 4149 3509 4206 est?

2161 4240 2253 4296 27.
2282 4239 2545 4309 Quaerunt
2573 4240 2760 4310 aliqui,
2782 4250 2806 4278 ο
2827 4241 2872 4295 si
2903 4243 3123 4313 sapiens
3154 4243 3209 4298 in
3239 4241 3522 4316 naufragio
3548 4243 3703 4314 posi-

2165 4371 2190 4410 ¹ι
2220 4373 2348 4429 Mss.
2373 4371 2577 4440 aliquot
2607 4381 2665 4429 et
2688 4371 2821 4428 edit.
2850 4389 3072 4438 omnes,
3097 4373 3155 4429 id
3183 4376 3567 4444 expetendum;
3597 4379 3698 4436 alii

2090 4458 2197 4499 non
2231 4449 2420 4516 pauci,
2450 4445 2507 4498 id
2552 4447 2954 4510 exspectandum
2979 4487 2994 4509 ,
3029 4449 3222 4516 reliqui
3257 4451 3476 4502 tandem
3523 4451 3697 4508 etiam

2008 4509 2065 4570 D
2090 4509 2268 4580 multi,
2300 4515 2356 4568 td
2393 4509 2766 4584 spectandum;
2801 4517 2944 4586 quud
2995 4517 3118 4574 aliis
3151 4509 3427 4591 praestare
3468 4524 3698 4590 negabit

2087 4603 2270 4642 llElttti.

2161 4658 2181 4733 ξ
2217 4658 2360 4733 Ειιίι.
2388 4672 2600 4721 omnes,
2629 4659 2863 4733 atpauci
2893 4675 2994 4716 nec
3025 4661 3498 4720 uon‘recentiores
3526 4681 3694 4733 mss.,

2087 4731 2176 4806 ιιιιὶ
2229 4731 2474 4806 prodesse
2517 4731 2655 4806 quod
2692 4730 2878 4806 inutile
2923 4734 2987 4786 sit
3043 4733 3323 4806 carnibus?
3365 4735 3477 4806 Alii
3527 4730 3698 4806 paulo

2085 4801 2288 4876 plures,
2320 4803 2412 4854 uni
2449 4801 2708 4868 prodesse.
2741 4802 2878 4876 quod
2916 4805 3154 4861 omnibus
3183 4805 3400 4860 nocent?
3447 4801 3690 4876 Quidam

2085 4873 2247 4928 etiam
2271 4884 2656 4942 utrumque....
2687 4874 2825 4942 quod
2848 4875 3030 4928 inutile
3053 4885 3130 4930 est
3161 4888 3206 4930 et
3239 4873 3697 4937 omnibus-uocet?

2085 4945 2278 5005 Aptius
2300 4959 2427 4997 Vero
2449 4943 2660 4998 'l‘liuan.
2687 4955 2745 4998 ut
2772 4946 2825 4998 iti
2849 4955 3131 5002 contextu.
3161 4947 3360 5003 lterum
3393 4963 3577 5007 autem
3597 4953 3694 5010 ubi

2083 5023 2296 5068 cunctae
2323 5015 2455 5070 edit.
2487 5029 2608 5069 cum
2643 5032 2752 5069 uno
2781 5026 2875 5069 aut
2896 5018 3070 5072 alter
3095 5019 3286 5074 codice
3304 5019 3546 5086 iunioris
3569 5040 3694 5079 ma-

2083 5101 2204 5142 nus.
2235 5087 2432 5159 utilitas
2461 5087 2840 5159 universorum,-
2868 5089 3006 5159 quod
3031 5091 3075 5143 si
3103 5107 3207 5144 una
3245 5093 3450 5146 utilitas
3480 5099 3695 5150 unim—

2081 5173 2260 5211 sorum
2283 5199 2296 5218 ,
2329 5157 2396 5210 ad
2425 5155 2826 5222 cuttsttlettdttttt,
2861 5155 2994 5228 etc”
3025 5163 3210 5217 caeteri
3255 5177 3388 5218 mss.
3423 5167 3694 5225 omittunt

2079 5243 2202 5298 qua:
2232 5230 2588 5283 reswuimu»

2151 5307 2191 5335 ω
2213 5299 2326 5353 Cic.
2363 5299 2454 5381 lib:
2492 5313 2546 5382 ιιι
2574 5297 2756 5382 ραις..
2791 5314 2912 5382 pag.
2937 5301 3064 5363 595.
3091 5303 3184 5358 lin.
3207 5302 3313 5360 96:
3342 5305 3488 5362 Scite
3517 5307 3692 5382 Chry-

2081 5368 2329 5440 sippus...
2361 5369 2451 5440 qui
2472 5370 2665 5433 studia,
2693 5368 2882 5440 inquit,
2911 5387 3142 5434 currunt.
3169 5385 3278 5432 etc.

2155 5447 2184 5476 ιι
2215 5439 2304 5522 Sic
2328 5440 2554 5494 Αιιιιιιιι.
2599 5457 2720 5494 cum
2760 5439 3232 5522 lmigehpluiimis
3261 5449 3690 5522 veterrimisque

2079 5525 2212 5632 ipsis:
2245 5512 2374 5564 Era.
2405 5523 2585 5566 autem
2629 5522 2684 5566 et
2723 5527 2840 5584 seq.
2865 5512 3004 5570 edit.
3031 5532 3156 5572 cum
3185 5519 3310 5576 aliis
3331 5562 3348 5588 ,
3398 5512 3688 5591 querenda

2079 5597 2142 5632 n0
2181 5598 2246 5632 ts.
2277 5593 2388 5632 ulc.

2075 5593 2247 5643 ηοοιε.
2277 5593 2388 5638 CIC.

2079 5661 2099 5670 "
2147 5660 2172 5729 ξ)
2201 5653 2311 5729 (ξω.
2345 5655 2437 5729 lib.
2487 5667 2544 5729 Ill
2589 5651 2744 5729 Qfﬁc.
2765 5696 2778 5716 ,
2810 5671 2931 5729 pag.
2963 5658 3060 5714 591
3089 5702 3104 5724 ,
3129 5660 3226 5716 liti.
3278 5659 3386 5719 24:
3425 5661 3684 5724 Forsitan

2071 5721 2327 5795 quispiam
2349 5725 2570 5781 dixerit:
2600 5723 2790 5783 Nonne
2810 5721 2968 5798 igtiur
2989 5721 3213 5804 sapiens,
3246 5748 3353 5794 etc.
3387 5735 3519 5797 Item
3545 5721 3680 5810 pug:
3706 5792 3715 5801 .

3776 5560 3858 5755 /
