4078 6306
284 304 393 360 155

1328 304 1416 359 DE
1455 302 1741 361 OFFlCIIS
1772 303 2246 363 MINISTRORUM
2287 304 2416 361 LIB.
2461 302 2551 360 ιιι.

3486 303 3597 362 184

285 430 375 478 tus
418 422 704 493 insipienti
731 422 992 495 naufrago
1023 421 1257 478 tabulam
1313 430 1642 492 extorquere
1669 422 1876 493 possit,
1906 422 2158 483 .{denda
2182 422 2321 494 apud
2351 437 2473 478 eum
2505 418 2803 493 publicatio
2828 418 3040 492 ﬂagitii,
3071 429 3095 459 θ
3115 430 3277 493 quam
3298 420 3588 478 conscien-
3610 484 3623 493 ,

283 527 466 573 utrum
500 517 741 573 debeat?
762 515 889 572 Mihi
917 516 1163 585 quidem.
1205 514 1306 570 etsi
1338 514 1705 585 prmstabilius
1730 529 1884 570 com-

285 609 440 667 muni
474 609 729 666 videatur
776 610 895 665 usui
941 609 1241 677 sapientem
1281 607 1352 663 de
1391 605 1673 678 naufragio
1721 623 1883 677 qttam

284 701 642 769 insipientem
677 702 939 765 evadere;
987 715 1169 756 tamen
1215 715 1321 756 non
1364 700 1582 755 videtur
1620 700 1761 770 quod
1802 700 1886 755 vir

282 794 646 863 christianos,
673 802 730 851 et
743 795 946 866 justus,
969 803 1023 849 et
1051 793 1291 866 sapiens,
1321 808 1567 864 quaerere
1593 793 1695 848 sibi
1716 793 1883 848 vitam

289 889 473 944 aliena
516 901 696 945 morte
723 889 921 944 debeat
956 908 971 944 :
1003 898 1188 958 utpote
1224 888 1317 959 qui
1356 887 1516 943 etiam
1546 890 1590 942 si
1615 888 1880 944 latronem

282 996 557 1038 armatum
605 982 843 1047 incidat,
873 991 899 1021 ⁸
929 983 1213 1039 ferientem
1257 981 1487 1038 referire
1528 998 1636 1039 non
1670 984 1879 1053 possit;

283 1093 354 1134 ne
384 1078 515 1133 dttm
544 1078 782 1133 salutem
823 1076 1087 1143 defendit,
1120 1080 1374 1148 pietatem
1416 1080 1774 1134 contaminet.
1806 1077 1885 1135 De

278 1185 392 1242 quo
422 1169 474 1224 in
507 1168 787 1240 Evangelii
820 1170 980 1225 libris
1016 1180 1207 1243 aperta
1247 1180 1298 1227 et
1344 1172 1569 1228 evidens
1611 1175 1884 1228 sententia

278 1272 361 1318 est
387 1278 402 1315 :
432 1260 676 1317 Recondc
710 1263 1162 1336 gladium'tuum;
1200 1265 1371 1320 omnis
1407 1266 1543 1321 enim
1572 1267 1660 1337 qui
1703 1266 1880 1337 gladio

275 1358 589 1428 percusserit
630 1358 808 1429 gladio
840 1358 1055 1430 ferietur
1103 1358 1339 1429 (Matth.
1380 1375 1540 1423 xxvt,
1574 1359 1705 1430 52).
1747 1359 1882 1430 Quis

278 1446 421 1503 latro
462 1447 844 1505 detestabilior
864 1490 880 1516 ,
906 1464 1068 1520 quam
1100 1462 1418 1520 persecutor
1443 1453 1536 1529 qui
1574 1462 1796 1507 venerat
1824 1461 1882 1508 ut

276 1540 550 1599 Christum
591 1542 913 1600 occideret?
938 1543 1045 1601 Sed
1075 1546 1248 1601 noluit
1268 1561 1328 1602 se
1349 1548 1598 1603 Cbrisms
1621 1563 1879 1619 perseeu-

276 1644 456 1691 torum
482 1635 702 1693 defendi
726 1637 977 1703 vulnere,
1001 1638 1093 1708 qtti
1123 1640 1293 1695 voluit
1316 1656 1417 1696 suo
1442 1641 1669 1697 vulnere
1692 1656 1881 1699 omnes

273 1743 491 1788 sanare.

1990 518 2064 573 tia
2082 528 2183 574 est.
2210 517 2365 586 Quod
2414 532 2519 572 non
2553 516 2694 571 fictis
2725 513 2957 582 fabulis,
2984 522 3043 570 ut
3066 514 3376 587 philosophi
3404 514 3594 586 dispuv-

1987 611 2208 677 tabant,
2240 610 2335 666 sed
2376 607 2676 665 verissimis
2717 608 2991 679 iustorum
3032 607 3276 663 virorum
3322 606 3590 678 exentplis

1990 704 2192 761 docere
2224 718 2539 775 possumus.

2055 800 2146 856 30.
2171 798 2287 855 Non
2321 799 2482 870 igitur
2494 813 2595 870 ego
2616 798 2885 855 simulabo
2903 806 3066 855 terra:
3087 797 3319 863 hiatum,
3338 812 3458 869 quae
3477 810 3594 852 ma-

1983 895 2106 966 gnis
2128 894 2453 963 quibusdam
2474 892 2772 949 dissiluerit
2800 892 2818 931 τ
2845 890 3325 957 solutaimbribns,
3347 891 3398 946 in
3430 904 3591 961 quem

1984 987 2334 1044 descendisse
2389 987 2610 1061 Gyges,
2656 998 2819 1057 atque
2877 986 2950 1043 ibi
2998 995 3023 1034 8
3073 985 3380 1042 fabularum
3435 985 3589 1039 illurn

1983 1098 2179 1154 equum
2209 1099 2420 1138 aeneum
2452 1081 2798 1137 oﬂendissea
2834 1080 3060 1136 Platone
3086 1080 3379 1145 inducitur,
3411 1076 3501 1149 qui
3534 1077 3591 1133 in

1982 1178 2247 1234 lateribus
2285 1176 2398 1232 suis
2425 1175 2573 1233 fores
2607 1176 2863 1231 haberet:
2906 1191 3044 1246 quas
3074 1174 3166 1232 ubi
3187 1171 3403 1246 aperuit
3424 1214 3439 1237 ,
3465 1171 3590 1227 ani-

1982 1273 2273 1329 madvertit
2295 1273 2554 1329 annulum
2579 1286 2808 1328 aureum
2830 1272 2883 1326 in
2901 1270 3072 1341 digito
3096 1269 3297 1325 mortui
3328 1267 3586 1334 hominis,

1980 1369 2138 1437 cujus
2166 1368 2276 1423 illic
2296 1367 2610 1422 exanimum
2637 1365 3087 1437 corpusjaeeret,
3116 1364 3342 1434 aurique
3366 1374 3589 1416 avarum

1981 1463 2269 1518 sustulisse
2318 1461 2606 1516 atinulum.
2651 1459 2759 1516 Sed
2788 1473 2915 1515 cum
2963 1473 3023 1514 se
3051 1459 3115 1514 ad
3149 1467 3398 1528 pastores
3436 1469 3592 1511 rece-

1981 1556 2151 1630 pisset
2174 1555 2354 1627 regios
2375 1555 2443 1611 de
2470 1568 2703 1627 quorum
2727 1552 2844 1623 ipse
2873 1567 3103 1608 numero
3122 1551 3287 1617 foret,
3308 1565 3439 1606 casu
3457 1563 3594 1621 quo-

1981 1650 2132 1715 dam,
2158 1646 2186 1687 ιι
2210 1649 2354 1721 quod
2389 1648 2568 1719 palam
2600 1648 2720 1717 ejus
2748 1648 2934 1702 annuli
2967 1646 3037 1702 ad
3084 1646 3317 1718 palmam
3358 1658 3591 1701 conver-

1982 1752 2144 1806 terat,
2178 1743 2296 1813 ipse
2326 1758 2522 1799 onmes
2551 1742 2791 1809 videbat,
2820 1751 2984 1814 atque
3011 1757 3042 1796 a
3088 1740 3239 1797 nullo
3264 1738 3588 1795 videbatur:

341 1825 568 1887 98.Cur
587 1830 733 1885 enim
764 1830 793 1870 δ
826 1841 878 1887 te
899 1833 1164 1903 potiorem
1190 1831 1363 1887 altero
1378 1831 1614 1902 judices,
1632 1845 1755 1886 cum
1776 1829 1878 1888 Viri
1910 1821 1960 1882 B
1985 1837 2184 1894 deinde
2214 1854 2334 1893 cum
2376 1837 2432 1892 in
2483 1836 2663 1892 locum
2712 1852 2870 1891 suum
2916 1845 3234 1891 revocasset
3286 1832 3549 1889 annulum
3570 1872 3587 1899 ,

275 1920 345 1977 sit
375 1922 668 1978 christiani
697 1924 956 1994 praiferre
984 1926 1087 1980 sibi
1117 1925 1352 1981 alterum
1372 1966 1388 1993 ,
1422 1925 1555 1980 nihil
1588 1926 1689 1980 sibi
1722 1940 1880 1980 arro-

281 2028 436 2084 gare,
466 2016 678 2071 nullum
709 2016 811 2071 sibi
837 2016 1102 2073 honori-nt
1132 2033 1433 2085 assumere,
1468 2035 1572 2075 non
1605 2018 1883 2074 vindicare

279 2107 467 2162 meriti
499 2110 584 2162 sui
638 2110 912 2178 pretium?
951 2110 1159 2166 Deinde
1187 2126 1285 2166 cur
1326 2127 1431 2166 non
1460 2120 1611 2166 tuum
1653 2111 1885 2167 tolerare

274 2200 457 2270 potius
496 2200 934 2269 incommodum,
962 2220 1123 2274 quam
1154 2206 1394 2260 alienum
1419 2204 1765 2260 commodum
1794 2205 1882 2260 di-

269 2293 453 2364 ripere
478 2296 798 2352 assuescas?
827 2297 967 2366 Quid
1005 2309 1110 2353 tam
1131 2298 1397 2354 adversus
1416 2312 1692 2365 naturam,
1719 2314 1881 2369 quam

272 2400 380 2441 non
404 2402 532 2444 esse
557 2398 873 2445 contentum
906 2405 976 2445 eo
1003 2391 1147 2458 quod
1170 2392 1392 2457 habeas,
1409 2392 1584 2446 aliena
1611 2406 1879 2463 quaerere,

271 2481 483 2537 ambire
510 2482 775 2552 turpiter?
796 2483 929 2538 Nam
950 2483 994 2538 si
1011 2485 1270 2539 honestas
1292 2484 1588 2540 secundum
1612 2492 1879 2550 naturam,

271 2574 457 2629 omnia
485 2575 636 2630 enim
663 2573 787 2630 fecit
821 2577 961 2631 Deus
1000 2576 1138 2632 bona
1171 2577 1350 2643 valde,
1386 2579 1666 2649 turpitudo
1693 2581 1885 2649 utique

274 2668 559 2723 contraria
590 2679 696 2724 est.
720 2669 837 2725 Non
863 2678 1042 2741 potest
1061 2687 1194 2741 ergo
1214 2670 1485 2727 honestati
1514 2674 1806 2729 convenire
1830 2683 1885 2729 et

276 2760 646 2832 turpitudini,
682 2777 805 2819 cum
837 2762 955 2820 haec
985 2764 1128 2820 inter
1155 2780 1217 2821 se
1263 2764 1497 2821 discreta
1525 2774 1736 2822 natura:
1768 2767 1884 2838 lege

278 2853 407 2909 sint.

824 2953 983 3027 115
1011 2951 1237 3010 CAPUT
1278 2953 1345 3008 v.

274 3039 486 3099 Iustum
535 3043 669 3100 nihil
694 3061 844 3115 agere
878 3048 1014 3113 quod
1055 3049 1121 3101 sit
1148 3058 1331 3104 contra
1374 3049 1611 3121 ofﬁcium
1638 3091 1653 3116 ,
1682 3049 1886 3105 etiarnsi

1983 1932 2277 1989 videbatur
2300 1932 2370 1987 ah
2400 1930 2676 1987 omnibus.
2706 1928 2873 2001 Cujus
2906 1930 3083 1985 solcrs
3122 1930 3297 1985 facins
3318 1926 3592 1995 miraculi,

1984 2040 2084 2095 per
2127 2025 2315 2080 annuli
2363 2025 2825 2095 opportunitatem
2857 2024 3061 2094 reginas
3106 2032 3297 2094 stupro
3345 2023 3586 2093 potitus,

1984 2131 2173 2172 necem
2212 2116 2328 2189 regi
2354 2116 2568 2183 intulit,
2597 2117 2923 2188 czeterisque
2944 2115 3309 2185 interemptis,
3333 2129 3473 2187 quos
3495 2129 3591 2170 ue-

1982 2209 2188 2267 candos
2220 2218 2519 2280 potaverat,
2547 2225 2614 2266 ne
2640 2210 2741 2265 sibi
2773 2208 3162 2280 impedimento
3186 2210 3386 2276 forent,
3407 2206 3593 2279 Lydia!

1984 2318 2209 2374 regnum
2238 2303 2468 2373 adeptus
2494 2315 2601 2360 est.

2056 2397 2147 2451 51.
2177 2396 2271 2462 Da,
2306 2397 2498 2467 inquit,
2536 2402 2553 2441 ί
2588 2398 2730 2452 hunc
2759 2397 3019 2452 annulum
3047 2396 3302 2467 sapienti,
3334 2405 3390 2451 ut
3417 2395 3589 2453 bene-

1986 2490 2110 2545 licio
2137 2490 2255 2560 ejus
2301 2490 2473 2560 possit
2502 2491 2671 2546 latere
2698 2533 2712 2556 ,
2742 2504 2864 2546 cum
2909 2489 3242 2562 deliquerit:
3288 2506 3397 2546 non
3439 2490 3586 2545 ettim

1986 2584 2165 2638 minus
2211 2583 2378 2655 fugiet
2420 2594 2763 2655 peccatorum
2798 2584 3141 2656 contagium,
3187 2600 3348 2657 quam
3390 2585 3435 2639 si
3480 2600 3587 2640 non

1987 2678 2158 2748 poSsit
2198 2678 2385 2734 latere.
2427 2677 2542 2732 Non
2574 2678 2720 2733 enim
2751 2677 2957 2733 latebra
3000 2678 3230 2749 sapienti
3258 2692 3386 2749 spes
3415 2679 3591 2749 impu-

1988 2771 2194 2837 nitatis,
2226 2771 2321 2826 sed
2352 2770 2662 2825 innocentia
2679 2779 2783 2826 est.
2813 2771 3056 2840 Denique
3080 2771 3164 2826 (ex
3190 2786 3292 2825 non
3314 2770 3592 2845 justo,sctl

1985 2864 2184 2938 injuste
2224 2863 2394 2934 posita
2434 2871 2510 2918 est
2551 2861 2602 2935 (Ι
2633 2860 2770 2918 Tim.
2816 2879 2852 2929 ι,
2888 2860 2988 2935 9);
3036 2862 3158 2935 quia
3184 2863 3364 2935 justus
3411 2862 3586 2935 legem

1988 2958 2151 3014 habet
2182 2959 2383 3013 utentis
2411 2973 2529 3013 sua:
2548 3000 2565 3027 ,
2597 2967 2654 3013 et
2681 2958 2951 3029 aequitatis
2979 2973 3043 3014 ac
3064 2959 3293 3030 justitite
3319 2972 3432 3014 sua:
3459 2973 3591 3014 nor-

1988 3067 2131 3107 mam
2160 3070 2173 3106 :
2205 3052 2436 3123 ideoque
2458 3068 2565 3107 non
2599 3062 2815 3110 terrore
2839 3067 3010 3123 ptena:
3032 3062 3377 3113 revocatum
3404 3053 3587 3126 culpa,

350 3136 546 3191 latendi
573 3154 717 3206 spem
742 3136 1016 3206 habuerit;
1046 3139 1115 3193 ad
1148 3138 1245 3194 hoc
1273 3141 1447 3212 ipsum
1482 3140 1884 3213 signiﬁcandum
1921 3211 1952 3216 _
1987 3144 2083 3202 sed
2114 3146 2410 3201 honestatis
2440 3144 2645 3216 regula.

346 3231 582 3303 fabulam
622 3233 686 3287 de
716 3232 876 3304 Gygis
899 3235 1094 3288 annulo
1133 3235 1474 3305 excogitatam
1511 3211 1622 3288 esse
1647 3252 1679 3290 a
1708 3235 1881 3307 philo-
1908 3211 1956 3275 C
2058 3237 2148 3295 52.
2182 3238 2327 3309 Ergo
2358 3249 2415 3293 nt
2444 3211 2526 3293 ad.
2543 3238 2879 3310 propositum
2937 3237 3257 3303 redeamus,
3299 3252 3406 3292 non
3436 3236 3589 3292 fabu-

347 3327 547 3393 sophis,
578 3343 679 3396 qua
707 3327 952 3394 explosa,
1000 3326 1217 3383 Davidis
1266 3344 1328 3383 ac
1367 3327 1592 3383 Joannis
1628 3327 1878 3400 Baptista:

349 3430 491 3473 certa
508 3430 555 3473 et
583 3437 703 3475 t‘era
719 3421 957 3494 exentpla
987 3423 1341 3493 proferuntur.

347 3509 439 3567 29.
476 3521 499 3551 ε
533 3510 642 3568 Sed
663 3513 776 3582 jam
801 3516 1041 3571 utetiam
1064 3515 1118 3570 in
1144 3515 1246 3570 hoc
1266 3516 1405 3571 libro
1432 3532 1695 3587 ponamus
1726 3517 1880 3574 fasti-

276 3603 450 3674 gium,
478 3605 531 3659 in
560 3621 670 3675 quo
707 3608 855 3661 velut
885 3607 938 3661 in
972 3607 1077 3665 line
1103 3610 1485 3679 disputationis
1518 3623 1718 3667 nostra}
1746 3612 1881 3667 diri-

276 3713 468 3769 gamus
492 3702 854 3757 sententiam:
882 3712 937 3757 ut
960 3704 1092 3759 nihil
1116 3706 1477 3776 expetendum
1498 3708 1588 3770 sit.
1613 3707 1713 3762 nisi
1734 3706 1880 3779 quod

274 3790 589 3849 honestum.
619 3792 647 3833 ἀ
666 3795 811 3851 Nihil
839 3798 951 3869 agit
979 3799 1217 3870 sapiens,
1250 3801 1353 3856 nisi
1384 3801 1527 3872 quod
1554 3817 1676 3857 cum
1705 3803 1884 3859 since—

275 3888 461 3955 ritate,
482 3892 601 3945 sine
623 3890 811 3948 fraude
839 3894 941 3948 sit:
977 3910 1151 3965 neque
1179 3894 1469 3965 quidquam
1502 3896 1648 3961 facit,
1687 3896 1738 3951 in
1772 3912 1881 3967 quo

275 3996 338 4040 se
368 3985 602 4041 crimine
629 4002 900 4057 quoquam
943 3989 1184 4060 obliget,
1231 3990 1443 4044 etiamsi
1488 3990 1656 4045 latere
1689 3990 1877 4059 possit.

275 4074 394 4133 Sibi
419 4077 567 4134 enim
595 4089 680 4134 est
709 4094 837 4135 reus
875 4081 1184 4153 priustjuam
1217 4083 1463 4149 caneris;
1495 4097 1594 4138 nec
1636 4094 1744 4138 tam
1777 4099 1877 4155 pu-

272 4218 384 4277 400
409 4262 425 4303 ε
453 4219 552 4275 lin.
585 4219 690 4277 20:
736 4221 795 4277 Si
834 4223 1062 4277 tabulam
1102 4223 1167 4279 de
1211 4226 1492 4298 naufragio
1521 4226 1707 4281 stultus
1741 4227 1877 4281 arri-

275 4304 469 4365 puerit.
495 4304 604 4349 etc.

348 4372 376 4402 ⁸
394 4365 515 4442 Cic.
536 4365 629 4442 lib.
657 4364 902 4442 ttOl'lic“
920 4380 1020 4437 pag
1060 4368 1188 4442 576,
1206 4368 1301 4424 litt.
1331 4368 1431 4423 εἰς
1453 4369 1659 4441 Siquid
1682 4364 1880 4442 impor-

274 4444 408 4510 ζέων
426 4437 921 4510 nobisincommotli,
944 4440 1300 4509 propulsemus
1321 4437 1874 4510 ulciscainurqnefetc.

1982 3330 2099 3386 losa
2131 3346 2229 3401 pro
2260 3330 2422 3395 veris,
2447 3331 2543 3385 St'd
2574 3345 2702 3385 vera
2729 3345 2826 3398 pro
2854 3329 3110 3385 fabulosis
3131 3330 3374 3399 exetnpla
3409 3327 3590 3399 profe-

1984 3439 2124 3480 rant.
2147 3424 2285 3493 Quid
2316 3425 2461 3481 enim
2495 3424 2785 3504 miltiopus
2812 3432 2897 3479 est
2930 3423 3137 3495 lingere
3166 3421 3369 3477 hiatum
3400 3431 3583 3491 teme,

1986 3536 2185 3592 equum
2230 3536 2443 3576 aeneum
2467 3562 2482 3586 ,
2514 3519 2885 3589 annulumque
2923 3533 3152 3574 aureum
3195 3517 3248 3573 in
3294 3517 3462 3589 digito
3488 3516 3589 3573 de-

1989 3612 2156 3670 functi
2191 3622 2498 3682 repertnm;
2544 3612 2700 3683 cujus
2746 3610 2929 3667 annuli
2961 3620 3109 3667 tanta
3137 3610 3207 3665 sit
3236 3611 3316 3665 vis
3337 3651 3351 3674 ,
3385 3618 3445 3666 ιιι
3490 3623 3588 3680 pro

1988 3707 2215 3763 arbitrio
2242 3721 2342 3762 suo
2373 3706 2462 3776 qui
2490 3720 2611 3760 eum
2635 3706 2709 3761 sit
2734 3705 2958 3761 indutus
2990 3703 3274 3769 annulum,
3311 3702 3472 3776 116
3493 3716 3590 3772 ap-

1988 3815 2196 3875 pareat,
2219 3818 2342 3858 cum
2382 3803 2542 3858 velit:
2572 3817 2698 3859 cum
2725 3812 2907 3857 autem
2938 3802 3110 3867 nolit,
3140 3816 3172 3857 e
3204 3810 3497 3870 consiiectn
3526 3814 3587 3856 se

1986 3899 2338 3968 pra'scntium
2370 3895 2675 3961 subtrahat,
2704 3904 2763 3950 ut
2790 3908 3030 3964 praesens
3053 3908 3160 3948 non
3186 3892 3355 3963 possit
3377 3890 3590 3946 videri?

1987 3996 2003 4044 ι
2042 3990 2248 4061 Nempe
2275 4005 2341 4046 eo
2375 3990 2726 4056 tenditistud,
2749 4001 2933 4045 utrum
2964 3990 3186 4059 sapiens
3210 3988 3374 4043 etiam
3405 3987 3448 4041 si
3483 3986 3588 4042 isto

1986 4096 2166 4142 utatur
2191 4086 2416 4151 annulo,
2444 4100 2551 4154 quo
2595 4084 2769 4155 possit
2811 4083 3026 4153 propria
3058 4080 3256 4153 ﬂagitia
3300 4080 3501 4146 celare,
3534 4087 3592 4135 et

1985 4233 2093 4281 etc.
2129 4225 2191 4281 Et
2215 4225 2350 4280 infra
2374 4225 2466 4280 lin.
2491 4224 2590 4281 ὅτι
2622 4224 2782 4294 Atque
2800 4225 2956 4278 etiam
2981 4222 3194 4277 inomni
3221 4219 3588 4277 deliberatione

1988 4299 2191 4351 celandi
2215 4310 2262 4352 et
2293 4298 2589 4351 occultandi
2615 4314 2750 4367 spes,
2780 4307 2887 4349 etc.

2062 4380 2084 4406 ο
2116 4368 2272 4423 Rom.
2316 4369 2474 4433 edit.,
2528 4361 2682 4435 quam
2737 4366 3064 4421 conscientia:
3110 4374 3204 4418 est.
3258 4361 3406 4435 llattd
3450 4364 3585 4420 satis

1989 4453 2172 4501 recte;
2206 4456 2307 4494 nec
2343 4442 2488 4495 cnim
2517 4434 2604 4494 hic
2653 4439 2991 4510 signiﬁcatur
3037 4437 3213 4510 minus
3270 4434 3579 4510 pudendam

271 4506 415 4591 Item
444 4524 542 4595 pro
575 4508 773 4564 Milone
792 4508 897 4594 ..δέ
920 4513 1021 4564 vita
1042 4506 1239 4595 nostra
1265 4506 1868 4595 inaliquas-insidias?
1908 4534 1956 4595 Β
1983 4528 2107 4595 esse
2136 4510 2324 4582 ﬂagitii
2362 4506 2805 4595 publicationem,
2837 4525 2998 4592 quam
3023 4508 3382 4595 cituscie'n‘tia:
3409 4506 3589 4589 pttbli-

272 4580 442 4633 omnis
477 4578 692 4635 honesta
722 4582 855 4634 ratio
882 4592 1009 4636 esset
1055 4583 1389 4652 expediendis
1415 4578 1620 4638 salutis.
1670 4582 1874 4639 Confer

270 4664 393 4705 cum
430 4653 532 4707 huc
565 4655 836 4726 Ambrosii
866 4654 1115 4709 doctrina
1144 4670 1265 4722 quae
1298 4670 1464 4722 super
1492 4661 1682 4710 codem
1714 4671 1874 4726 aigtt~

271 4734 462 4797 mento
508 4725 1078 4797 tradit'l‘ertullianus
1124 4726 1176 4780 in
1232 4729 1543 4797 Apologot.;
1574 4728 1877 4797 tiyprmnts

271 4796 434 4863 epist.
467 4797 533 4848 ad
560 4796 852 4851 Thebanos
882 4798 1013 4851 edit.
1043 4797 1340 4852 Pt'ioriatttl‘
1365 4796 1435 4854 56
1466 4812 1514 4850 et
1538 4797 1630 4864 57,
1658 4798 1725 4852 ad
1744 4797 1879 4852 Cor-

270 4869 478 4940 lteliutn
513 4882 739 4940 papam;
771 4869 1011 4940 synodus
1037 4870 1240 4940 Attttyt'.
1272 4884 1395 4924 ean.
1427 4869 1530 4934 22,
1556 4871 1623 4923 tle
1649 4871 1878 4925 homici-

271 4937 364 4991 dio
405 4937 818 5002 involnttlatio,
852 4949 906 4994 cl.
932 4937 1171 4995 Basilius
1210 4942 1369 5009 epist.
1416 4946 1481 4994 ad
1526 4940 1873 5009 AtttpltilOclt.

270 5023 395 5063 can.
433 5011 523 5065 Η.
561 5010 640 5065 Ex
676 5011 760 5081 bis
787 5011 932 5066 enim
968 5011 1123 5065 facile
1155 5013 1426 5081 intelliges
1457 5012 1739 5066 Ductorem
1780 5029 1877 5067 no-

267 5091 443 5135 strntn
476 5099 582 5136 non
616 5081 670 5136 in
693 5080 975 5137 Ciceronis
996 5080 1477 5152 aliorntnqnelicet
1502 5083 1874 5138 Itanestiorum

269 5152 415 5207 inter
461 5170 735 5223 paganos.
780 5155 876 5227 sed
921 5158 972 5208 in
1018 5157 1208 5210 eadem
1253 5154 1456 5211 Christi
1507 5155 1727 5220 schola,
1772 5171 1876 5227 qua

268 5227 447 5279 sancti
484 5226 558 5281 illi
595 5232 779 5292 patres
803 5226 1054 5281 edoctum
1090 5242 1232 5282 esse.

342 5295 370 5334 ι’
403 5297 568 5361 lbid.,
601 5312 727 5367 pag.
758 5297 1032 5369 59l.lin.,
1065 5298 1168 5352 39:
1213 5296 1372 5351 Modo
1395 5296 1494 5351 hoc
1510 5299 1581 5352 ita
1606 5298 1788 5369 faciat,
1820 5309 1878 5352 ut

270 5382 332 5421 ne
354 5369 465 5440 ipse
494 5371 559 5420 de
589 5384 643 5422 se
666 5369 790 5423 bene
818 5368 1137 5440 existimans.
1173 5379 1278 5425 etc.

344 5449 368 5478 ο
401 5440 833 5513 Quidanrtnsst,
860 5439 970 5507 δρα
1006 5456 1069 5495 ne
1088 5444 1205 5513 jam
1234 5443 1285 5496 in
1316 5440 1411 5495 hoc
1440 5441 1583 5513 libro

270 5513 567 5580 fastidium.
603 5510 719 5584 ilic.
754 5511 846 5584 lib.
882 5526 939 5565 ιιι
968 5510 1151 5576 Ullié.,
1191 5528 1315 5584 pag.
1350 5510 1616 5576 592,1in.
1648 5513 1713 5567 2:
1770 5512 1879 5568 Sed

269 5584 520 5657 quoniam
546 5582 695 5657 operi
722 5582 1032 5657 inchoato...
1056 5582 1314 5656 tamquam
1348 5587 1637 5657 fastigium,
1656 5595 1778 5657 etc.

342 5650 371 5691 δ
395 5650 767 5729 Umnesedtt.
800 5651 950 5707 Nihil
979 5650 1192 5724 namque
1221 5660 1326 5729 agit
1348 5650 1587 5728 'siipiitns,
1613 5656 1712 5710 nisi
1742 5654 1879 5719 quod

272 5726 545 5799 hanestum
575 5727 643 5778 sit
670 5740 690 5778 .'
719 5740 1040 5799 verumqum
1062 5726 1363 5799 omisimus,
1387 5726 1439 5782 in
1463 5730 1718 5799 tnnnthns
1743 5744 1873 5799 mss.

272 5796 683 5873 desiderantur.
718 5794 1259 5873 (ὶίίξηψιηιιι-Οηὶιή,
1294 5816 1415 5870 pag.
1462 5798 1587 5873 592,
1633 5799 1727 5853 lin.

274 5864 624 5936 Quamobrem
648 5868 751 5923 hoc
780 5864 1165 5925 deliberantium
1195 5864 1606 5943 genui'pellotul'
1634 5885 1662 5923 e
1682 5864 1875 5937 medio;

1624 5456 1878 5511 ponamus

1981 4579 2276 4645 cntionem.
2302 4583 2394 4637 sed
2419 4600 2579 4649 quam
2608 4579 2997 4637 cooscientiant
3022 4579 3218 4644 ipsum,
3246 4579 3297 4634 id
3320 4590 3423 4643 est,
3446 4579 3584 4634 inte-

1981 4658 2179 4711 riorent
2195 4656 2416 4710 admissi
2437 4654 2622 4722 flagitii
2640 4655 3023 4726 cognitionem.
3045 4651 3183 4726 lul‘ra
3211 4652 3374 4705 etiam
3390 4651 3579 4706 eadem

1980 4729 2110 4783 edit.
2145 4728 2329 4793 Bonn,
2359 4745 2508 4789 quem
2540 4722 2729 4798 magna
2764 4726 2990 4795 quadam
3029 4722 3585 4798 tntbriunttentpestate

1978 4811 2179 4864 exorta,
2211 4810 2402 4853 terram
2431 4795 2642 4864 tuisse,
2679 4810 2724 4851 et
2756 4799 2809 4852 in
2837 4813 3002 4866 quem,
3034 4802 3142 4850 etc.
3181 4795 3286 4849 Sed
3317 4809 3580 4864 quorsum

1980 4886 2043 4925 ea
2074 4871 2303 4925 mutatio
2330 4881 2557 4938 Spectat.
2603 4886 2708 4923 nntt
2740 4870 2871 4923 satis
2896 4868 3253 4938 :tsseqttintnr.

2060 4940 2077 4980 ί
2121 4943 2234 4998 Cic.
2270 4934 2372 4995 lib.
2394 4957 2445 4995 ιιι
2475 4941 2658 5006 Οιίἰο.,
2698 4955 2819 5010 pag.
2852 4939 2994 5003 592,
3039 4934 3136 4993 lin.
3168 4934 3451 5010 40:_ﬂinc
3492 4936 3583 4991 ille

1982 5012 2152 5086 Gyges
2178 5014 2447 5068 inducitur
2474 5030 2506 5067 a
2544 5007 2791 5079 Platone,
2824 5013 2912 5083 qui
2937 5027 3055 5066 cutn
3082 5019 3219 5064 terra
3259 5007 3576 5075 decessisset,

1981 5097 2085 5140 etc.

2055 5167 2080 5204 ε
2115 5156 2255 5211 Edit.
2288 5155 2514 5212 Amerb.
2533 5165 2587 5210 et
2614 5150 3345 5224 Erasm.,fabulariumillum
3368 5164 3578 5221 equum;

1981 5228 2114 5286 Gill.
2145 5240 2197 5282 et
2229 5228 2417 5287 Rom..
2453 5227 2763 5300 fubulnrem,
2793 5239 2899 5300 etc.

2052 5300 2079 5336 ιι
2112 5300 2240 5355 Mss.
2273 5291 2465 5355 omnes
2493 5302 2762 5362 scribunt,
2791 5298 3024 5369 paleam;
3047 5303 3157 5349 tres
3185 5305 3452 5369 tamcn‘ex
3472 5291 3580 5348 illis

1981 5371 2369 5431 exilliCillilHIiS
2399 5385 2528 5437 ergo
2573 5373 2689 5424 ha-c
2730 5364 2933 5424 habent
2964 5369 3013 5421 in
3047 5364 3439 5437 mllrgilteiAAL
3485 5380 3581 5431 pa-

1983 5443 2089 5496 lam
2112 5459 2133 5507 ;
2156 5445 2229 5496 sic
2255 5443 2389 5496 enim
2417 5435 2560 5496 vocat
2590 5444 2902 5512 superiorem
2936 5448 3129 5510 partem
3156 5435 3358 5500 annuli,
3398 5435 3451 5488 in
3475 5451 3578 5506 qua

1982 5515 2119 5580 lapis
2147 5515 2340 5582 inﬁxus
2365 5523 2462 5569 est.

2061 5583 2077 5623 ί
2109 5577 2223 5640 (Σιοζ
2253 5586 2344 5640 lib.
2380 5601 2437 5639 ιιι
2462 5583 2645 5650 0flic.,
2674 5600 2795 5653 pag.
2825 5581 2952 5646 592,
2984 5579 3081 5634 lin.
3111 5577 3209 5633 £9:
3244 5583 3395 5632 hunc
3420 5578 3580 5650 igitur

1982 5657 2150 5728 ipsum
2172 5659 2420 5711 annulum
2449 5658 2491 5709 si
2515 5655 2697 5728 habent
2723 5655 2950 5728 sapiens,
2982 5660 3089 5705 etc.

2006 5718 2015 5751 -'
2059 5728 2072 5777 i
2114 5728 2274 5784 lbltl..
2302 5743 2425 5798 pag.
2453 5727 2580 5794 393,
2605 5718 2795 5799 Ιὶιιηὸξ
2824 5723 2949 5778 ch
2971 5732 3043 5777 est
3058 5721 3132 5775 vis
3153 5718 3314 5791 hujus
3337 5722 3517 5778 annuli
3536 5731 3583 5778 et

1983 5798 2142 5870 hujus
2165 5800 2407 5871 exempli,
2438 5808 2547 5853 etc.
