4078 6306
485 289 587 351 ίῖἱδ

1831 283 2079 345 εΑΝοτι
2109 284 2439 345 Αυιιιιοειι

3698 300 3806 362 186

481 422 706 483 regnum
746 411 1005 484 assequi;
1040 409 1247 466 nolitne
1277 418 1503 481 peccare
1525 444 1541 476 ,
1583 415 1638 464 et
1675 406 1892 479 gravius
1920 405 2085 463 ducat
2109 406 2164 468 Α
2187 404 2459 463 Praestare
2481 401 3157 481 hociili'potuitsilentium
3174 426 3355 481 suum,
3375 424 3493 473 utet
3516 415 3807 475 videretur

482 505 709 562 sceleris
737 506 1047 578 contagium
1079 518 1357 576 pcenarum
1386 502 1700 559 doloribus:
1732 516 1798 556 an
1827 512 1959 557 vero
1985 514 2084 571 spe

487 598 827 669 impunitatis
861 606 1043 654 utatur
1080 596 1149 653 ad
1201 593 1620 668 perpetrandum
1652 593 1873 649 scelus?
1900 591 2038 660 Quid
2062 632 2081 661 ,

487 692 726 763 inquam,
764 690 893 746 mihi
932 705 1069 763 opus
1096 699 1182 747 est
1207 691 1463 761 ﬁgmento
1487 688 1696 753 annuli,
1723 703 1846 743 cum
1877 687 2081 759 possint

485 785 685 842 docere
711 799 781 842 ex
814 785 979 841 rebus
1007 783 1178 855 gestis
1208 782 1352 855 quod
1393 782 1472 837 vir
1496 782 1717 853 sapiens
1743 797 1865 838 cum
1891 781 1996 838 sibi
2026 781 2080 836 in

485 888 710 953 peccato
737 895 847 936 non
873 880 1048 936 solum
1079 878 1395 946 latendum,
1428 878 1524 935 sed
1553 879 1719 934 etiam
1746 876 2083 949 regnandum

482 972 714 1039 videret,
744 974 789 1029 si
817 979 1099 1043 peccatum
1138 970 1489 1036 admitteret;
1517 978 1705 1025 contra
1726 979 1907 1025 autem
1938 967 2085 1040 peri—

486 1064 669 1121 culum
700 1064 894 1120 salutis
924 1073 1211 1131 cerneret,
1242 1061 1288 1118 si
1315 1061 1615 1119 declinaret
1634 1060 1895 1133 ﬂagitium
1924 1077 1940 1127 ;
1972 1060 2085 1118 ele-

484 1159 625 1229 gerit
652 1166 832 1214 tamen
861 1158 1033 1230 magis
1056 1156 1247 1214 salutis
1290 1155 1586 1227 periculum
1607 1196 1624 1223 ,
1652 1164 1711 1210 ut
1745 1162 1960 1212 vacaret
1987 1153 2086 1209 lla-

483 1250 639 1322 gitio,
667 1265 831 1323 quam
860 1248 1122 1321 ﬂagitium
1150 1261 1260 1321 quo
1290 1247 1396 1305 sibi
1421 1263 1647 1319 regnum
1680 1247 1940 1319 pararet?

553 1345 645 1402 εδ.
682 1343 926 1415 Denique
953 1342 1123 1399 David
1141 1358 1265 1399 cum
1293 1342 1508 1415 lugeret
1533 1358 1564 1398 ιι
1590 1342 1730 1399 facie
1757 1343 1903 1414 regis
1928 1341 2082 1411 Sani,

482 1438 626 1511 quod
656 1453 780 1495 eum
802 1453 899 1494 rex
913 1452 1034 1494 cum
1063 1437 1237 1494 tribus
1260 1437 1500 1493 millibus
1519 1435 1760 1493 virorum
1780 1437 2083 1494 electorum

483 1533 550 1587 ad
574 1530 911 1588 inferendam
940 1545 1127 1587 necem
1159 1530 1214 1585 in
1241 1530 1461 1585 deserto
1487 1540 1778 1600 quareret,
1807 1528 2085 1600 ingressus

485 1624 538 1680 in
581 1633 763 1681 castra
804 1624 981 1695 regis,
1023 1636 1146 1679 cum
1186 1621 1548 1679 dormientem
1576 1620 1928 1689 oﬂendissct,
1975 1636 2084 1679 non

484 1720 661 1777 solum
692 1720 808 1790 ipse
839 1733 947 1775 non
982 1718 1273 1790 percussit,
1307 1717 1402 1775 sed
1432 1718 1594 1774 etiam
1621 1719 1888 1788 protexit;
1920 1733 1988 1774 ne
2014 1718 2084 1774 ab

2187 508 2243 554 et
2260 515 2368 555 non
2387 501 2733 560 occideretur
2750 521 2764 559 :
2783 504 2877 561 sed
2899 507 3024 578 quia
3050 522 3158 563 non
3191 509 3364 564 solum
3388 512 3541 584 ιιι]
3562 526 3805 583 peccare

2185 604 2245 646 se
2272 601 2498 664 propter
2514 595 3099 654 salutisdel‘ensionem
3127 615 3319 672 passus
3348 616 3453 657 non
3477 615 3581 672 cst,
3599 607 3698 661 seut
3731 621 3804 663 ne

2186 685 2424 741 alienum
2440 688 2660 759 quidem
2675 701 2957 762 peccatum
2973 694 3120 751 l'erre
3135 710 3197 752 ac
3220 698 3425 768 perpeti
3448 699 3655 769 potuit;
3674 699 3803 758 ideo

2187 776 2239 833 in
2251 793 2312 835 se
2326 793 2544 836 causam
2565 784 2714 839 necis
2726 785 3001 842 excitavit.
3027 785 3191 844 Certe
3209 788 3311 844 hoc
3323 804 3520 862 negare
3536 807 3644 847 non
3668 804 3804 864 pos-

2185 883 2314 928 sunt
2340 877 2586 944 potuisse
2608 877 2725 934 lleri
2761 886 2823 934 ut
2845 889 3068 948 taceret,
3094 884 3184 952 qui
3206 883 3275 939 de
3304 883 3398 939 illo
3425 885 3574 959 Gyge
3594 895 3804 957 negant

2186 966 2431 1035 potuisse
2468 967 2583 1024 ﬁeri
2617 976 2677 1025 ut
2706 972 2895 1027 annuli
2922 973 3187 1030 beneﬂcio
3212 976 3669 1034 absconderetur.

2258 1058 2350 1116 56.
2394 1060 2502 1117 Sed
2534 1063 2863 1133 labula,etsl
2889 1067 2995 1123 vim
3029 1083 3135 1125 non
3166 1069 3335 1128 habet
3358 1072 3627 1141 veritatis,
3652 1071 3801 1130 hanc

2187 1161 2368 1210 tamen
2413 1154 2681 1213 rationem
2719 1159 2922 1227 liabet,
2955 1170 3015 1217 ut
3057 1162 3106 1218 si
3159 1164 3332 1234 possit
3379 1166 3561 1222 celare
3607 1180 3670 1222 se
3716 1169 3804 1224 vir

2179 1245 2398 1318 justus;
2442 1257 2624 1307 tanien
2672 1252 2747 1307 ita
2777 1263 3062 1323 peccatum
3108 1256 3352 1314 declinet
3377 1300 3392 1323 ,
3423 1260 3579 1330 quasi
3608 1261 3802 1317 celare

2188 1355 2298 1397 non
2328 1343 2501 1412 possit
2526 1362 2540 1398 :
2564 1340 2593 1380 δ
2619 1359 2720 1401 nec
2749 1360 3039 1417 personam
3066 1363 3219 1403 suam
3253 1349 3478 1407 indutus
3498 1352 3799 1421 annulum,

2184 1434 2282 1491 sed
2309 1437 2472 1491 vitam
2518 1451 2673 1494 suam
2703 1436 2979 1497 Christum
3011 1441 3232 1499 indutus
3260 1444 3564 1502 abscondat
3588 1488 3601 1507 .
3651 1449 3800 1503 sicut

2185 1527 2478 1599 Apostolus
2516 1530 2636 1586 ait:
2680 1530 2818 1596 Quia
2847 1535 2953 1588 cite
2998 1542 3177 1589 nostra
3216 1536 3518 1592 abscondita
3562 1546 3642 1593 est
3670 1554 3797 1594 cum

2187 1621 2389 1679 Christo
2420 1624 2476 1679 in
2507 1622 2615 1680 Deo
2641 1623 2868 1698 (Coloss.
2900 1643 2959 1682 Ill
2986 1667 3001 1694 ,
3032 1626 3113 1699 3).
3162 1628 3334 1686 Nemo
3372 1645 3505 1702 ergo
3550 1630 3642 1687 hic
3684 1630 3803 1687 lui-

2184 1730 2316 1786 gcre
2355 1725 2603 1786 qumrat,
2653 1733 2817 1774 nemo
2867 1719 2971 1775 sibi
3016 1730 3276 1791 arroget,
3316 1738 3479 1779 nemo
3523 1739 3584 1779 se
3616 1723 3801 1795 iactet

481 1811 668 1883 aliquo
694 1812 786 1882 qui
814 1811 976 1867 simul
1008 1811 1286 1884 ingressus
1308 1809 1505 1877 luerat,
1537 1811 1918 1882 perimeretur.
1948 1811 2085 1869 Nam
2114 1814 2163 1879 B
2191 1808 2359 1882 (Luc.
2400 1826 2454 1865 Ix
2482 1851 2496 1874 .
2542 1812 2668 1882 56).
2699 1811 2932 1869 Nolebat
2981 1828 3044 1870 se
3088 1814 3338 1871 Christus
3377 1815 3466 1872 hic
3495 1823 3758 1890 cognosci
3781 1860 3800 1888 ,

486 1916 608 1962 cum
634 1904 843 1961 diceret
874 1904 924 1961 ei
954 1904 1164 1961 Abesse
1189 1922 1202 1959 :
1232 1902 1496 1961 Conclusit
1523 1902 1678 1960 hodie
1697 1902 1953 1961 Dominus
1977 1905 2082 1961 ini-

478 1999 670 2056 micum
714 2006 860 2053 tuum
900 1998 952 2054 in
997 1998 1233 2054 manibus
1264 1998 1404 2066 tuis,
1432 2006 1483 2053 et
1521 2013 1655 2053 nunc
1684 1998 1916 2053 occidam
1937 1998 2080 2053 eum?

477 2093 745 2164 respondit
770 2109 789 2150 :
814 2091 941 2149 Non
966 2108 1245 2151 consumas
1270 2109 1407 2161 eum,
1433 2093 1680 2164 quoniam
1733 2092 1847 2164 quis
1882 2093 2081 2160 inficiet

484 2194 697 2241 manum
718 2201 867 2239 suant
899 2187 953 2239 in
974 2186 1228 2242 cltrietum
1266 2182 1502 2251 Domini,
1533 2194 1580 2239 et
1611 2202 1772 2257 purus
1794 2186 1891 2240 erit
1911 2186 1938 2241 ?
1958 2193 1985 2224 ει
2017 2187 2083 2245 Et

476 2278 728 2334 addidit:
763 2279 903 2335 Vicit
945 2277 1240 2349 Dominus,
1269 2282 1515 2351 quoniam
1537 2282 1638 2337 nisi
1668 2281 1926 2341 Dominus
1964 2300 2082 2354 per-

481 2374 699 2431 cusserit
728 2374 899 2440 illum,
927 2384 1020 2429 aut
1048 2375 1150 2429 nisi
1169 2374 1301 2431 hora
1324 2376 1469 2431 illius
1489 2378 1700 2445 venerit,
1725 2386 1779 2433 ut
1802 2380 2076 2449 moriatur,

478 2464 507 2509 ι’
538 2468 705 2523 autin
729 2483 905 2541 pugna
926 2468 1258 2537 discesserit,
1283 2478 1330 2525 et
1359 2480 1655 2540 apponatur
1677 2473 1846 2541 mihi;
1876 2490 1981 2531 non
2013 2475 2081 2530 sit

477 2579 511 2616 a
536 2557 764 2617 Domino
791 2562 1007 2632 injicere
1035 2579 1246 2619 manum
1280 2581 1443 2621 meam
1478 2566 1533 2621 in
1574 2568 1826 2624 christum
1868 2568 2080 2627 Domini

478 2654 538 2728 (Ι
568 2654 698 2728 Reg.
724 2670 852 2711 uri
877 2695 894 2723 ,
925 2656 959 2712 8
986 2666 1033 2713 et
1057 2657 1215 2729 θεῷ).

552 2752 643 2806 54.
689 2751 878 2824 Itaque
903 2766 1010 2808 non
1055 2754 1302 2824 permisit
1346 2756 1529 2811 necari
1560 2771 1683 2813 eum
1706 2794 1722 2824 ,
1752 2757 1850 2815 sed
1903 2759 2077 2815 solum

478 2844 722 2901 lanceam
748 2861 871 2918 qua
907 2846 1115 2905 eratad
1149 2857 1311 2919 caput
1335 2848 1483 2921 ejus,
1514 2858 1571 2907 et
1601 2849 1916 2908 lenticulam
1954 2866 2076 2910 sus-

480 2937 621 2993 tulit.
651 2938 837 3011 Itaque
853 2938 1254 2998 dormientibus
1271 2942 1504 3009 cunctis,
1527 2958 1782 3015 egressus
1792 2943 1864 3001 de
1883 2947 2078 3003 castris

481 3031 732 3086 transivit
762 3031 814 3087 in
840 3047 1102 3090 cacumen
1129 3035 1351 3103 montis,
1382 3045 1435 3092 et
1465 3050 1766 3110 coarguere
1788 3038 1954 3109 erepit
1979 3040 2076 3095 sti-

482 3132 699 3193 patores
719 3127 919 3198 regios,
937 3136 993 3183 et
1016 3128 1288 3199 praecipue
1314 3129 1613 3202 principem
1643 3131 1848 3189 militia
1867 3132 2071 3201 Abner,

2185 1902 2403 1958 nolebat
2435 1903 2720 1973 prtrdicari
2751 1906 2806 1963 in
2854 1906 3151 1978 Evangelia
3188 1922 3388 1965 nomen
3428 1926 3591 1967 suum
3616 1953 3633 1980 ,
3668 1928 3803 1971 cum

2183 1994 2239 2051 in
2273 1994 2431 2053 terris
2460 2007 2810 2055 versaretur:
2842 1999 2992 2056 venit
3031 2011 3088 2055 ut
3123 2000 3317 2058 lateret
3359 2003 3619 2060 sarculum
3667 2006 3799 2065 hoc.

2184 2089 2253 2145 Et
2299 2105 2399 2147 nos
2438 2106 2569 2163 ergo
2613 2092 2777 2149 simili
2818 2093 2983 2150 modo
3025 2095 3435 2153 abscondnmus
3488 2100 3655 2155 vitam
3698 2114 3804 2159 no-

2182 2193 2352 2241 stram
2382 2184 2588 2243 Christi
2617 2190 2896 2259 exemplo,
2930 2189 3198 2261 fugiamus
3220 2190 3564 2261 jactantiom,
3600 2205 3625 2233 θ
3656 2212 3805 2267 prm-

2183 2278 2352 2335 dicari
2385 2296 2492 2337 non
2518 2290 2929 2352 exspectemus.
2958 2284 3153 2339 Helius
3183 2293 3268 2340 est
3308 2284 3398 2342 hic
3423 2302 3547 2343 esse
3592 2288 3646 2343 in
3697 2292 3805 2345 litt-

2181 2372 2408 2429 militale
2427 2413 2443 2439 ,
2477 2374 2549 2429 ibi
2590 2375 2641 2430 in
2671 2375 2870 2447 gloria.
2898 2373 3030 2432 Cum
3058 2374 3297 2433 Christus
3319 2416 3334 2443 ,
3377 2378 3592 2450 inquit,
3621 2397 3801 2454 oppes-

2178 2468 2363 2536 ruerit,
2395 2478 2519 2524 tunc
2560 2481 2609 2526 et
2656 2486 2746 2526 eos
2773 2486 2890 2526 cum
2916 2470 3012 2527 illo
3040 2471 3356 2543 apparebitis
3380 2474 3433 2529 in
3460 2475 3630 2546 gloria
3661 2474 3800 2545 (Co.

2180 2561 2306 2619 loss.
2333 2577 2391 2618 In
2415 2604 2431 2631 ,
2465 2561 2546 2634 Α).

2803 2656 3035 2714 CAPUT
3078 2657 3167 2713 Vl.

2184 2748 2474 2805 Precolere
2500 2748 2641 2822 apud
2676 2764 2773 2804 nos
2799 2749 3201 2806 emolumentum
3228 2766 3333 2806 non
3359 2763 3615 2823 oportere.
3647 2754 3799 2819 Quid

2253 2845 2524 2900 obtendere
2565 2843 2760 2899 soleant
2790 2845 2880 2915 qui
2919 2861 2951 2898 a
2992 2844 3266 2913 frumentis
3297 2846 3497 2900 lucrum
3526 2857 3745 2917 captant
3776 2863 3799 2904 :

2251 2941 2434 3012 quidve
2477 2939 2582 2995 illis
2620 2939 2800 2995 debeat
2842 2940 3192 3012 responderi?
3234 2940 3335 2996 Ubi
3376 2942 3566 2996 eisdem
3607 2942 3793 2999 Eran-

2251 3036 2416 3107 gcticn
2456 3033 2703 3105 parabole
2731 3042 2780 3089 et
2822 3033 3124 3091 Salomonis
3163 3032 3325 3103 cﬁ'eta
3360 3036 3455 3090 sub
3496 3036 3661 3091 oculis
3693 3051 3796 3107 po-

2173 3145 2176 3148 ’
2250 3139 2467 3184 nuntur.

476 3218 619 3289 quod
641 3234 982 3293 nequaquam
1015 3221 1176 3277 tidem
1202 3223 1503 3279 custodiam
1526 3226 1641 3297 regi
1657 3234 1711 3281 et
1733 3225 1958 3282 domino
1976 3240 2075 3283 suo
2101 3205 2146 3277 C
2251 3222 2343 3279 3'1.
2386 3222 2502 3278 Non
2530 3222 2713 3279 vincet
2753 3221 2922 3296 igitur
2951 3221 2971 3260 ι
3011 3221 3353 3281 honestatem
3395 3221 3604 3279 utilitas
3626 3264 3639 3289 ,
3687 3225 3791 3281 scd

476 3310 797 3370 adhiberet:
827 3314 1067 3387 denique
1097 3316 1500 3374 demonstraret
1525 3358 1542 3387 ,
1575 3318 1667 3376 ubi
1708 3331 1856 3376 esset
1885 3320 2072 3377 lancea

477 3406 651 3478 regis,
692 3407 784 3463 vel
828 3408 1082 3466 lenticula
1119 3425 1242 3483 qua:
1268 3412 1474 3469 eratad
1501 3424 1662 3484 caput
1694 3415 1833 3486 eius.
1879 3413 1945 3474 Et
1980 3432 2076 3489 sp-

475 3499 708 3570 pellatus
728 3516 757 3554 a
782 3517 910 3573 rege
929 3502 1170 3560 lanceam
1196 3505 1464 3562 reddidit:
1488 3505 1557 3562 Et
1584 3507 1852 3579 Dominus,
1876 3510 2067 3579 inquit,

471 3594 708 3647 restituat
732 3595 1008 3667 unicuique
1034 3598 1273 3671 justitias
1296 3615 1437 3665 suas,
1460 3600 1685 3671 etﬁdetn
1724 3618 1903 3659 suam:
1942 3604 2076 3660 sicut

476 3686 692 3745 tradidit
713 3687 1026 3747 teDominus
1053 3693 1107 3745 in
1123 3707 1306 3747 manus
1325 3709 1489 3760 nscas,
1517 3704 1566 3749 et
1594 3697 1738 3751 nolui
1762 3707 1786 3737 ο
1811 3698 2075 3753 uindicare

477 3797 634 3835 manu
657 3798 772 3838 mea
792 3784 847 3837 in
877 3785 1129 3840 Christum
1172 3785 1405 3843 Domini.
1453 3787 1519 3843 Et
1544 3802 1668 3845 cum
1701 3790 1820 3847 huic
1843 3791 2069 3860 diceret,

473 3875 702 3933 timebat
730 3884 913 3935 tamen
945 3880 1173 3937 insidiae
1202 3882 1357 3953 ejus,
1384 3890 1440 3940 et
1466 3883 1628 3956 lingit,
1656 3885 1841 3943 sedem
1879 3888 2075 3946 exsilio

477 3980 714 4027 mutans.
770 3971 882 4030 Nec
912 3983 1092 4031 tamen
1131 3976 1360 4033 salutem
1414 3978 1651 4049 pratulit
1699 3980 2027 4039 innocentiae
2056 4024 2071 4049 ,

477 4078 598 4120 cum
612 4065 725 4135 jam
748 4067 988 4125 secundo
1011 4068 1263 4126 facultate
1284 4069 1389 4127 sibi
1439 4072 1638 4129 tributa
1661 4074 1806 4146 regis
1819 4075 2070 4145 necandi,

476 4158 739 4219 noluisset
780 4161 854 4218 uti
882 4163 1188 4225 occasionis
1220 4164 1527 4222 benellcio:
1560 4182 1682 4237 qua:
1707 4178 1762 4222 et
1805 4170 2071 4239 securita-

481 4259 590 4306 tem
613 4250 810 4308 salutis
841 4255 1127 4320 metuenti,
1153 4264 1209 4312 et
1236 4271 1463 4329 regnum
1493 4250 1757 4316 oﬁerebat
1777 4260 1969 4317 exsuli.

546 4344 638 4401 55.
667 4345 771 4403 Ubi
800 4361 941 4418 Opus
976 4347 1080 4404 fuit
1124 4347 1323 4405 Joanni
1362 4348 1551 4422 Gygeo
1594 4352 1798 4408 annulo
1825 4394 1840 4419 ,
1894 4356 1985 4427 qui
2024 4356 2071 4412 si

474 4437 754 4505 tacuisset,
781 4453 888 4497 non
913 4448 1059 4497 esset
1079 4441 1294 4498 occisus
1314 4442 1384 4499 ab
1406 4442 1827 4516 Herodc(Marc.
1855 4446 2073 4522 v1.18)?

545 4606 571 4670 β
601 4598 762 4657 Rom.
793 4602 928 4670 edit,
951 4614 997 4660 et
1025 4604 1099 4660 ait
1119 4602 1290 4660 David
1328 4622 1347 4662 :
1382 4602 1516 4662 Vivit
1545 4603 1823 4663 Dominus.

542 4669 571 4709 δ
600 4670 726 4750 _V_et.
751 4673 887 4750 edit.
916 4691 980 4732 ac
1012 4674 1178 4750 llum.
1200 4676 1305 4734 hoc
1329 4677 1448 4734 loco
1473 4692 1580 4734 non
1611 4678 1940 4750 discrepant.
1964 4676 2072 4741 nisi

472 4741 615 4821 quod
644 4742 762 4821 inec
779 4743 1303 4821 sicinterpungit,...
1324 4759 1369 4804 et
1390 4760 1703 4821 apponatur,
1728 4741 1853 4809 mihi
1875 4741 1978 4809 non
2008 4755 2077 4817 sit

471 4793 776 4893 ᾇρρωὶηο,
810 4827 916 4873 etc.
945 4793 1303 4893 Niiitirtim'ut
1328 4793 1656 4893 respgntleat
1684 4793 1767 4877 bis
1796 4793 1977 4881 verbis

471 4885 771 4970 LXXt‘Kai
799 4900 1027 4970 πρᾳσῖῇ.
1050 4890 1298 4970 μηδαμῶς
1326 4885 1434 4969 μοις
1464 4902 1569 4952 etc.
1596 4893 1725 4970 Mss.
1747 4904 1925 4970 autem
1947 4885 2069 4952 cum

470 4958 749 5039 veteribus
769 4950 1444 5039 magis_lfaciuiit,'exvcépto
1466 4950 1609 5039 quod
1636 4950 1719 5023 lno
1750 4950 2067 5037 przelerunt,

469 5032 549 5111 uel
567 5032 629 5111 in
653 5032 906 5111 pugnant,
1029 5032 1179 5097 vero,
1204 5040 1340 5111 utin
1353 5032 1626 5111 pugnam;
1656 5048 1712 5095 et
1741 5032 2076 5111 prodessen-

470 5103 623 5183 derit,
653 5103 864 5183 Tb'uan.
904 5107 1210 5183 discesserit.
1248 5110 1311 5166 Et
1356 5103 1479 5183 post
1529 5103 1853 5183 paucajubi
1881 5126 2105 5171 omnes.

470 5173 631 5253 edit_.,_
662 5186 707 5230 et
736 5176 1039 5253 lenticulam
1066 5181 1181 5236 tulit
1209 5173 1379 5252 aqua,
1412 5173 1902 5253 dorritientibusque,
1935 5190 2071 5253 εις..

471 5247 729 5304 scribitur
756 5251 807 5307 in
833 5267 966 5306 mss.
996 5267 1051 5308 ut
1083 5254 1133 5309 in
1165 5247 1335 5310 textu.

548 5328 569 5355 (τ
604 5318 804 5398 Omnes
832 5323 987 5398 edin,
1046 5324 1259 5398 injicere
1298 5342 1509 5381 manum
1546 5341 1713 5383 meam
1743 5320 2074 5395 in’christum

475 5384 727 5476 Domini:
757 5384 984 5476 quidam
1018 5384 1144 5454 mss.
1186 5398 1428 5456 inducere
1455 5415 1684 5466 manum,
1718 5404 1851 5464 elc.;
1880 5384 2069 5454 cieteri

472 5473 664 5517 omnes
696 5476 751 5517 ut
781 5472 835 5520 in
862 5472 1033 5524 textu.

542 5530 568 5570 ἀ
600 5533 728 5613 I_l_ss.
755 5537 993 5613 aliquot,
1024 5557 1117 5595 nec
1139 5558 1411 5613 personam
1442 5557 1586 5603 suam
1611 5538 1830 5603 indutus
1854 5534 2078 5595 abscon-

470 5601 580 5659 dat.
608 5601 862 5683 Iiomanis'
891 5601 1173 5683 Apostolus
1202 5616 1295 5671 ait.

550 5689 573 5718 °
605 5680 730 5760 Efa.
786 5692 843 5740 et
887 5680 1008 5758 seq.
1036 5688 1225 5760 edit.,
1268 5687 1543 5760 prcedicari
1587 5702 1691 5741 non
1736 5691 2076 5756 expetamus;

482 5750 704 5833 notarii.
732 5764 784 5809 et
815 5771 946 5833 mss.
970 5750 1182 5833 aliquot
1207 5750 1223 5826 ζ
1255 5750 1531 5833 praedicari
1560 5774 1662 5815 non
1684 5750 2077 5827 exspectamus;

475 5823 567 5889 alii
592 5824 814 5889 demum
846 5823 1151 5902 elegantius
1168 5823 1231 5898 ,.⁷.
1243 5823 1266 5885 .”
1279 5848 1386 5893 non
1416 5823 1791 5900 exspectemus.

112 6020 499 6131 {ﬂ

2184 3318 2441 3374 honestas
2472 3317 2757 3374 utilitatem
2783 3334 2796 3372 :
2831 3316 2971 3372 hanc
3008 3316 3133 3372 dico
3160 3317 3454 3372 utilitatem
3481 3357 3496 3383 ,
3527 3332 3652 3389 qua:
3683 3333 3793 3373 ars-

2183 3412 2407 3467 timalur
2424 3411 2719 3466 secundum
2752 3409 2892 3480 vulgi
2915 3409 3252 3481 opinionem.
3272 3409 3633 3466 Ilortilicetur
3656 3426 3790 3467 ava-

2182 3507 2337 3572 ritia,
2372 3506 2635 3561 moriatur
2662 3505 3129 3576 concupiscentia.
3163 3504 3397 3561 Sanctus
3443 3504 3499 3560 in
3539 3506 3792 3577 negotia-

2182 3600 2385 3656 tionem
2428 3600 2685 3655 introisse
2729 3614 2791 3655 se
2820 3607 3017 3671 negat;
3051 3598 3175 3670 quia
3217 3598 3516 3669 pretiorum
3563 3610 3793 3670 captare

2182 3699 2516 3755 incrementa
2562 3711 2670 3752 non
2707 3694 3111 3765 simplicitatis.
3140 3692 3238 3750 sed
3279 3693 3535 3749 versutia:
3563 3702 3668 3749 est.
3716 3693 3791 3753 Et

2181 3794 2318 3849 alius
2344 3794 2455 3849 sit:
2489 3792 2716 3863 Captans
2739 3791 2904 3864 pretia
2930 3790 3178 3862 frumenti
3197 3829 3212 3856 ,
3239 3787 3553 3844 maledicti“
3579 3788 3637 3844 in
3666 3788 3784 3860 ple-

2182 3888 2240 3943 be
2267 3897 2343 3943 est
2377 3886 2565 3961 (Prov.
2593 3887 2644 3941 xi
2663 3924 2679 3952 ,
2705 3885 2824 3955 26).

2250 3982 2340 4038 58.
2385 3980 2611 4037 Dciinita
2645 3988 2733 4035 est
2775 3977 3047 4035 sententia
3072 4016 3087 4043 ,
3122 3976 3258 4032 nihil
3295 3975 3655 4047 disputationi
3699 3991 3792 4034 re—

2180 4078 2429 4149 linquens
2456 4121 2469 4145 ,
2516 4084 2542 4123 ε
2588 4074 2750 4146 quale
2804 4081 3225 4130 controversum
3280 4085 3453 4142 genus
3513 4071 3655 4127 solet
3700 4069 3791 4126 di-

2174 4172 2333 4229 cendi
2375 4185 2533 4237 esse,
2565 4183 2688 4225 cum
2738 4167 2875 4223 alius
2913 4166 3111 4237 allegat
3155 4165 3542 4236 agriculturam
3591 4165 3785 4225 lauda-

2176 4265 2338 4321 bilem
2370 4261 2511 4334 apud
2544 4274 2735 4317 omnes
2776 4257 2966 4315 haberi
2995 4270 3031 4327 ,'
3056 4257 3262 4314 fructus
3304 4266 3461 4313 terra:
3501 4256 3789 4328 simplices

2176 4372 2338 4423 esse,
2386 4354 2508 4425 pius
2555 4355 2646 4425 qui
2693 4352 3045 4409 seminaverit
3086 4367 3153 4409 eo
3202 4352 3572 4424 probatiorem
3625 4354 3785 4421 lore,

2176 4448 2203 4488 ιι
2245 4449 2524 4519 uberiores
2562 4445 2771 4507 reditus
2816 4446 3097 4502 industria:
3129 4458 3235 4502 non
3288 4445 3567 4514 fraudari,
3614 4446 3795 4519 negli-

2100 4600 2157 4662 D
2259 4606 2278 4646 ί
2313 4606 2429 4664 Cic.
2467 4606 2564 4663 lib.
2598 4618 2656 4662 lli
2700 4602 2894 4671 Oilic.,
2943 4614 3066 4674 pag.
3094 4601 3201 4660 394
3225 4644 3242 4671 ,
3276 4602 3348 4658 Ιίιι
3397 4600 3468 4659 26
3502 4620 3516 4657 :
3568 4602 3790 4661 Maneat

2180 4696 2302 4753 ergo
2318 4722 2349 4753 ,γ
2363 4680 2503 4753 quod
2528 4688 2679 4746 turpe
2706 4678 2809 4743 sit,
2837 4675 2893 4730 id
2920 4691 3337 4753 numquamesse
3362 4674 3489 4753 utile
3508 4718 3521 4740 ,
3546 4684 3656 4732 etc.

2255 4697 2331 4749 ιο,
2399 4697 2500 4735 uoa
2528 4697 2679 4746 turpe
2706 4697 2774 4732 stt
2794 4718 2809 4743 ,
2837 4697 2891 4730 ta
2920 4697 3199 4747 numquam
3227 4697 3337 4730 esse
3362 4697 3489 4732 uute
3508 4718 3521 4740 ,
3546 4697 3656 4732 etc.

2255 4760 2278 4800 8
2312 4697 2456 4808 Egit.
2488 4762 2713 4812 omnes.
2744 4760 2797 4803 et
2837 4762 2967 4804 mss.
3001 4747 3275 4810 nonnulli,
3306 4750 3458 4817 quale
3484 4758 3785 4803 controver-

2180 4823 2378 4878 siarum
2403 4836 2599 4895 genus;
2626 4821 2717 4875 alii
2744 4830 2920 4875 autem
2946 4834 3173 4875 numero
3194 4828 3245 4873 et
3272 4820 3593 4895 antiquitate
3646 4834 3787 4895 pra}:

2180 4890 2495 4964 stantior'es,
2525 4895 2678 4965 quale
2705 4903 3085 4946 controversum
3114 4907 3300 4965 genus.
3330 4890 3472 4947 lnlra
3495 4890 3787 4965 etiamnili

2181 4967 2232 5022 in
2278 4962 2643 5046 iisdemedit._
2667 4978 2729 5018 ac
2774 4977 2908 5046 mss.
2942 4962 3483 5046 pai_icnlis_li:i.betur,
3516 4963 3787 5046 simplices

2177 5055 2287 5094 esse
2308 5037 2528 5109 triplos;
2556 5039 2608 5095 in
2633 5038 2790 5105 longe
2818 5033 3064 5106 plurimis
3086 5033 3592 5106 probatissimisquc
3618 5037 3790 5090 omit-

2180 5110 2587 5185 tilnr‘ztriplos.
2738 5176 2750 5185 _
3061 5174 3114 5185 η,
3345 5178 3415 5185 ,-
3623 5176 3635 5185 .

2250 5179 2276 5220 ιι
2309 5174 2464 5237 Ιίιιηὸ
2488 5195 2705 5236 onmem
2738 5176 2914 5233 locum
2961 5194 3026 5233 ex
3058 5174 3172 5233 Cic.
3207 5177 3301 5233 lili.
3335 5176 3786 5242 (Economican.

2173 5256 2265 5327 qui
2289 5254 2399 5325 jam
2433 5270 2537 5309 non
2566 5259 2818 5327 exstant,
2848 5248 3193 5327 desumptum
3222 5266 3343 5306 esse
3375 5251 3598 5327 lor-sitan
3630 5249 3788 5327 lniutl

2174 5320 2307 5380 sine
2324 5341 2483 5380 causa
2512 5324 2632 5394 quis
2658 5320 2976 5394 coniecerit.
3010 5321 3223 5379 Etenim
3253 5321 3396 5394 quod
3429 5322 3513 5375 llic
3537 5321 3744 5377 dicitur
3773 5342 3787 5383 ;

2179 5396 2457 5454 Uberiores
2498 5392 2696 5462 reditus
2750 5392 3062 5461 industriw,
3111 5403 3221 5448 etc.
3248 5392 3281 5458 ,’
3321 5393 3370 5446 id
3426 5394 3791 5462 apertissime

2183 5458 2931 5548 cum‘chophontispcujus
2962 5458 3158 5547 librum
3199 5463 3442 5548 ejusdem
3465 5458 3791 5548 argumenti

2183 5540 2253 5593 ali
2309 5540 2539 5599 Oratore
2591 5538 2913 5595 translatum
2978 5536 3217 5603 scimus,
3273 5537 3354 5590 liis
3407 5536 3587 5590 verbis
3641 5553 3793 5604 quu-

2184 5612 2311 5688 drat
2333 5628 2366 5688 _:
2391 5612 2541 5688 for);
2584 5612 2685 5688 ’γὰρ
2726 5604 3333 5688 ἄρΑι-ᾳτα-Θερατξεροντᾳς
3381 5610 3535 5688 αὐτὴν
3560 5606 3795 5688 tricies-az

2185 5682 2352 5757 ἀγαθά
2380 5681 2631 5738 ἁντιποιεῖ
2643 5681 2736 5757 ξιξι
2761 5681 2895 5757 illis,
2926 5681 3049 5754 ἀνὴρ
3074 5683 3131 5735 οὐ
3156 5681 3406 5757 λαμϐάνει
3427 5687 3573 5757 *σῖτον
3600 5681 3660 5757 in
3687 5691 3794 5757 τᾳῧ

2192 5750 2379 5845 meo,
2423 5756 2480 5843 εδύ
2522 5750 3079 5845 οχὰριξῖτιμεῡλεζῖᾳιοῶς
3313 5755 3590 5845 στξείρηται
3628 5750 3665 5845 ᾖ
3713 5754 3799 5819 ὦς

2195 5821 2967 5903 udirpoeyivnrat'.Alia'similia
2988 5826 3104 5895 ipse
3136 5821 3313 5901 perte
3336 5821 3594 5881 obs'erves
3628 5821 3793 5889 licet.
