4078 6306
303 299 408 356 I57

1347 297 1436 352 DE
1475 295 1766 353 OFFIGIH
1803 296 2276 357 MINISTRORUM
2309 299 2438 359 LIB.
2472 301 2561 358 111.

302 413 548 484 gentiam
582 415 754 486 magis
781 423 833 469 et
879 411 1140 468 incuriam
1179 411 1322 466 ruris
1349 411 1532 468 inculti
1577 411 1904 481 reprehendi
1933 412 1987 482 Α
2011 414 2219 468 minuta
2259 413 2429 468 durus
2477 414 2763 470 insidiator
2795 417 3049 487 obrepas.
3081 418 3326 488 Augetur
3375 422 3612 490 pretium

306 507 512 564 solere.

377 602 469 656 59.
512 599 678 658 Aravi
705 641 718 667 ,
749 602 959 673 inquit,
987 600 1287 657 studiosius
1307 641 1322 667 ,
1351 599 1567 655 uberius
1604 598 1865 656 seminavi
1891 639 1907 667 ,

305 691 627 762 diligentius
660 693 872 748 excolui
895 734 910 759 ,
941 693 1116 750 bonos
1152 692 1344 763 collegi
1391 700 1688 764 proventus
1716 733 1732 758 ,
1760 691 1911 748 solli-

306 783 471 838 citius
522 783 845 851 recondidi,
894 784 1104 840 servavi
1149 783 1414 852 ﬁdeliter,
1458 783 1690 855 provide
1728 792 1911 838 custo-

307 876 442 932 divi.
472 874 627 931 Nunc
656 877 707 931 in
739 885 982 946 tempore
1012 875 1174 933 famis
1197 885 1222 914 ⁸
1251 876 1426 934 vendo
1448 917 1465 944 ,
1495 876 1761 933 subvenio
1785 891 1911 932 esu—

314 969 590 1026 rientibus
634 988 648 1024 :
704 970 881 1026 vendo
938 969 1266 1026 frumentum
1319 986 1425 1026 non
1482 971 1759 1037 alienum,
1812 968 1908 1025 sed

309 1079 528 1129 meum;
563 1078 671 1119 non
713 1064 880 1141 pluris
917 1079 1080 1135 quam
1120 1063 1304 1122 caeteri
1330 1104 1346 1130 ,
1393 1065 1557 1118 immo
1597 1064 1764 1119 etiam
1809 1061 1908 1118 mi-

309 1160 426 1213 nori
457 1159 655 1228 pretio.
686 1156 824 1224 Quid
870 1156 955 1212 hic
986 1156 1160 1212 fraudi
1188 1166 1272 1212 est
1296 1201 1310 1224 ,
1352 1173 1474 1212 cum
1505 1157 1660 1212 multi
1689 1163 1914 1227 possent

310 1250 641 1322 periclitari,
670 1250 715 1304 si
744 1265 847 1304 non
881 1249 1148 1306 haberent
1172 1249 1313 1319 quod
1346 1250 1633 1308 emerent?
1662 1248 1799 1306 Num
1828 1249 1912 1304 in-

306 1344 516 1398 dustria
567 1345 618 1398 in
667 1344 874 1400 crimen
919 1343 1190 1400 vocatur?
1230 1343 1368 1399 Num
1397 1345 1675 1414 diligentia
1723 1359 1912 1416 repre-

309 1436 607 1498 benditur?
647 1436 783 1494 Num
841 1437 1180 1508 providentia
1230 1437 1609 1509 vituperatur?
1655 1437 1912 1496 Fortasse

311 1528 495 1584 dicat:
530 1528 594 1585 Et
622 1528 825 1599 Joseph
862 1531 1021 1603 us
1051 1531 1314 1586 frumenta
1351 1531 1401 1584 in
1439 1529 1769 1586 abundantia
1801 1529 1914 1586 cub-

322 1624 448 1694 lcgit
477 1665 494 1692 ,
540 1625 596 1679 in
639 1623 904 1685 charitate
952 1622 1214 1680 vendidit.
1262 1623 1398 1680 Num
1449 1624 1665 1680 citarius
1717 1624 1914 1695 aliquis

315 1733 504 1774 emere
551 1718 934 1789 compellitur?
986 1717 1122 1774 Num
1170 1719 1248 1774 vis
1305 1718 1591 1775 adhibetur
1634 1719 1912 1790 emptori?

2016 514 2289 577 tamquam
2326 517 2476 564 sorte
2510 508 2843 563 cumulatum
2888 507 3095 566 fenoris
3117 551 3134 577 ,
3162 526 3271 581 quo
3313 513 3614 581 periculum

2012 598 2208 668 capitis
2251 608 2556 654 acervatur.
2589 599 2708 657 Tibi
2741 601 2972 656 conditte
3003 601 3170 673 frugis
3218 604 3614 675 multiplicatur

2013 706 2176 748 usura
2203 709 2216 745 :
2244 702 2298 746 tu
2329 691 2658 748 frumentum
2683 695 2838 765 quasi
2866 695 3140 752 fenerator
3164 698 3434 762 occultas,
3461 697 3613 768 quasi

2012 787 2270 841 venditor
2292 786 2647 842 anctionaris.
2673 787 2810 854 Quid
2838 789 3154 857 imprecaris
3177 791 3316 845 male
3337 790 3615 858 omnibus,

2011 879 2139 944 quia
2169 879 2344 949 major
2373 880 2548 934 futura
2592 879 2662 935 sit
2694 881 2896 946 fames,
2925 882 3076 950 quasi
3110 882 3240 936 nihil
3271 881 3485 954 frugum
3518 898 3615 938 su-

2014 972 2221 1043 persit,
2259 974 2413 1043 quasi
2454 973 2794 1030 infecundior
2823 990 2998 1031 annus
3035 976 3334 1047 sequatur?
3377 977 3613 1034 Lucrum

2013 1076 2162 1122 tuum
2193 1066 2448 1123 damnum
2481 1069 2758 1138 publicum
2790 1080 2892 1125 est.

2083 1157 2172 1215 42.
2215 1159 2420 1231 Josepb
2462 1170 2683 1216 sanctus
2713 1162 2964 1216 omnibus
2994 1162 3207 1231 aperuit
3243 1162 3436 1218 horrea
3459 1205 3474 1230 ,
3505 1179 3616 1220 non

2012 1252 2248 1309 clausit:
2287 1269 2388 1309 nec
2434 1255 2604 1324 pretia
2642 1256 2883 1324 captavit
2920 1270 3188 1319 annuum,
3233 1255 3328 1310 sed
3373 1271 3618 1326 perenne

2012 1345 2320 1402 subsidium
2351 1346 2818 1402 collocavitznibil
2842 1348 2943 1403 sibi
2976 1347 3399 1418 acquisivit,sed
3426 1365 3619 1420 quem-

2013 1438 2308 1494 admodum
2383 1437 2556 1495 fames
2615 1439 2781 1495 etiam
2833 1439 2886 1495 in
2941 1450 3217 1511 posterum
3267 1440 3616 1509 vinceretur,

2015 1532 2247 1605 provida
2276 1532 2624 1590 ordinatione
2650 1533 2920 1602 disposuit
2951 1532 3112 1605 (Gen.
3141 1549 3228 1590 xu
3248 1575 3262 1597 ,
3293 1534 3405 1605 56).

2087 1627 2181 1684 45.
2221 1627 2422 1697 Legisti
2452 1626 2912 1698 quemadmodum
2964 1626 3110 1682 hunc
3133 1636 3171 1676 εν
3201 1627 3620 1686 frumentarium

2015 1723 2173 1794 pretii
2200 1732 2536 1793 captatorem
2561 1731 2800 1794 exponat
2831 1724 2883 1778 in
2915 1720 3210 1792 Evangelio
3240 1721 3499 1776 Dominus
3527 1724 3620 1778 Je-

311 1810 573 1870 Omnibus
601 1811 845 1872 defer-tur
884 1811 1100 1870 emendi
1126 1813 1312 1884 cepia,
1343 1812 1479 1868 nulli
1515 1813 1786 1885 irrogatur
1829 1813 1909 1868 iu-
1940 1809 1989 1871 B
2016 1833 2146 1883 sus,
2175 1817 2332 1887 cujus
2374 1817 2650 1886 possessio
2693 1817 2890 1872 divites
2930 1814 3141 1871 fructus
3185 1815 3402 1883 attulit,
3437 1824 3491 1871 et
3530 1816 3622 1871 ille

305 1920 473 1975 tuna.

389 2003 480 2060 40.
526 2001 622 2064 Bis
667 2001 830 2074 igitur
873 2010 1136 2074 quantum
1180 2002 1444 2073 cujusque
1489 2003 1592 2059 fert
1639 2003 1912 2075 ingenium

310 2099 598 2170 disputatis
625 2139 640 2164 ,
687 2096 933 2168 exsurgit
977 2096 1117 2158 alius
1142 2138 1157 2162 ,
1208 2096 1396 2152 dicens
1438 2115 1453 2152 ι
1505 2097 1653 2154 Bona
1696 2097 1913 2168 quidem

315 2191 647 2266 agricultura
672 2234 688 2260 ,
729 2207 851 2264 quae
899 2192 1109 2248 fructus
1148 2193 1420 2248 ministrat
1460 2192 1749 2258 omnibus,
1795 2208 1916 2262 qua

319 2289 553 2361 simplici
602 2287 866 2352 industria
925 2287 1232 2344 accumulat
1287 2297 1555 2344 terrarum
1611 2285 1914 2344 fecundita-

314 2394 422 2447 tem
450 2425 466 2449 ,
518 2382 651 2440 nihil
697 2382 831 2448 doli,
879 2381 1014 2437 nihil
1065 2381 1240 2437 fraudi
1285 2381 1639 2438 interserens.
1675 2382 1918 2452 Denique

310 2481 355 2534 si
399 2477 530 2550 quid
564 2477 676 2538 vitii
716 2477 873 2532 inerit
899 2517 912 2543 ,
950 2476 1067 2546 plus
1094 2475 1356 2545 dispendii
1385 2484 1506 2542 est;
1538 2475 1662 2545 quia
1702 2475 1750 2531 si
1781 2475 1919 2534 bene

315 2571 513 2642 aliquis
541 2571 935 2635 seminaverit,
969 2569 1164 2626 melius
1192 2578 1396 2624 metet:
1427 2569 1474 2623 si
1507 2569 1780 2625 sincerum
1817 2571 1917 2624 tri-

315 2665 406 2723 tici
439 2679 671 2737 granum
709 2662 909 2720 severit
931 2703 944 2727 .
979 2663 1252 2734 puriorem
1282 2678 1346 2719 ac
1381 2663 1648 2719 sinceram
1684 2679 1916 2721 messem

312 2759 545 2832 colligit.
585 2750 838 2816 Fecunda
881 2765 1028 2814 terra
1069 2756 1480 2827 multiplicatum
1525 2757 1743 2824 reddit,
1775 2759 1918 2828 quod

312 2855 590 2925 acceperit
613 2872 627 2908 :
657 2853 831 2912 ﬁdelis
855 2868 984 2924 ager
1011 2853 1286 2909 feneratos
1313 2852 1454 2908 solet
1477 2853 1768 2911 restituere
1794 2868 1918 2926 pro-

313 2959 534 3007 ventus.

388 3044 480 3099 bi.
525 3042 602 3098 De
647 3040 914 3097 reditibus
961 3039 1123 3111 igitur
1156 3039 1334 3096 uberis
1377 3039 1552 3111 glebae
1598 3048 1920 3110 exspectaro

314 3138 483 3195 debes
515 3137 592 3202 tui
639 3135 947 3194 mercedem
991 3135 1194 3192 laboris
1220 3177 1236 3202 ,
1267 3135 1336 3192 de
1383 3135 1663 3191 fertilitate
1706 3135 1919 3206 pinguis

2015 1914 2172 1984 quasi
2202 1927 2370 1984 egens
2398 1911 2616 1968 dicebat
2647 1929 2659 1966 :
2709 1912 2850 1980 Quid
2879 1912 3114 1983 faciam?
3143 1909 3267 1966 Non
3311 1909 3472 1964 habeo
3521 1926 3624 1982 quo

2016 2022 2322 2079 congregem
2341 2046 2356 2070 ,
2389 2006 2656 2062 destruant
2684 2005 2870 2061 horrea
2893 2045 2908 2072 ,
2940 2015 2988 2062 et
3017 2009 3218 2079 majora
3250 2005 3440 2076 faciam
3468 2003 3622 2073 (Luc.

2018 2118 2124 2170 ιιι,
2151 2103 2249 2165 Π,
2280 2099 2403 2172 i8);
2436 2102 2594 2174 119
2615 2116 2736 2156 cum
2766 2101 2908 2157 scire
2935 2112 3044 2156 non
3076 2108 3294 2170 posset.
3327 2110 3506 2153 utrum
3539 2113 3624 2154 se-

2015 2192 2200 2264 quenti
2241 2204 2399 2248 nocte
2430 2194 2612 2248 anima
2640 2208 2737 2248 sua
2767 2194 2836 2249 ab
2880 2208 2947 2248 eo
2975 2203 3375 2263 reposeeretur.
3407 2190 3625 2246 Nescie-

2020 2286 2110 2341 bat
2145 2286 2274 2356 quid
2305 2285 2546 2343 faceret:
2576 2287 2730 2356 quasi
2758 2288 2806 2341 ei
2841 2286 3099 2340 alimenta
3129 2285 3420 2350 deessent,
3453 2285 3626 2339 barre-

2018 2381 2110 2436 bat
2136 2381 2408 2451 ambiguo.
2434 2380 2552 2437 Non
2576 2380 2868 2452 capiebant
2896 2381 3089 2435 horrea
3119 2393 3392 2434 attuonam
3413 2421 3427 2446 ,
3452 2388 3508 2435 et
3535 2379 3626 2435 ille

2019 2491 2081 2533 se
2105 2491 2269 2549 egere
2302 2476 2584 2532 credebat.

2090 2572 2182 2627 M.
2215 2571 2386 2628 Recte
2430 2571 2598 2642 igitur
2627 2569 2932 2626 Salomon:
2967 2569 3071 2636 Qui
3099 2569 3365 2635 continet,
3411 2568 3626 2640 inquit,

2023 2668 2336 2738 frumentum
2360 2704 2376 2732 ,
2409 2666 2662 2737 relinquet
2689 2663 2826 2718 illud
2856 2662 3148 2717 nationibus
3179 2661 3363 2734 (Prov.
3388 2676 3441 2716 xt
3461 2702 3474 2726 ,
3499 2659 3628 2732 26),

2022 2777 2130 2816 non
2163 2759 2507 2825 bzcredibus,
2539 2760 2799 2830 quoniam
2830 2759 3072 2814 avaritiae
3101 2759 3531 2814 emolumentum
3560 2757 3629 2812 ad

2020 2869 2404 2912 successorum
2449 2856 2569 2925 jura
2603 2868 2712 2910 non
2745 2854 3012 2925 pervenit.
3043 2851 3200 2920 Quod
3232 2865 3339 2906 non
3389 2851 3632 2922 legitime

2021 2950 2365 3020 acquiritur,
2409 2951 2563 3021 quasi
2607 2951 2782 3004 ventis
2827 2946 3149 3018 quibusdam
3177 2987 3193 3013 ,
3237 2947 3306 2999 ita
3355 2945 3633 3001 extraneis

2021 3042 2406 3113 diripientibus
2432 3041 2754 3111 dissipatur.
2791 3039 2858 3094 Et
2899 3037 3111 3094 addidit
3141 3053 3154 3090 ι
3191 3034 3422 3106 Captans
3463 3053 3630 3090 mmo-

2025 3152 2145 3190 nam
2172 3134 2479 3189 maled-ictus
2508 3135 2562 3187 in
2606 3133 2750 3202 plebe
2777 3141 2892 3188 est:
2926 3130 2942 3169 ί
2975 3129 3259 3185 benedictio
3301 3137 3472 3181 autem
3516 3131 3630 3200 ejus

315 3234 418 3289 soli
445 3233 592 3302 justa
621 3247 842 3302 sperare
859 3229 1202 3302 compendia.
1231 3229 1258 3270 δ
1281 3228 1389 3286 Cur
1414 3230 1481 3285 ad
1513 3229 1756 3288 fraudem
1787 3205 1918 3287 con-
1946 3205 1991 3270 C
2022 3229 2112 3300 qui
2158 3227 2434 3300 participat
2479 3224 2541 3298 (1
2552 3225 2706 3291 bitt}.
2745 3225 2906 3279 Vides
2943 3238 3073 3294 ergo
3117 3221 3263 3291 qttod
3310 3221 3626 3291 largitorem

315 3334 492 3386 vertis
519 3338 540 3366 ε
576 3336 785 3382 natura:
828 3325 1194 3382 industriam?
1219 3322 1326 3379 Cur
1354 3321 1792 3380 invides'usibus
1824 3324 1922 3380 bo-

317 3423 525 3478 minum
553 3418 579 3456 ά
617 3420 860 3490 publicus
894 3417 1113 3488 partus?
1137 3417 1250 3472 Cur
1281 3415 1499 3487 populis
1528 3415 1727 3471 minuis
1750 3414 1921 3471 abun—

315 3514 607 3570 dantiam?
638 3511 747 3568 Cur
776 3509 1000 3566 affectas
1051 3508 1333 3576 inopiam?
1369 3505 1479 3563 Cur
1517 3507 1696 3578 optari
1731 3507 1861 3562 facis
1890 3522 1920 3561 a

318 3607 655 3678 pauperibus
702 3602 1086 3660 sterilitatem?
1130 3601 1266 3658 Cum
1319 3604 1464 3656 enim
1522 3616 1630 3656 non
1678 3601 1923 3657 sentiunt

326 3702 595 3759 beneficia
641 3698 1023 3764 fecunditatis,
1067 3706 1119 3754 te
1163 3695 1510 3759 auctionanto
1550 3695 1782 3766 pretium
1809 3739 1825 3761 ,
1872 3706 1923 3751 te

317 3793 594 3849 candente
647 3790 1024 3855 frumentum,
1074 3796 1264 3858 nptant
1315 3787 1491 3858 potius
1543 3787 1674 3842 nihil
1731 3787 1920 3854 nasci,

317 3901 482 3958 quam
512 3893 564 3939 te
591 3883 658 3938 de
709 3881 850 3938 fame
879 3880 1093 3952 publica
1133 3880 1418 3951 negotiari.
1451 3880 1640 3936 Arabis
1683 3879 1924 3936 frumcn-

321 3989 501 4035 torum
550 3977 897 4048 indigentiam
919 4017 935 4042 ,
965 3975 1346 4030 alimentorum
1377 3974 1658 4045 penuriam
1681 4017 1694 4041 ,
1727 3975 1926 4030 uberes

320 4072 427 4129 soli
469 4080 656 4143 partus
706 4069 1053 4139 ingemiscis,
1097 4067 1195 4124 lies
1236 4069 1504 4140 publicam
1551 4067 1923 4137 fertilitatem,

324 4167 518 4222 horrea
546 4165 761 4235 frugum
791 4163 947 4234 plena
973 4162 1227 4233 deploras
1244 4203 1258 4228 ,
1290 4163 1546 4232 exploras
1567 4162 1788 4233 quando
1815 4170 1926 4218 ste-

323 4260 478 4316 rilior
524 4268 824 4330 proventus
855 4257 964 4324 sit,
1009 4256 1226 4328 quando
1273 4251 1472 4312 exilior
1522 4263 1728 4327 partus.
1775 4253 1925 4326 Votis

325 4351 432 4410 tuis
463 4351 670 4424 gaudes
699 4350 947 4406 arrisisse
986 4345 1332 4406 maledictum
1357 4390 1371 4415 ,
1405 4360 1464 4405 ut
1509 4349 1646 4406 nihil
1675 4351 1924 4421 cuiquam

327 4454 668 4502 nasceretur.
693 4441 844 4498 Tunc
866 4458 1098 4498 messem
1126 4451 1274 4497 tuam
1303 4441 1518 4498 venisse
1540 4443 1764 4510 laztaris,
1801 4453 1928 4500 tunc

328 4538 422 4593 tibi
463 4538 533 4593 de
563 4535 806 4591 omnium
841 4535 1058 4590 miseria
1087 4534 1339 4606 congeris
1381 4549 1552 4604 opes:
1589 4541 1644 4590 et
1689 4534 1828 4591 hanc
1869 4543 1924 4590 tu

329 4627 653 4688 industriam
684 4642 844 4685 vocas
867 4669 882 4696 ,
916 4625 1054 4686 hanc
1098 4621 1429 4699 diligentiam
1478 4628 1728 4690 nominas
1751 4671 1768 4699 ,
1804 4645 1926 4702 quae

327 4725 640 4783 calliditatis
668 4725 939 4793 versutia,
968 4740 1088 4794 qua:
1126 4724 1324 4779 astutia
1351 4722 1557 4779 fraudis
1585 4736 1708 4792 est;
1736 4736 1788 4780 et
1822 4725 1926 4782 hoc

331 4833 385 4878 ιιι
426 4821 732 4880 remedium
779 4832 946 4875 vocas
972 4860 986 4886 ,
1017 4819 1158 4890 quod
1200 4825 1284 4874 est
1321 4825 1688 4875 commentum
1735 4821 1926 4896 nequi-

331 4921 435 4976 tim.
465 4915 832 4982 Latrocinium
864 4914 995 4980 hoc,
1019 4929 1085 4969 an
1117 4914 1274 4971 fenus
1294 4914 1599 4985 appellem?
1627 4914 1926 4991 Capiuntur

332 5026 601 5086 tamquam
646 5008 915 5066 latrocinii
949 5016 1234 5077 tempora,
1261 5007 1460 5080 quibus
1500 5009 1552 5064 in
1592 5011 1799 5066 viscera
1831 5015 1930 5067 bo.

403 5141 428 5172 ι
469 5133 627 5190 Rom.
651 5127 783 5185 edit.
813 5127 936 5184 inde
959 5138 1290 5198 expunxerat
1316 5129 1538 5184 verbum
1562 5173 1574 5196 ,
1598 5129 1759 5186 vendo
1783 5147 1801 5186 :
1826 5125 1921 5194 sed

332 5222 451 5266 cum
483 5206 718 5272 aliarum
745 5210 798 5256 et
829 5216 959 5272 mss.
991 5201 1483 5272 orunium‘injuria.

404 5265 573 5333 hCic.
603 5265 706 5331 lib.
736 5285 792 5326 Ill
823 5271 980 5326 Ollic.
1003 5313 1020 5336 ,
1051 5288 1170 5342 pag.
1195 5265 1338 5339 394,
1368 5274 1462 5328 lin.
1495 5274 1555 5330 5i
1595 5292 1606 5328 :
1642 5271 1705 5331 Si
1729 5271 1805 5330 vir
1835 5273 1924 5330 bo-

336 5365 429 5406 nus
454 5346 774 5404 Alexandria
801 5342 1044 5407 Rhodum
1070 5361 1313 5416 magnum
1345 5345 1588 5414 frumenti
1611 5389 1623 5409 ,
1654 5356 1758 5401 etc.

411 5432 430 5460 ο
469 5419 614 5477 Edit.
642 5433 707 5471 ac
735 5432 866 5471 mss.
900 5416 1145 5472 nonnulli
1165 5459 1178 5482 ,
1214 5425 1416 5472 natura:
1444 5419 1748 5472 industriam
1776 5428 1822 5472 et
1846 5417 1927 5474 in-

339 5493 674 5562 duigentiam.

409 5551 590 5620 δ’Μεδ.
619 5559 828 5634 aliquot
856 5553 944 5614 hic
975 5566 1029 5616 et
1055 5558 1191 5618 infra
1217 5576 1322 5616 non
1354 5568 1564 5634 partus,
1587 5553 1687 5634 sed
1719 5568 1934 5634 pastus,

340 5639 602 5692 scribunt.
639 5633 841 5687 lterum
875 5647 1004 5686 vero
1039 5637 1160 5702 post
1201 5647 1368 5701 pauca
1402 5631 1641 5686 nonnulli
1671 5631 1794 5687 eod.
1836 5631 1937 5702 ita-

343 5708 466 5762 bent
487 5749 502 5776 ,
532 5716 579 5762 te
604 5702 965 5772 auctionants,
990 5695 1274 5777 et'pmpler
1295 5703 1515 5777 pretium
1554 5701 1803 5760 candente
1823 5695 1939 5773 fru-

344 5787 564 5833 mentum
574 5819 586 5831 .

425 5859 444 5888 ε
473 5851 688 5918 Erastn.
723 5855 779 5904 et
818 5861 934 5922 seq.
965 5849 1095 5908 edit.
1116 5894 1130 5920 ,
1161 5851 1490 5932 frumentarii
1518 5851 1668 5926 pretii
1694 5865 1938 5922 agrorum

2027 3321 2286 3378 frumenti
2326 3336 2448 3376 esse
2495 3321 2722 3387 deceat,
2756 3335 2861 3374 non
2914 3319 3071 3388 pretii
3118 3325 3477 3386 captatorem.
3509 3315 3627 3370 Non

2021 3425 2107 3472 est
2135 3415 2295 3484 igitur
2323 3415 2423 3469 ista
2457 3413 2696 3477 utilitas,
2731 3413 2782 3466 iu
2811 3427 2914 3482 qua
2949 3412 3064 3482 plus
3091 3409 3366 3465 honestati
3388 3406 3628 3464 detrahi-

2025 3521 2145 3576 tur,
2177 3525 2340 3580 quam
2370 3507 2586 3565 utilitati
2616 3507 2952 3576 adiungitur.

2635 3597 2868 3656 CAPUT
2910 3597 3020 3653 VII.

2027 3694 2340 3768 Peregrinos
2370 3703 2602 3763 tempore
2626 3693 2779 3764 [antis
2810 3707 2874 3746 ea:
2902 3689 3026 3745 urbe
3048 3690 3342 3760 neutiquam
3368 3689 3631 3757 expellen-

2096 3791 2209 3845 dos.
2242 3788 2520 3862 Egregium
2549 3788 2645 3842 hac
2674 3789 2726 3840 in
2768 3803 2823 3842 re
2869 3785 3139 3840 christiani
3176 3785 3311 3839 senis
3356 3785 3630 3838 consilium

2096 3890 2316 3949 refertur
2341 3901 2358 3938 :
2391 3885 2473 3937 cui
2498 3883 2778 3954 apponitur
2802 3881 3072 3954 indignum
3096 3881 3300 3950 [acinus
3330 3878 3512 3933 Roma
3535 3880 3632 3932 udo

2099 3981 2352 4043 missum;
2381 3995 2472 4032 nec
2515 3995 2618 4032 non
2649 3987 2868 4045 utroque
2899 3979 3032 4032 inter
3059 3993 3111 4029 se
3145 3986 3444 4045 comparato
3470 4019 3483 4042 ,
3517 3978 3628 4046 pri-

2099 4089 2239 4128 munt
2263 4089 2378 4126 cum
2403 4072 2664 4126 honestate
2690 4081 2844 4136 atque
2869 4071 3088 4124 utilitate
3110 4072 3442 4139 coniunctum
3472 4070 3632 4140 fuisse

2099 4164 2417 4230 ostenditur,
2446 4173 2594 4218 secus
2621 4177 2738 4218 vero
2765 4161 3064 4216 secundant.

2099 4259 2190 4318 ιδ.
2231 4256 2338 4317 Sed
2384 4267 2439 4315 et
2483 4255 2558 4314 illi
2591 4260 2680 4331 qui
2713 4257 3088 4331 Sfjperegrinos
3120 4258 3251 4314 urbe
3299 4255 3625 4330 prohibent,

2029 4370 2368 4428 nequaquam
2417 4353 2684 4425 probandi
2728 4371 2740 4406 :
2789 4353 3067 4422 expellere
3109 4367 3175 4408 eo
3221 4360 3466 4422 tempore
3514 4366 3623 4423 quo

2027 4450 2232 4506 debent
2273 4451 2466 4520 juvare
2491 4488 2504 4515 ,
2537 4461 2793 4514 separare
2832 4460 2861 4500 ιι
2892 4447 3238 4502 commerciis
3270 4443 3296 4482 ³·
3326 4447 3631 4504 communis

2032 4543 2270 4614 parentis
2296 4584 2310 4609 ,
2360 4539 2510 4598 fusos
2546 4540 2804 4596 omnibus
2848 4550 3031 4610 partus
3064 4555 3264 4610 negare
3291 4582 3304 4602 ,
3355 4537 3485 4594 inita
3517 4540 3627 4610 jam

1957 4605 2003 4666 ί)
2037 4631 2310 4694 eottsortia
2341 4635 2554 4692 vivendi
2604 4650 2966 4691 averruncare
2992 4652 3004 4687 :
3035 4649 3156 4689 cum
3197 4635 3394 4705 quibus
3432 4634 3636 4689 fuerint

2031 4731 2342 4788 communia
2370 4724 2492 4800 jura
2519 4769 2532 4794 ,
2561 4742 2683 4783 eum
2714 4728 2799 4782 his
2839 4728 2986 4782 nolle
3028 4729 3079 4782 in
3117 4735 3362 4798 tempore
3392 4725 3633 4783 necessi-

2033 4824 2160 4880 tatis
2191 4807 2431 4914 subsitlia
2467 4821 2676 4892 partiri.
2709 4820 2864 4875 Ferae
2895 4835 3000 4874 non
3040 4820 3319 4892 expellunt
3362 4818 3540 4885 feras,
3579 4829 3633 4875 et

2037 4923 2198 4975 homo
2225 4913 2465 4984 excludit
2495 4913 2789 4970 hominem.
2823 4913 2960 4969 Fere
2988 4930 3048 4967 ac
3076 4915 3264 4970 bestia:
3291 4927 3632 4969 communem

2037 5020 2228 5084 putant
2253 5009 2506 5066 omnibus
2532 5005 2733 5061 victum
2757 5045 2775 5072 ,
2805 5020 2966 5078 quem
3011 5015 3154 5062 terra
3196 5008 3486 5061 ministrat.
3528 5004 3635 5060 Illze

2029 5145 2302 5186 reservari.

2108 5199 2126 5240 ί
2160 5204 2362 5257 Omnes
2389 5197 2519 5254 edit.
2546 5213 2609 5253 ac
2635 5197 2787 5267 pauci
2815 5209 2980 5267 mss_.,
3013 5194 3298 5249 benedictio
3324 5201 3492 5267 autem
3517 5193 3633 5267 eius

2031 5275 2086 5328 in
2116 5273 2304 5340 capite.
2342 5271 2465 5325 Era.
2491 5281 2546 5326 et
2574 5265 2690 5340 seq.
2717 5268 2883 5340 cdit._,
2917 5265 2968 5319 in
3001 5269 3170 5338 capite
3198 5267 3309 5331 eius
3338 5265 3425 5335 qui
3471 5265 3634 5340 parti-

2035 5335 2190 5415 cipat:
2223 5344 2374 5411 Qum~
2403 5344 2562 5415 lectio
2608 5335 2731 5398 cum
2780 5337 2996 5415 heber
3055 5335 3200 5415 textu
3248 5346 3300 5390 ct
3349 5335 3634 5415 tur-recipitis

2037 5406 2378 5472 versionibus
2410 5413 2678 5483 quadrat:
2713 5407 3073 5476 antiquiSsimi
3123 5416 3301 5483 tamen
3331 5406 3485 5483 _cod._
3509 5423 3630 5483 cum

2040 5487 2299 5558 Paraphr.
2343 5477 2828 5558 Chald._omittunt
2858 5492 3081 5558 vocem,
3126 5479 3178 5531 in
3223 5477 3429 5545 capite,
3473 5477 3634 5546 idque

2038 5561 2157 5618 sine
2179 5549 2297 5614 Iullo
2328 5555 2614 5629 sententia:
2640 5549 3007 5629 incommodo.
3067 5618 3098 5629 η

2112 5643 2136 5681 s
2168 5633 2279 5686 Cic.
2315 5630 2407 5684 lib.
2437 5646 2493 5684 ιιι
2521 5627 2676 5682 Ollic.
2703 5666 2716 5689 ,
2750 5639 2867 5698 pag.
2894 5617 3028 5698 Sibi.
3067 5618 3161 5671 lin.
3190 5618 3223 5674 6
3253 5639 3264 5672 :
3300 5619 3440 5675 Mala
3478 5621 3634 5680 etiam

2039 5705 2127 5775 qui
2159 5699 2452 5773 peregrinos
2483 5699 2694 5775 urbibus
2726 5689 3124 5775 utiproltibcnt,
3149 5701 3255 5746 etc.

2112 5773 2138 5813 ιι
2159 5762 2300 5840 ’Μεεξ
2326 5789 2431 5828 non
2463 5771 2646 5840 pauci,
2674 5782 2774 5822 nec
2796 5762 2996 5840 intima:
3017 5771 3518 5840 notaa,_co_mmun_es
3543 5782 3640 5840 pa.

2039 5827 2414 5914 rentes—illaut!
2447 5827 2519 5903 i'ta
2549 5827 2730 5908 male;
2763 5845 2819 5891 ut
2851 5827 3118 5898 referatur
3147 5827 3215 5896 ad
3249 5838 3300 5894 id
3331 5837 3474 5916 quod
3499 5827 3640 5898 infra
