  <div class='ocr_page' id='page_1' title='image "/cluster/home/n/w/nwhite01/storage/ocr_20150623/16/hvd.32044015471998/085.png"; bbox 0 0 4078 6306; ppageno 0'>
   <div class='ocr_carea' id='block_1_1' title="bbox 406 228 510 287">
    <p class='ocr_par' dir='ltr' id='par_1_1' title="bbox 406 228 510 287">
     <span class='ocr_line' id='line_1_1' title="bbox 406 228 510 287; baseline -0.029 -1"><span class='ocrx_word' id='word_1_1' title='bbox 406 228 510 287; x_wconf 71' lang='grc'><strong>159</strong></span> 
     </span>
    </p>
   </div>
   <div class='ocr_carea' id='block_1_2' title="bbox 1770 219 2371 280">
    <p class='ocr_par' dir='ltr' id='par_1_2' title="bbox 1770 219 2371 280">
     <span class='ocr_line' id='line_1_2' title="bbox 1770 219 2371 280; baseline 0.002 -4"><span class='ocrx_word' id='word_1_2' title='bbox 1770 220 1852 277; x_wconf 78' lang='lat' dir='ltr'><strong>SA</strong></span> <span class='ocrx_word' id='word_1_3' title='bbox 1861 219 2017 278; x_wconf 88' lang='lat' dir='ltr'><strong>NCTl</strong></span> <span class='ocrx_word' id='word_1_4' title='bbox 2052 219 2371 280; x_wconf 73' lang='lat' dir='ltr'><strong>AMBROSII</strong></span> 
     </span>
    </p>
   </div>
   <div class='ocr_carea' id='block_1_3' title="bbox 3602 226 3731 286">
    <p class='ocr_par' dir='ltr' id='par_1_3' title="bbox 3602 226 3731 286">
     <span class='ocr_line' id='line_1_3' title="bbox 3602 226 3731 286; baseline 0.023 -3"><span class='ocrx_word' id='word_1_5' title='bbox 3602 226 3731 286; x_wconf 79' lang='lat' dir='ltr'><strong>t60</strong></span> 
     </span>
    </p>
   </div>
   <div class='ocr_carea' id='block_1_4' title="bbox 399 334 3728 411">
    <p class='ocr_par' dir='ltr' id='par_1_4' title="bbox 399 334 3728 411">
     <span class='ocr_line' id='line_1_4' title="bbox 399 334 3728 411; baseline -0.001 -10"><span class='ocrx_word' id='word_1_6' title='bbox 399 342 570 401; x_wconf 89' lang='lat' dir='ltr'><strong>etiam</strong></span> <span class='ocrx_word' id='word_1_7' title='bbox 609 338 954 398; x_wconf 80' lang='lat' dir='ltr'><strong>conformem</strong></span> <span class='ocrx_word' id='word_1_8' title='bbox 996 337 1084 397; x_wconf 89' lang='lat' dir='ltr'><strong>sui</strong></span> <span class='ocrx_word' id='word_1_9' title='bbox 1127 337 1347 411; x_wconf 76' lang='lat' dir='ltr'><strong>generis</strong></span> <span class='ocrx_word' id='word_1_10' title='bbox 1386 336 1683 409; x_wconf 87' lang='lat' dir='ltr'><strong>adjuvant,</strong></span> <span class='ocrx_word' id='word_1_11' title='bbox 1714 334 1878 394; x_wconf 90' lang='lat' dir='ltr'><strong>homo</strong></span> <span class='ocrx_word' id='word_1_12' title='bbox 1907 336 2013 392; x_wconf 89' lang='lat' dir='ltr'><strong>im-</strong></span> <span class='ocrx_word' id='word_1_13' title='bbox 2041 337 2096 400; x_wconf 79' lang='grc' dir='ltr'>Α</span> <span class='ocrx_word' id='word_1_14' title='bbox 2188 338 2279 396; x_wconf 76' lang='grc'><strong>48.</strong></span> <span class='ocrx_word' id='word_1_15' title='bbox 2319 337 2459 409; x_wconf 98' lang='lat' dir='ltr'><strong>Quid</strong></span> <span class='ocrx_word' id='word_1_16' title='bbox 2498 338 2698 410; x_wconf 81' lang='lat' dir='ltr'><strong>plura?</strong></span> <span class='ocrx_word' id='word_1_17' title='bbox 2726 339 2941 396; x_wconf 88' lang='lat' dir='ltr'><strong>Collan</strong></span> <span class='ocrx_word' id='word_1_18' title='bbox 2977 354 3114 397; x_wconf 89' lang='lat' dir='ltr'><strong>auro</strong></span> <span class='ocrx_word' id='word_1_19' title='bbox 3138 383 3154 409; x_wconf 93' lang='lat'><strong>,</strong></span> <span class='ocrx_word' id='word_1_20' title='bbox 3204 348 3393 398; x_wconf 87' lang='lat' dir='ltr'><strong>coacta</strong></span> <span class='ocrx_word' id='word_1_21' title='bbox 3437 341 3728 400; x_wconf 80' lang='lat' dir='ltr'><strong>frumenta</strong></span> 
     </span>
    </p>
   </div>
   <div class='ocr_carea' id='block_1_5' title="bbox 396 431 2011 511">
    <p class='ocr_par' dir='ltr' id='par_1_5' title="bbox 396 431 2011 511">
     <span class='ocr_line' id='line_1_5' title="bbox 396 431 2011 511; baseline -0.002 -17"><span class='ocrx_word' id='word_1_22' title='bbox 396 445 605 511; x_wconf 87' lang='lat' dir='ltr'><strong>pugnat</strong></span> <span class='ocrx_word' id='word_1_23' title='bbox 627 479 642 502; x_wconf 91' lang='lat'><strong>,</strong></span> <span class='ocrx_word' id='word_1_24' title='bbox 674 436 767 508; x_wconf 85' lang='lat' dir='ltr'><strong>qui</strong></span> <span class='ocrx_word' id='word_1_25' title='bbox 815 433 957 491; x_wconf 83' lang='lat' dir='ltr'><strong>nihil</strong></span> <span class='ocrx_word' id='word_1_26' title='bbox 984 448 1018 489; x_wconf 93' lang='lat' dir='ltr'><strong>a</strong></span> <span class='ocrx_word' id='word_1_27' title='bbox 1044 447 1105 492; x_wconf 92' lang='lat' dir='ltr'><strong>se</strong></span> <span class='ocrx_word' id='word_1_28' title='bbox 1133 434 1372 491; x_wconf 86' lang='lat' dir='ltr'><strong>alienum</strong></span> <span class='ocrx_word' id='word_1_29' title='bbox 1403 432 1567 491; x_wconf 90' lang='lat' dir='ltr'><strong>debet</strong></span> <span class='ocrx_word' id='word_1_30' title='bbox 1595 432 1826 491; x_wconf 85' lang='lat' dir='ltr'><strong>credere</strong></span> <span class='ocrx_word' id='word_1_31' title='bbox 1853 431 2011 506; x_wconf 87' lang='lat' dir='ltr'><strong>quid-</strong></span> 
     </span>
    </p>
   </div>
   <div class='ocr_carea' id='block_1_6' title="bbox 399 528 921 603">
    <p class='ocr_par' dir='ltr' id='par_1_6' title="bbox 399 528 921 603">
     <span class='ocr_line' id='line_1_6' title="bbox 399 528 921 603; baseline 0 -17"><span class='ocrx_word' id='word_1_32' title='bbox 399 530 531 603; x_wconf 84' lang='lat' dir='ltr'><strong>quid</strong></span> <span class='ocrx_word' id='word_1_33' title='bbox 559 528 788 586; x_wconf 78' lang='lat' dir='ltr'><strong>humani</strong></span> <span class='ocrx_word' id='word_1_34' title='bbox 817 536 921 587; x_wconf 90' lang='lat' dir='ltr'><strong>est.</strong></span> 
     </span>
    </p>
   </div>
   <div class='ocr_carea' id='block_1_7' title="bbox 473 622 2011 696">
    <p class='ocr_par' dir='ltr' id='par_1_7' title="bbox 473 622 2011 696">
     <span class='ocr_line' id='line_1_7' title="bbox 473 622 2011 696; baseline -0.003 -15"><span class='ocrx_word' id='word_1_35' title='bbox 473 626 567 683; x_wconf 70' lang='grc'><strong>46.</strong></span> <span class='ocrx_word' id='word_1_36' title='bbox 608 626 825 696; x_wconf 88' lang='lat' dir='ltr'><strong>Quanto</strong></span> <span class='ocrx_word' id='word_1_37' title='bbox 874 623 969 680; x_wconf 92' lang='lat' dir='ltr'><strong>ille</strong></span> <span class='ocrx_word' id='word_1_38' title='bbox 1012 622 1219 679; x_wconf 89' lang='lat' dir='ltr'><strong>rectius</strong></span> <span class='ocrx_word' id='word_1_39' title='bbox 1244 663 1259 688; x_wconf 91' lang='lat'><strong>,</strong></span> <span class='ocrx_word' id='word_1_40' title='bbox 1300 624 1390 694; x_wconf 91' lang='lat' dir='ltr'><strong>qui</strong></span> <span class='ocrx_word' id='word_1_41' title='bbox 1433 637 1556 679; x_wconf 89' lang='lat' dir='ltr'><strong>cum</strong></span> <span class='ocrx_word' id='word_1_42' title='bbox 1597 622 1709 694; x_wconf 85' lang='lat' dir='ltr'><strong>jam</strong></span> <span class='ocrx_word' id='word_1_43' title='bbox 1752 628 2011 691; x_wconf 89' lang='lat' dir='ltr'><strong>provecta</strong></span> 
     </span>
    </p>
   </div>
   <div class='ocr_carea' id='block_1_8' title="bbox 406 704 2014 795">
    <p class='ocr_par' dir='ltr' id='par_1_8' title="bbox 406 704 2014 795">
     <span class='ocr_line' id='line_1_8' title="bbox 406 704 2014 795; baseline -0.004 -17"><span class='ocrx_word' id='word_1_44' title='bbox 406 704 773 795; x_wconf 87' lang='lat' dir='ltr'><strong>processisset</strong></span> <span class='ocrx_word' id='word_1_45' title='bbox 804 727 970 775; x_wconf 69' lang='lat' dir='ltr'><strong>aetate</strong></span> <span class='ocrx_word' id='word_1_46' title='bbox 990 759 1006 785; x_wconf 92' lang='lat'><strong>,</strong></span> <span class='ocrx_word' id='word_1_47' title='bbox 1035 728 1094 774; x_wconf 89' lang='lat' dir='ltr'><strong>et</strong></span> <span class='ocrx_word' id='word_1_48' title='bbox 1129 717 1306 774; x_wconf 76' lang='lat' dir='ltr'><strong>tamen</strong></span> <span class='ocrx_word' id='word_1_49' title='bbox 1353 717 1619 774; x_wconf 75' lang='lat' dir='ltr'><strong>toleraret</strong></span> <span class='ocrx_word' id='word_1_50' title='bbox 1647 715 1844 773; x_wconf 92' lang='lat' dir='ltr'><strong>civitas</strong></span> <span class='ocrx_word' id='word_1_51' title='bbox 1868 757 1883 782; x_wconf 93' lang='lat'><strong>,</strong></span> <span class='ocrx_word' id='word_1_52' title='bbox 1930 726 2014 771; x_wconf 86' lang='lat' dir='ltr'><strong>at-</strong></span> 
     </span>
    </p>
   </div>
   <div class='ocr_carea' id='block_1_9' title="bbox 402 811 2013 890">
    <p class='ocr_par' dir='ltr' id='par_1_9' title="bbox 402 811 2013 890">
     <span class='ocr_line' id='line_1_9' title="bbox 402 811 2013 890; baseline -0.004 -17"><span class='ocrx_word' id='word_1_53' title='bbox 402 831 510 888; x_wconf 87' lang='lat' dir='ltr'><strong>que</strong></span> <span class='ocrx_word' id='word_1_54' title='bbox 535 815 696 890; x_wconf 91' lang='lat' dir='ltr'><strong>(utin</strong></span> <span class='ocrx_word' id='word_1_55' title='bbox 730 813 929 869; x_wconf 90' lang='lat' dir='ltr'><strong>talibus</strong></span> <span class='ocrx_word' id='word_1_56' title='bbox 954 812 1120 885; x_wconf 89' lang='lat' dir='ltr'><strong>solet)</strong></span> <span class='ocrx_word' id='word_1_57' title='bbox 1149 820 1402 883; x_wconf 90' lang='lat' dir='ltr'><strong>peterent</strong></span> <span class='ocrx_word' id='word_1_58' title='bbox 1422 812 1584 885; x_wconf 81' lang='lat' dir='ltr'><strong>vulgo</strong></span> <span class='ocrx_word' id='word_1_59' title='bbox 1620 820 1678 867; x_wconf 82' lang='grc' dir='ltr'><strong>ιιι</strong></span> <span class='ocrx_word' id='word_1_60' title='bbox 1735 811 2013 882; x_wconf 73' lang='lat' dir='ltr'><strong>peregrini</strong></span> 
     </span>
    </p>
   </div>
   <div class='ocr_carea' id='block_1_10' title="bbox 404 905 2011 978">
    <p class='ocr_par' dir='ltr' id='par_1_10' title="bbox 404 905 2011 978">
     <span class='ocr_line' id='line_1_10' title="bbox 404 905 2011 978; baseline -0.004 -12"><span class='ocrx_word' id='word_1_61' title='bbox 404 919 432 949; x_wconf 73' lang='grc' dir='ltr'><strong>ι</strong></span> <span class='ocrx_word' id='word_1_62' title='bbox 475 911 609 967; x_wconf 85' lang='lat' dir='ltr'><strong>urbe</strong></span> <span class='ocrx_word' id='word_1_63' title='bbox 655 908 1114 975; x_wconf 70' lang='lat' dir='ltr'><strong>prohiberentur,</strong></span> <span class='ocrx_word' id='word_1_64' title='bbox 1164 905 1503 978; x_wconf 68' lang='lat' dir='ltr'><strong>praefectura:</strong></span> <span class='ocrx_word' id='word_1_65' title='bbox 1553 905 1777 961; x_wconf 72' lang='lat' dir='ltr'><strong>urbana:</strong></span> <span class='ocrx_word' id='word_1_66' title='bbox 1822 919 2011 960; x_wconf 89' lang='lat' dir='ltr'><strong>curam</strong></span> 
     </span>
    </p>
   </div>
   <div class='ocr_carea' id='block_1_11' title="bbox 402 998 2012 1072">
    <p class='ocr_par' dir='ltr' id='par_1_11' title="bbox 402 998 2012 1072">
     <span class='ocr_line' id='line_1_11' title="bbox 402 998 2012 1072; baseline -0.006 -10"><span class='ocrx_word' id='word_1_67' title='bbox 402 1005 624 1062; x_wconf 73' lang='lat' dir='ltr'><strong>oteteris</strong></span> <span class='ocrx_word' id='word_1_68' title='bbox 672 1002 938 1072; x_wconf 85' lang='lat' dir='ltr'><strong>maiorem</strong></span> <span class='ocrx_word' id='word_1_69' title='bbox 985 1003 1295 1066; x_wconf 81' lang='lat' dir='ltr'><strong>sustinens,</strong></span> <span class='ocrx_word' id='word_1_70' title='bbox 1338 1000 1672 1055; x_wconf 86' lang='lat' dir='ltr'><strong>convocavit</strong></span> <span class='ocrx_word' id='word_1_71' title='bbox 1713 998 2012 1053; x_wconf 89' lang='lat' dir='ltr'><strong>honoratos</strong></span> 
     </span>
    </p>
   </div>
   <div class='ocr_carea' id='block_1_12' title="bbox 403 1092 2013 1167">
    <p class='ocr_par' dir='ltr' id='par_1_12' title="bbox 403 1092 2013 1167">
     <span class='ocr_line' id='line_1_12' title="bbox 403 1092 2013 1167; baseline -0.004 -12"><span class='ocrx_word' id='word_1_72' title='bbox 403 1106 459 1155; x_wconf 90' lang='lat' dir='ltr'><strong>et</strong></span> <span class='ocrx_word' id='word_1_73' title='bbox 491 1097 879 1164; x_wconf 79' lang='lat' dir='ltr'><strong>locupletiores</strong></span> <span class='ocrx_word' id='word_1_74' title='bbox 908 1095 1055 1151; x_wconf 86' lang='lat' dir='ltr'><strong>viros</strong></span> <span class='ocrx_word' id='word_1_75' title='bbox 1080 1137 1095 1159; x_wconf 85' lang='lat'><strong>,</strong></span> <span class='ocrx_word' id='word_1_76' title='bbox 1141 1096 1385 1167; x_wconf 84' lang='lat' dir='ltr'><strong>peposcit</strong></span> <span class='ocrx_word' id='word_1_77' title='bbox 1419 1104 1478 1149; x_wconf 92' lang='lat' dir='ltr'><strong>ut</strong></span> <span class='ocrx_word' id='word_1_78' title='bbox 1523 1094 1578 1149; x_wconf 89' lang='lat' dir='ltr'><strong>in</strong></span> <span class='ocrx_word' id='word_1_79' title='bbox 1609 1092 1849 1149; x_wconf 90' lang='lat' dir='ltr'><strong>medium</strong></span> <span class='ocrx_word' id='word_1_80' title='bbox 1880 1107 2013 1148; x_wconf 93' lang='lat' dir='ltr'><strong>con-</strong></span> 
     </span>
    </p>
   </div>
   <div class='ocr_carea' id='block_1_13' title="bbox 403 1188 2014 1260">
    <p class='ocr_par' dir='ltr' id='par_1_13' title="bbox 403 1188 2014 1260">
     <span class='ocr_line' id='line_1_13' title="bbox 403 1188 2014 1260; baseline -0.002 -13"><span class='ocrx_word' id='word_1_81' title='bbox 403 1191 691 1259; x_wconf 86' lang='lat' dir='ltr'><strong>sulerent,</strong></span> <span class='ocrx_word' id='word_1_82' title='bbox 724 1188 754 1230; x_wconf 75' lang='lat' dir='ltr'><strong>b</strong></span> <span class='ocrx_word' id='word_1_83' title='bbox 799 1189 988 1246; x_wconf 90' lang='lat' dir='ltr'><strong>dicens</strong></span> <span class='ocrx_word' id='word_1_84' title='bbox 1031 1204 1192 1260; x_wconf 90' lang='lat' dir='ltr'><strong>quam</strong></span> <span class='ocrx_word' id='word_1_85' title='bbox 1242 1188 1482 1247; x_wconf 84' lang='lat' dir='ltr'><strong>immane</strong></span> <span class='ocrx_word' id='word_1_86' title='bbox 1526 1201 1649 1245; x_wconf 87' lang='lat' dir='ltr'><strong>esse</strong></span> <span class='ocrx_word' id='word_1_87' title='bbox 1698 1188 2014 1259; x_wconf 90' lang='lat' dir='ltr'><strong>peregrinos</strong></span> 
     </span>
    </p>
   </div>
   <div class='ocr_carea' id='block_1_14' title="bbox 404 1282 2013 1358">
    <p class='ocr_par' dir='ltr' id='par_1_14' title="bbox 404 1282 2013 1358">
     <span class='ocr_line' id='line_1_14' title="bbox 404 1282 2013 1358; baseline -0.002 -16"><span class='ocrx_word' id='word_1_88' title='bbox 404 1285 528 1356; x_wconf 86' lang='lat' dir='ltr'><strong>eiici</strong></span> <span class='ocrx_word' id='word_1_89' title='bbox 555 1328 569 1351; x_wconf 91' lang='lat'><strong>,</strong></span> <span class='ocrx_word' id='word_1_90' title='bbox 609 1300 770 1358; x_wconf 91' lang='lat' dir='ltr'><strong>quam</strong></span> <span class='ocrx_word' id='word_1_91' title='bbox 813 1284 1086 1339; x_wconf 78' lang='lat' dir='ltr'><strong>hominem</strong></span> <span class='ocrx_word' id='word_1_92' title='bbox 1124 1284 1192 1339; x_wconf 92' lang='lat' dir='ltr'><strong>ab</strong></span> <span class='ocrx_word' id='word_1_93' title='bbox 1240 1282 1464 1338; x_wconf 87' lang='lat' dir='ltr'><strong>homine</strong></span> <span class='ocrx_word' id='word_1_94' title='bbox 1504 1282 1666 1351; x_wconf 82' lang='lat' dir='ltr'><strong>exui,</strong></span> <span class='ocrx_word' id='word_1_95' title='bbox 1699 1284 1790 1354; x_wconf 90' lang='lat' dir='ltr'><strong>qui</strong></span> <span class='ocrx_word' id='word_1_96' title='bbox 1830 1282 2013 1339; x_wconf 89' lang='lat' dir='ltr'><strong>cibum</strong></span> 
     </span>
    </p>
   </div>
   <div class='ocr_carea' id='block_1_15' title="bbox 407 1376 2015 1449">
    <p class='ocr_par' dir='ltr' id='par_1_15' title="bbox 407 1376 2015 1449">
     <span class='ocr_line' id='line_1_15' title="bbox 407 1376 2015 1449; baseline -0.002 -15"><span class='ocrx_word' id='word_1_97' title='bbox 407 1379 663 1435; x_wconf 88' lang='lat' dir='ltr'><strong>morienti</strong></span> <span class='ocrx_word' id='word_1_98' title='bbox 695 1388 936 1449; x_wconf 86' lang='lat' dir='ltr'><strong>negaret.</strong></span> <span class='ocrx_word' id='word_1_99' title='bbox 960 1376 1140 1432; x_wconf 84' lang='lat' dir='ltr'><strong>Canes</strong></span> <span class='ocrx_word' id='word_1_100' title='bbox 1163 1385 1291 1432; x_wconf 89' lang='lat' dir='ltr'><strong>ante</strong></span> <span class='ocrx_word' id='word_1_101' title='bbox 1322 1391 1568 1431; x_wconf 86' lang='lat' dir='ltr'><strong>mensam</strong></span> <span class='ocrx_word' id='word_1_102' title='bbox 1601 1376 1864 1448; x_wconf 84' lang='lat' dir='ltr'><strong>impastus</strong></span> <span class='ocrx_word' id='word_1_103' title='bbox 1891 1388 2015 1430; x_wconf 87' lang='lat' dir='ltr'><strong>esse</strong></span> 
     </span>
    </p>
   </div>
   <div class='ocr_carea' id='block_1_16' title="bbox 405 1468 2015 1541">
    <p class='ocr_par' dir='ltr' id='par_1_16' title="bbox 405 1468 2015 1541">
     <span class='ocr_line' id='line_1_16' title="bbox 405 1468 2015 1541; baseline -0.002 -15"><span class='ocrx_word' id='word_1_104' title='bbox 405 1486 519 1527; x_wconf 90' lang='lat' dir='ltr'><strong>non</strong></span> <span class='ocrx_word' id='word_1_105' title='bbox 553 1470 819 1541; x_wconf 77' lang='lat' dir='ltr'><strong>patimur,</strong></span> <span class='ocrx_word' id='word_1_106' title='bbox 847 1479 903 1527; x_wconf 92' lang='lat' dir='ltr'><strong>et</strong></span> <span class='ocrx_word' id='word_1_107' title='bbox 934 1470 1184 1526; x_wconf 83' lang='lat' dir='ltr'><strong>homines</strong></span> <span class='ocrx_word' id='word_1_108' title='bbox 1212 1468 1558 1526; x_wconf 82' lang='lat' dir='ltr'><strong>excludimus</strong></span> <span class='ocrx_word' id='word_1_109' title='bbox 1584 1486 1599 1524; x_wconf 86' lang='lat'><strong>:</strong></span> <span class='ocrx_word' id='word_1_110' title='bbox 1631 1484 1792 1538; x_wconf 83' lang='lat' dir='ltr'><strong>quam</strong></span> <span class='ocrx_word' id='word_1_111' title='bbox 1821 1468 2015 1524; x_wconf 83' lang='lat' dir='ltr'><strong>inutile</strong></span> 
     </span>
    </p>
   </div>
   <div class='ocr_carea' id='block_1_17' title="bbox 407 1552 2016 1636">
    <p class='ocr_par' dir='ltr' id='par_1_17' title="bbox 407 1552 2016 1636">
     <span class='ocr_line' id='line_1_17' title="bbox 407 1552 2016 1636; baseline -0.002 -18"><span class='ocrx_word' id='word_1_112' title='bbox 407 1577 624 1636; x_wconf 85' lang='lat' dir='ltr'><strong>quoque</strong></span> <span class='ocrx_word' id='word_1_113' title='bbox 656 1572 735 1618; x_wconf 90' lang='lat' dir='ltr'><strong>tot</strong></span> <span class='ocrx_word' id='word_1_114' title='bbox 783 1562 1018 1634; x_wconf 88' lang='lat' dir='ltr'><strong>populos</strong></span> <span class='ocrx_word' id='word_1_115' title='bbox 1047 1562 1251 1619; x_wconf 89' lang='lat' dir='ltr'><strong>mundo</strong></span> <span class='ocrx_word' id='word_1_116' title='bbox 1280 1562 1493 1633; x_wconf 88' lang='lat' dir='ltr'><strong>perire,</strong></span> <span class='ocrx_word' id='word_1_117' title='bbox 1525 1575 1668 1632; x_wconf 91' lang='lat' dir='ltr'><strong>quos</strong></span> <span class='ocrx_word' id='word_1_118' title='bbox 1694 1552 1810 1616; x_wconf 85' lang='lat' dir='ltr'><strong>dira</strong></span> <span class='ocrx_word' id='word_1_119' title='bbox 1844 1561 2016 1616; x_wconf 87' lang='lat' dir='ltr'><strong>conli-</strong></span> 
     </span>
    </p>
   </div>
   <div class='ocr_carea' id='block_1_18' title="bbox 408 1652 2013 1728">
    <p class='ocr_par' dir='ltr' id='par_1_18' title="bbox 408 1652 2013 1728">
     <span class='ocr_line' id='line_1_18' title="bbox 408 1652 2013 1728; baseline -0.002 -16"><span class='ocrx_word' id='word_1_120' title='bbox 408 1656 589 1712; x_wconf 88' lang='lat' dir='ltr'><strong>ciebat</strong></span> <span class='ocrx_word' id='word_1_121' title='bbox 614 1656 767 1712; x_wconf 88' lang='lat' dir='ltr'><strong>tabes</strong></span> <span class='ocrx_word' id='word_1_122' title='bbox 792 1674 805 1710; x_wconf 92' lang='lat'><strong>:</strong></span> <span class='ocrx_word' id='word_1_123' title='bbox 834 1663 1068 1728; x_wconf 84' lang='lat' dir='ltr'><strong>quantos</strong></span> <span class='ocrx_word' id='word_1_124' title='bbox 1096 1655 1214 1711; x_wconf 91' lang='lat' dir='ltr'><strong>urbi</strong></span> <span class='ocrx_word' id='word_1_125' title='bbox 1240 1670 1353 1710; x_wconf 66' lang='lat' dir='ltr'><strong>suat</strong></span> <span class='ocrx_word' id='word_1_126' title='bbox 1384 1654 1597 1725; x_wconf 88' lang='lat' dir='ltr'><strong>perire,</strong></span> <span class='ocrx_word' id='word_1_127' title='bbox 1633 1654 1726 1723; x_wconf 91' lang='lat' dir='ltr'><strong>qui</strong></span> <span class='ocrx_word' id='word_1_128' title='bbox 1770 1652 2013 1709; x_wconf 84' lang='lat' dir='ltr'><strong>solerent</strong></span> 
     </span>
    </p>
   </div>
   <div class='ocr_carea' id='block_1_19' title="bbox 2110 432 3734 509">
    <p class='ocr_par' dir='ltr' id='par_1_19' title="bbox 2110 432 3734 509">
     <span class='ocr_line' id='line_1_19' title="bbox 2110 432 3734 509; baseline 0.003 -21"><span class='ocrx_word' id='word_1_129' title='bbox 2110 441 2257 488; x_wconf 90' lang='lat' dir='ltr'><strong>sunt.</strong></span> <span class='ocrx_word' id='word_1_130' title='bbox 2290 432 2364 488; x_wconf 89' lang='lat' dir='ltr'><strong>lta</strong></span> <span class='ocrx_word' id='word_1_131' title='bbox 2395 448 2496 489; x_wconf 89' lang='lat' dir='ltr'><strong>nec</strong></span> <span class='ocrx_word' id='word_1_132' title='bbox 2520 432 2908 489; x_wconf 86' lang='lat' dir='ltr'><strong>abundantiam</strong></span> <span class='ocrx_word' id='word_1_133' title='bbox 2938 434 3088 489; x_wconf 83' lang='lat' dir='ltr'><strong>urbis</strong></span> <span class='ocrx_word' id='word_1_134' title='bbox 3117 433 3353 500; x_wconf 90' lang='lat' dir='ltr'><strong>minuit,</strong></span> <span class='ocrx_word' id='word_1_135' title='bbox 3380 445 3436 491; x_wconf 89' lang='lat' dir='ltr'><strong>et</strong></span> <span class='ocrx_word' id='word_1_136' title='bbox 3472 437 3734 509; x_wconf 80' lang='lat' dir='ltr'><strong>peregri-</strong></span> 
     </span>
    </p>
   </div>
   <div class='ocr_carea' id='block_1_20' title="bbox 2113 526 3733 598">
    <p class='ocr_par' dir='ltr' id='par_1_20' title="bbox 2113 526 3733 598">
     <span class='ocr_line' id='line_1_20' title="bbox 2113 526 3733 598; baseline 0.004 -17"><span class='ocrx_word' id='word_1_137' title='bbox 2113 526 2199 582; x_wconf 92' lang='lat' dir='ltr'><strong>nis</strong></span> <span class='ocrx_word' id='word_1_138' title='bbox 2224 526 2536 582; x_wconf 85' lang='lat' dir='ltr'><strong>alimoniam</strong></span> <span class='ocrx_word' id='word_1_139' title='bbox 2564 526 3016 584; x_wconf 59' lang='lat' dir='ltr'><strong>subministravit.</strong></span> <span class='ocrx_word' id='word_1_140' title='bbox 3046 528 3276 598; x_wconf 61' lang='lat' dir='ltr'><strong>Quantae</strong></span> <span class='ocrx_word' id='word_1_141' title='bbox 3304 527 3409 585; x_wconf 93' lang='lat' dir='ltr'><strong>hoc</strong></span> <span class='ocrx_word' id='word_1_142' title='bbox 3434 543 3733 586; x_wconf 85' lang='lat' dir='ltr'><strong>commen-</strong></span> 
     </span>
    </p>
   </div>
   <div class='ocr_carea' id='block_1_21' title="bbox 2110 618 3730 693">
    <p class='ocr_par' dir='ltr' id='par_1_21' title="bbox 2110 618 3730 693">
     <span class='ocr_line' id='line_1_21' title="bbox 2110 618 3730 693; baseline 0.001 -16"><span class='ocrx_word' id='word_1_143' title='bbox 2110 618 2347 677; x_wconf 78' lang='lat' dir='ltr'><strong>datiOuis</strong></span> <span class='ocrx_word' id='word_1_144' title='bbox 2386 620 2527 689; x_wconf 88' lang='lat' dir='ltr'><strong>apml</strong></span> <span class='ocrx_word' id='word_1_145' title='bbox 2575 620 2745 675; x_wconf 90' lang='lat' dir='ltr'><strong>Deum</strong></span> <span class='ocrx_word' id='word_1_146' title='bbox 2781 619 2884 675; x_wconf 76' lang='lat' dir='ltr'><strong>fuit</strong></span> <span class='ocrx_word' id='word_1_147' title='bbox 2912 621 3262 677; x_wconf 86' lang='lat' dir='ltr'><strong>sanctissimo</strong></span> <span class='ocrx_word' id='word_1_148' title='bbox 3300 620 3460 687; x_wconf 85' lang='lat' dir='ltr'><strong>seni,</strong></span> <span class='ocrx_word' id='word_1_149' title='bbox 3494 632 3730 693; x_wconf 67' lang='lat' dir='ltr'><strong>quanta:</strong></span> 
     </span>
    </p>
   </div>
   <div class='ocr_carea' id='block_1_22' title="bbox 2110 711 3724 787">
    <p class='ocr_par' dir='ltr' id='par_1_22' title="bbox 2110 711 3724 787">
     <span class='ocr_line' id='line_1_22' title="bbox 2110 711 3724 787; baseline 0.002 -19"><span class='ocrx_word' id='word_1_150' title='bbox 2110 712 2253 783; x_wconf 87' lang='lat' dir='ltr'><strong>apud</strong></span> <span class='ocrx_word' id='word_1_151' title='bbox 2292 711 2545 768; x_wconf 87' lang='lat' dir='ltr'><strong>homines</strong></span> <span class='ocrx_word' id='word_1_152' title='bbox 2572 713 2800 784; x_wconf 65' lang='lat' dir='ltr'><strong>gloria)!</strong></span> <span class='ocrx_word' id='word_1_153' title='bbox 2844 713 2940 770; x_wconf 85' lang='lat' dir='ltr'><strong>Hic</strong></span> <span class='ocrx_word' id='word_1_154' title='bbox 2987 729 3214 785; x_wconf 88' lang='lat' dir='ltr'><strong>magnus</strong></span> <span class='ocrx_word' id='word_1_155' title='bbox 3246 731 3376 772; x_wconf 84' lang='lat' dir='ltr'><strong>vere</strong></span> <span class='ocrx_word' id='word_1_156' title='bbox 3413 718 3678 787; x_wconf 86' lang='lat' dir='ltr'><strong>probatus</strong></span> <span class='ocrx_word' id='word_1_157' title='bbox 3702 759 3724 787; x_wconf 84' lang='lat'><strong>,</strong></span> 
     </span>
    </p>
   </div>
   <div class='ocr_carea' id='block_1_23' title="bbox 2113 804 3729 881">
    <p class='ocr_par' dir='ltr' id='par_1_23' title="bbox 2113 804 3729 881">
     <span class='ocr_line' id='line_1_23' title="bbox 2113 804 3729 881; baseline 0.007 -26"><span class='ocrx_word' id='word_1_158' title='bbox 2113 806 2202 875; x_wconf 87' lang='lat' dir='ltr'><strong>qui</strong></span> <span class='ocrx_word' id='word_1_159' title='bbox 2231 818 2364 860; x_wconf 85' lang='lat' dir='ltr'><strong>vere</strong></span> <span class='ocrx_word' id='word_1_160' title='bbox 2391 804 2566 873; x_wconf 89' lang='lat' dir='ltr'><strong>potuit</strong></span> <span class='ocrx_word' id='word_1_161' title='bbox 2593 804 2906 872; x_wconf 87' lang='lat' dir='ltr'><strong>imperatori</strong></span> <span class='ocrx_word' id='word_1_162' title='bbox 2932 805 3116 862; x_wconf 83' lang='lat' dir='ltr'><strong>dicere</strong></span> <span class='ocrx_word' id='word_1_163' title='bbox 3136 848 3152 873; x_wconf 91' lang='lat'><strong>,</strong></span> <span class='ocrx_word' id='word_1_164' title='bbox 3176 806 3555 864; x_wconf 88' lang='lat' dir='ltr'><strong>demonstrans</strong></span> <span class='ocrx_word' id='word_1_165' title='bbox 3586 824 3729 881; x_wconf 52' lang='lat' dir='ltr'><strong>pro-</strong></span> 
     </span>
    </p>
   </div>
   <div class='ocr_carea' id='block_1_24' title="bbox 2113 896 3727 969">
    <p class='ocr_par' dir='ltr' id='par_1_24' title="bbox 2113 896 3727 969">
     <span class='ocr_line' id='line_1_24' title="bbox 2113 896 3727 969; baseline 0.003 -18"><span class='ocrx_word' id='word_1_166' title='bbox 2113 896 2306 952; x_wconf 74' lang='lat' dir='ltr'><strong>vincia:</strong></span> <span class='ocrx_word' id='word_1_167' title='bbox 2345 898 2511 952; x_wconf 85' lang='lat' dir='ltr'><strong>totius</strong></span> <span class='ocrx_word' id='word_1_168' title='bbox 2555 898 2832 969; x_wconf 86' lang='lat' dir='ltr'><strong>populos:</strong></span> <span class='ocrx_word' id='word_1_169' title='bbox 2879 898 2987 954; x_wconf 90' lang='lat' dir='ltr'><strong>llos</strong></span> <span class='ocrx_word' id='word_1_170' title='bbox 3028 897 3125 956; x_wconf 86' lang='lat' dir='ltr'><strong>tibi</strong></span> <span class='ocrx_word' id='word_1_171' title='bbox 3166 913 3361 955; x_wconf 86' lang='lat' dir='ltr'><strong>omnes</strong></span> <span class='ocrx_word' id='word_1_172' title='bbox 3403 900 3727 969; x_wconf 86' lang='lat' dir='ltr'><strong>reservavi,</strong></span> 
     </span>
    </p>
   </div>
   <div class='ocr_carea' id='block_1_25' title="bbox 2116 989 3727 1059">
    <p class='ocr_par' dir='ltr' id='par_1_25' title="bbox 2116 989 3727 1059">
     <span class='ocr_line' id='line_1_25' title="bbox 2116 989 3727 1059; baseline 0.002 -14"><span class='ocrx_word' id='word_1_173' title='bbox 2116 989 2169 1045; x_wconf 88' lang='lat' dir='ltr'><strong>hi</strong></span> <span class='ocrx_word' id='word_1_174' title='bbox 2198 992 2385 1045; x_wconf 84' lang='lat' dir='ltr'><strong>vivunt</strong></span> <span class='ocrx_word' id='word_1_175' title='bbox 2409 991 2676 1048; x_wconf 80' lang='lat' dir='ltr'><strong>beneﬁcio</strong></span> <span class='ocrx_word' id='word_1_176' title='bbox 2716 993 2794 1049; x_wconf 92' lang='lat' dir='ltr'><strong>tui</strong></span> <span class='ocrx_word' id='word_1_177' title='bbox 2822 1004 3045 1048; x_wconf 88' lang='lat' dir='ltr'><strong>senatus</strong></span> <span class='ocrx_word' id='word_1_178' title='bbox 3069 1033 3083 1059; x_wconf 92' lang='lat'><strong>,</strong></span> <span class='ocrx_word' id='word_1_179' title='bbox 3115 990 3216 1047; x_wconf 90' lang='lat' dir='ltr'><strong>hos</strong></span> <span class='ocrx_word' id='word_1_180' title='bbox 3246 1001 3334 1047; x_wconf 88' lang='lat' dir='ltr'><strong>tua</strong></span> <span class='ocrx_word' id='word_1_181' title='bbox 3363 994 3517 1049; x_wconf 87' lang='lat' dir='ltr'><strong>curia</strong></span> <span class='ocrx_word' id='word_1_182' title='bbox 3549 992 3727 1049; x_wconf 82' lang='lat' dir='ltr'><strong>morti</strong></span> 
     </span>
    </p>
   </div>
   <div class='ocr_carea' id='block_1_26' title="bbox 2113 1083 2360 1140">
    <p class='ocr_par' dir='ltr' id='par_1_26' title="bbox 2113 1083 2360 1140">
     <span class='ocr_line' id='line_1_26' title="bbox 2113 1083 2360 1140; baseline 0.004 -1"><span class='ocrx_word' id='word_1_183' title='bbox 2113 1083 2360 1140; x_wconf 80' lang='lat' dir='ltr'><strong>abStulit.</strong></span> 
     </span>
    </p>
   </div>
   <div class='ocr_carea' id='block_1_27' title="bbox 2185 1178 3732 1254">
    <p class='ocr_par' dir='ltr' id='par_1_27' title="bbox 2185 1178 3732 1254">
     <span class='ocr_line' id='line_1_27' title="bbox 2185 1178 3732 1254; baseline 0.003 -19"><span class='ocrx_word' id='word_1_184' title='bbox 2185 1178 2275 1235; x_wconf 68' lang='lat'><strong>49.</strong></span> <span class='ocrx_word' id='word_1_185' title='bbox 2317 1178 2533 1248; x_wconf 90' lang='lat' dir='ltr'><strong>Quanto</strong></span> <span class='ocrx_word' id='word_1_186' title='bbox 2582 1179 2688 1237; x_wconf 89' lang='lat' dir='ltr'><strong>hoc</strong></span> <span class='ocrx_word' id='word_1_187' title='bbox 2738 1181 2927 1236; x_wconf 86' lang='lat' dir='ltr'><strong>utilius</strong></span> <span class='ocrx_word' id='word_1_188' title='bbox 2964 1196 3128 1253; x_wconf 89' lang='lat' dir='ltr'><strong>quam</strong></span> <span class='ocrx_word' id='word_1_189' title='bbox 3179 1181 3307 1237; x_wconf 91' lang='lat' dir='ltr'><strong>illud</strong></span> <span class='ocrx_word' id='word_1_190' title='bbox 3348 1180 3493 1254; x_wconf 92' lang='lat' dir='ltr'><strong>quod</strong></span> <span class='ocrx_word' id='word_1_191' title='bbox 3536 1181 3732 1253; x_wconf 76' lang='lat' dir='ltr'><strong>proxi—</strong></span> 
     </span>
    </p>
   </div>
   <div class='ocr_carea' id='block_1_28' title="bbox 2115 1270 3726 1348">
    <p class='ocr_par' dir='ltr' id='par_1_28' title="bbox 2115 1270 3726 1348">
     <span class='ocr_line' id='line_1_28' title="bbox 2115 1270 3726 1348; baseline 0.003 -20"><span class='ocrx_word' id='word_1_192' title='bbox 2115 1286 2202 1328; x_wconf 90' lang='lat' dir='ltr'><strong>me</strong></span> <span class='ocrx_word' id='word_1_193' title='bbox 2240 1270 2430 1328; x_wconf 77' lang='lat' dir='ltr'><strong>Rouue</strong></span> <span class='ocrx_word' id='word_1_194' title='bbox 2460 1272 2656 1329; x_wconf 78' lang='lat' dir='ltr'><strong>factum</strong></span> <span class='ocrx_word' id='word_1_195' title='bbox 2697 1284 2779 1330; x_wconf 85' lang='lat' dir='ltr'><strong>est</strong></span> <span class='ocrx_word' id='word_1_196' title='bbox 2805 1317 2820 1339; x_wconf 88' lang='lat'><strong>,</strong></span> <span class='ocrx_word' id='word_1_197' title='bbox 2862 1275 3069 1345; x_wconf 84' lang='lat' dir='ltr'><strong>eiectos</strong></span> <span class='ocrx_word' id='word_1_198' title='bbox 3098 1290 3221 1332; x_wconf 89' lang='lat' dir='ltr'><strong>esse</strong></span> <span class='ocrx_word' id='word_1_199' title='bbox 3262 1276 3400 1333; x_wconf 93' lang='lat' dir='ltr'><strong>urbe</strong></span> <span class='ocrx_word' id='word_1_200' title='bbox 3441 1276 3726 1348; x_wconf 65' lang='lat' dir='ltr'><strong>antplissio</strong></span> 
     </span>
    </p>
   </div>
   <div class='ocr_carea' id='block_1_29' title="bbox 2116 1365 3723 1441">
    <p class='ocr_par' dir='ltr' id='par_1_29' title="bbox 2116 1365 3723 1441">
     <span class='ocr_line' id='line_1_29' title="bbox 2116 1365 3723 1441; baseline 0.004 -21"><span class='ocrx_word' id='word_1_201' title='bbox 2116 1379 2239 1431; x_wconf 89' lang='lat' dir='ltr'><strong>ma,</strong></span> <span class='ocrx_word' id='word_1_202' title='bbox 2279 1365 2369 1433; x_wconf 92' lang='lat' dir='ltr'><strong>qui</strong></span> <span class='ocrx_word' id='word_1_203' title='bbox 2407 1365 2519 1437; x_wconf 85' lang='lat' dir='ltr'><strong>jam</strong></span> <span class='ocrx_word' id='word_1_204' title='bbox 2551 1365 2839 1437; x_wconf 87' lang='lat' dir='ltr'><strong>plurimam</strong></span> <span class='ocrx_word' id='word_1_205' title='bbox 2878 1368 2991 1425; x_wconf 92' lang='lat' dir='ltr'><strong>illic</strong></span> <span class='ocrx_word' id='word_1_206' title='bbox 3040 1377 3259 1425; x_wconf 65' lang='lat' dir='ltr'><strong>aetatem</strong></span> <span class='ocrx_word' id='word_1_207' title='bbox 3299 1380 3723 1441; x_wconf 84' lang='lat' dir='ltr'><strong>transegerant,</strong></span> 
     </span>
    </p>
   </div>
   <div class='ocr_carea' id='block_1_30' title="bbox 2113 1456 3726 1533">
    <p class='ocr_par' dir='ltr' id='par_1_30' title="bbox 2113 1456 3726 1533">
     <span class='ocr_line' id='line_1_30' title="bbox 2113 1456 3726 1533; baseline 0.006 -21"><span class='ocrx_word' id='word_1_208' title='bbox 2113 1456 2310 1513; x_wconf 84' lang='lat' dir='ltr'><strong>ﬂentes</strong></span> <span class='ocrx_word' id='word_1_209' title='bbox 2338 1472 2460 1513; x_wconf 91' lang='lat' dir='ltr'><strong>cum</strong></span> <span class='ocrx_word' id='word_1_210' title='bbox 2492 1457 2615 1514; x_wconf 85' lang='lat' dir='ltr'><strong>ﬁliis</strong></span> <span class='ocrx_word' id='word_1_211' title='bbox 2639 1458 2868 1528; x_wconf 84' lang='lat' dir='ltr'><strong>abiisse,</strong></span> <span class='ocrx_word' id='word_1_212' title='bbox 2916 1460 3113 1533; x_wconf 87' lang='lat' dir='ltr'><strong>quibus</strong></span> <span class='ocrx_word' id='word_1_213' title='bbox 3141 1461 3287 1518; x_wconf 88' lang='lat' dir='ltr'><strong>velut</strong></span> <span class='ocrx_word' id='word_1_214' title='bbox 3325 1462 3537 1520; x_wconf 81' lang='lat' dir='ltr'><strong>civibus</strong></span> <span class='ocrx_word' id='word_1_215' title='bbox 3567 1479 3726 1521; x_wconf 87' lang='lat' dir='ltr'><strong>amo—</strong></span> 
     </span>
    </p>
   </div>
   <div class='ocr_carea' id='block_1_31' title="bbox 2114 1547 3723 1628">
    <p class='ocr_par' dir='ltr' id='par_1_31' title="bbox 2114 1547 3723 1628">
     <span class='ocr_line' id='line_1_31' title="bbox 2114 1547 3723 1628; baseline 0.004 -24"><span class='ocrx_word' id='word_1_216' title='bbox 2114 1547 2354 1605; x_wconf 89' lang='lat' dir='ltr'><strong>liendum</strong></span> <span class='ocrx_word' id='word_1_217' title='bbox 2396 1552 2645 1607; x_wconf 80' lang='lat' dir='ltr'><strong>exsilium</strong></span> <span class='ocrx_word' id='word_1_218' title='bbox 2677 1552 3028 1624; x_wconf 84' lang='lat' dir='ltr'><strong>deplorarent</strong></span> <span class='ocrx_word' id='word_1_219' title='bbox 3053 1597 3068 1622; x_wconf 93' lang='lat'><strong>,</strong></span> <span class='ocrx_word' id='word_1_220' title='bbox 3098 1555 3426 1625; x_wconf 88' lang='lat' dir='ltr'><strong>interruptas</strong></span> <span class='ocrx_word' id='word_1_221' title='bbox 3462 1556 3723 1628; x_wconf 87' lang='lat' dir='ltr'><strong>complu—</strong></span> 
     </span>
    </p>
   </div>
   <div class='ocr_carea' id='block_1_32' title="bbox 2114 1644 3720 1722">
    <p class='ocr_par' dir='ltr' id='par_1_32' title="bbox 2114 1644 3720 1722">
     <span class='ocr_line' id='line_1_32' title="bbox 2114 1644 3720 1722; baseline 0.006 -22"><span class='ocrx_word' id='word_1_222' title='bbox 2114 1644 2257 1700; x_wconf 91' lang='lat' dir='ltr'><strong>rium</strong></span> <span class='ocrx_word' id='word_1_223' title='bbox 2289 1645 2718 1702; x_wconf 84' lang='lat' dir='ltr'><strong>necessitudines</strong></span> <span class='ocrx_word' id='word_1_224' title='bbox 2742 1688 2759 1714; x_wconf 92' lang='lat'><strong>,</strong></span> <span class='ocrx_word' id='word_1_225' title='bbox 2792 1648 3091 1722; x_wconf 86' lang='lat' dir='ltr'><strong>diremptas</strong></span> <span class='ocrx_word' id='word_1_226' title='bbox 3132 1650 3425 1708; x_wconf 79' lang='lat' dir='ltr'><strong>afﬁnitates</strong></span> <span class='ocrx_word' id='word_1_227' title='bbox 3452 1652 3466 1707; x_wconf 77' lang='grc' dir='ltr'><strong>ε</strong></span> <span class='ocrx_word' id='word_1_228' title='bbox 3497 1652 3561 1707; x_wconf 89' lang='lat' dir='ltr'><strong>Et</strong></span> <span class='ocrx_word' id='word_1_229' title='bbox 3590 1667 3720 1708; x_wconf 87' lang='lat' dir='ltr'><strong>cer-</strong></span> 
     </span>
    </p>
   </div>
   <div class='ocr_carea' id='block_1_33' title="bbox 404 1738 3723 1822">
    <p class='ocr_par' dir='ltr' id='par_1_33' title="bbox 404 1738 3723 1822">
     <span class='ocr_line' id='line_1_33' title="bbox 404 1738 3723 1822; baseline 0.002 -28"><span class='ocrx_word' id='word_1_230' title='bbox 404 1748 720 1821; x_wconf 76' lang='lat' dir='ltr'><strong>adjumcmo</strong></span> <span class='ocrx_word' id='word_1_231' title='bbox 750 1764 909 1815; x_wconf 57' lang='lat' dir='ltr'><strong>esse,</strong></span> <span class='ocrx_word' id='word_1_232' title='bbox 1131 1748 1209 1803; x_wconf 82' lang='lat' dir='ltr'><strong>vel</strong></span> <span class='ocrx_word' id='word_1_233' title='bbox 1243 1748 1297 1803; x_wconf 82' lang='lat' dir='ltr'><strong>in</strong></span> <span class='ocrx_word' id='word_1_234' title='bbox 1322 1745 1675 1803; x_wconf 76' lang='lat' dir='ltr'><strong>conferendis</strong></span> <span class='ocrx_word' id='word_1_235' title='bbox 1713 1745 2009 1813; x_wconf 64' lang='lat' dir='ltr'><strong>subsidiis,</strong></span> <span class='ocrx_word' id='word_1_236' title='bbox 2042 1744 2091 1804; x_wconf 84' lang='lat' dir='ltr'><strong>B</strong></span> <span class='ocrx_word' id='word_1_237' title='bbox 2119 1744 2173 1792; x_wconf 91' lang='lat' dir='ltr'><strong>te</strong></span> <span class='ocrx_word' id='word_1_238' title='bbox 2220 1738 2481 1794; x_wconf 87' lang='lat' dir='ltr'><strong>arriserat</strong></span> <span class='ocrx_word' id='word_1_239' title='bbox 2524 1740 2652 1794; x_wconf 91' lang='lat' dir='ltr'><strong>anui</strong></span> <span class='ocrx_word' id='word_1_240' title='bbox 2694 1740 2996 1797; x_wconf 78' lang='lat' dir='ltr'><strong>fecunditas</strong></span> <span class='ocrx_word' id='word_1_241' title='bbox 3019 1785 3035 1810; x_wconf 85' lang='lat'><strong>,</strong></span> <span class='ocrx_word' id='word_1_242' title='bbox 3084 1744 3365 1800; x_wconf 79' lang='lat' dir='ltr'><strong>invectitio</strong></span> <span class='ocrx_word' id='word_1_243' title='bbox 3419 1745 3547 1800; x_wconf 85' lang='lat' dir='ltr'><strong>urbs</strong></span> <span class='ocrx_word' id='word_1_244' title='bbox 3600 1746 3723 1802; x_wconf 60' lang='lat' dir='ltr'><strong>SOI!</strong></span> 
     </span>
    </p>
   </div>
   <div class='ocr_carea' id='block_1_34' title="bbox 402 1836 2018 1899">
    <p class='ocr_par' dir='ltr' id='par_1_34' title="bbox 402 1836 2018 1899">
     <span class='ocr_line' id='line_1_34' title="bbox 402 1836 2018 1899; baseline -0.004 0"><span class='ocrx_word' id='word_1_245' title='bbox 402 1843 491 1899; x_wconf 91' lang='lat' dir='ltr'><strong>vel</strong></span> <span class='ocrx_word' id='word_1_246' title='bbox 532 1841 586 1897; x_wconf 91' lang='lat' dir='ltr'><strong>in</strong></span> <span class='ocrx_word' id='word_1_247' title='bbox 635 1841 983 1897; x_wconf 86' lang='lat' dir='ltr'><strong>celebrandis</strong></span> <span class='ocrx_word' id='word_1_248' title='bbox 1010 1840 1397 1897; x_wconf 86' lang='lat' dir='ltr'><strong>commerciis:</strong></span> <span class='ocrx_word' id='word_1_249' title='bbox 1435 1850 1459 1878; x_wconf 74' lang='grc' dir='ltr'>ε</span> <span class='ocrx_word' id='word_1_250' title='bbox 1497 1840 1773 1895; x_wconf 90' lang='lat' dir='ltr'><strong>neminem</strong></span> <span class='ocrx_word' id='word_1_251' title='bbox 1816 1836 2018 1894; x_wconf 80' lang='lat' dir='ltr'><strong>famem</strong></span> 
     </span>
    </p>
   </div>
   <div class='ocr_carea' id='block_1_35' title="bbox 407 1928 2021 2005">
    <p class='ocr_par' dir='ltr' id='par_1_35' title="bbox 407 1928 2021 2005">
     <span class='ocr_line' id='line_1_35' title="bbox 407 1928 2021 2005; baseline -0.004 -14"><span class='ocrx_word' id='word_1_252' title='bbox 407 1935 641 1991; x_wconf 89' lang='lat' dir='ltr'><strong>alienam</strong></span> <span class='ocrx_word' id='word_1_253' title='bbox 666 1933 901 2005; x_wconf 77' lang='lat' dir='ltr'><strong>iuvare:</strong></span> <span class='ocrx_word' id='word_1_254' title='bbox 935 1933 1253 2003; x_wconf 81' lang='lat' dir='ltr'><strong>protrahere</strong></span> <span class='ocrx_word' id='word_1_255' title='bbox 1278 1942 1337 1988; x_wconf 91' lang='lat' dir='ltr'><strong>ut</strong></span> <span class='ocrx_word' id='word_1_256' title='bbox 1381 1928 1671 2002; x_wconf 87' lang='lat' dir='ltr'><strong>plurimum</strong></span> <span class='ocrx_word' id='word_1_257' title='bbox 1700 1930 1844 1987; x_wconf 88' lang='lat' dir='ltr'><strong>diem</strong></span> <span class='ocrx_word' id='word_1_258' title='bbox 1893 1944 2021 2000; x_wconf 90' lang='lat' dir='ltr'><strong>pos-</strong></span> 
     </span>
    </p>
   </div>
   <div class='ocr_carea' id='block_1_36' title="bbox 408 2023 2020 2097">
    <p class='ocr_par' dir='ltr' id='par_1_36' title="bbox 408 2023 2020 2097">
     <span class='ocr_line' id='line_1_36' title="bbox 408 2023 2020 2097; baseline -0.003 -14"><span class='ocrx_word' id='word_1_259' title='bbox 408 2042 471 2083; x_wconf 88' lang='lat' dir='ltr'><strong>se</strong></span> <span class='ocrx_word' id='word_1_260' title='bbox 492 2069 507 2093; x_wconf 95' lang='lat'><strong>,</strong></span> <span class='ocrx_word' id='word_1_261' title='bbox 540 2042 651 2082; x_wconf 92' lang='lat' dir='ltr'><strong>non</strong></span> <span class='ocrx_word' id='word_1_262' title='bbox 684 2027 919 2097; x_wconf 87' lang='lat' dir='ltr'><strong>inopiam</strong></span> <span class='ocrx_word' id='word_1_263' title='bbox 952 2025 1252 2097; x_wconf 89' lang='lat' dir='ltr'><strong>repellere;</strong></span> <span class='ocrx_word' id='word_1_264' title='bbox 1287 2026 1455 2081; x_wconf 91' lang='lat' dir='ltr'><strong>immo</strong></span> <span class='ocrx_word' id='word_1_265' title='bbox 1482 2034 1565 2081; x_wconf 93' lang='lat' dir='ltr'><strong>tot</strong></span> <span class='ocrx_word' id='word_1_266' title='bbox 1590 2023 1893 2081; x_wconf 87' lang='lat' dir='ltr'><strong>cultoribus</strong></span> <span class='ocrx_word' id='word_1_267' title='bbox 1918 2038 2020 2079; x_wconf 80' lang='lat' dir='ltr'><strong>ex-</strong></span> 
     </span>
    </p>
   </div>
   <div class='ocr_carea' id='block_1_37' title="bbox 407 2118 2023 2190">
    <p class='ocr_par' dir='ltr' id='par_1_37' title="bbox 407 2118 2023 2190">
     <span class='ocr_line' id='line_1_37' title="bbox 407 2118 2023 2190; baseline 0 -17"><span class='ocrx_word' id='word_1_268' title='bbox 407 2118 639 2187; x_wconf 77' lang='lat' dir='ltr'><strong>stinctis,</strong></span> <span class='ocrx_word' id='word_1_269' title='bbox 673 2126 752 2174; x_wconf 92' lang='lat' dir='ltr'><strong>tot</strong></span> <span class='ocrx_word' id='word_1_270' title='bbox 780 2118 1035 2190; x_wconf 79' lang='lat' dir='ltr'><strong>agricolis</strong></span> <span class='ocrx_word' id='word_1_271' title='bbox 1063 2119 1438 2175; x_wconf 90' lang='lat' dir='ltr'><strong>occidentibus</strong></span> <span class='ocrx_word' id='word_1_272' title='bbox 1457 2161 1473 2186; x_wconf 90' lang='lat'><strong>,</strong></span> <span class='ocrx_word' id='word_1_273' title='bbox 1503 2132 1766 2175; x_wconf 80' lang='lat' dir='ltr'><strong>occasura</strong></span> <span class='ocrx_word' id='word_1_274' title='bbox 1796 2118 1850 2174; x_wconf 92' lang='lat' dir='ltr'><strong>in</strong></span> <span class='ocrx_word' id='word_1_275' title='bbox 1896 2132 2023 2188; x_wconf 88' lang='lat' dir='ltr'><strong>per-</strong></span> 
     </span>
    </p>
   </div>
   <div class='ocr_carea' id='block_1_38' title="bbox 409 2209 2024 2283">
    <p class='ocr_par' dir='ltr' id='par_1_38' title="bbox 409 2209 2024 2283">
     <span class='ocr_line' id='line_1_38' title="bbox 409 2209 2024 2283; baseline 0 -17"><span class='ocrx_word' id='word_1_276' title='bbox 409 2219 637 2282; x_wconf 89' lang='lat' dir='ltr'><strong>petuum</strong></span> <span class='ocrx_word' id='word_1_277' title='bbox 687 2210 931 2265; x_wconf 87' lang='lat' dir='ltr'><strong>subsidia</strong></span> <span class='ocrx_word' id='word_1_278' title='bbox 976 2209 1357 2267; x_wconf 77' lang='lat' dir='ltr'><strong>frumentaria.</strong></span> <span class='ocrx_word' id='word_1_279' title='bbox 1402 2210 1514 2267; x_wconf 83' lang='lat' dir='ltr'><strong>Hos</strong></span> <span class='ocrx_word' id='word_1_280' title='bbox 1563 2212 1731 2283; x_wconf 78' lang='lat' dir='ltr'><strong>igitur</strong></span> <span class='ocrx_word' id='word_1_281' title='bbox 1776 2209 2024 2267; x_wconf 80' lang='lat' dir='ltr'><strong>excludi-</strong></span> 
     </span>
    </p>
   </div>
   <div class='ocr_carea' id='block_1_39' title="bbox 414 2303 2026 2375">
    <p class='ocr_par' dir='ltr' id='par_1_39' title="bbox 414 2303 2026 2375">
     <span class='ocr_line' id='line_1_39' title="bbox 414 2303 2026 2375; baseline 0 -14"><span class='ocrx_word' id='word_1_282' title='bbox 414 2319 568 2369; x_wconf 87' lang='lat' dir='ltr'><strong>mus,</strong></span> <span class='ocrx_word' id='word_1_283' title='bbox 599 2303 693 2375; x_wconf 90' lang='lat' dir='ltr'><strong>qui</strong></span> <span class='ocrx_word' id='word_1_284' title='bbox 728 2304 929 2359; x_wconf 88' lang='lat' dir='ltr'><strong>victum</strong></span> <span class='ocrx_word' id='word_1_285' title='bbox 961 2304 1120 2360; x_wconf 87' lang='lat' dir='ltr'><strong>nobis</strong></span> <span class='ocrx_word' id='word_1_286' title='bbox 1160 2303 1362 2362; x_wconf 78' lang='lat' dir='ltr'><strong>inferre</strong></span> <span class='ocrx_word' id='word_1_287' title='bbox 1391 2313 1765 2361; x_wconf 89' lang='lat' dir='ltr'><strong>consuerunt:</strong></span> <span class='ocrx_word' id='word_1_288' title='bbox 1800 2308 1899 2362; x_wconf 90' lang='lat' dir='ltr'><strong>bos</strong></span> <span class='ocrx_word' id='word_1_289' title='bbox 1927 2321 2026 2361; x_wconf 90' lang='lat' dir='ltr'><strong>no-</strong></span> 
     </span>
    </p>
   </div>
   <div class='ocr_carea' id='block_1_40' title="bbox 418 2395 2023 2469">
    <p class='ocr_par' dir='ltr' id='par_1_40' title="bbox 418 2395 2023 2469">
     <span class='ocr_line' id='line_1_40' title="bbox 418 2395 2023 2469; baseline 0.001 -17"><span class='ocrx_word' id='word_1_290' title='bbox 418 2395 602 2452; x_wconf 89' lang='lat' dir='ltr'><strong>lumus</strong></span> <span class='ocrx_word' id='word_1_291' title='bbox 628 2396 681 2451; x_wconf 90' lang='lat' dir='ltr'><strong>in</strong></span> <span class='ocrx_word' id='word_1_292' title='bbox 716 2407 963 2468; x_wconf 89' lang='lat' dir='ltr'><strong>tempore</strong></span> <span class='ocrx_word' id='word_1_293' title='bbox 993 2398 1341 2455; x_wconf 81' lang='lat' dir='ltr'><strong>necessitatis</strong></span> <span class='ocrx_word' id='word_1_294' title='bbox 1367 2412 1625 2469; x_wconf 86' lang='lat' dir='ltr'><strong>pascere,</strong></span> <span class='ocrx_word' id='word_1_295' title='bbox 1656 2398 1747 2469; x_wconf 86' lang='lat' dir='ltr'><strong>qui</strong></span> <span class='ocrx_word' id='word_1_296' title='bbox 1780 2413 1878 2456; x_wconf 91' lang='lat' dir='ltr'><strong>nos</strong></span> <span class='ocrx_word' id='word_1_297' title='bbox 1909 2414 2023 2454; x_wconf 89' lang='lat' dir='ltr'><strong>um-</strong></span> 
     </span>
    </p>
   </div>
   <div class='ocr_carea' id='block_1_41' title="bbox 420 2490 2024 2562">
    <p class='ocr_par' dir='ltr' id='par_1_41' title="bbox 420 2490 2024 2562">
     <span class='ocr_line' id='line_1_41' title="bbox 420 2490 2024 2562; baseline 0.001 -14"><span class='ocrx_word' id='word_1_298' title='bbox 420 2490 477 2548; x_wconf 87' lang='lat' dir='ltr'><strong>ni</strong></span> <span class='ocrx_word' id='word_1_299' title='bbox 504 2500 663 2546; x_wconf 61' lang='lat' dir='ltr'><strong>relate</strong></span> <span class='ocrx_word' id='word_1_300' title='bbox 710 2492 1014 2561; x_wconf 84' lang='lat' dir='ltr'><strong>paverunt?</strong></span> <span class='ocrx_word' id='word_1_301' title='bbox 1039 2490 1259 2559; x_wconf 87' lang='lat' dir='ltr'><strong>Quanta</strong></span> <span class='ocrx_word' id='word_1_302' title='bbox 1281 2500 1408 2545; x_wconf 89' lang='lat' dir='ltr'><strong>sunt</strong></span> <span class='ocrx_word' id='word_1_303' title='bbox 1451 2507 1574 2562; x_wconf 64' lang='lat' dir='ltr'><strong>quae</strong></span> <span class='ocrx_word' id='word_1_304' title='bbox 1603 2492 1671 2547; x_wconf 90' lang='lat' dir='ltr'><strong>ab</strong></span> <span class='ocrx_word' id='word_1_305' title='bbox 1700 2491 1832 2561; x_wconf 89' lang='lat' dir='ltr'><strong>ipsis</strong></span> <span class='ocrx_word' id='word_1_306' title='bbox 1863 2492 2024 2549; x_wconf 89' lang='lat' dir='ltr'><strong>nobis</strong></span> 
     </span>
    </p>
   </div>
   <div class='ocr_carea' id='block_1_42' title="bbox 418 2582 2025 2657">
    <p class='ocr_par' dir='ltr' id='par_1_42' title="bbox 418 2582 2025 2657">
     <span class='ocr_line' id='line_1_42' title="bbox 418 2582 2025 2657; baseline -0.001 -17"><span class='ocrx_word' id='word_1_307' title='bbox 418 2582 522 2640; x_wconf 89' lang='lat' dir='ltr'><strong>hoc</strong></span> <span class='ocrx_word' id='word_1_308' title='bbox 547 2584 664 2654; x_wconf 91' lang='lat' dir='ltr'><strong>ipso</strong></span> <span class='ocrx_word' id='word_1_309' title='bbox 684 2591 938 2653; x_wconf 80' lang='lat' dir='ltr'><strong>tempore</strong></span> <span class='ocrx_word' id='word_1_310' title='bbox 966 2584 1379 2641; x_wconf 86' lang='lat' dir='ltr'><strong>ministrantur!</strong></span> <span class='ocrx_word' id='word_1_311' title='bbox 1410 2584 1532 2639; x_wconf 86' lang='lat' dir='ltr'><strong>Non</strong></span> <span class='ocrx_word' id='word_1_312' title='bbox 1564 2585 1619 2639; x_wconf 85' lang='lat' dir='ltr'><strong>in</strong></span> <span class='ocrx_word' id='word_1_313' title='bbox 1649 2583 1762 2639; x_wconf 75' lang='lat' dir='ltr'><strong>solo</strong></span> <span class='ocrx_word' id='word_1_314' title='bbox 1791 2602 1922 2657; x_wconf 83' lang='lat' dir='ltr'><strong>pane</strong></span> <span class='ocrx_word' id='word_1_315' title='bbox 1948 2586 2025 2640; x_wconf 83' lang='lat' dir='ltr'><strong>vi-</strong></span> 
     </span>
    </p>
   </div>
   <div class='ocr_carea' id='block_1_43' title="bbox 416 2677 2024 2752">
    <p class='ocr_par' dir='ltr' id='par_1_43' title="bbox 416 2677 2024 2752">
     <span class='ocr_line' id='line_1_43' title="bbox 416 2677 2024 2752; baseline 0.002 -18"><span class='ocrx_word' id='word_1_316' title='bbox 416 2678 487 2734; x_wconf 66' lang='lat' dir='ltr'><strong>ttit</strong></span> <span class='ocrx_word' id='word_1_317' title='bbox 508 2683 663 2732; x_wconf 78' lang='lat' dir='ltr'><strong>homo</strong></span> <span class='ocrx_word' id='word_1_318' title='bbox 691 2677 875 2752; x_wconf 82' lang='lat' dir='ltr'><strong>(Deut.</strong></span> <span class='ocrx_word' id='word_1_319' title='bbox 899 2695 995 2735; x_wconf 88' lang='lat' dir='ltr'><strong>vttt</strong></span> <span class='ocrx_word' id='word_1_320' title='bbox 1016 2722 1031 2745; x_wconf 95' lang='lat'><strong>,</strong></span> <span class='ocrx_word' id='word_1_321' title='bbox 1057 2680 1135 2751; x_wconf 80' lang='lat'><strong>&#39;5).</strong></span> <span class='ocrx_word' id='word_1_322' title='bbox 1163 2679 1356 2737; x_wconf 87' lang='lat' dir='ltr'><strong>Nostra</strong></span> <span class='ocrx_word' id='word_1_323' title='bbox 1385 2680 1495 2735; x_wconf 91' lang='lat' dir='ltr'><strong>illic</strong></span> <span class='ocrx_word' id='word_1_324' title='bbox 1517 2678 1717 2735; x_wconf 81' lang='lat' dir='ltr'><strong>familia</strong></span> <span class='ocrx_word' id='word_1_325' title='bbox 1736 2721 1752 2746; x_wconf 89' lang='lat'><strong>,</strong></span> <span class='ocrx_word' id='word_1_326' title='bbox 1781 2680 2024 2750; x_wconf 84' lang='lat' dir='ltr'><strong>plerique</strong></span> 
     </span>
    </p>
   </div>
   <div class='ocr_carea' id='block_1_44' title="bbox 420 2769 2021 2844">
    <p class='ocr_par' dir='ltr' id='par_1_44' title="bbox 420 2769 2021 2844">
     <span class='ocr_line' id='line_1_44' title="bbox 420 2769 2021 2844; baseline 0.002 -19"><span class='ocrx_word' id='word_1_327' title='bbox 420 2769 584 2825; x_wconf 91' lang='lat' dir='ltr'><strong>etiam</strong></span> <span class='ocrx_word' id='word_1_328' title='bbox 619 2771 790 2828; x_wconf 88' lang='lat' dir='ltr'><strong>nostri</strong></span> <span class='ocrx_word' id='word_1_329' title='bbox 836 2783 1089 2842; x_wconf 86' lang='lat' dir='ltr'><strong>parentes</strong></span> <span class='ocrx_word' id='word_1_330' title='bbox 1115 2782 1259 2829; x_wconf 91' lang='lat' dir='ltr'><strong>sunt.</strong></span> <span class='ocrx_word' id='word_1_331' title='bbox 1292 2772 1602 2829; x_wconf 75' lang='lat' dir='ltr'><strong>lteddamus</strong></span> <span class='ocrx_word' id='word_1_332' title='bbox 1635 2770 1781 2842; x_wconf 91' lang='lat' dir='ltr'><strong>quod</strong></span> <span class='ocrx_word' id='word_1_333' title='bbox 1810 2774 2021 2844; x_wconf 88' lang='lat' dir='ltr'><strong>accepi-</strong></span> 
     </span>
    </p>
   </div>
   <div class='ocr_carea' id='block_1_45' title="bbox 424 2877 1687 2921">
    <p class='ocr_par' dir='ltr' id='par_1_45' title="bbox 424 2877 1687 2921">
     <span class='ocr_line' id='line_1_45' title="bbox 424 2877 1687 2921; baseline -0.003 0"><span class='ocrx_word' id='word_1_334' title='bbox 424 2877 569 2921; x_wconf 74' lang='grc' dir='ltr'>ιηηιε.</span> <span class='ocrx_word' id='word_1_335' title='bbox 780 2910 783 2915; x_wconf 62' lang='grc' dir='ltr'><em>ς</em></span> <span class='ocrx_word' id='word_1_336' title='bbox 858 2916 865 2921; x_wconf 88' lang='grc'><em>.</em></span> <span class='ocrx_word' id='word_1_337' title='bbox 1684 2914 1687 2917; x_wconf 92' lang='grc'>.</span> 
     </span>
    </p>
   </div>
   <div class='ocr_carea' id='block_1_46' title="bbox 496 2956 2022 3036">
    <p class='ocr_par' dir='ltr' id='par_1_46' title="bbox 496 2956 2022 3036">
     <span class='ocr_line' id='line_1_46' title="bbox 496 2956 2022 3036; baseline 0.005 -22"><span class='ocrx_word' id='word_1_338' title='bbox 496 2958 590 3014; x_wconf 73' lang='grc'><strong>47.</strong></span> <span class='ocrx_word' id='word_1_339' title='bbox 622 2956 731 3016; x_wconf 87' lang='lat' dir='ltr'><strong>Sed</strong></span> <span class='ocrx_word' id='word_1_340' title='bbox 758 2973 1014 3015; x_wconf 91' lang='lat' dir='ltr'><strong>veremur</strong></span> <span class='ocrx_word' id='word_1_341' title='bbox 1032 2975 1102 3017; x_wconf 92' lang='lat' dir='ltr'><strong>ne</strong></span> <span class='ocrx_word' id='word_1_342' title='bbox 1129 2960 1468 3017; x_wconf 89' lang='lat' dir='ltr'><strong>cumulemus</strong></span> <span class='ocrx_word' id='word_1_343' title='bbox 1499 2963 1757 3036; x_wconf 79' lang='lat' dir='ltr'><strong>inopiam.</strong></span> <span class='ocrx_word' id='word_1_344' title='bbox 1783 2964 2022 3021; x_wconf 85' lang='lat' dir='ltr'><strong>Primum</strong></span> 
     </span>
    </p>
   </div>
   <div class='ocr_carea' id='block_1_47' title="bbox 421 3053 2025 3128">
    <p class='ocr_par' dir='ltr' id='par_1_47' title="bbox 421 3053 2025 3128">
     <span class='ocr_line' id='line_1_47' title="bbox 421 3053 2025 3128; baseline 0.005 -21"><span class='ocrx_word' id='word_1_345' title='bbox 421 3053 665 3108; x_wconf 90' lang='lat' dir='ltr'><strong>omnium</strong></span> <span class='ocrx_word' id='word_1_346' title='bbox 700 3054 1070 3110; x_wconf 84' lang='lat' dir='ltr'><strong>misericordia</strong></span> <span class='ocrx_word' id='word_1_347' title='bbox 1104 3070 1395 3127; x_wconf 88' lang='lat' dir='ltr'><strong>numquam</strong></span> <span class='ocrx_word' id='word_1_348' title='bbox 1426 3057 1740 3116; x_wconf 81' lang='lat' dir='ltr'><strong>destituitur</strong></span> <span class='ocrx_word' id='word_1_349' title='bbox 1760 3102 1776 3128; x_wconf 91' lang='lat'><strong>,</strong></span> <span class='ocrx_word' id='word_1_350' title='bbox 1805 3065 1900 3117; x_wconf 89' lang='lat' dir='ltr'><strong>sed</strong></span> <span class='ocrx_word' id='word_1_351' title='bbox 1930 3059 2025 3115; x_wconf 56' lang='lat' dir='ltr'><strong>ad-</strong></span> 
     </span>
    </p>
   </div>
   <div class='ocr_carea' id='block_1_48' title="bbox 2121 1830 3725 1907">
    <p class='ocr_par' dir='ltr' id='par_1_48' title="bbox 2121 1830 3725 1907">
     <span class='ocr_line' id='line_1_48' title="bbox 2121 1830 3725 1907; baseline 0.006 -21"><span class='ocrx_word' id='word_1_352' title='bbox 2121 1830 2316 1903; x_wconf 79' lang='lat' dir='ltr'><strong>egebat</strong></span> <span class='ocrx_word' id='word_1_353' title='bbox 2345 1830 2661 1888; x_wconf 79' lang='lat' dir='ltr'><strong>frumento:</strong></span> <span class='ocrx_word' id='word_1_354' title='bbox 2694 1834 2959 1904; x_wconf 88' lang='lat' dir='ltr'><strong>potuisset</strong></span> <span class='ocrx_word' id='word_1_355' title='bbox 2996 1835 3209 1905; x_wconf 80' lang='lat' dir='ltr'><strong>iuvari,</strong></span> <span class='ocrx_word' id='word_1_356' title='bbox 3253 1837 3301 1892; x_wconf 90' lang='lat' dir='ltr'><strong>si</strong></span> <span class='ocrx_word' id='word_1_357' title='bbox 3337 1844 3614 1907; x_wconf 88' lang='lat' dir='ltr'><strong>peteretur</strong></span> <span class='ocrx_word' id='word_1_358' title='bbox 3652 1839 3725 1895; x_wconf 90' lang='lat' dir='ltr'><strong>ab</strong></span> 
     </span>
    </p>
   </div>
   <div class='ocr_carea' id='block_1_49' title="bbox 2120 1923 3725 1999">
    <p class='ocr_par' dir='ltr' id='par_1_49' title="bbox 2120 1923 3725 1999">
     <span class='ocr_line' id='line_1_49' title="bbox 2120 1923 3725 1999; baseline 0.005 -20"><span class='ocrx_word' id='word_1_359' title='bbox 2120 1923 2271 1979; x_wconf 88' lang='lat' dir='ltr'><strong>Italis</strong></span> <span class='ocrx_word' id='word_1_360' title='bbox 2312 1923 2682 1992; x_wconf 77' lang='lat' dir='ltr'><strong>frumentum,</strong></span> <span class='ocrx_word' id='word_1_361' title='bbox 2713 1941 2945 1996; x_wconf 89' lang='lat' dir='ltr'><strong>quorum</strong></span> <span class='ocrx_word' id='word_1_362' title='bbox 2973 1926 3070 1983; x_wconf 81' lang='lat' dir='ltr'><strong>ﬁlii</strong></span> <span class='ocrx_word' id='word_1_363' title='bbox 3112 1928 3549 1999; x_wconf 82' lang='lat' dir='ltr'><strong>expellebantur.</strong></span> <span class='ocrx_word' id='word_1_364' title='bbox 3572 1929 3725 1988; x_wconf 89' lang='lat' dir='ltr'><strong>Nihil</strong></span> 
     </span>
    </p>
   </div>
   <div class='ocr_carea' id='block_1_50' title="bbox 2124 2015 3725 2096">
    <p class='ocr_par' dir='ltr' id='par_1_50' title="bbox 2124 2015 3725 2096">
     <span class='ocr_line' id='line_1_50' title="bbox 2124 2015 3725 2096; baseline 0.007 -27"><span class='ocrx_word' id='word_1_365' title='bbox 2124 2015 2227 2073; x_wconf 91' lang='lat' dir='ltr'><strong>hoc</strong></span> <span class='ocrx_word' id='word_1_366' title='bbox 2269 2019 2516 2088; x_wconf 88' lang='lat' dir='ltr'><strong>turpius,</strong></span> <span class='ocrx_word' id='word_1_367' title='bbox 2564 2020 2855 2075; x_wconf 81' lang='lat' dir='ltr'><strong>excludere</strong></span> <span class='ocrx_word' id='word_1_368' title='bbox 2892 2022 3045 2092; x_wconf 87' lang='lat' dir='ltr'><strong>quasi</strong></span> <span class='ocrx_word' id='word_1_369' title='bbox 3083 2021 3323 2077; x_wconf 90' lang='lat' dir='ltr'><strong>alienum</strong></span> <span class='ocrx_word' id='word_1_370' title='bbox 3346 2065 3362 2090; x_wconf 92' lang='lat'><strong>,</strong></span> <span class='ocrx_word' id='word_1_371' title='bbox 3401 2032 3458 2079; x_wconf 88' lang='lat' dir='ltr'><strong>et</strong></span> <span class='ocrx_word' id='word_1_372' title='bbox 3501 2024 3725 2096; x_wconf 78' lang='lat' dir='ltr'><strong>exigere</strong></span> 
     </span>
    </p>
   </div>
   <div class='ocr_carea' id='block_1_51' title="bbox 2123 2111 3727 2186">
    <p class='ocr_par' dir='ltr' id='par_1_51' title="bbox 2123 2111 3727 2186">
     <span class='ocr_line' id='line_1_51' title="bbox 2123 2111 3727 2186; baseline 0.006 -23"><span class='ocrx_word' id='word_1_373' title='bbox 2123 2111 2277 2181; x_wconf 89' lang='lat' dir='ltr'><strong>quasi</strong></span> <span class='ocrx_word' id='word_1_374' title='bbox 2305 2125 2485 2166; x_wconf 90' lang='lat' dir='ltr'><strong>suum.</strong></span> <span class='ocrx_word' id='word_1_375' title='bbox 2514 2111 2653 2180; x_wconf 84' lang='lat' dir='ltr'><strong>Quid</strong></span> <span class='ocrx_word' id='word_1_376' title='bbox 2684 2111 2837 2167; x_wconf 89' lang='lat' dir='ltr'><strong>illum</strong></span> <span class='ocrx_word' id='word_1_377' title='bbox 2864 2112 3018 2183; x_wconf 88' lang='lat' dir='ltr'><strong>ejicis</strong></span> <span class='ocrx_word' id='word_1_378' title='bbox 3042 2155 3059 2183; x_wconf 94' lang='lat'><strong>,</strong></span> <span class='ocrx_word' id='word_1_379' title='bbox 3090 2113 3183 2184; x_wconf 92' lang='lat' dir='ltr'><strong>qui</strong></span> <span class='ocrx_word' id='word_1_380' title='bbox 3211 2113 3283 2170; x_wconf 89' lang='lat' dir='ltr'><strong>de</strong></span> <span class='ocrx_word' id='word_1_381' title='bbox 3324 2128 3423 2170; x_wconf 87' lang='lat' dir='ltr'><strong>suo</strong></span> <span class='ocrx_word' id='word_1_382' title='bbox 3447 2115 3727 2186; x_wconf 75' lang='lat' dir='ltr'><strong>pascitur?</strong></span> 
     </span>
    </p>
   </div>
   <div class='ocr_carea' id='block_1_52' title="bbox 2124 2203 3721 2279">
    <p class='ocr_par' dir='ltr' id='par_1_52' title="bbox 2124 2203 3721 2279">
     <span class='ocr_line' id='line_1_52' title="bbox 2124 2203 3721 2279; baseline 0.008 -23"><span class='ocrx_word' id='word_1_383' title='bbox 2124 2203 2265 2274; x_wconf 83' lang='lat' dir='ltr'><strong>Quid</strong></span> <span class='ocrx_word' id='word_1_384' title='bbox 2308 2206 2458 2262; x_wconf 89' lang='lat' dir='ltr'><strong>illum</strong></span> <span class='ocrx_word' id='word_1_385' title='bbox 2490 2207 2674 2277; x_wconf 85' lang='lat' dir='ltr'><strong>ejicis,</strong></span> <span class='ocrx_word' id='word_1_386' title='bbox 2703 2208 2796 2278; x_wconf 92' lang='lat' dir='ltr'><strong>qui</strong></span> <span class='ocrx_word' id='word_1_387' title='bbox 2840 2216 2892 2264; x_wconf 92' lang='lat' dir='ltr'><strong>te</strong></span> <span class='ocrx_word' id='word_1_388' title='bbox 2938 2208 3155 2279; x_wconf 81' lang='lat' dir='ltr'><strong>pascit?</strong></span> <span class='ocrx_word' id='word_1_389' title='bbox 3198 2208 3431 2266; x_wconf 86' lang='lat' dir='ltr'><strong>Servum</strong></span> <span class='ocrx_word' id='word_1_390' title='bbox 3477 2211 3721 2279; x_wconf 85' lang='lat' dir='ltr'><strong>retines,</strong></span> 
     </span>
    </p>
   </div>
   <div class='ocr_carea' id='block_1_53' title="bbox 2128 2297 3723 2373">
    <p class='ocr_par' dir='ltr' id='par_1_53' title="bbox 2128 2297 3723 2373">
     <span class='ocr_line' id='line_1_53' title="bbox 2128 2297 3723 2373; baseline 0.004 -21"><span class='ocrx_word' id='word_1_391' title='bbox 2128 2297 2301 2354; x_wconf 87' lang='lat' dir='ltr'><strong>trudis</strong></span> <span class='ocrx_word' id='word_1_392' title='bbox 2327 2302 2649 2371; x_wconf 81' lang='lat' dir='ltr'><strong>parentem?</strong></span> <span class='ocrx_word' id='word_1_393' title='bbox 2675 2300 3031 2357; x_wconf 85' lang='lat' dir='ltr'><strong>Frumentum</strong></span> <span class='ocrx_word' id='word_1_394' title='bbox 3059 2303 3313 2373; x_wconf 83' lang='lat' dir='ltr'><strong>suscipis,</strong></span> <span class='ocrx_word' id='word_1_395' title='bbox 3347 2316 3447 2359; x_wconf 89' lang='lat' dir='ltr'><strong>nec</strong></span> <span class='ocrx_word' id='word_1_396' title='bbox 3471 2302 3723 2361; x_wconf 82' lang='lat' dir='ltr'><strong>aﬂ&#39;ectum</strong></span> 
     </span>
    </p>
   </div>
   <div class='ocr_carea' id='block_1_54' title="bbox 2127 2392 3725 2470">
    <p class='ocr_par' dir='ltr' id='par_1_54' title="bbox 2127 2392 3725 2470">
     <span class='ocr_line' id='line_1_54' title="bbox 2127 2392 3725 2470; baseline 0.004 -22"><span class='ocrx_word' id='word_1_397' title='bbox 2127 2392 2416 2463; x_wconf 84' lang='lat' dir='ltr'><strong>impertis&#39;!</strong></span> <span class='ocrx_word' id='word_1_398' title='bbox 2444 2396 2657 2453; x_wconf 84' lang='lat' dir='ltr'><strong>Victum</strong></span> <span class='ocrx_word' id='word_1_399' title='bbox 2684 2406 3000 2468; x_wconf 78' lang='lat' dir='ltr'><strong>extorques.</strong></span> <span class='ocrx_word' id='word_1_400' title='bbox 3035 2411 3137 2453; x_wconf 88' lang='lat' dir='ltr'><strong>nec</strong></span> <span class='ocrx_word' id='word_1_401' title='bbox 3163 2397 3422 2469; x_wconf 88' lang='lat' dir='ltr'><strong>rependis</strong></span> <span class='ocrx_word' id='word_1_402' title='bbox 3446 2398 3725 2470; x_wconf 78' lang='lat' dir='ltr'><strong>gratiam?</strong></span> 
     </span>
    </p>
   </div>
   <div class='ocr_carea' id='block_1_55' title="bbox 2199 2488 3725 2561">
    <p class='ocr_par' dir='ltr' id='par_1_55' title="bbox 2199 2488 3725 2561">
     <span class='ocr_line' id='line_1_55' title="bbox 2199 2488 3725 2561; baseline 0.001 -17"><span class='ocrx_word' id='word_1_403' title='bbox 2199 2489 2482 2558; x_wconf 83' lang='lat' dir='ltr'><strong>50.Quam</strong></span> <span class='ocrx_word' id='word_1_404' title='bbox 2514 2489 2760 2545; x_wconf 82' lang='lat' dir='ltr'><strong>deforme</strong></span> <span class='ocrx_word' id='word_1_405' title='bbox 2788 2488 2922 2556; x_wconf 92' lang='lat' dir='ltr'><strong>hoc,</strong></span> <span class='ocrx_word' id='word_1_406' title='bbox 2952 2504 3114 2561; x_wconf 89' lang='lat' dir='ltr'><strong>quam</strong></span> <span class='ocrx_word' id='word_1_407' title='bbox 3146 2488 3379 2546; x_wconf 87' lang='lat' dir='ltr'><strong>inutile!</strong></span> <span class='ocrx_word' id='word_1_408' title='bbox 3410 2489 3725 2558; x_wconf 80' lang='lat' dir='ltr'><strong>Quomodo?</strong></span> 
     </span>
    </p>
   </div>
   <div class='ocr_carea' id='block_1_56' title="bbox 2126 2580 3727 2657">
    <p class='ocr_par' dir='ltr' id='par_1_56' title="bbox 2126 2580 3727 2657">
     <span class='ocr_line' id='line_1_56' title="bbox 2126 2580 3727 2657; baseline -0.001 -18"><span class='ocrx_word' id='word_1_409' title='bbox 2126 2583 2273 2639; x_wconf 90' lang='lat' dir='ltr'><strong>enim</strong></span> <span class='ocrx_word' id='word_1_410' title='bbox 2306 2594 2486 2654; x_wconf 89' lang='lat' dir='ltr'><strong>potest</strong></span> <span class='ocrx_word' id='word_1_411' title='bbox 2516 2583 2646 2638; x_wconf 89' lang='lat' dir='ltr'><strong>utile</strong></span> <span class='ocrx_word' id='word_1_412' title='bbox 2669 2597 2794 2639; x_wconf 88' lang='lat' dir='ltr'><strong>esse</strong></span> <span class='ocrx_word' id='word_1_413' title='bbox 2818 2582 2960 2653; x_wconf 88' lang='lat' dir='ltr'><strong>quod</strong></span> <span class='ocrx_word' id='word_1_414' title='bbox 2993 2598 3102 2637; x_wconf 90' lang='lat' dir='ltr'><strong>non</strong></span> <span class='ocrx_word' id='word_1_415' title='bbox 3128 2580 3287 2638; x_wconf 88' lang='lat' dir='ltr'><strong>decet</strong></span> <span class='ocrx_word' id='word_1_416' title='bbox 3305 2582 3330 2633; x_wconf 75' lang='grc' dir='ltr'><strong>ι</strong></span> <span class='ocrx_word' id='word_1_417' title='bbox 3365 2584 3519 2657; x_wconf 65' lang='lat'><strong>121</strong></span> <span class='ocrx_word' id='word_1_418' title='bbox 3545 2581 3727 2650; x_wconf 85' lang='lat' dir='ltr'><strong>Quan-</strong></span> 
     </span>
    </p>
   </div>
   <div class='ocr_carea' id='block_1_57' title="bbox 2128 2676 3729 2747">
    <p class='ocr_par' dir='ltr' id='par_1_57' title="bbox 2128 2676 3729 2747">
     <span class='ocr_line' id='line_1_57' title="bbox 2128 2676 3729 2747; baseline 0.002 -17"><span class='ocrx_word' id='word_1_419' title='bbox 2128 2677 2201 2733; x_wconf 89' lang='lat' dir='ltr'><strong>tis</strong></span> <span class='ocrx_word' id='word_1_420' title='bbox 2227 2686 2252 2715; x_wconf 70' lang='grc' dir='ltr'>θ</span> <span class='ocrx_word' id='word_1_421' title='bbox 2282 2686 2695 2747; x_wconf 86' lang='lat' dir='ltr'><strong>corporatorum</strong></span> <span class='ocrx_word' id='word_1_422' title='bbox 2742 2676 3005 2733; x_wconf 84' lang='lat' dir='ltr'><strong>subsidiis</strong></span> <span class='ocrx_word' id='word_1_423' title='bbox 3030 2676 3233 2733; x_wconf 91' lang='lat' dir='ltr'><strong>dudum</strong></span> <span class='ocrx_word' id='word_1_424' title='bbox 3263 2676 3434 2733; x_wconf 78' lang='lat' dir='ltr'><strong>Roma</strong></span> <span class='ocrx_word' id='word_1_425' title='bbox 3483 2678 3729 2733; x_wconf 80' lang='lat' dir='ltr'><strong>fraudata</strong></span> 
     </span>
    </p>
   </div>
   <div class='ocr_carea' id='block_1_58' title="bbox 2129 2771 3724 2838">
    <p class='ocr_par' dir='ltr' id='par_1_58' title="bbox 2129 2771 3724 2838">
     <span class='ocr_line' id='line_1_58' title="bbox 2129 2771 3724 2838; baseline 0 -11"><span class='ocrx_word' id='word_1_426' title='bbox 2129 2772 2251 2828; x_wconf 84' lang='lat' dir='ltr'><strong>est?</strong></span> <span class='ocrx_word' id='word_1_427' title='bbox 2277 2772 2458 2828; x_wconf 85' lang='lat' dir='ltr'><strong>Potuit</strong></span> <span class='ocrx_word' id='word_1_428' title='bbox 2483 2780 2539 2829; x_wconf 90' lang='lat' dir='ltr'><strong>et</strong></span> <span class='ocrx_word' id='word_1_429' title='bbox 2566 2772 2689 2827; x_wconf 91' lang='lat' dir='ltr'><strong>illos</strong></span> <span class='ocrx_word' id='word_1_430' title='bbox 2716 2788 2822 2827; x_wconf 89' lang='lat' dir='ltr'><strong>non</strong></span> <span class='ocrx_word' id='word_1_431' title='bbox 2850 2772 3130 2837; x_wconf 88' lang='lat' dir='ltr'><strong>amittere,</strong></span> <span class='ocrx_word' id='word_1_432' title='bbox 3162 2782 3213 2827; x_wconf 88' lang='lat' dir='ltr'><strong>et</strong></span> <span class='ocrx_word' id='word_1_433' title='bbox 3246 2771 3480 2828; x_wconf 80' lang='lat' dir='ltr'><strong>evadere</strong></span> <span class='ocrx_word' id='word_1_434' title='bbox 3506 2772 3724 2838; x_wconf 80' lang='lat' dir='ltr'><strong>fantem,</strong></span> 
     </span>
    </p>
   </div>
   <div class='ocr_carea' id='block_1_59' title="bbox 2128 2865 3729 2940">
    <p class='ocr_par' dir='ltr' id='par_1_59' title="bbox 2128 2865 3729 2940">
     <span class='ocr_line' id='line_1_59' title="bbox 2128 2865 3729 2940; baseline -0.003 -14"><span class='ocrx_word' id='word_1_435' title='bbox 2128 2870 2458 2940; x_wconf 77' lang='lat' dir='ltr'><strong>exspectatis</strong></span> <span class='ocrx_word' id='word_1_436' title='bbox 2491 2879 2774 2924; x_wconf 86' lang='lat' dir='ltr'><strong>ventorum</strong></span> <span class='ocrx_word' id='word_1_437' title='bbox 2806 2866 3131 2938; x_wconf 83' lang='lat' dir='ltr'><strong>opportunis</strong></span> <span class='ocrx_word' id='word_1_438' title='bbox 3162 2865 3383 2922; x_wconf 84' lang='lat' dir='ltr'><strong>ﬂatibus</strong></span> <span class='ocrx_word' id='word_1_439' title='bbox 3407 2906 3423 2934; x_wconf 88' lang='lat'><strong>,</strong></span> <span class='ocrx_word' id='word_1_440' title='bbox 3449 2874 3507 2922; x_wconf 90' lang='lat' dir='ltr'><strong>et</strong></span> <span class='ocrx_word' id='word_1_441' title='bbox 3541 2881 3729 2937; x_wconf 78' lang='lat' dir='ltr'><strong>spera-</strong></span> 
     </span>
    </p>
   </div>
   <div class='ocr_carea' id='block_1_60' title="bbox 2131 2963 2916 3021">
    <p class='ocr_par' dir='ltr' id='par_1_60' title="bbox 2131 2963 2916 3021">
     <span class='ocr_line' id='line_1_60' title="bbox 2131 2963 2916 3021; baseline -0.005 0"><span class='ocrx_word' id='word_1_442' title='bbox 2131 2975 2309 3021; x_wconf 90' lang='lat' dir='ltr'><strong>tarum</strong></span> <span class='ocrx_word' id='word_1_443' title='bbox 2339 2974 2647 3020; x_wconf 86' lang='lat' dir='ltr'><strong>commeatu</strong></span> <span class='ocrx_word' id='word_1_444' title='bbox 2672 2963 2916 3019; x_wconf 89' lang='lat' dir='ltr'><strong>navium.</strong></span> 
     </span>
    </p>
   </div>
   <div class='ocr_carea' id='block_1_61' title="bbox 2203 3056 3730 3137">
    <p class='ocr_par' dir='ltr' id='par_1_61' title="bbox 2203 3056 3730 3137">
     <span class='ocr_line' id='line_1_61' title="bbox 2203 3056 3730 3137; baseline -0.001 -21"><span class='ocrx_word' id='word_1_445' title='bbox 2203 3059 2294 3116; x_wconf 78' lang='grc'><strong>51.</strong></span> <span class='ocrx_word' id='word_1_446' title='bbox 2326 3059 2497 3137; x_wconf 81' lang='lat' dir='ltr'><strong>Quam</strong></span> <span class='ocrx_word' id='word_1_447' title='bbox 2530 3072 2660 3113; x_wconf 90' lang='lat' dir='ltr'><strong>vero</strong></span> <span class='ocrx_word' id='word_1_448' title='bbox 2684 3057 2818 3113; x_wconf 89' lang='lat' dir='ltr'><strong>illud</strong></span> <span class='ocrx_word' id='word_1_449' title='bbox 2848 3057 3102 3129; x_wconf 77' lang='lat' dir='ltr'><strong>superius</strong></span> <span class='ocrx_word' id='word_1_450' title='bbox 3130 3056 3414 3113; x_wconf 90' lang='lat' dir='ltr'><strong>honestum</strong></span> <span class='ocrx_word' id='word_1_451' title='bbox 3435 3066 3597 3131; x_wconf 87' lang='lat' dir='ltr'><strong>atque</strong></span> <span class='ocrx_word' id='word_1_452' title='bbox 3625 3058 3730 3115; x_wconf 89' lang='lat' dir='ltr'><strong>uti-</strong></span> 
     </span>
    </p>
   </div>
   <div class='ocr_carea' id='block_1_62' title="bbox 424 3144 3726 3225">
    <p class='ocr_par' dir='ltr' id='par_1_62' title="bbox 424 3144 3726 3225">
     <span class='ocr_line' id='line_1_62' title="bbox 424 3144 3726 3225; baseline 0.003 -25"><span class='ocrx_word' id='word_1_453' title='bbox 424 3144 666 3218; x_wconf 80' lang='lat' dir='ltr'><strong>juvatur.</strong></span> <span class='ocrx_word' id='word_1_454' title='bbox 712 3146 915 3205; x_wconf 86' lang='lat' dir='ltr'><strong>Deinde</strong></span> <span class='ocrx_word' id='word_1_455' title='bbox 957 3147 1200 3204; x_wconf 84' lang='lat' dir='ltr'><strong>subsidia</strong></span> <span class='ocrx_word' id='word_1_456' title='bbox 1236 3148 1657 3223; x_wconf 55' lang='lat' dir='ltr'><strong>annonae,&#39;quae</strong></span> <span class='ocrx_word' id='word_1_457' title='bbox 1697 3151 1782 3207; x_wconf 93' lang='lat' dir='ltr'><strong>his</strong></span> <span class='ocrx_word' id='word_1_458' title='bbox 1824 3152 2027 3223; x_wconf 83' lang='lat' dir='ltr'><strong>impar-</strong></span> <span class='ocrx_word' id='word_1_459' title='bbox 2057 3154 2104 3217; x_wconf 90' lang='lat' dir='ltr'><strong>C</strong></span> <span class='ocrx_word' id='word_1_460' title='bbox 2137 3152 2218 3208; x_wconf 85' lang='lat' dir='ltr'><strong>let</strong></span> <span class='ocrx_word' id='word_1_461' title='bbox 2259 3151 2400 3221; x_wconf 86' lang='lat' dir='ltr'><strong>Quid</strong></span> <span class='ocrx_word' id='word_1_462' title='bbox 2429 3150 2574 3207; x_wconf 88' lang='lat' dir='ltr'><strong>enim</strong></span> <span class='ocrx_word' id='word_1_463' title='bbox 2608 3162 2715 3206; x_wconf 92' lang='lat' dir='ltr'><strong>tam</strong></span> <span class='ocrx_word' id='word_1_464' title='bbox 2746 3150 3005 3206; x_wconf 90' lang='lat' dir='ltr'><strong>decorum</strong></span> <span class='ocrx_word' id='word_1_465' title='bbox 3035 3161 3195 3221; x_wconf 89' lang='lat' dir='ltr'><strong>atque</strong></span> <span class='ocrx_word' id='word_1_466' title='bbox 3225 3150 3534 3216; x_wconf 73' lang='lat' dir='ltr'><strong>ltoiiestum.</strong></span> <span class='ocrx_word' id='word_1_467' title='bbox 3567 3169 3726 3225; x_wconf 89' lang='lat' dir='ltr'><strong>quam</strong></span> 
     </span>
    </p>
   </div>
   <div class='ocr_carea' id='block_1_63' title="bbox 424 3241 2026 3319">
    <p class='ocr_par' dir='ltr' id='par_1_63' title="bbox 424 3241 2026 3319">
     <span class='ocr_line' id='line_1_63' title="bbox 424 3241 2026 3319; baseline 0.004 -23"><span class='ocrx_word' id='word_1_468' title='bbox 424 3241 609 3297; x_wconf 90' lang='lat' dir='ltr'><strong>tienda</strong></span> <span class='ocrx_word' id='word_1_469' title='bbox 638 3252 794 3307; x_wconf 89' lang='lat' dir='ltr'><strong>sunt,</strong></span> <span class='ocrx_word' id='word_1_470' title='bbox 817 3244 1109 3319; x_wconf 84' lang='lat' dir='ltr'><strong>collatione</strong></span> <span class='ocrx_word' id='word_1_471' title='bbox 1139 3244 1469 3300; x_wconf 88' lang='lat' dir='ltr'><strong>redimamus</strong></span> <span class='ocrx_word' id='word_1_472' title='bbox 1487 3288 1500 3309; x_wconf 88' lang='lat'><strong>,</strong></span> <span class='ocrx_word' id='word_1_473' title='bbox 1528 3262 1847 3318; x_wconf 90' lang='lat' dir='ltr'><strong>reparetnus</strong></span> <span class='ocrx_word' id='word_1_474' title='bbox 1870 3263 2026 3303; x_wconf 88' lang='lat' dir='ltr'><strong>auro.</strong></span> 
     </span>
    </p>
   </div>
   <div class='ocr_carea' id='block_1_64' title="bbox 429 3333 2030 3407">
    <p class='ocr_par' dir='ltr' id='par_1_64' title="bbox 429 3333 2030 3407">
     <span class='ocr_line' id='line_1_64' title="bbox 429 3333 2030 3407; baseline 0.002 -15"><span class='ocrx_word' id='word_1_475' title='bbox 429 3333 701 3407; x_wconf 85' lang='lat' dir='ltr'><strong>Numquid</strong></span> <span class='ocrx_word' id='word_1_476' title='bbox 728 3337 811 3393; x_wconf 88' lang='lat' dir='ltr'><strong>his</strong></span> <span class='ocrx_word' id='word_1_477' title='bbox 836 3338 1215 3394; x_wconf 88' lang='lat' dir='ltr'><strong>delicientibus</strong></span> <span class='ocrx_word' id='word_1_478' title='bbox 1236 3380 1250 3405; x_wconf 93' lang='lat'><strong>,</strong></span> <span class='ocrx_word' id='word_1_479' title='bbox 1282 3356 1387 3394; x_wconf 88' lang='lat' dir='ltr'><strong>nou</strong></span> <span class='ocrx_word' id='word_1_480' title='bbox 1419 3340 1512 3396; x_wconf 90' lang='lat' dir='ltr'><strong>alii</strong></span> <span class='ocrx_word' id='word_1_481' title='bbox 1545 3342 1699 3396; x_wconf 90' lang='lat' dir='ltr'><strong>nobis</strong></span> <span class='ocrx_word' id='word_1_482' title='bbox 1727 3341 2030 3396; x_wconf 87' lang='lat' dir='ltr'><strong>redimendi</strong></span> 
     </span>
    </p>
   </div>
   <div class='ocr_carea' id='block_1_65' title="bbox 427 3428 2029 3505">
    <p class='ocr_par' dir='ltr' id='par_1_65' title="bbox 427 3428 2029 3505">
     <span class='ocr_line' id='line_1_65' title="bbox 427 3428 2029 3505; baseline 0.002 -19"><span class='ocrx_word' id='word_1_483' title='bbox 427 3430 665 3486; x_wconf 82' lang='lat' dir='ltr'><strong>cultores</strong></span> <span class='ocrx_word' id='word_1_484' title='bbox 692 3430 977 3485; x_wconf 86' lang='lat' dir='ltr'><strong>videntur?</strong></span> <span class='ocrx_word' id='word_1_485' title='bbox 1002 3428 1029 3468; x_wconf 74' lang='grc' dir='ltr'><em>ά</em></span> <span class='ocrx_word' id='word_1_486' title='bbox 1051 3432 1264 3499; x_wconf 86' lang='lat' dir='ltr'><strong>Quanto</strong></span> <span class='ocrx_word' id='word_1_487' title='bbox 1289 3434 1448 3489; x_wconf 89' lang='lat' dir='ltr'><strong>vilius</strong></span> <span class='ocrx_word' id='word_1_488' title='bbox 1468 3434 1559 3490; x_wconf 85' lang='lat' dir='ltr'><strong>est</strong></span> <span class='ocrx_word' id='word_1_489' title='bbox 1589 3449 1842 3504; x_wconf 87' lang='lat' dir='ltr'><strong>pascere,</strong></span> <span class='ocrx_word' id='word_1_490' title='bbox 1867 3449 2029 3505; x_wconf 90' lang='lat' dir='ltr'><strong>quam</strong></span> 
     </span>
    </p>
   </div>
   <div class='ocr_carea' id='block_1_66' title="bbox 430 3521 2033 3598">
    <p class='ocr_par' dir='ltr' id='par_1_66' title="bbox 430 3521 2033 3598">
     <span class='ocr_line' id='line_1_66' title="bbox 430 3521 2033 3598; baseline 0.003 -20"><span class='ocrx_word' id='word_1_491' title='bbox 430 3536 615 3578; x_wconf 84' lang='lat' dir='ltr'><strong>emere</strong></span> <span class='ocrx_word' id='word_1_492' title='bbox 646 3521 953 3579; x_wconf 86' lang='lat' dir='ltr'><strong>cultorem!</strong></span> <span class='ocrx_word' id='word_1_493' title='bbox 987 3523 1088 3580; x_wconf 85' lang='lat' dir='ltr'><strong>Ubi</strong></span> <span class='ocrx_word' id='word_1_494' title='bbox 1133 3526 1298 3580; x_wconf 88' lang='lat' dir='ltr'><strong>etiam</strong></span> <span class='ocrx_word' id='word_1_495' title='bbox 1348 3542 1608 3598; x_wconf 86' lang='lat' dir='ltr'><strong>repares,</strong></span> <span class='ocrx_word' id='word_1_496' title='bbox 1655 3527 1744 3583; x_wconf 90' lang='lat' dir='ltr'><strong>ubi</strong></span> <span class='ocrx_word' id='word_1_497' title='bbox 1786 3527 2033 3583; x_wconf 82' lang='lat' dir='ltr'><strong>invenias</strong></span> 
     </span>
    </p>
   </div>
   <div class='ocr_carea' id='block_1_67' title="bbox 430 3617 2028 3693">
    <p class='ocr_par' dir='ltr' id='par_1_67' title="bbox 430 3617 2028 3693">
     <span class='ocr_line' id='line_1_67' title="bbox 430 3617 2028 3693; baseline 0.004 -21"><span class='ocrx_word' id='word_1_498' title='bbox 430 3632 590 3689; x_wconf 90' lang='lat' dir='ltr'><strong>quem</strong></span> <span class='ocrx_word' id='word_1_499' title='bbox 624 3617 922 3674; x_wconf 82' lang='lat' dir='ltr'><strong>reformes?</strong></span> <span class='ocrx_word' id='word_1_500' title='bbox 950 3619 1103 3675; x_wconf 84' lang='lat' dir='ltr'><strong>Adde</strong></span> <span class='ocrx_word' id='word_1_501' title='bbox 1138 3621 1185 3676; x_wconf 91' lang='lat' dir='ltr'><strong>si</strong></span> <span class='ocrx_word' id='word_1_502' title='bbox 1229 3622 1509 3689; x_wconf 86' lang='lat' dir='ltr'><strong>invenias,</strong></span> <span class='ocrx_word' id='word_1_503' title='bbox 1554 3622 1700 3692; x_wconf 89' lang='lat' dir='ltr'><strong>qttod</strong></span> <span class='ocrx_word' id='word_1_504' title='bbox 1746 3623 2028 3693; x_wconf 90' lang='lat' dir='ltr'><strong>ignarum,</strong></span> 
     </span>
    </p>
   </div>
   <div class='ocr_carea' id='block_1_68' title="bbox 430 3710 2029 3787">
    <p class='ocr_par' dir='ltr' id='par_1_68' title="bbox 430 3710 2029 3787">
     <span class='ocr_line' id='line_1_68' title="bbox 430 3710 2029 3787; baseline 0.004 -21"><span class='ocrx_word' id='word_1_505' title='bbox 430 3717 489 3766; x_wconf 89' lang='lat' dir='ltr'><strong>et</strong></span> <span class='ocrx_word' id='word_1_506' title='bbox 538 3710 707 3766; x_wconf 88' lang='lat' dir='ltr'><strong>alieni</strong></span> <span class='ocrx_word' id='word_1_507' title='bbox 766 3726 935 3780; x_wconf 92' lang='lat' dir='ltr'><strong>usus,</strong></span> <span class='ocrx_word' id='word_1_508' title='bbox 989 3728 1220 3770; x_wconf 85' lang='lat' dir='ltr'><strong>numero</strong></span> <span class='ocrx_word' id='word_1_509' title='bbox 1267 3714 1446 3787; x_wconf 80' lang='lat' dir='ltr'><strong>possis</strong></span> <span class='ocrx_word' id='word_1_510' title='bbox 1498 3716 1870 3784; x_wconf 89' lang='lat' dir='ltr'><strong>substituere,</strong></span> <span class='ocrx_word' id='word_1_511' title='bbox 1920 3732 2029 3773; x_wconf 89' lang='lat' dir='ltr'><strong>non</strong></span> 
     </span>
    </p>
   </div>
   <div class='ocr_carea' id='block_1_69' title="bbox 428 3802 621 3860">
    <p class='ocr_par' dir='ltr' id='par_1_69' title="bbox 428 3802 621 3860">
     <span class='ocr_line' id='line_1_69' title="bbox 428 3802 621 3860; baseline -0.016 0"><span class='ocrx_word' id='word_1_512' title='bbox 428 3802 621 3860; x_wconf 88' lang='lat' dir='ltr'><strong>cultui.</strong></span> 
     </span>
    </p>
   </div>
   <div class='ocr_carea' id='block_1_70' title="bbox 427 3985 2030 4063">
    <p class='ocr_par' dir='ltr' id='par_1_70' title="bbox 427 3985 2030 4063">
     <span class='ocr_line' id='line_1_70' title="bbox 427 3985 2030 4063; baseline 0.001 -19"><span class='ocrx_word' id='word_1_513' title='bbox 427 3985 645 4059; x_wconf 86' lang='lat' dir='ltr'><strong>legitur,</strong></span> <span class='ocrx_word' id='word_1_514' title='bbox 668 3986 908 4058; x_wconf 80' lang='lat' dir='ltr'><strong>Plerique</strong></span> <span class='ocrx_word' id='word_1_515' title='bbox 922 3990 1076 4045; x_wconf 82' lang='lat' dir='ltr'><strong>etiam</strong></span> <span class='ocrx_word' id='word_1_516' title='bbox 1097 3992 1260 4047; x_wconf 80' lang='lat' dir='ltr'><strong>nostri</strong></span> <span class='ocrx_word' id='word_1_517' title='bbox 1278 4000 1514 4063; x_wconf 78' lang='lat' dir='ltr'><strong>parentes</strong></span> <span class='ocrx_word' id='word_1_518' title='bbox 1529 4000 1683 4063; x_wconf 66' lang='lat' dir='ltr'><strong>sunt;</strong></span> <span class='ocrx_word' id='word_1_519' title='bbox 1704 3988 2030 4048; x_wconf 90' lang='lat' dir='ltr'><strong>concinnius</strong></span> 
     </span>
    </p>
   </div>
   <div class='ocr_carea' id='block_1_71' title="bbox 435 4062 2032 4134">
    <p class='ocr_par' dir='ltr' id='par_1_71' title="bbox 435 4062 2032 4134">
     <span class='ocr_line' id='line_1_71' title="bbox 435 4062 2032 4134; baseline 0.003 -20"><span class='ocrx_word' id='word_1_520' title='bbox 435 4069 644 4134; x_wconf 84' lang='lat' dir='ltr'><strong>tamen.</strong></span> <span class='ocrx_word' id='word_1_521' title='bbox 677 4062 964 4117; x_wconf 81' lang='lat' dir='ltr'><strong>communis</strong></span> <span class='ocrx_word' id='word_1_522' title='bbox 994 4065 1220 4134; x_wconf 84' lang='lat' dir='ltr'><strong>parentis</strong></span> <span class='ocrx_word' id='word_1_523' title='bbox 1240 4105 1257 4128; x_wconf 90' lang='lat'><strong>,</strong></span> <span class='ocrx_word' id='word_1_524' title='bbox 1280 4062 1336 4118; x_wconf 88' lang='lat' dir='ltr'><strong>id</strong></span> <span class='ocrx_word' id='word_1_525' title='bbox 1371 4074 1495 4126; x_wconf 88' lang='lat' dir='ltr'><strong>est,</strong></span> <span class='ocrx_word' id='word_1_526' title='bbox 1527 4062 1747 4129; x_wconf 65' lang='lat' dir='ltr'><strong>Romae,</strong></span> <span class='ocrx_word' id='word_1_527' title='bbox 1780 4079 1900 4133; x_wconf 69' lang='lat' dir='ltr'><strong>qua:</strong></span> <span class='ocrx_word' id='word_1_528' title='bbox 1950 4072 2032 4119; x_wconf 82' lang='lat' dir='ltr'><strong>to-</strong></span> 
     </span>
    </p>
   </div>
   <div class='ocr_carea' id='block_1_72' title="bbox 437 4131 2030 4207">
    <p class='ocr_par' dir='ltr' id='par_1_72' title="bbox 437 4131 2030 4207">
     <span class='ocr_line' id='line_1_72' title="bbox 437 4131 2030 4207; baseline 0.003 -21"><span class='ocrx_word' id='word_1_529' title='bbox 437 4131 544 4187; x_wconf 83' lang='lat' dir='ltr'><strong>tius</strong></span> <span class='ocrx_word' id='word_1_530' title='bbox 572 4133 783 4207; x_wconf 86' lang='lat' dir='ltr'><strong>imperii</strong></span> <span class='ocrx_word' id='word_1_531' title='bbox 812 4144 929 4189; x_wconf 86' lang='lat' dir='ltr'><strong>erat</strong></span> <span class='ocrx_word' id='word_1_532' title='bbox 959 4131 1108 4202; x_wconf 80' lang='lat' dir='ltr'><strong>qnasi</strong></span> <span class='ocrx_word' id='word_1_533' title='bbox 1143 4145 1350 4201; x_wconf 87' lang='lat' dir='ltr'><strong>mater,</strong></span> <span class='ocrx_word' id='word_1_534' title='bbox 1383 4135 1469 4191; x_wconf 85' lang='lat' dir='ltr'><strong>vel</strong></span> <span class='ocrx_word' id='word_1_535' title='bbox 1501 4136 1680 4206; x_wconf 81' lang='lat' dir='ltr'><strong>potius</strong></span> <span class='ocrx_word' id='word_1_536' title='bbox 1708 4131 1867 4190; x_wconf 71' lang='lat' dir='ltr'><strong>terra:</strong></span> <span class='ocrx_word' id='word_1_537' title='bbox 1910 4150 2030 4207; x_wconf 66' lang='lat' dir='ltr'><strong>quae</strong></span> 
     </span>
    </p>
   </div>
   <div class='ocr_carea' id='block_1_73' title="bbox 434 4206 1350 4261">
    <p class='ocr_par' dir='ltr' id='par_1_73' title="bbox 434 4206 1350 4261">
     <span class='ocr_line' id='line_1_73' title="bbox 434 4206 1350 4261; baseline 0.002 -3"><span class='ocrx_word' id='word_1_538' title='bbox 434 4206 740 4261; x_wconf 86' lang='lat' dir='ltr'><strong>communis</strong></span> <span class='ocrx_word' id='word_1_539' title='bbox 769 4207 1010 4260; x_wconf 89' lang='lat' dir='ltr'><strong>omnium</strong></span> <span class='ocrx_word' id='word_1_540' title='bbox 1043 4216 1217 4261; x_wconf 82' lang='lat' dir='ltr'><strong>mater</strong></span> <span class='ocrx_word' id='word_1_541' title='bbox 1247 4216 1350 4260; x_wconf 88' lang='lat' dir='ltr'><strong>est.</strong></span> 
     </span>
    </p>
   </div>
   <div class='ocr_carea' id='block_1_74' title="bbox 507 4275 2032 4348">
    <p class='ocr_par' dir='ltr' id='par_1_74' title="bbox 507 4275 2032 4348">
     <span class='ocr_line' id='line_1_74' title="bbox 507 4275 2032 4348; baseline 0.003 -20"><span class='ocrx_word' id='word_1_542' title='bbox 507 4283 535 4312; x_wconf 79' lang='grc' dir='ltr'><strong>ι</strong></span> <span class='ocrx_word' id='word_1_543' title='bbox 567 4275 724 4331; x_wconf 83' lang='lat' dir='ltr'><strong>Rom.</strong></span> <span class='ocrx_word' id='word_1_544' title='bbox 754 4278 922 4344; x_wconf 88' lang='lat' dir='ltr'><strong>edit.,</strong></span> <span class='ocrx_word' id='word_1_545' title='bbox 956 4277 1081 4332; x_wconf 80' lang='lat' dir='ltr'><strong>urbe</strong></span> <span class='ocrx_word' id='word_1_546' title='bbox 1123 4280 1455 4346; x_wconf 67' lang='lat' dir='ltr'><strong>pellerentur.</strong></span> <span class='ocrx_word' id='word_1_547' title='bbox 1498 4277 1602 4346; x_wconf 90' lang='lat' dir='ltr'><strong>Qui</strong></span> <span class='ocrx_word' id='word_1_548' title='bbox 1655 4292 1818 4348; x_wconf 89' lang='lat' dir='ltr'><strong>porro</strong></span> <span class='ocrx_word' id='word_1_549' title='bbox 1869 4276 2032 4333; x_wconf 83' lang='lat' dir='ltr'><strong>fuerit</strong></span> 
     </span>
    </p>
   </div>
   <div class='ocr_carea' id='block_1_75' title="bbox 438 4344 2032 4418">
    <p class='ocr_par' dir='ltr' id='par_1_75' title="bbox 438 4344 2032 4418">
     <span class='ocr_line' id='line_1_75' title="bbox 438 4344 2032 4418; baseline 0.004 -18"><span class='ocrx_word' id='word_1_550' title='bbox 438 4344 562 4418; x_wconf 88' lang='lat' dir='ltr'><strong>pius</strong></span> <span class='ocrx_word' id='word_1_551' title='bbox 590 4348 679 4418; x_wconf 83' lang='lat' dir='ltr'><strong>ille</strong></span> <span class='ocrx_word' id='word_1_552' title='bbox 710 4360 870 4403; x_wconf 70' lang='lat' dir='ltr'><strong>senes</strong></span> <span class='ocrx_word' id='word_1_553' title='bbox 895 4391 910 4409; x_wconf 87' lang='lat'><strong>.</strong></span> <span class='ocrx_word' id='word_1_554' title='bbox 938 4350 1095 4417; x_wconf 80' lang='lat' dir='ltr'><strong>cuius</strong></span> <span class='ocrx_word' id='word_1_555' title='bbox 1121 4344 1352 4404; x_wconf 77' lang='lat' dir='ltr'><strong>consilio</strong></span> <span class='ocrx_word' id='word_1_556' title='bbox 1385 4344 1553 4403; x_wconf 84' lang='lat' dir='ltr'><strong>Roma</strong></span> <span class='ocrx_word' id='word_1_557' title='bbox 1583 4344 1756 4404; x_wconf 68' lang='lat' dir='ltr'><strong>exacti</strong></span> <span class='ocrx_word' id='word_1_558' title='bbox 1789 4364 1895 4406; x_wconf 91' lang='lat' dir='ltr'><strong>non</strong></span> <span class='ocrx_word' id='word_1_559' title='bbox 1923 4351 2032 4407; x_wconf 90' lang='lat' dir='ltr'><strong>sint</strong></span> 
     </span>
    </p>
   </div>
   <div class='ocr_carea' id='block_1_76' title="bbox 2136 3243 3733 3318">
    <p class='ocr_par' dir='ltr' id='par_1_76' title="bbox 2136 3243 3733 3318">
     <span class='ocr_line' id='line_1_76' title="bbox 2136 3243 3733 3318; baseline 0.001 -13"><span class='ocrx_word' id='word_1_560' title='bbox 2136 3247 2432 3305; x_wconf 83' lang='lat' dir='ltr'><strong>collatione</strong></span> <span class='ocrx_word' id='word_1_561' title='bbox 2459 3247 2791 3318; x_wconf 88' lang='lat' dir='ltr'><strong>locupletum</strong></span> <span class='ocrx_word' id='word_1_562' title='bbox 2819 3243 2993 3315; x_wconf 80' lang='lat' dir='ltr'><strong>juvari</strong></span> <span class='ocrx_word' id='word_1_563' title='bbox 3021 3255 3275 3317; x_wconf 78' lang='lat' dir='ltr'><strong>egentes,</strong></span> <span class='ocrx_word' id='word_1_564' title='bbox 3310 3247 3602 3303; x_wconf 85' lang='lat' dir='ltr'><strong>ministrari</strong></span> <span class='ocrx_word' id='word_1_565' title='bbox 3650 3250 3733 3306; x_wconf 81' lang='lat' dir='ltr'><strong>vi-</strong></span> 
     </span>
    </p>
   </div>
   <div class='ocr_carea' id='block_1_77' title="bbox 2137 3337 3727 3408">
    <p class='ocr_par' dir='ltr' id='par_1_77' title="bbox 2137 3337 3727 3408">
     <span class='ocr_line' id='line_1_77' title="bbox 2137 3337 3727 3408; baseline 0.001 -11"><span class='ocrx_word' id='word_1_566' title='bbox 2137 3350 2284 3397; x_wconf 88' lang='lat' dir='ltr'><strong>ctum</strong></span> <span class='ocrx_word' id='word_1_567' title='bbox 2302 3339 2692 3405; x_wconf 86' lang='lat' dir='ltr'><strong>esurientibus;</strong></span> <span class='ocrx_word' id='word_1_568' title='bbox 2712 3338 2841 3393; x_wconf 89' lang='lat' dir='ltr'><strong>nulli</strong></span> <span class='ocrx_word' id='word_1_569' title='bbox 2860 3338 3038 3394; x_wconf 85' lang='lat' dir='ltr'><strong>cibum</strong></span> <span class='ocrx_word' id='word_1_570' title='bbox 3056 3337 3278 3395; x_wconf 79' lang='lat' dir='ltr'><strong>defore?</strong></span> <span class='ocrx_word' id='word_1_571' title='bbox 3297 3339 3433 3408; x_wconf 87' lang='lat' dir='ltr'><strong>Quid</strong></span> <span class='ocrx_word' id='word_1_572' title='bbox 3458 3351 3563 3395; x_wconf 90' lang='lat' dir='ltr'><strong>lam</strong></span> <span class='ocrx_word' id='word_1_573' title='bbox 3579 3342 3727 3408; x_wconf 85' lang='lat' dir='ltr'><strong>utile,</strong></span> 
     </span>
    </p>
   </div>
   <div class='ocr_carea' id='block_1_78' title="bbox 2137 3431 3732 3505">
    <p class='ocr_par' dir='ltr' id='par_1_78' title="bbox 2137 3431 3732 3505">
     <span class='ocr_line' id='line_1_78' title="bbox 2137 3431 3732 3505; baseline 0.003 -18"><span class='ocrx_word' id='word_1_574' title='bbox 2137 3448 2297 3505; x_wconf 90' lang='lat' dir='ltr'><strong>quam</strong></span> <span class='ocrx_word' id='word_1_575' title='bbox 2334 3431 2351 3470; x_wconf 73' lang='grc' dir='ltr'><em>τ</em></span> <span class='ocrx_word' id='word_1_576' title='bbox 2388 3434 2626 3489; x_wconf 90' lang='lat' dir='ltr'><strong>cultores</strong></span> <span class='ocrx_word' id='word_1_577' title='bbox 2649 3445 2780 3503; x_wconf 84' lang='lat' dir='ltr'><strong>agro</strong></span> <span class='ocrx_word' id='word_1_578' title='bbox 2809 3431 3100 3499; x_wconf 85' lang='lat' dir='ltr'><strong>reservari,</strong></span> <span class='ocrx_word' id='word_1_579' title='bbox 3130 3446 3238 3487; x_wconf 89' lang='lat' dir='ltr'><strong>non</strong></span> <span class='ocrx_word' id='word_1_580' title='bbox 3271 3432 3493 3488; x_wconf 88' lang='lat' dir='ltr'><strong>interire</strong></span> <span class='ocrx_word' id='word_1_581' title='bbox 3520 3433 3732 3505; x_wconf 87' lang='lat' dir='ltr'><strong>plebem</strong></span> 
     </span>
    </p>
   </div>
   <div class='ocr_carea' id='block_1_79' title="bbox 2139 3524 2572 3581">
    <p class='ocr_par' dir='ltr' id='par_1_79' title="bbox 2139 3524 2572 3581">
     <span class='ocr_line' id='line_1_79' title="bbox 2139 3524 2572 3581; baseline -0.007 0"><span class='ocrx_word' id='word_1_582' title='bbox 2139 3524 2572 3581; x_wconf 78' lang='lat' dir='ltr'><strong>rusticanorum?</strong></span> 
     </span>
    </p>
   </div>
   <div class='ocr_carea' id='block_1_80' title="bbox 2214 3617 3732 3690">
    <p class='ocr_par' dir='ltr' id='par_1_80' title="bbox 2214 3617 3732 3690">
     <span class='ocr_line' id='line_1_80' title="bbox 2214 3617 3732 3690; baseline -0.001 -14"><span class='ocrx_word' id='word_1_583' title='bbox 2214 3618 2303 3676; x_wconf 69' lang='lat'><strong>5%.</strong></span> <span class='ocrx_word' id='word_1_584' title='bbox 2346 3618 2497 3686; x_wconf 91' lang='lat' dir='ltr'><strong>Quod</strong></span> <span class='ocrx_word' id='word_1_585' title='bbox 2544 3617 2831 3673; x_wconf 88' lang='lat' dir='ltr'><strong>honestum</strong></span> <span class='ocrx_word' id='word_1_586' title='bbox 2875 3617 3059 3689; x_wconf 90' lang='lat' dir='ltr'><strong>igitur,</strong></span> <span class='ocrx_word' id='word_1_587' title='bbox 3091 3627 3147 3673; x_wconf 92' lang='lat' dir='ltr'><strong>et</strong></span> <span class='ocrx_word' id='word_1_588' title='bbox 3187 3617 3318 3674; x_wconf 89' lang='lat' dir='ltr'><strong>utile</strong></span> <span class='ocrx_word' id='word_1_589' title='bbox 3343 3625 3464 3673; x_wconf 90' lang='lat' dir='ltr'><strong>est:</strong></span> <span class='ocrx_word' id='word_1_590' title='bbox 3499 3626 3555 3673; x_wconf 90' lang='lat' dir='ltr'><strong>et</strong></span> <span class='ocrx_word' id='word_1_591' title='bbox 3588 3618 3732 3690; x_wconf 87' lang='lat' dir='ltr'><strong>quod</strong></span> 
     </span>
    </p>
   </div>
   <div class='ocr_carea' id='block_1_81' title="bbox 2141 3709 3733 3787">
    <p class='ocr_par' dir='ltr' id='par_1_81' title="bbox 2141 3709 3733 3787">
     <span class='ocr_line' id='line_1_81' title="bbox 2141 3709 3733 3787; baseline -0.002 -19"><span class='ocrx_word' id='word_1_592' title='bbox 2141 3712 2274 3769; x_wconf 90' lang='lat' dir='ltr'><strong>utile</strong></span> <span class='ocrx_word' id='word_1_593' title='bbox 2299 3752 2315 3778; x_wconf 93' lang='lat'><strong>,</strong></span> <span class='ocrx_word' id='word_1_594' title='bbox 2355 3710 2662 3766; x_wconf 88' lang='lat' dir='ltr'><strong>honestum.</strong></span> <span class='ocrx_word' id='word_1_595' title='bbox 2696 3710 2966 3765; x_wconf 85' lang='lat' dir='ltr'><strong>Etcontra</strong></span> <span class='ocrx_word' id='word_1_596' title='bbox 2996 3709 3141 3787; x_wconf 89' lang='lat' dir='ltr'><strong>quod</strong></span> <span class='ocrx_word' id='word_1_597' title='bbox 3169 3710 3379 3778; x_wconf 90' lang='lat' dir='ltr'><strong>inutile,</strong></span> <span class='ocrx_word' id='word_1_598' title='bbox 3396 3709 3733 3779; x_wconf 87' lang='lat' dir='ltr'><strong>indecorum;</strong></span> 
     </span>
    </p>
   </div>
   <div class='ocr_carea' id='block_1_82' title="bbox 2143 3800 3370 3876">
    <p class='ocr_par' dir='ltr' id='par_1_82' title="bbox 2143 3800 3370 3876">
     <span class='ocr_line' id='line_1_82' title="bbox 2143 3800 3370 3876; baseline -0.003 -16"><span class='ocrx_word' id='word_1_599' title='bbox 2143 3802 2289 3876; x_wconf 90' lang='lat' dir='ltr'><strong>quod</strong></span> <span class='ocrx_word' id='word_1_600' title='bbox 2317 3812 2496 3860; x_wconf 88' lang='lat' dir='ltr'><strong>autem</strong></span> <span class='ocrx_word' id='word_1_601' title='bbox 2530 3802 2869 3869; x_wconf 88' lang='lat' dir='ltr'><strong>indecorum,</strong></span> <span class='ocrx_word' id='word_1_602' title='bbox 2893 3800 2948 3857; x_wconf 88' lang='lat' dir='ltr'><strong>id</strong></span> <span class='ocrx_word' id='word_1_603' title='bbox 2969 3801 3133 3858; x_wconf 88' lang='lat' dir='ltr'><strong>etiam</strong></span> <span class='ocrx_word' id='word_1_604' title='bbox 3162 3802 3370 3858; x_wconf 87' lang='lat' dir='ltr'><strong>inutile.</strong></span> 
     </span>
    </p>
   </div>
   <div class='ocr_carea' id='block_1_83' title="bbox 2134 3987 3736 4058">
    <p class='ocr_par' dir='ltr' id='par_1_83' title="bbox 2134 3987 3736 4058">
     <span class='ocr_line' id='line_1_83' title="bbox 2134 3987 3736 4058; baseline -0.001 -13"><span class='ocrx_word' id='word_1_605' title='bbox 2134 3989 2537 4058; x_wconf 74' lang='lat' dir='ltr'><strong>Quzestionibus</strong></span> <span class='ocrx_word' id='word_1_606' title='bbox 2559 4030 2573 4051; x_wconf 88' lang='lat'><strong>.</strong></span> <span class='ocrx_word' id='word_1_607' title='bbox 2602 3988 2692 4043; x_wconf 91' lang='lat' dir='ltr'><strong>ubi</strong></span> <span class='ocrx_word' id='word_1_608' title='bbox 2720 3989 2879 4043; x_wconf 86' lang='lat' dir='ltr'><strong>etiam</strong></span> <span class='ocrx_word' id='word_1_609' title='bbox 2907 3987 3046 4044; x_wconf 89' lang='lat' dir='ltr'><strong>duos</strong></span> <span class='ocrx_word' id='word_1_610' title='bbox 3070 3989 3251 4057; x_wconf 89' lang='lat' dir='ltr'><strong>locos,</strong></span> <span class='ocrx_word' id='word_1_611' title='bbox 3281 3988 3511 4044; x_wconf 89' lang='lat' dir='ltr'><strong>alterum</strong></span> <span class='ocrx_word' id='word_1_612' title='bbox 3542 3987 3736 4044; x_wconf 57' lang='lat' dir='ltr'><strong>Hiero-</strong></span> 
     </span>
    </p>
   </div>
   <div class='ocr_carea' id='block_1_84' title="bbox 2134 4060 3734 4131">
    <p class='ocr_par' dir='ltr' id='par_1_84' title="bbox 2134 4060 3734 4131">
     <span class='ocr_line' id='line_1_84' title="bbox 2134 4060 3734 4131; baseline -0.002 -13"><span class='ocrx_word' id='word_1_613' title='bbox 2134 4062 2283 4131; x_wconf 84' lang='lat' dir='ltr'><strong>nymi</strong></span> <span class='ocrx_word' id='word_1_614' title='bbox 2303 4104 2317 4125; x_wconf 83' lang='lat'><strong>,</strong></span> <span class='ocrx_word' id='word_1_615' title='bbox 2352 4061 2633 4116; x_wconf 89' lang='lat' dir='ltr'><strong>Prudentii</strong></span> <span class='ocrx_word' id='word_1_616' title='bbox 2661 4061 2895 4116; x_wconf 89' lang='lat' dir='ltr'><strong>alterum</strong></span> <span class='ocrx_word' id='word_1_617' title='bbox 2914 4103 2929 4118; x_wconf 94' lang='lat'><strong>.</strong></span> <span class='ocrx_word' id='word_1_618' title='bbox 2958 4061 3028 4116; x_wconf 91' lang='lat' dir='ltr'><strong>de</strong></span> <span class='ocrx_word' id='word_1_619' title='bbox 3056 4061 3246 4117; x_wconf 89' lang='lat' dir='ltr'><strong>eadem</strong></span> <span class='ocrx_word' id='word_1_620' title='bbox 3286 4060 3604 4129; x_wconf 68' lang='lat' dir='ltr'><strong>praefectura</strong></span> <span class='ocrx_word' id='word_1_621' title='bbox 3634 4076 3734 4115; x_wconf 80' lang='lat' dir='ltr'><strong>ex-</strong></span> 
     </span>
    </p>
   </div>
   <div class='ocr_carea' id='block_1_85' title="bbox 2135 4132 3734 4206">
    <p class='ocr_par' dir='ltr' id='par_1_85' title="bbox 2135 4132 3734 4206">
     <span class='ocr_line' id='line_1_85' title="bbox 2135 4132 3734 4206; baseline -0.001 -17"><span class='ocrx_word' id='word_1_622' title='bbox 2135 4133 2317 4206; x_wconf 87' lang='lat' dir='ltr'><strong>plicat.</strong></span> <span class='ocrx_word' id='word_1_623' title='bbox 2349 4133 2456 4206; x_wconf 81' lang='lat' dir='ltr'><strong>Sed</strong></span> <span class='ocrx_word' id='word_1_624' title='bbox 2488 4134 2539 4188; x_wconf 91' lang='lat' dir='ltr'><strong>in</strong></span> <span class='ocrx_word' id='word_1_625' title='bbox 2583 4132 2687 4187; x_wconf 86' lang='lat' dir='ltr'><strong>hoc</strong></span> <span class='ocrx_word' id='word_1_626' title='bbox 2728 4148 2851 4206; x_wconf 78' lang='lat' dir='ltr'><strong>cum</strong></span> <span class='ocrx_word' id='word_1_627' title='bbox 2883 4133 3206 4206; x_wconf 81' lang='lat' dir='ltr'><strong>Gothofrido</strong></span> <span class='ocrx_word' id='word_1_628' title='bbox 3240 4132 3579 4187; x_wconf 83' lang='lat' dir='ltr'><strong>llermannus</strong></span> <span class='ocrx_word' id='word_1_629' title='bbox 3607 4134 3734 4188; x_wconf 78' lang='lat' dir='ltr'><strong>vita:</strong></span> 
     </span>
    </p>
   </div>
   <div class='ocr_carea' id='block_1_86' title="bbox 2135 4204 3734 4274">
    <p class='ocr_par' dir='ltr' id='par_1_86' title="bbox 2135 4204 3734 4274">
     <span class='ocr_line' id='line_1_86' title="bbox 2135 4204 3734 4274; baseline -0.001 -13"><span class='ocrx_word' id='word_1_630' title='bbox 2135 4204 2323 4261; x_wconf 61' lang='lat' dir='ltr'><strong>Anthr.</strong></span> <span class='ocrx_word' id='word_1_631' title='bbox 2357 4204 2453 4259; x_wconf 85' lang='lat' dir='ltr'><strong>lib.</strong></span> <span class='ocrx_word' id='word_1_632' title='bbox 2480 4219 2493 4259; x_wconf 81' lang='grc' dir='ltr'><strong>ι</strong></span> <span class='ocrx_word' id='word_1_633' title='bbox 2518 4246 2533 4269; x_wconf 89' lang='grc'><em>,</em></span> <span class='ocrx_word' id='word_1_634' title='bbox 2562 4219 2684 4274; x_wconf 85' lang='lat' dir='ltr'><strong>cap.</strong></span> <span class='ocrx_word' id='word_1_635' title='bbox 2713 4204 2780 4272; x_wconf 88' lang='grc'><strong>6,</strong></span> <span class='ocrx_word' id='word_1_636' title='bbox 2816 4220 2921 4257; x_wconf 88' lang='lat' dir='ltr'><strong>non</strong></span> <span class='ocrx_word' id='word_1_637' title='bbox 2963 4205 3203 4259; x_wconf 78' lang='lat' dir='ltr'><strong>caucittit</strong></span> <span class='ocrx_word' id='word_1_638' title='bbox 3227 4246 3244 4271; x_wconf 84' lang='lat'><strong>,</strong></span> <span class='ocrx_word' id='word_1_639' title='bbox 3291 4210 3435 4258; x_wconf 88' lang='lat' dir='ltr'><strong>sicut</strong></span> <span class='ocrx_word' id='word_1_640' title='bbox 3480 4218 3579 4260; x_wconf 92' lang='lat' dir='ltr'><strong>nec</strong></span> <span class='ocrx_word' id='word_1_641' title='bbox 3607 4219 3734 4259; x_wconf 86' lang='lat' dir='ltr'><strong>cum</strong></span> 
     </span>
    </p>
   </div>
   <div class='ocr_carea' id='block_1_87' title="bbox 2135 4275 3733 4346">
    <p class='ocr_par' dir='ltr' id='par_1_87' title="bbox 2135 4275 3733 4346">
     <span class='ocr_line' id='line_1_87' title="bbox 2135 4275 3733 4346; baseline -0.002 -14"><span class='ocrx_word' id='word_1_642' title='bbox 2135 4276 2370 4332; x_wconf 83' lang='lat' dir='ltr'><strong>Barouio</strong></span> <span class='ocrx_word' id='word_1_643' title='bbox 2395 4275 2463 4331; x_wconf 87' lang='lat' dir='ltr'><strong>de</strong></span> <span class='ocrx_word' id='word_1_644' title='bbox 2516 4277 2657 4330; x_wconf 77' lang='lat' dir='ltr'><strong>fame</strong></span> <span class='ocrx_word' id='word_1_645' title='bbox 2709 4277 2835 4331; x_wconf 87' lang='lat' dir='ltr'><strong>anni</strong></span> <span class='ocrx_word' id='word_1_646' title='bbox 2864 4276 2971 4332; x_wconf 69' lang='lat'><strong>583</strong></span> <span class='ocrx_word' id='word_1_647' title='bbox 2998 4318 3012 4338; x_wconf 88' lang='lat'><strong>,</strong></span> <span class='ocrx_word' id='word_1_648' title='bbox 3047 4278 3276 4345; x_wconf 89' lang='lat' dir='ltr'><strong>primam</strong></span> <span class='ocrx_word' id='word_1_649' title='bbox 3322 4275 3522 4346; x_wconf 86' lang='lat' dir='ltr'><strong>quippe</strong></span> <span class='ocrx_word' id='word_1_650' title='bbox 3560 4275 3733 4331; x_wconf 71' lang='lat' dir='ltr'><strong>conti~</strong></span> 
     </span>
    </p>
   </div>
   <div class='ocr_carea' id='block_1_88' title="bbox 2133 4346 3738 4420">
    <p class='ocr_par' dir='ltr' id='par_1_88' title="bbox 2133 4346 3738 4420">
     <span class='ocr_line' id='line_1_88' title="bbox 2133 4346 3738 4420; baseline 0.001 -18"><span class='ocrx_word' id='word_1_651' title='bbox 2133 4350 2280 4420; x_wconf 81' lang='lat' dir='ltr'><strong>gisse</strong></span> <span class='ocrx_word' id='word_1_652' title='bbox 2314 4348 2417 4403; x_wconf 92' lang='lat' dir='ltr'><strong>hoc</strong></span> <span class='ocrx_word' id='word_1_653' title='bbox 2463 4363 2607 4403; x_wconf 89' lang='lat' dir='ltr'><strong>anno</strong></span> <span class='ocrx_word' id='word_1_654' title='bbox 2649 4346 2848 4403; x_wconf 86' lang='lat' dir='ltr'><strong>ibidem</strong></span> <span class='ocrx_word' id='word_1_655' title='bbox 2898 4348 2998 4403; x_wconf 90' lang='lat' dir='ltr'><strong>lib.</strong></span> <span class='ocrx_word' id='word_1_656' title='bbox 3028 4364 3119 4415; x_wconf 86' lang='grc' dir='ltr'>ιιι,</span> <span class='ocrx_word' id='word_1_657' title='bbox 3153 4363 3275 4418; x_wconf 85' lang='lat' dir='ltr'><strong>cap.</strong></span> <span class='ocrx_word' id='word_1_658' title='bbox 3306 4348 3340 4404; x_wconf 87' lang='lat'><strong>8</strong></span> <span class='ocrx_word' id='word_1_659' title='bbox 3361 4388 3379 4417; x_wconf 92' lang='lat'><strong>,</strong></span> <span class='ocrx_word' id='word_1_660' title='bbox 3407 4363 3536 4404; x_wconf 88' lang='lat' dir='ltr'><strong>vero</strong></span> <span class='ocrx_word' id='word_1_661' title='bbox 3583 4355 3738 4419; x_wconf 80' lang='lat' dir='ltr'><strong>putat</strong></span> 
     </span>
    </p>
   </div>
   <div class='ocr_carea' id='block_1_89' title="bbox 441 4417 2498 4499">
    <p class='ocr_par' dir='ltr' id='par_1_89' title="bbox 441 4417 2498 4499">
     <span class='ocr_line' id='line_1_89' title="bbox 441 4417 2498 4499; baseline -0 -25"><span class='ocrx_word' id='word_1_662' title='bbox 441 4417 761 4499; x_wconf 71' lang='lat' dir='ltr'><strong>itcrc-griiti,_</strong></span> <span class='ocrx_word' id='word_1_663' title='bbox 783 4436 931 4499; x_wconf 80' lang='lat' dir='ltr'><strong>a-gre</strong></span> <span class='ocrx_word' id='word_1_664' title='bbox 956 4421 1251 4499; x_wconf 66' lang='lat' dir='ltr'><strong>intelligas.</strong></span> <span class='ocrx_word' id='word_1_665' title='bbox 1296 4419 1565 4499; x_wconf 26' lang='lat' dir='ltr'><strong>ld‘tamen</strong></span> <span class='ocrx_word' id='word_1_666' title='bbox 1618 4432 1823 4499; x_wconf 73' lang='lat' dir='ltr'><strong>eertum</strong></span> <span class='ocrx_word' id='word_1_667' title='bbox 1864 4422 2033 4499; x_wconf 79' lang='lat' dir='ltr'><strong>videri</strong></span> <span class='ocrx_word' id='word_1_668' title='bbox 2063 4440 2114 4499; x_wconf 82' lang='lat' dir='ltr'><strong>D</strong></span> <span class='ocrx_word' id='word_1_669' title='bbox 2140 4417 2498 4499; x_wconf 68' lang='lat' dir='ltr'><strong>simillimum.</strong></span> 
     </span>
    </p>
   </div>
   <div class='ocr_carea' id='block_1_90' title="bbox 439 4488 2033 4563">
    <p class='ocr_par' dir='ltr' id='par_1_90' title="bbox 439 4488 2033 4563">
     <span class='ocr_line' id='line_1_90' title="bbox 439 4488 2033 4563; baseline 0.003 -19"><span class='ocrx_word' id='word_1_670' title='bbox 439 4499 622 4563; x_wconf 79' lang='lat' dir='ltr'><strong>potest</strong></span> <span class='ocrx_word' id='word_1_671' title='bbox 641 4530 655 4554; x_wconf 95' lang='lat'><strong>,</strong></span> <span class='ocrx_word' id='word_1_672' title='bbox 690 4488 856 4545; x_wconf 81' lang='lat' dir='ltr'><strong>fuisse</strong></span> <span class='ocrx_word' id='word_1_673' title='bbox 886 4488 1286 4563; x_wconf 33' lang='lat' dir='ltr'><strong>videlicet‘cum</strong></span> <span class='ocrx_word' id='word_1_674' title='bbox 1317 4490 1641 4547; x_wconf 62' lang='lat' dir='ltr'><strong>Christiana!</strong></span> <span class='ocrx_word' id='word_1_675' title='bbox 1671 4493 1914 4563; x_wconf 80' lang='lat' dir='ltr'><strong>religioai</strong></span> <span class='ocrx_word' id='word_1_676' title='bbox 1937 4493 2033 4549; x_wconf 91' lang='lat' dir='ltr'><strong>ad-</strong></span> 
     </span>
    </p>
   </div>
   <div class='ocr_carea' id='block_1_91' title="bbox 443 4560 2034 4635">
    <p class='ocr_par' dir='ltr' id='par_1_91' title="bbox 443 4560 2034 4635">
     <span class='ocr_line' id='line_1_91' title="bbox 443 4560 2034 4635; baseline 0.002 -20"><span class='ocrx_word' id='word_1_677' title='bbox 443 4560 645 4635; x_wconf 86' lang='lat' dir='ltr'><strong>dictum</strong></span> <span class='ocrx_word' id='word_1_678' title='bbox 669 4603 684 4624; x_wconf 86' lang='lat'><strong>,</strong></span> <span class='ocrx_word' id='word_1_679' title='bbox 715 4579 837 4617; x_wconf 89' lang='lat' dir='ltr'><strong>cum</strong></span> <span class='ocrx_word' id='word_1_680' title='bbox 868 4565 937 4617; x_wconf 91' lang='lat' dir='ltr'><strong>ab</strong></span> <span class='ocrx_word' id='word_1_681' title='bbox 969 4562 1257 4617; x_wconf 80' lang='lat' dir='ltr'><strong>Ambrosio</strong></span> <span class='ocrx_word' id='word_1_682' title='bbox 1303 4566 1681 4635; x_wconf 63' lang='lat' dir='ltr'><strong>sanctiSsimus</strong></span> <span class='ocrx_word' id='word_1_683' title='bbox 1723 4560 1889 4621; x_wconf 78' lang='lat' dir='ltr'><strong>senex</strong></span> <span class='ocrx_word' id='word_1_684' title='bbox 1937 4581 2034 4635; x_wconf 67' lang='lat' dir='ltr'><strong>ap-</strong></span> 
     </span>
    </p>
   </div>
   <div class='ocr_carea' id='block_1_92' title="bbox 441 4633 2030 4704">
    <p class='ocr_par' dir='ltr' id='par_1_92' title="bbox 441 4633 2030 4704">
     <span class='ocr_line' id='line_1_92' title="bbox 441 4633 2030 4704; baseline 0.003 -17"><span class='ocrx_word' id='word_1_685' title='bbox 441 4633 716 4704; x_wconf 85' lang='lat' dir='ltr'><strong>pelletur:</strong></span> <span class='ocrx_word' id='word_1_686' title='bbox 745 4648 809 4689; x_wconf 90' lang='lat' dir='ltr'><strong>ac</strong></span> <span class='ocrx_word' id='word_1_687' title='bbox 850 4647 1112 4704; x_wconf 63' lang='lat' dir='ltr'><strong>praeterea</strong></span> <span class='ocrx_word' id='word_1_688' title='bbox 1143 4651 1247 4689; x_wconf 91' lang='lat' dir='ltr'><strong>non</strong></span> <span class='ocrx_word' id='word_1_689' title='bbox 1285 4650 1519 4690; x_wconf 65' lang='lat' dir='ltr'><strong>annonae</strong></span> <span class='ocrx_word' id='word_1_690' title='bbox 1549 4634 1861 4703; x_wconf 70' lang='lat' dir='ltr'><strong>praefectum</strong></span> <span class='ocrx_word' id='word_1_691' title='bbox 1889 4678 1903 4701; x_wconf 92' lang='lat'><strong>,</strong></span> <span class='ocrx_word' id='word_1_692' title='bbox 1935 4633 2030 4692; x_wconf 84' lang='lat' dir='ltr'><strong>sed</strong></span> 
     </span>
    </p>
   </div>
   <div class='ocr_carea' id='block_1_93' title="bbox 438 4703 2033 4777">
    <p class='ocr_par' dir='ltr' id='par_1_93' title="bbox 438 4703 2033 4777">
     <span class='ocr_line' id='line_1_93' title="bbox 438 4703 2033 4777; baseline 0.005 -20"><span class='ocrx_word' id='word_1_693' title='bbox 438 4703 590 4777; x_wconf 69' lang='lat' dir='ltr'><strong>urbis</strong></span> <span class='ocrx_word' id='word_1_694' title='bbox 631 4707 944 4773; x_wconf 78' lang='lat' dir='ltr'><strong>exstitisse;</strong></span> <span class='ocrx_word' id='word_1_695' title='bbox 982 4704 1132 4761; x_wconf 86' lang='lat' dir='ltr'><strong>ilum</strong></span> <span class='ocrx_word' id='word_1_696' title='bbox 1175 4707 1318 4762; x_wconf 88' lang='lat' dir='ltr'><strong>enim</strong></span> <span class='ocrx_word' id='word_1_697' title='bbox 1368 4707 1470 4760; x_wconf 87' lang='lat' dir='ltr'><strong>sub</strong></span> <span class='ocrx_word' id='word_1_698' title='bbox 1521 4707 1680 4777; x_wconf 80' lang='lat' dir='ltr'><strong>huius</strong></span> <span class='ocrx_word' id='word_1_699' title='bbox 1711 4711 2033 4766; x_wconf 86' lang='lat' dir='ltr'><strong>auctoritate</strong></span> 
     </span>
    </p>
   </div>
   <div class='ocr_carea' id='block_1_94' title="bbox 440 4773 2033 4848">
    <p class='ocr_par' dir='ltr' id='par_1_94' title="bbox 440 4773 2033 4848">
     <span class='ocr_line' id='line_1_94' title="bbox 440 4773 2033 4848; baseline 0.004 -18"><span class='ocrx_word' id='word_1_700' title='bbox 440 4773 611 4831; x_wconf 81' lang='lat' dir='ltr'><strong>fuisse</strong></span> <span class='ocrx_word' id='word_1_701' title='bbox 630 4817 646 4842; x_wconf 91' lang='lat'><strong>,</strong></span> <span class='ocrx_word' id='word_1_702' title='bbox 677 4792 742 4831; x_wconf 90' lang='lat' dir='ltr'><strong>ac</strong></span> <span class='ocrx_word' id='word_1_703' title='bbox 772 4787 1063 4848; x_wconf 80' lang='lat' dir='ltr'><strong>ttlt‘tttttqtte</strong></span> <span class='ocrx_word' id='word_1_704' title='bbox 1106 4792 1338 4832; x_wconf 74' lang='lat' dir='ltr'><strong>annuum</strong></span> <span class='ocrx_word' id='word_1_705' title='bbox 1365 4777 1543 4832; x_wconf 68' lang='lat' dir='ltr'><strong>ciVilis</strong></span> <span class='ocrx_word' id='word_1_706' title='bbox 1585 4773 1771 4834; x_wconf 66' lang='lat' dir='ltr'><strong>curam</strong></span> <span class='ocrx_word' id='word_1_707' title='bbox 1800 4785 2033 4845; x_wconf 73' lang='lat' dir='ltr'><strong>gessisse</strong></span> 
     </span>
    </p>
   </div>
   <div class='ocr_carea' id='block_1_95' title="bbox 435 4848 2027 4920">
    <p class='ocr_par' dir='ltr' id='par_1_95' title="bbox 435 4848 2027 4920">
     <span class='ocr_line' id='line_1_95' title="bbox 435 4848 2027 4920; baseline 0.003 -19"><span class='ocrx_word' id='word_1_708' title='bbox 435 4860 626 4920; x_wconf 69' lang='lat' dir='ltr'><strong>auctor</strong></span> <span class='ocrx_word' id='word_1_709' title='bbox 671 4858 756 4904; x_wconf 91' lang='lat' dir='ltr'><strong>est</strong></span> <span class='ocrx_word' id='word_1_710' title='bbox 781 4848 830 4904; x_wconf 74' lang='grc' dir='ltr'><strong>Ι1.</strong></span> <span class='ocrx_word' id='word_1_711' title='bbox 856 4849 917 4905; x_wconf 92' lang='lat' dir='ltr'><strong>C.</strong></span> <span class='ocrx_word' id='word_1_712' title='bbox 949 4849 1282 4919; x_wconf 83' lang='lat' dir='ltr'><strong>Bulengerus</strong></span> <span class='ocrx_word' id='word_1_713' title='bbox 1315 4850 1408 4904; x_wconf 92' lang='lat' dir='ltr'><strong>lib.</strong></span> <span class='ocrx_word' id='word_1_714' title='bbox 1438 4865 1491 4905; x_wconf 82' lang='lat' dir='ltr'><strong>vr</strong></span> <span class='ocrx_word' id='word_1_715' title='bbox 1512 4850 1581 4907; x_wconf 88' lang='lat' dir='ltr'><strong>de</strong></span> <span class='ocrx_word' id='word_1_716' title='bbox 1611 4849 1843 4920; x_wconf 89' lang='lat' dir='ltr'><strong>Imperio</strong></span> <span class='ocrx_word' id='word_1_717' title='bbox 1871 4852 2027 4907; x_wconf 74' lang='lat' dir='ltr'><strong>llum.</strong></span> 
     </span>
    </p>
   </div>
   <div class='ocr_carea' id='block_1_96' title="bbox 437 4917 2032 4988">
    <p class='ocr_par' dir='ltr' id='par_1_96' title="bbox 437 4917 2032 4988">
     <span class='ocr_line' id='line_1_96' title="bbox 437 4917 2032 4988; baseline 0.003 -14"><span class='ocrx_word' id='word_1_718' title='bbox 437 4932 557 4985; x_wconf 82' lang='lat' dir='ltr'><strong>cap.</strong></span> <span class='ocrx_word' id='word_1_719' title='bbox 600 4917 675 4982; x_wconf 75' lang='lat'><strong>2,</strong></span> <span class='ocrx_word' id='word_1_720' title='bbox 725 4934 825 4975; x_wconf 83' lang='lat' dir='ltr'><strong>nec</strong></span> <span class='ocrx_word' id='word_1_721' title='bbox 877 4922 986 4976; x_wconf 89' lang='lat' dir='ltr'><strong>alio</strong></span> <span class='ocrx_word' id='word_1_722' title='bbox 1036 4917 1636 4988; x_wconf 79' lang='lat' dir='ltr'><strong>spectaredixerimus</strong></span> <span class='ocrx_word' id='word_1_723' title='bbox 1676 4917 2032 4980; x_wconf 76' lang='lat' dir='ltr'><strong>Ambrosiana</strong></span> 
     </span>
    </p>
   </div>
   <div class='ocr_carea' id='block_1_97' title="bbox 438 4989 2034 5067">
    <p class='ocr_par' dir='ltr' id='par_1_97' title="bbox 438 4989 2034 5067">
     <span class='ocr_line' id='line_1_97' title="bbox 438 4989 2034 5067; baseline 0.003 -22"><span class='ocrx_word' id='word_1_724' title='bbox 438 4989 643 5067; x_wconf 77' lang='lat' dir='ltr'><strong>Verba,</strong></span> <span class='ocrx_word' id='word_1_725' title='bbox 694 4991 1015 5064; x_wconf 69' lang='lat' dir='ltr'><strong>prwfectura.’</strong></span> <span class='ocrx_word' id='word_1_726' title='bbox 1062 4992 1273 5067; x_wconf 67' lang='lat' dir='ltr'><strong>urbana:</strong></span> <span class='ocrx_word' id='word_1_727' title='bbox 1320 5009 1497 5067; x_wconf 74' lang='lat' dir='ltr'><strong>curam</strong></span> <span class='ocrx_word' id='word_1_728' title='bbox 1536 4995 1736 5049; x_wconf 72' lang='lat' dir='ltr'><strong>cwteris</strong></span> <span class='ocrx_word' id='word_1_729' title='bbox 1786 4995 2034 5067; x_wconf 84' lang='lat' dir='ltr'><strong>majorem</strong></span> 
     </span>
    </p>
   </div>
   <div class='ocr_carea' id='block_1_98' title="bbox 437 5063 2035 5137">
    <p class='ocr_par' dir='ltr' id='par_1_98' title="bbox 437 5063 2035 5137">
     <span class='ocr_line' id='line_1_98' title="bbox 437 5063 2035 5137; baseline 0.003 -22"><span class='ocrx_word' id='word_1_730' title='bbox 437 5063 744 5137; x_wconf 71' lang='lat' dir='ltr'><strong>sustinens:</strong></span> <span class='ocrx_word' id='word_1_731' title='bbox 773 5067 967 5132; x_wconf 89' lang='lat' dir='ltr'><strong>quibus</strong></span> <span class='ocrx_word' id='word_1_732' title='bbox 995 5064 1173 5137; x_wconf 84' lang='lat' dir='ltr'><strong>verbis</strong></span> <span class='ocrx_word' id='word_1_733' title='bbox 1203 5079 1326 5119; x_wconf 90' lang='lat' dir='ltr'><strong>cum</strong></span> <span class='ocrx_word' id='word_1_734' title='bbox 1352 5066 1472 5119; x_wconf 62' lang='lat' dir='ltr'><strong>alia:</strong></span> <span class='ocrx_word' id='word_1_735' title='bbox 1502 5068 1771 5127; x_wconf 82' lang='lat' dir='ltr'><strong>minores.</strong></span> <span class='ocrx_word' id='word_1_736' title='bbox 1799 5063 1910 5121; x_wconf 76' lang='lat' dir='ltr'><strong>tuin</strong></span> <span class='ocrx_word' id='word_1_737' title='bbox 1940 5083 2035 5137; x_wconf 89' lang='lat' dir='ltr'><strong>po-</strong></span> 
     </span>
    </p>
   </div>
   <div class='ocr_carea' id='block_1_99' title="bbox 438 5132 2031 5205">
    <p class='ocr_par' dir='ltr' id='par_1_99' title="bbox 438 5132 2031 5205">
     <span class='ocr_line' id='line_1_99' title="bbox 438 5132 2031 5205; baseline 0.006 -18"><span class='ocrx_word' id='word_1_738' title='bbox 438 5132 708 5205; x_wconf 81' lang='lat' dir='ltr'><strong>tissimum</strong></span> <span class='ocrx_word' id='word_1_739' title='bbox 741 5151 972 5191; x_wconf 69' lang='lat' dir='ltr'><strong>annona:</strong></span> <span class='ocrx_word' id='word_1_740' title='bbox 1000 5135 1317 5205; x_wconf 76' lang='lat' dir='ltr'><strong>praefectura</strong></span> <span class='ocrx_word' id='word_1_741' title='bbox 1347 5137 1671 5201; x_wconf 88' lang='lat' dir='ltr'><strong>includitur,</strong></span> <span class='ocrx_word' id='word_1_742' title='bbox 1704 5139 1840 5193; x_wconf 88' lang='lat' dir='ltr'><strong>sicut</strong></span> <span class='ocrx_word' id='word_1_743' title='bbox 1867 5132 2031 5197; x_wconf 78' lang='lat' dir='ltr'><strong>etiam</strong></span> 
     </span>
    </p>
   </div>
   <div class='ocr_carea' id='block_1_100' title="bbox 439 5203 2032 5281">
    <p class='ocr_par' dir='ltr' id='par_1_100' title="bbox 439 5203 2032 5281">
     <span class='ocr_line' id='line_1_100' title="bbox 439 5203 2032 5281; baseline 0.005 -24"><span class='ocrx_word' id='word_1_744' title='bbox 439 5203 695 5281; x_wconf 56' lang='lat' dir='ltr'><strong>frutttenli</strong></span> <span class='ocrx_word' id='word_1_745' title='bbox 723 5203 1030 5281; x_wconf 64' lang='lat' dir='ltr'><strong>dividendi,</strong></span> <span class='ocrx_word' id='word_1_746' title='bbox 1057 5208 1125 5281; x_wconf 73' lang='lat' dir='ltr'><strong>de</strong></span> <span class='ocrx_word' id='word_1_747' title='bbox 1155 5224 1257 5278; x_wconf 82' lang='lat' dir='ltr'><strong>qua</strong></span> <span class='ocrx_word' id='word_1_748' title='bbox 1291 5207 1431 5281; x_wconf 59' lang='lat' dir='ltr'><strong>idet!)</strong></span> <span class='ocrx_word' id='word_1_749' title='bbox 1466 5207 1799 5281; x_wconf 84' lang='lat' dir='ltr'><strong>Bulengerus</strong></span> <span class='ocrx_word' id='word_1_750' title='bbox 1832 5210 2032 5266; x_wconf 86' lang='lat' dir='ltr'><strong>ibidem</strong></span> 
     </span>
    </p>
   </div>
   <div class='ocr_carea' id='block_1_101' title="bbox 441 5275 2031 5349">
    <p class='ocr_par' dir='ltr' id='par_1_101' title="bbox 441 5275 2031 5349">
     <span class='ocr_line' id='line_1_101' title="bbox 441 5275 2031 5349; baseline 0.003 -17"><span class='ocrx_word' id='word_1_751' title='bbox 441 5275 538 5349; x_wconf 70' lang='lat' dir='ltr'><strong>lib.</strong></span> <span class='ocrx_word' id='word_1_752' title='bbox 573 5291 640 5340; x_wconf 75' lang='grc' dir='ltr'><strong>ν.</strong></span> <span class='ocrx_word' id='word_1_753' title='bbox 684 5294 805 5349; x_wconf 90' lang='lat' dir='ltr'><strong>cap.</strong></span> <span class='ocrx_word' id='word_1_754' title='bbox 849 5280 936 5334; x_wconf 78' lang='grc'><strong>15.</strong></span> <span class='ocrx_word' id='word_1_755' title='bbox 969 5278 1125 5347; x_wconf 84' lang='lat' dir='ltr'><strong>Quod</strong></span> <span class='ocrx_word' id='word_1_756' title='bbox 1170 5275 1349 5334; x_wconf 80' lang='lat' dir='ltr'><strong>autem</strong></span> <span class='ocrx_word' id='word_1_757' title='bbox 1396 5275 1662 5336; x_wconf 68' lang='lat' dir='ltr'><strong>Batonius</strong></span> <span class='ocrx_word' id='word_1_758' title='bbox 1688 5282 1789 5337; x_wconf 87' lang='lat' dir='ltr'><strong>hoc</strong></span> <span class='ocrx_word' id='word_1_759' title='bbox 1832 5281 2031 5337; x_wconf 74' lang='lat' dir='ltr'><strong>foetum</strong></span> 
     </span>
    </p>
   </div>
   <div class='ocr_carea' id='block_1_102' title="bbox 441 5347 2034 5423">
    <p class='ocr_par' dir='ltr' id='par_1_102' title="bbox 441 5347 2034 5423">
     <span class='ocr_line' id='line_1_102' title="bbox 441 5347 2034 5423; baseline 0.002 -18"><span class='ocrx_word' id='word_1_760' title='bbox 441 5347 1114 5423; x_wconf 16' lang='lat' dir='ltr'><strong>Graccltohaseribendum</strong></span> <span class='ocrx_word' id='word_1_761' title='bbox 1172 5361 1457 5417; x_wconf 89' lang='lat' dir='ltr'><strong>autumat,</strong></span> <span class='ocrx_word' id='word_1_762' title='bbox 1508 5369 1833 5423; x_wconf 84' lang='lat' dir='ltr'><strong>quamquam</strong></span> <span class='ocrx_word' id='word_1_763' title='bbox 1886 5354 2034 5408; x_wconf 88' lang='lat' dir='ltr'><strong>nullo</strong></span> 
     </span>
    </p>
   </div>
   <div class='ocr_carea' id='block_1_103' title="bbox 438 5421 2031 5492">
    <p class='ocr_par' dir='ltr' id='par_1_103' title="bbox 438 5421 2031 5492">
     <span class='ocr_line' id='line_1_103' title="bbox 438 5421 2031 5492; baseline 0.002 -16"><span class='ocrx_word' id='word_1_764' title='bbox 438 5422 628 5492; x_wconf 83' lang='lat' dir='ltr'><strong>nititur</strong></span> <span class='ocrx_word' id='word_1_765' title='bbox 656 5421 884 5492; x_wconf 82' lang='lat' dir='ltr'><strong>alicujus</strong></span> <span class='ocrx_word' id='word_1_766' title='bbox 932 5423 1271 5479; x_wconf 87' lang='lat' dir='ltr'><strong>auctoritatis</strong></span> <span class='ocrx_word' id='word_1_767' title='bbox 1315 5421 1590 5480; x_wconf 76' lang='lat' dir='ltr'><strong>momento</strong></span> <span class='ocrx_word' id='word_1_768' title='bbox 1613 5469 1627 5492; x_wconf 91' lang='lat'><strong>,</strong></span> <span class='ocrx_word' id='word_1_769' title='bbox 1670 5427 1862 5481; x_wconf 87' lang='lat' dir='ltr'><strong>saltem</strong></span> <span class='ocrx_word' id='word_1_770' title='bbox 1897 5425 2031 5479; x_wconf 88' lang='lat' dir='ltr'><strong>nihil</strong></span> 
     </span>
    </p>
   </div>
   <div class='ocr_carea' id='block_1_104' title="bbox 437 5491 2031 5553">
    <p class='ocr_par' dir='ltr' id='par_1_104' title="bbox 437 5491 2031 5553">
     <span class='ocr_line' id='line_1_104' title="bbox 437 5491 2031 5553; baseline 0.001 -5"><span class='ocrx_word' id='word_1_771' title='bbox 437 5491 667 5548; x_wconf 83' lang='lat' dir='ltr'><strong>involvit</strong></span> <span class='ocrx_word' id='word_1_772' title='bbox 692 5491 1114 5551; x_wconf 83' lang='lat' dir='ltr'><strong>contrarietatis.</strong></span> <span class='ocrx_word' id='word_1_773' title='bbox 1145 5493 1278 5550; x_wconf 87' lang='lat' dir='ltr'><strong>Cum</strong></span> <span class='ocrx_word' id='word_1_774' title='bbox 1309 5497 1454 5551; x_wconf 84' lang='lat' dir='ltr'><strong>enim</strong></span> <span class='ocrx_word' id='word_1_775' title='bbox 1488 5497 1532 5551; x_wconf 88' lang='lat' dir='ltr'><strong>is</strong></span> <span class='ocrx_word' id='word_1_776' title='bbox 1560 5491 1855 5553; x_wconf 87' lang='lat' dir='ltr'><strong>secundam</strong></span> <span class='ocrx_word' id='word_1_777' title='bbox 1887 5496 2031 5551; x_wconf 87' lang='lat' dir='ltr'><strong>illam</strong></span> 
     </span>
    </p>
   </div>
   <div class='ocr_carea' id='block_1_105' title="bbox 434 5562 2034 5639">
    <p class='ocr_par' dir='ltr' id='par_1_105' title="bbox 434 5562 2034 5639">
     <span class='ocr_line' id='line_1_105' title="bbox 434 5562 2034 5639; baseline 0.001 -18"><span class='ocrx_word' id='word_1_778' title='bbox 434 5562 692 5639; x_wconf 59' lang='lat' dir='ltr'><strong>frumenti</strong></span> <span class='ocrx_word' id='word_1_779' title='bbox 723 5568 1002 5638; x_wconf 70' lang='lat' dir='ltr'><strong>penuriam</strong></span> <span class='ocrx_word' id='word_1_780' title='bbox 1030 5569 1098 5639; x_wconf 84' lang='lat' dir='ltr'><strong>de</strong></span> <span class='ocrx_word' id='word_1_781' title='bbox 1119 5583 1223 5636; x_wconf 88' lang='lat' dir='ltr'><strong>qua</strong></span> <span class='ocrx_word' id='word_1_782' title='bbox 1254 5570 1512 5623; x_wconf 84' lang='lat' dir='ltr'><strong>continuo</strong></span> <span class='ocrx_word' id='word_1_783' title='bbox 1541 5582 1658 5639; x_wconf 88' lang='lat' dir='ltr'><strong>post</strong></span> <span class='ocrx_word' id='word_1_784' title='bbox 1688 5573 1898 5639; x_wconf 84' lang='lat' dir='ltr'><strong>agitur,</strong></span> <span class='ocrx_word' id='word_1_785' title='bbox 1921 5568 2034 5623; x_wconf 90' lang='lat' dir='ltr'><strong>col-</strong></span> 
     </span>
    </p>
   </div>
   <div class='ocr_carea' id='block_1_106' title="bbox 430 5636 2034 5710">
    <p class='ocr_par' dir='ltr' id='par_1_106' title="bbox 430 5636 2034 5710">
     <span class='ocr_line' id='line_1_106' title="bbox 430 5636 2034 5710; baseline 0.002 -16"><span class='ocrx_word' id='word_1_786' title='bbox 430 5636 578 5710; x_wconf 73' lang='lat' dir='ltr'><strong>locet</strong></span> <span class='ocrx_word' id='word_1_787' title='bbox 606 5636 748 5694; x_wconf 76' lang='lat' dir='ltr'><strong>anno</strong></span> <span class='ocrx_word' id='word_1_788' title='bbox 772 5640 900 5705; x_wconf 79' lang='grc'><strong>585.</strong></span> <span class='ocrx_word' id='word_1_789' title='bbox 933 5638 1060 5710; x_wconf 62' lang='lat' dir='ltr'><strong>(“id</strong></span> <span class='ocrx_word' id='word_1_790' title='bbox 1087 5639 1367 5704; x_wconf 82' lang='lat' dir='ltr'><strong>prohibeat</strong></span> <span class='ocrx_word' id='word_1_791' title='bbox 1389 5682 1402 5699; x_wconf 89' lang='lat'><strong>.</strong></span> <span class='ocrx_word' id='word_1_792' title='bbox 1434 5636 1907 5710; x_wconf 35' lang='lat' dir='ltr'><strong>quominus—prior</strong></span> <span class='ocrx_word' id='word_1_793' title='bbox 1943 5655 2034 5697; x_wconf 80' lang='lat' dir='ltr'><strong>ao-</strong></span> 
     </span>
    </p>
   </div>
   <div class='ocr_carea' id='block_1_107' title="bbox 434 5709 2031 5781">
    <p class='ocr_par' dir='ltr' id='par_1_107' title="bbox 434 5709 2031 5781">
     <span class='ocr_line' id='line_1_107' title="bbox 434 5709 2031 5781; baseline 0 -14"><span class='ocrx_word' id='word_1_794' title='bbox 434 5709 619 5775; x_wconf 78' lang='lat' dir='ltr'><strong>cidere</strong></span> <span class='ocrx_word' id='word_1_795' title='bbox 659 5712 893 5781; x_wconf 90' lang='lat' dir='ltr'><strong>potuerit</strong></span> <span class='ocrx_word' id='word_1_796' title='bbox 936 5709 1027 5781; x_wconf 87' lang='lat' dir='ltr'><strong>an.</strong></span> <span class='ocrx_word' id='word_1_797' title='bbox 1059 5710 1167 5773; x_wconf 79' lang='lat'><strong>376</strong></span> <span class='ocrx_word' id='word_1_798' title='bbox 1206 5721 1300 5767; x_wconf 89' lang='lat' dir='ltr'><strong>aut</strong></span> <span class='ocrx_word' id='word_1_799' title='bbox 1328 5712 1469 5781; x_wconf 63' lang='lat'><strong>377,</strong></span> <span class='ocrx_word' id='word_1_800' title='bbox 1501 5710 1699 5779; x_wconf 90' lang='lat' dir='ltr'><strong>quibus</strong></span> <span class='ocrx_word' id='word_1_801' title='bbox 1725 5709 2031 5768; x_wconf 84' lang='lat' dir='ltr'><strong>Gracchum</strong></span> 
     </span>
    </p>
   </div>
   <div class='ocr_carea' id='block_1_108' title="bbox 431 5776 2032 5856">
    <p class='ocr_par' dir='ltr' id='par_1_108' title="bbox 431 5776 2032 5856">
     <span class='ocr_line' id='line_1_108' title="bbox 431 5776 2032 5856; baseline 0.001 -18"><span class='ocrx_word' id='word_1_802' title='bbox 431 5776 809 5854; x_wconf 64' lang='lat' dir='ltr'><strong>praefecturam</strong></span> <span class='ocrx_word' id='word_1_803' title='bbox 857 5780 1095 5856; x_wconf 72' lang='lat' dir='ltr'><strong>gesSisse</strong></span> <span class='ocrx_word' id='word_1_804' title='bbox 1126 5783 1292 5840; x_wconf 82' lang='lat' dir='ltr'><strong>tradit</strong></span> <span class='ocrx_word' id='word_1_805' title='bbox 1335 5776 1695 5840; x_wconf 72' lang='lat' dir='ltr'><strong>Gotltolridus</strong></span> <span class='ocrx_word' id='word_1_806' title='bbox 1739 5783 1836 5840; x_wconf 87' lang='lat' dir='ltr'><strong>lib.</strong></span> <span class='ocrx_word' id='word_1_807' title='bbox 1867 5797 1920 5839; x_wconf 85' lang='lat' dir='ltr'><strong>tu</strong></span> <span class='ocrx_word' id='word_1_808' title='bbox 1963 5784 2032 5840; x_wconf 88' lang='lat' dir='ltr'><strong>de</strong></span> 
     </span>
    </p>
   </div>
   <div class='ocr_carea' id='block_1_109' title="bbox 190 6054 449 6135">
    <p class='ocr_par' dir='ltr' id='par_1_109' title="bbox 190 6054 449 6135">
     <span class='ocr_line' id='line_1_109' title="bbox 190 6054 449 6135; baseline 0 0"><span class='ocrx_word' id='word_1_809' title='bbox 190 6058 257 6095; x_wconf 59' lang='grc' dir='ltr'><strong>μί</strong></span> <span class='ocrx_word' id='word_1_810' title='bbox 304 6054 449 6135; x_wconf 50' lang='grc' dir='ltr'><strong>τηις</strong></span> 
     </span>
    </p>
   </div>
   <div class='ocr_carea' id='block_1_110' title="bbox 2210 4490 3732 4561">
    <p class='ocr_par' dir='ltr' id='par_1_110' title="bbox 2210 4490 3732 4561">
     <span class='ocr_line' id='line_1_110' title="bbox 2210 4490 3732 4561; baseline -0.001 -15"><span class='ocrx_word' id='word_1_811' title='bbox 2210 4490 2240 4530; x_wconf 67' lang='lat' dir='ltr'><strong>h</strong></span> <span class='ocrx_word' id='word_1_812' title='bbox 2274 4492 2399 4547; x_wconf 87' lang='lat' dir='ltr'><strong>Era.</strong></span> <span class='ocrx_word' id='word_1_813' title='bbox 2428 4503 2478 4545; x_wconf 91' lang='lat' dir='ltr'><strong>et</strong></span> <span class='ocrx_word' id='word_1_814' title='bbox 2509 4506 2627 4561; x_wconf 90' lang='lat' dir='ltr'><strong>seq.</strong></span> <span class='ocrx_word' id='word_1_815' title='bbox 2652 4490 2784 4545; x_wconf 89' lang='lat' dir='ltr'><strong>edit.</strong></span> <span class='ocrx_word' id='word_1_816' title='bbox 2803 4534 2818 4557; x_wconf 92' lang='lat'><strong>,</strong></span> <span class='ocrx_word' id='word_1_817' title='bbox 2850 4491 3025 4546; x_wconf 78' lang='lat' dir='ltr'><strong>dicens</strong></span> <span class='ocrx_word' id='word_1_818' title='bbox 3050 4507 3207 4561; x_wconf 83' lang='lat' dir='ltr'><strong>quant</strong></span> <span class='ocrx_word' id='word_1_819' title='bbox 3235 4491 3459 4546; x_wconf 81' lang='lat' dir='ltr'><strong>immane</strong></span> <span class='ocrx_word' id='word_1_820' title='bbox 3484 4499 3614 4546; x_wconf 74' lang='lat' dir='ltr'><strong>esset</strong></span> <span class='ocrx_word' id='word_1_821' title='bbox 3638 4507 3732 4561; x_wconf 78' lang='lat' dir='ltr'><strong>pe-</strong></span> 
     </span>
    </p>
   </div>
   <div class='ocr_carea' id='block_1_111' title="bbox 2134 4563 3723 4637">
    <p class='ocr_par' dir='ltr' id='par_1_111' title="bbox 2134 4563 3723 4637">
     <span class='ocr_line' id='line_1_111' title="bbox 2134 4563 3723 4637; baseline 0.001 -20"><span class='ocrx_word' id='word_1_822' title='bbox 2134 4564 2368 4635; x_wconf 77' lang='lat' dir='ltr'><strong>regrinos</strong></span> <span class='ocrx_word' id='word_1_823' title='bbox 2390 4563 2508 4637; x_wconf 81' lang='lat' dir='ltr'><strong>ejici</strong></span> <span class='ocrx_word' id='word_1_824' title='bbox 2522 4604 2537 4628; x_wconf 87' lang='lat'><strong>,</strong></span> <span class='ocrx_word' id='word_1_825' title='bbox 2560 4579 2713 4627; x_wconf 84' lang='lat' dir='ltr'><strong>quam</strong></span> <span class='ocrx_word' id='word_1_826' title='bbox 2736 4563 2991 4618; x_wconf 80' lang='lat' dir='ltr'><strong>hominem</strong></span> <span class='ocrx_word' id='word_1_827' title='bbox 3012 4564 3323 4634; x_wconf 72' lang='lat' dir='ltr'><strong>exueretqiii</strong></span> <span class='ocrx_word' id='word_1_828' title='bbox 3341 4605 3356 4626; x_wconf 85' lang='lat'><strong>,</strong></span> <span class='ocrx_word' id='word_1_829' title='bbox 3380 4573 3487 4619; x_wconf 87' lang='lat' dir='ltr'><strong>etc.</strong></span> <span class='ocrx_word' id='word_1_830' title='bbox 3510 4564 3723 4637; x_wconf 71' lang='lat' dir='ltr'><strong>Amerb.</strong></span> 
     </span>
    </p>
   </div>
   <div class='ocr_carea' id='block_1_112' title="bbox 2136 4634 3726 4705">
    <p class='ocr_par' dir='ltr' id='par_1_112' title="bbox 2136 4634 3726 4705">
     <span class='ocr_line' id='line_1_112' title="bbox 2136 4634 3726 4705; baseline 0 -16"><span class='ocrx_word' id='word_1_831' title='bbox 2136 4634 2599 4705; x_wconf 30' lang='lat' dir='ltr'><strong>et’propetnodum</strong></span> <span class='ocrx_word' id='word_1_832' title='bbox 2622 4650 2811 4689; x_wconf 89' lang='lat' dir='ltr'><strong>omnes</strong></span> <span class='ocrx_word' id='word_1_833' title='bbox 2842 4651 2970 4693; x_wconf 85' lang='lat' dir='ltr'><strong>mss.</strong></span> <span class='ocrx_word' id='word_1_834' title='bbox 2997 4646 3053 4690; x_wconf 89' lang='lat' dir='ltr'><strong>ut</strong></span> <span class='ocrx_word' id='word_1_835' title='bbox 3083 4638 3436 4696; x_wconf 77' lang='lat' dir='ltr'><strong>incontextn.</strong></span> <span class='ocrx_word' id='word_1_836' title='bbox 3464 4637 3564 4690; x_wconf 89' lang='lat' dir='ltr'><strong>nisi</strong></span> <span class='ocrx_word' id='word_1_837' title='bbox 3587 4634 3726 4704; x_wconf 85' lang='lat' dir='ltr'><strong>quod</strong></span> 
     </span>
    </p>
   </div>
   <div class='ocr_carea' id='block_1_113' title="bbox 2137 4706 3728 4777">
    <p class='ocr_par' dir='ltr' id='par_1_113' title="bbox 2137 4706 3728 4777">
     <span class='ocr_line' id='line_1_113' title="bbox 2137 4706 3728 4777; baseline -0.001 -15"><span class='ocrx_word' id='word_1_838' title='bbox 2137 4706 2384 4762; x_wconf 83' lang='lat' dir='ltr'><strong>nonnulli</strong></span> <span class='ocrx_word' id='word_1_839' title='bbox 2434 4723 2559 4776; x_wconf 89' lang='lat' dir='ltr'><strong>pro,</strong></span> <span class='ocrx_word' id='word_1_840' title='bbox 2591 4707 2655 4761; x_wconf 83' lang='lat' dir='ltr'><strong>ab</strong></span> <span class='ocrx_word' id='word_1_841' title='bbox 2689 4708 2928 4769; x_wconf 80' lang='lat' dir='ltr'><strong>homine,</strong></span> <span class='ocrx_word' id='word_1_842' title='bbox 2960 4708 3161 4763; x_wconf 80' lang='lat' dir='ltr'><strong>habent</strong></span> <span class='ocrx_word' id='word_1_843' title='bbox 3182 4748 3197 4773; x_wconf 95' lang='lat'><strong>,</strong></span> <span class='ocrx_word' id='word_1_844' title='bbox 3229 4723 3293 4762; x_wconf 77' lang='lat' dir='ltr'><strong>ea:</strong></span> <span class='ocrx_word' id='word_1_845' title='bbox 3319 4707 3523 4762; x_wconf 77' lang='lat' dir='ltr'><strong>homine</strong></span> <span class='ocrx_word' id='word_1_846' title='bbox 3551 4724 3570 4762; x_wconf 89' lang='lat'><strong><em>:</em></strong></span> <span class='ocrx_word' id='word_1_847' title='bbox 3612 4706 3728 4777; x_wconf 87' lang='lat' dir='ltr'><strong>qui-</strong></span> 
     </span>
    </p>
   </div>
   <div class='ocr_carea' id='block_1_114' title="bbox 2137 4778 3095 4849">
    <p class='ocr_par' dir='ltr' id='par_1_114' title="bbox 2137 4778 3095 4849">
     <span class='ocr_line' id='line_1_114' title="bbox 2137 4778 3095 4849; baseline -0.003 -15"><span class='ocrx_word' id='word_1_848' title='bbox 2137 4779 2259 4834; x_wconf 90' lang='lat' dir='ltr'><strong>dam</strong></span> <span class='ocrx_word' id='word_1_849' title='bbox 2290 4795 2419 4833; x_wconf 89' lang='lat' dir='ltr'><strong>vero</strong></span> <span class='ocrx_word' id='word_1_850' title='bbox 2445 4787 2733 4849; x_wconf 88' lang='lat' dir='ltr'><strong>utrumque</strong></span> <span class='ocrx_word' id='word_1_851' title='bbox 2759 4778 3095 4834; x_wconf 77' lang='lat' dir='ltr'><strong>confodiunt.</strong></span> 
     </span>
    </p>
   </div>
   <div class='ocr_carea' id='block_1_115' title="bbox 2212 4849 3725 4920">
    <p class='ocr_par' dir='ltr' id='par_1_115' title="bbox 2212 4849 3725 4920">
     <span class='ocr_line' id='line_1_115' title="bbox 2212 4849 3725 4920; baseline -0.001 -13"><span class='ocrx_word' id='word_1_852' title='bbox 2212 4861 2234 4890; x_wconf 74' lang='grc' dir='ltr'><strong>ε</strong></span> <span class='ocrx_word' id='word_1_853' title='bbox 2269 4850 2360 4907; x_wconf 90' lang='lat' dir='ltr'><strong>Sic</strong></span> <span class='ocrx_word' id='word_1_854' title='bbox 2382 4851 2605 4907; x_wconf 84' lang='lat' dir='ltr'><strong>Amerb.</strong></span> <span class='ocrx_word' id='word_1_855' title='bbox 2632 4866 2695 4904; x_wconf 88' lang='lat' dir='ltr'><strong>ae</strong></span> <span class='ocrx_word' id='word_1_856' title='bbox 2726 4865 2857 4905; x_wconf 88' lang='lat' dir='ltr'><strong>mss.</strong></span> <span class='ocrx_word' id='word_1_857' title='bbox 2888 4851 3076 4920; x_wconf 88' lang='lat' dir='ltr'><strong>majori</strong></span> <span class='ocrx_word' id='word_1_858' title='bbox 3105 4866 3376 4906; x_wconf 89' lang='lat' dir='ltr'><strong>consensu</strong></span> <span class='ocrx_word' id='word_1_859' title='bbox 3405 4868 3418 4905; x_wconf 91' lang='lat'><strong>:</strong></span> <span class='ocrx_word' id='word_1_860' title='bbox 3446 4849 3572 4905; x_wconf 85' lang='lat' dir='ltr'><strong>Era.</strong></span> <span class='ocrx_word' id='word_1_861' title='bbox 3598 4864 3725 4906; x_wconf 87' lang='lat' dir='ltr'><strong>vero</strong></span> 
     </span>
    </p>
   </div>
   <div class='ocr_carea' id='block_1_116' title="bbox 2138 4922 3724 4997">
    <p class='ocr_par' dir='ltr' id='par_1_116' title="bbox 2138 4922 3724 4997">
     <span class='ocr_line' id='line_1_116' title="bbox 2138 4922 3724 4997; baseline -0.001 -19"><span class='ocrx_word' id='word_1_862' title='bbox 2138 4930 2193 4978; x_wconf 91' lang='lat' dir='ltr'><strong>et</strong></span> <span class='ocrx_word' id='word_1_863' title='bbox 2223 4936 2340 4997; x_wconf 75' lang='lat' dir='ltr'><strong>seq.</strong></span> <span class='ocrx_word' id='word_1_864' title='bbox 2367 4925 2529 4997; x_wconf 77' lang='lat' dir='ltr'><strong>edit.,</strong></span> <span class='ocrx_word' id='word_1_865' title='bbox 2552 4923 2804 4977; x_wconf 82' lang='lat' dir='ltr'><strong>neminem</strong></span> <span class='ocrx_word' id='word_1_866' title='bbox 2829 4924 3510 4997; x_wconf 76' lang='lat' dir='ltr'><strong>[unte_alienajuvari;_qua</strong></span> <span class='ocrx_word' id='word_1_867' title='bbox 3540 4922 3724 4977; x_wconf 86' lang='lat' dir='ltr'><strong>lectio-</strong></span> 
     </span>
    </p>
   </div>
   <div class='ocr_carea' id='block_1_117' title="bbox 2139 4994 3725 5078">
    <p class='ocr_par' dir='ltr' id='par_1_117' title="bbox 2139 4994 3725 5078">
     <span class='ocr_line' id='line_1_117' title="bbox 2139 4994 3725 5078; baseline 0 -29"><span class='ocrx_word' id='word_1_868' title='bbox 2139 5009 2207 5078; x_wconf 72' lang='lat' dir='ltr'><strong>ne</strong></span> <span class='ocrx_word' id='word_1_869' title='bbox 2236 4994 2558 5067; x_wconf 84' lang='lat' dir='ltr'><strong>ambiguitas</strong></span> <span class='ocrx_word' id='word_1_870' title='bbox 2586 4994 2850 5062; x_wconf 84' lang='lat' dir='ltr'><strong>evitatur,</strong></span> <span class='ocrx_word' id='word_1_871' title='bbox 2883 4994 2979 5050; x_wconf 87' lang='lat' dir='ltr'><strong>sed</strong></span> <span class='ocrx_word' id='word_1_872' title='bbox 3008 4994 3247 5051; x_wconf 83' lang='lat' dir='ltr'><strong>auctoris</strong></span> <span class='ocrx_word' id='word_1_873' title='bbox 3297 4994 3459 5050; x_wconf 86' lang='lat' dir='ltr'><strong>verba</strong></span> <span class='ocrx_word' id='word_1_874' title='bbox 3490 5010 3599 5049; x_wconf 88' lang='lat' dir='ltr'><strong>non</strong></span> <span class='ocrx_word' id='word_1_875' title='bbox 3640 5008 3725 5065; x_wconf 86' lang='lat' dir='ltr'><strong>re-</strong></span> 
     </span>
    </p>
   </div>
   <div class='ocr_carea' id='block_1_118' title="bbox 2140 5074 2404 5121">
    <p class='ocr_par' dir='ltr' id='par_1_118' title="bbox 2140 5074 2404 5121">
     <span class='ocr_line' id='line_1_118' title="bbox 2140 5074 2404 5121; baseline 0 0"><span class='ocrx_word' id='word_1_876' title='bbox 2140 5074 2404 5121; x_wconf 87' lang='lat' dir='ltr'><strong>tinentur.</strong></span> 
     </span>
    </p>
   </div>
   <div class='ocr_carea' id='block_1_119' title="bbox 2209 5134 3729 5207">
    <p class='ocr_par' dir='ltr' id='par_1_119' title="bbox 2209 5134 3729 5207">
     <span class='ocr_line' id='line_1_119' title="bbox 2209 5134 3729 5207; baseline -0.002 -14"><span class='ocrx_word' id='word_1_877' title='bbox 2209 5134 2238 5175; x_wconf 68' lang='lat' dir='ltr'><strong>d</strong></span> <span class='ocrx_word' id='word_1_878' title='bbox 2268 5135 2396 5193; x_wconf 88' lang='lat' dir='ltr'><strong>Gill.</strong></span> <span class='ocrx_word' id='word_1_879' title='bbox 2425 5137 2479 5192; x_wconf 91' lang='lat' dir='ltr'><strong>in</strong></span> <span class='ocrx_word' id='word_1_880' title='bbox 2515 5153 2685 5207; x_wconf 87' lang='lat' dir='ltr'><strong>marg.</strong></span> <span class='ocrx_word' id='word_1_881' title='bbox 2714 5151 2767 5194; x_wconf 88' lang='lat' dir='ltr'><strong>et</strong></span> <span class='ocrx_word' id='word_1_882' title='bbox 2795 5137 3042 5207; x_wconf 67' lang='lat' dir='ltr'><strong>qumdam</strong></span> <span class='ocrx_word' id='word_1_883' title='bbox 3071 5137 3243 5192; x_wconf 86' lang='lat' dir='ltr'><strong>Paris.</strong></span> <span class='ocrx_word' id='word_1_884' title='bbox 3290 5136 3425 5193; x_wconf 88' lang='lat' dir='ltr'><strong>edit.</strong></span> <span class='ocrx_word' id='word_1_885' title='bbox 3454 5138 3509 5194; x_wconf 88' lang='lat' dir='ltr'><strong>in</strong></span> <span class='ocrx_word' id='word_1_886' title='bbox 3541 5150 3729 5206; x_wconf 79' lang='lat' dir='ltr'><strong>Corpo-</strong></span> 
     </span>
    </p>
   </div>
   <div class='ocr_carea' id='block_1_120' title="bbox 2138 5208 3726 5278">
    <p class='ocr_par' dir='ltr' id='par_1_120' title="bbox 2138 5208 3726 5278">
     <span class='ocr_line' id='line_1_120' title="bbox 2138 5208 3726 5278; baseline -0.002 -14"><span class='ocrx_word' id='word_1_887' title='bbox 2138 5224 2232 5276; x_wconf 88' lang='lat' dir='ltr'><strong>re,</strong></span> <span class='ocrx_word' id='word_1_888' title='bbox 2265 5208 2470 5274; x_wconf 85' lang='lat' dir='ltr'><strong>Quanla</strong></span> <span class='ocrx_word' id='word_1_889' title='bbox 2517 5211 2698 5264; x_wconf 83' lang='lat' dir='ltr'><strong>utilius</strong></span> <span class='ocrx_word' id='word_1_890' title='bbox 2741 5219 2815 5264; x_wconf 76' lang='lat' dir='ltr'><strong>est</strong></span> <span class='ocrx_word' id='word_1_891' title='bbox 2838 5251 2854 5277; x_wconf 91' lang='lat'><strong>,</strong></span> <span class='ocrx_word' id='word_1_892' title='bbox 2883 5222 2991 5265; x_wconf 90' lang='lat' dir='ltr'><strong>etc.</strong></span> <span class='ocrx_word' id='word_1_893' title='bbox 3019 5210 3305 5278; x_wconf 69' lang='lat' dir='ltr'><strong>l’erperam</strong></span> <span class='ocrx_word' id='word_1_894' title='bbox 3339 5228 3352 5264; x_wconf 87' lang='lat'><strong>:</strong></span> <span class='ocrx_word' id='word_1_895' title='bbox 3394 5209 3547 5264; x_wconf 76' lang='lat' dir='ltr'><strong>vilius</strong></span> <span class='ocrx_word' id='word_1_896' title='bbox 3591 5208 3726 5262; x_wconf 88' lang='lat' dir='ltr'><strong>enim</strong></span> 
     </span>
    </p>
   </div>
   <div class='ocr_carea' id='block_1_121' title="bbox 2138 5279 3732 5364">
    <p class='ocr_par' dir='ltr' id='par_1_121' title="bbox 2138 5279 3732 5364">
     <span class='ocr_line' id='line_1_121' title="bbox 2138 5279 3732 5364; baseline -0.001 -28"><span class='ocrx_word' id='word_1_897' title='bbox 2138 5279 2242 5364; x_wconf 74' lang='lat' dir='ltr'><strong>hoc</strong></span> <span class='ocrx_word' id='word_1_898' title='bbox 2272 5281 2392 5336; x_wconf 81' lang='lat' dir='ltr'><strong>loco</strong></span> <span class='ocrx_word' id='word_1_899' title='bbox 2437 5282 2579 5336; x_wconf 90' lang='lat' dir='ltr'><strong>idem</strong></span> <span class='ocrx_word' id='word_1_900' title='bbox 2610 5291 2735 5348; x_wconf 85' lang='lat' dir='ltr'><strong>est,</strong></span> <span class='ocrx_word' id='word_1_901' title='bbox 2764 5297 2827 5337; x_wconf 91' lang='lat' dir='ltr'><strong>ac</strong></span> <span class='ocrx_word' id='word_1_902' title='bbox 2859 5281 3052 5337; x_wconf 89' lang='lat' dir='ltr'><strong>minori</strong></span> <span class='ocrx_word' id='word_1_903' title='bbox 3104 5282 3276 5352; x_wconf 87' lang='lat' dir='ltr'><strong>pretio</strong></span> <span class='ocrx_word' id='word_1_904' title='bbox 3316 5293 3480 5354; x_wconf 86' lang='lat' dir='ltr'><strong>atque</strong></span> <span class='ocrx_word' id='word_1_905' title='bbox 3525 5282 3732 5352; x_wconf 70' lang='lat' dir='ltr'><strong>impen«-</strong></span> 
     </span>
    </p>
   </div>
   <div class='ocr_carea' id='block_1_122' title="bbox 2138 5368 2235 5409">
    <p class='ocr_par' dir='ltr' id='par_1_122' title="bbox 2138 5368 2235 5409">
     <span class='ocr_line' id='line_1_122' title="bbox 2138 5368 2235 5409; baseline -0.031 0"><span class='ocrx_word' id='word_1_906' title='bbox 2138 5368 2235 5409; x_wconf 82' lang='lat' dir='ltr'><strong>SIS.</strong></span> 
     </span>
    </p>
   </div>
   <div class='ocr_carea' id='block_1_123' title="bbox 2215 5422 3732 5492">
    <p class='ocr_par' dir='ltr' id='par_1_123' title="bbox 2215 5422 3732 5492">
     <span class='ocr_line' id='line_1_123' title="bbox 2215 5422 3732 5492; baseline 0 -14"><span class='ocrx_word' id='word_1_907' title='bbox 2215 5435 2238 5462; x_wconf 73' lang='grc' dir='ltr'><strong>θ</strong></span> <span class='ocrx_word' id='word_1_908' title='bbox 2275 5422 2563 5492; x_wconf 89' lang='lat' dir='ltr'><strong>Corporati</strong></span> <span class='ocrx_word' id='word_1_909' title='bbox 2592 5423 2851 5481; x_wconf 88' lang='lat' dir='ltr'><strong>dicuntttr</strong></span> <span class='ocrx_word' id='word_1_910' title='bbox 2890 5427 2942 5482; x_wconf 89' lang='lat' dir='ltr'><strong>in</strong></span> <span class='ocrx_word' id='word_1_911' title='bbox 2982 5424 3253 5480; x_wconf 87' lang='lat' dir='ltr'><strong>variarum</strong></span> <span class='ocrx_word' id='word_1_912' title='bbox 3284 5425 3479 5480; x_wconf 90' lang='lat' dir='ltr'><strong>artium</strong></span> <span class='ocrx_word' id='word_1_913' title='bbox 3508 5422 3732 5479; x_wconf 88' lang='lat' dir='ltr'><strong>societa-</strong></span> 
     </span>
    </p>
   </div>
   <div class='ocr_carea' id='block_1_124' title="bbox 2139 5494 3731 5568">
    <p class='ocr_par' dir='ltr' id='par_1_124' title="bbox 2139 5494 3731 5568">
     <span class='ocr_line' id='line_1_124' title="bbox 2139 5494 3731 5568; baseline -0.003 -15"><span class='ocrx_word' id='word_1_914' title='bbox 2139 5506 2223 5553; x_wconf 88' lang='lat' dir='ltr'><strong>tes</strong></span> <span class='ocrx_word' id='word_1_915' title='bbox 2247 5506 2305 5551; x_wconf 89' lang='lat' dir='ltr'><strong>et</strong></span> <span class='ocrx_word' id='word_1_916' title='bbox 2346 5496 2573 5567; x_wconf 78' lang='lat' dir='ltr'><strong>collegia</strong></span> <span class='ocrx_word' id='word_1_917' title='bbox 2608 5499 2867 5566; x_wconf 83' lang='lat' dir='ltr'><strong>coOptati,</strong></span> <span class='ocrx_word' id='word_1_918' title='bbox 2902 5509 2963 5554; x_wconf 91' lang='lat' dir='ltr'><strong>ut</strong></span> <span class='ocrx_word' id='word_1_919' title='bbox 3006 5506 3135 5567; x_wconf 89' lang='lat' dir='ltr'><strong>puta</strong></span> <span class='ocrx_word' id='word_1_920' title='bbox 3166 5500 3527 5568; x_wconf 86' lang='lat' dir='ltr'><strong>sculptorutn,</strong></span> <span class='ocrx_word' id='word_1_921' title='bbox 3559 5494 3731 5568; x_wconf 73' lang='lat' dir='ltr'><strong>pit-to-</strong></span> 
     </span>
    </p>
   </div>
   <div class='ocr_carea' id='block_1_125' title="bbox 2137 5566 3727 5645">
    <p class='ocr_par' dir='ltr' id='par_1_125' title="bbox 2137 5566 3727 5645">
     <span class='ocr_line' id='line_1_125' title="bbox 2137 5566 3727 5645; baseline -0.001 -21"><span class='ocrx_word' id='word_1_922' title='bbox 2137 5584 2283 5645; x_wconf 65' lang='lat' dir='ltr'><strong>rum,</strong></span> <span class='ocrx_word' id='word_1_923' title='bbox 2316 5576 2421 5645; x_wconf 76' lang='lat' dir='ltr'><strong>etc.</strong></span> <span class='ocrx_word' id='word_1_924' title='bbox 2457 5566 2647 5645; x_wconf 44' lang='lat' dir='ltr'><strong>Digitis</strong></span> <span class='ocrx_word' id='word_1_925' title='bbox 2678 5572 2918 5645; x_wconf 72' lang='lat' dir='ltr'><strong>loquitur</strong></span> <span class='ocrx_word' id='word_1_926' title='bbox 2942 5566 3301 5645; x_wconf 51' lang='lat' dir='ltr'><strong>_s’ym._.5u-u.‘</strong></span> <span class='ocrx_word' id='word_1_927' title='bbox 3330 5572 3423 5645; x_wconf 81' lang='lat' dir='ltr'><strong>lib.</strong></span> <span class='ocrx_word' id='word_1_928' title='bbox 3450 5583 3532 5645; x_wconf 38' lang='grc' dir='ltr'><strong>,με</strong></span> <span class='ocrx_word' id='word_1_929' title='bbox 3568 5566 3727 5645; x_wconf 67' lang='lat' dir='ltr'><strong>epist.</strong></span> 
     </span>
    </p>
   </div>
   <div class='ocr_carea' id='block_1_126' title="bbox 2136 5632 3732 5710">
    <p class='ocr_par' dir='ltr' id='par_1_126' title="bbox 2136 5632 3732 5710">
     <span class='ocr_line' id='line_1_126' title="bbox 2136 5632 3732 5710; baseline -0.002 -13"><span class='ocrx_word' id='word_1_930' title='bbox 2136 5641 2208 5697; x_wconf 74' lang='lat'><strong>27</strong></span> <span class='ocrx_word' id='word_1_931' title='bbox 2254 5632 2304 5695; x_wconf 79' lang='lat' dir='ltr'><strong>et</strong></span> <span class='ocrx_word' id='word_1_932' title='bbox 2349 5641 2440 5697; x_wconf 75' lang='lat'><strong>58.</strong></span> <span class='ocrx_word' id='word_1_933' title='bbox 2487 5640 2612 5697; x_wconf 73' lang='lat' dir='ltr'><strong>Viti.</strong></span> <span class='ocrx_word' id='word_1_934' title='bbox 2666 5632 3073 5698; x_wconf 62' lang='lat' dir='ltr'><strong>Guiltolritl.&#39;itt</strong></span> <span class='ocrx_word' id='word_1_935' title='bbox 3110 5634 3207 5701; x_wconf 79' lang='lat' dir='ltr'><strong>lib.</strong></span> <span class='ocrx_word' id='word_1_936' title='bbox 3242 5660 3279 5699; x_wconf 86' lang='grc' dir='ltr'><strong>ιι</strong></span> <span class='ocrx_word' id='word_1_937' title='bbox 3331 5644 3395 5698; x_wconf 78' lang='lat' dir='ltr'><strong>de</strong></span> <span class='ocrx_word' id='word_1_938' title='bbox 3437 5632 3732 5710; x_wconf 61' lang='lat' dir='ltr'><strong>Privifegiit</strong></span> 
     </span>
    </p>
   </div>
   <div class='ocr_carea' id='block_1_127' title="bbox 2136 5713 3652 5789">
    <p class='ocr_par' dir='ltr' id='par_1_127' title="bbox 2136 5713 3652 5789">
     <span class='ocr_line' id='line_1_127' title="bbox 2136 5713 3652 5789; baseline -0.001 -20"><span class='ocrx_word' id='word_1_939' title='bbox 2136 5723 2555 5789; x_wconf 45' lang='lat' dir='ltr'><strong>congregatarum,</strong></span> <span class='ocrx_word' id='word_1_940' title='bbox 2584 5713 2720 5789; x_wconf 75' lang='lat' dir='ltr'><strong>Cod.</strong></span> <span class='ocrx_word' id='word_1_941' title='bbox 2755 5714 2970 5789; x_wconf 75' lang='lat' dir='ltr'><strong>Theod.</strong></span> <span class='ocrx_word' id='word_1_942' title='bbox 2993 5757 3008 5779; x_wconf 86' lang='lat'><strong>,</strong></span> <span class='ocrx_word' id='word_1_943' title='bbox 3039 5715 3515 5788; x_wconf 67' lang='lat' dir='ltr'><strong>Scaltg.,et.alios.</strong></span> <span class='ocrx_word' id='word_1_944' title='bbox 3590 5723 3652 5789; x_wconf 31' lang='grc' dir='ltr'><strong>με</strong></span> 
     </span>
    </p>
   </div>
   <div class='ocr_carea' id='block_1_128' title="bbox 2216 5778 3655 5857">
    <p class='ocr_par' dir='ltr' id='par_1_128' title="bbox 2216 5778 3655 5857">
     <span class='ocr_line' id='line_1_128' title="bbox 2216 5778 3655 5857; baseline -0.003 -16"><span class='ocrx_word' id='word_1_945' title='bbox 2216 5784 2233 5821; x_wconf 76' lang='grc' dir='ltr'><em>τ</em></span> <span class='ocrx_word' id='word_1_946' title='bbox 2279 5778 2396 5841; x_wconf 85' lang='lat' dir='ltr'><strong>Edit</strong></span> <span class='ocrx_word' id='word_1_947' title='bbox 2430 5798 2485 5841; x_wconf 86' lang='lat' dir='ltr'><strong>et</strong></span> <span class='ocrx_word' id='word_1_948' title='bbox 2515 5780 2672 5857; x_wconf 65' lang='lat' dir='ltr'><strong>pauci</strong></span> <span class='ocrx_word' id='word_1_949' title='bbox 2700 5778 2858 5855; x_wconf 48' lang='lat' dir='ltr'><strong>nisi,</strong></span> <span class='ocrx_word' id='word_1_950' title='bbox 2883 5778 3101 5842; x_wconf 69' lang='lat' dir='ltr'><strong>vultures</strong></span> <span class='ocrx_word' id='word_1_951' title='bbox 3124 5778 3655 5856; x_wconf 61' lang='lat' dir='ltr'><strong>agrorumreserbai&#39;i.</strong></span> 
     </span>
    </p>
   </div>
  </div>
