4078 6306
258 327 354 389 161
1274 321 1367 384 DE
1403 320 1695 385 OFFICIIS
1735 321 2218 388 MINIS'I‘RORUM
2255 323 2386 388 LIB.
2429 324 2521 388 ιιι.
3460 335 3564 401 16Ξ

1878 449 1930 510 Α
1956 459 2194 501 amorem
2225 445 2548 506 honestatis.
2575 453 2631 502 et
2653 459 2750 500 usu
2784 445 3015 518 quodam
3047 447 3334 520 degeneris
3356 466 3566 508 merca-

1959 547 2115 601 turzr,
2151 547 2360 607 qtaestu
2397 539 2676 594 sollicitari
2707 539 2953 610 ignobili,
2985 557 3148 595 avaro
3176 551 3416 599 :estnare
3444 561 3568 600 cor-

1959 629 2051 695 de,
2081 630 2273 686 diebus
2298 647 2361 686 ac
2391 631 2638 686 noctibus
2669 633 2816 688 hiare
2845 633 2894 686 itt
2920 633 3082 688 alieni
3117 632 3444 691 detrimenta
3474 649 3565 706 pa-

1957 723 2214 788 trimonii,
2254 739 2360 780 non
2393 725 2608 780 elevare
2630 726 2866 780 animum
2891 725 2957 781 ad
2983 727 3280 783 honesmtis
3307 731 3564 798 nitorem,

1955 835 2064 874 non
2089 821 2438 877 considerare
2467 837 2607 877 vera:
2632 821 2805 877 laudis
2834 822 3312 892 pulchritudinem.

2027 915 2117 970 58.
2145 926 2167 954 ο
2190 915 2326 972 Ilinc
2343 925 2637 974 nascuntur
2654 913 2679 952 ε¹
2695 921 2924 987 aucupio
2939 920 3180 990 qumsitte
3195 919 3563 986 hatreditates,

1957 1009 2310 1065 continentire
2359 1023 2520 1083 alque
2571 1012 2850 1082 gravitatis
2892 1012 3240 1069 simulatione
3284 1021 3563 1083 captatis:

1954 1103 2098 1173 quod
2129 1103 2386 1161 abhorret
2414 1119 2444 1159 a
2477 1105 2759 1175 praposito
2775 1105 3054 1160 christiani
3076 1105 3206 1169 viri;
3239 1122 3398 1162 omne
3416 1107 3562 1162 enim

1956 1197 2103 1268 quod
2130 1209 2247 1253 arte
2274 1197 2550 1266 elicitum,
2592 1208 2645 1253 et
2669 1197 2857 1254 fraude
2885 1201 3244 1270 compositum
3277 1211 3384 1267 est,
3416 1209 3570 1257 caret

1956 1291 2150 1346 merito
2179 1289 2564 1360 stmplieitatis.
2595 1287 2652 1345 In
2687 1292 2818 1360 ipsis
2843 1291 2932 1362 qui
2968 1292 3172 1345 nullutn
3200 1290 3568 1347 Ecclesiastici

1955 1384 2162 1439 ordinis
2195 1383 2436 1438 cilicium
2466 1383 2796 1453 receperint,
2847 1383 3141 1455 incongrua
3191 1383 3462 1453 judicatur
3485 1385 3564 1438 al-

1955 1476 2165 1533 feCIatm
2207 1479 2432 1532 ambitio
2482 1476 2836 1532 hmreditatis.
2888 1476 2944 1532 In
2991 1493 3251 1549 supremo
3297 1479 3402 1534 line
3439 1479 3564 1534 vita:

1955 1572 2164 1641 positos
2202 1586 2358 1625 suum
2404 1571 2604 1626 habere
2631 1571 2916 1641 judicium,
2967 1584 3023 1627 ut
3073 1573 3243 1628 libere
3295 1582 3564 1629 testentur

255 1665 381 1721 baut
408 1663 607 1721 cedere
646 1664 956 1720 nationibus
988 1683 1002 1719 :
1053 1664 1279 1733 lapidari
1331 1665 1508 1733 potius
1544 1663 1850 1735 eligebant,
1953 1664 2096 1734 quod
2118 1664 2378 1729 sentiunt,
2409 1666 2500 1736 qui
2529 1677 2714 1735 postea
2746 1681 2853 1720 non
2885 1674 3012 1720 sunt
3033 1665 3374 1721 emendaturi
3405 1682 3560 1722 zeum

255 1758 395 1830 quod
425 1759 737 1814 minabatur
753 1759 1007 1829 populus,
1031 1774 1191 1829 quam
1215 1759 1480 1814 decedere
1507 1759 1576 1814 de
1600 1759 1856 1814 honesta-
1957 1753 2247 1811 hanestum
2296 1773 2404 1811 non
2447 1758 2519 1811 sit
2550 1767 2572 1793 ο
2600 1759 2964 1828 competentia
3021 1756 3041 1796 ί
3093 1759 3413 1830 compendia
3445 1761 3567 1817 aliis

257 1862 327 1908 te.
372 1853 769 1908 Dissuadebant
798 1852 929 1920 alii;
975 1862 1001 1889 α
1042 1852 1195 1923 plebs
1241 1851 1575 1907 reclamahat
1597 1895 1610 1915 ,
1665 1851 1852 1906 dicens
1883 1845 1930 1906 B
1961 1851 2046 1904 vel
2075 1849 2281 1917 debita,
2314 1849 2399 1904 vel
2433 1861 2615 1920 parata
2648 1859 2934 1917 avertere;
2979 1866 3102 1908 cum
3135 1853 3217 1908 vel
3267 1855 3569 1910 sacerdotis

255 1948 515 2004 adversus
544 1947 692 2003 diras
738 1956 792 2003 et
829 1963 1051 2018 asperas
1094 1957 1284 2018 gentes
1336 1947 1534 2002 bellum
1582 1945 1719 2008 fore,
1759 1961 1855 2001 ca-
1959 1945 2045 2000 vel
2077 1945 2308 2000 ministri
2338 1947 2406 2001 sit
2446 1946 2741 2018 prodesse,
2796 1946 2843 2004 si
2870 1947 2988 2005 fieri
3027 1957 3239 2020 potest,
3271 1949 3525 2006 omnibus
3550 1991 3568 2021 ,

257 2040 489 2097 dendum
513 2041 616 2096 sibi
646 2041 699 2096 in
729 2041 936 2111 ιιι-ωηο,
954 2040 1209 2097 mulieres
1229 2055 1354 2096 suas
1375 2051 1429 2096 et
1452 2055 1652 2111 pueros
1673 2039 1855 2110 direp-
1957 2041 2152 2097 obesse
2185 2041 2412 2097 nemini.

259 2136 392 2191 tioni
422 2134 658 2192 futuros.
2031 2135 2122 2192 59.
2170 2135 2412 2206 Denique
2455 2135 2580 2208 (14,
2623 2146 2804 2207 quiest.
2836 2136 2903 2202 5,
2936 2152 3056 2208 cap.
3093 2135 3345 2209 Denique)
3379 2139 3423 2194 si
3456 2154 3564 2194 non

327 2231 417 2288 55.
463 2231 681 2288 Exarsit
730 2231 940 2287 Domini
990 2231 1288 2304 indignatio
1313 2273 1329 2299 ,
1375 2240 1432 2287 ut
1473 2247 1662 2288 omnes
1691 2230 1858 2287 vellet
1961 2239 2140 2300 potest
2178 2231 2333 2286 alteri
2363 2230 2672 2298 subveniri,
2727 2231 2829 2285 nisi
2863 2231 3005 2286 alter
3034 2231 3284 2300 laedatur,
3327 2246 3572 2287 commo—

259 2325 532 2398 perdere:
567 2323 1855 2396 sedroganteMoyse,temperavitsententiam,
1961 2325 2082 2381 dius
2135 2336 2218 2382 est
2265 2334 2518 2382 neutrum
2563 2325 2779 2396 juvari,
2826 2341 2989 2397 quam
3048 2327 3261 2397 gravari
3309 2326 3569 2382 alterum.

260 2421 519 2476 ultionem
539 2419 921 2481 distulit.satis
935 2433 1058 2474 esse
1079 2417 1300 2488 perﬁdis
1317 2417 1855 2487 suppliciijudicans,
1961 2418 2195 2491 Ideoque
2225 2420 2275 2474 in
2303 2421 2482 2475 causis
2507 2420 2840 2489 pecuniariis
2863 2421 3197 2477 intervenire
3227 2437 3334 2476 non
3369 2431 3454 2476 est
3482 2437 3574 2477 sa-

261 2515 362 2573 etsi
393 2523 646 2586 parceret
687 2513 928 2579 interim,
966 2528 1065 2567 nec
1099 2520 1406 2583 percuteret
1430 2510 1763 2576 incredulos,
1793 2509 1860 2565 ad
1962 2516 2199 2572 cerdotis
2233 2534 2246 2570 :
2279 2515 2330 2570 in
2355 2516 2549 2587 quibus
2580 2532 2684 2569 non
2710 2525 2888 2586 potest
2918 2515 3057 2582 ﬁeri,
3089 2517 3220 2586 quin
3250 2515 3574 2588 frequenter

262 2623 382 2664 eam
416 2619 595 2662 tamen
638 2615 841 2662 terram
872 2622 1033 2678 quam
1073 2614 1488 2671 recusaverant,
1523 2615 1745 2678 propter
1771 2605 1859 2658 in-
1964 2608 2193 2664 laedatur
2215 2610 2352 2664 alter
2381 2608 2472 2679 qui
2497 2607 2750 2673 vincitur,
2777 2607 3032 2679 quoniam
3061 2609 3447 2666 intercessoris
3479 2611 3572 2666 be-

263 2701 599 2759 crcdttlitatis
626 2717 738 2758 suae
761 2700 992 2771 pretium
1034 2718 1140 2756 non
1168 2701 1516 2771 pervenirent
1547 2701 1676 2756 :sed
1704 2698 1861 2772 pueri
1965 2701 2162 2758 nelieio
2190 2718 2249 2757 se
2282 2702 2481 2756 victum
2530 2701 2847 2757 arbitratur.
2903 2702 3218 2759 Sacerdotis
3273 2714 3359 2759 cst
3412 2703 3576 2776 igitur

262 2803 320 2852 el.
346 2796 602 2851 mulieres
624 2794 714 2866 qui
737 2810 845 2850 non
871 2794 1440 2858 immurmuraverant,
1466 2793 1553 2848 vel
1579 2808 1743 2858 sexu,
1775 2793 1862 2847 vel
1965 2799 2100 2852 nulli
2132 2813 2350 2862 nocere,
2377 2796 2640 2868 prodesse
2673 2795 2816 2851 velle
2853 2798 3107 2852 omnibus
3137 2815 3150 2852 :
3190 2813 3350 2868 posse
3383 2810 3566 2854 autem

262 2900 428 2946 relate
466 2889 767 2946 veniabiles
793 2930 808 2955 ,
858 2896 1118 2958 caperent
1161 2888 1280 2958 ejus
1327 2897 1485 2943 teme
1537 2887 1861 2957 promissam
1968 2893 2140 2947 solius
2169 2903 2252 2947 est
2287 2892 2403 2946 Dei.
2432 2890 2564 2945 Nam
2601 2889 2654 2944 in
2687 2905 2848 2945 causa
2873 2893 3067 2961 capitis
3099 2907 3298 2947 nocere
3325 2891 3373 2948 ei
3405 2907 3568 2963 quem

263 2983 665 3041 btereditatem.
699 2985 942 3056 Denique
980 2987 1307 3057 quicumque
1338 2993 1495 3040 erant
1524 2999 1553 3038 a
1602 2984 1864 3051 vigesimo
1963 2990 2155 3060 juvare
2193 2985 2396 3042 debeas
2439 2984 2862 3055 periclitantem,
2912 3001 3017 3040 non
3052 2986 3171 3042 sine
3221 2995 3448 3057 peccato
3488 2993 3576 3040 est

851 443 1075 505 CAPUT
1114 443 1250 502 VIII.

258 541 365 598 Eas
376 542 463 613 qui
479 542 753 597 honestum
776 543 893 597 utili
903 551 1216 611 anteponant
1237 557 1269 593 a
1283 538 1391 594 Dea
1413 539 1644 612 probari,
1666 539 1849 605 Jasue,

329 634 519 704 Caleb,
553 647 600 693 et
625 638 849 692 aliorum
878 637 1258 708 exploratorum
1296 647 1468 708 patere
1494 636 1766 706 exemplis.

327 732 416 788 55.
454 731 686 800 Quando
718 733 954 800 majores
985 732 1154 787 nostri
1200 732 1422 787 servitio
1456 731 1611 787 exire
1649 732 1854 799 patuis-

257 835 400 891 sent,
426 824 528 881 nisi
561 826 614 880 id
645 840 752 880 non
780 825 954 881 solum
983 833 1158 893 turpe,
1190 825 1282 879 scd
1315 826 1478 880 etiam
1519 824 1709 880 inutile
1736 840 1855 881 cre-

257 918 524 974 didissent
554 918 668 990 regi
689 917 901 975 servire
943 916 1322 992 Egyptiorum
1351 915 1549 990 (Exod.
1582 932 1678 985 stt,
1708 916 1778 972 54
1805 925 1855 972 et

256 1012 429 1082 seq.)‘l

325 1106 416 1161 51.
458 1104 620 1161 Jesus
645 1120 861 1178 quoque
895 1113 949 1160 et
977 1103 1144 1160 Calcb
1183 1104 1333 1160 missi
1365 1103 1432 1159 ad
1463 1103 1851 1175 explorandam

255 1208 482 1264 terram,
508 1199 729 1256 uberem
761 1199 980 1270 quidem
1025 1209 1223 1254 terram
1246 1239 1259 1262 ,
1303 1199 1397 1252 sed
1428 1213 1457 1252 a
1501 1197 1854 1254 ferocissimis

253 1292 539 1348 inhabitari
563 1293 815 1362 gentibus
835 1292 1240 1347 nuntiaverunt.
1269 1291 1498 1347 Terrore
1526 1291 1652 1347 belli
1681 1307 1854 1361 popu-

255 1385 335 1440 lus
377 1387 685 1452 infractus,
737 1385 1021 1441 recusabat
1072 1394 1229 1440 terra:
1283 1384 1398 1454 ejus
1449 1384 1853 1454 passessionem

258 1479 447 1553 (Num.
475 1497 591 1542 χιιι,
623 1480 695 1537 28
717 1489 767 1535 et
786 1484 943 1551 δρψ).
974 1479 1287 1535 Suadebant
1308 1479 1854 1548 missiexploratores

255 1571 411 1629 Jesus
432 1584 485 1628 et
506 1573 674 1629 Cale!)
703 1583 900 1628 terram
924 1588 1045 1629 esse
1076 1573 1264 1628 utilem
1307 1589 1320 1626 :
1352 1571 1670 1626 indecorum
1697 1582 1853 1641 puta-

261 3092 412 3134 anno
439 3088 493 3135 et
511 3094 673 3150 supra
699 3080 752 3133 in
775 3080 1013 3142 deserto,
1039 3093 1226 3133 eorum
1258 3077 1498 3132 membra
1527 3076 1859 3142 ceciderunt,

262 3171 362 3228 sed
391 3174 621 3228 aliorum
654 3172 817 3228 dilata
844 3181 932 3228 est
961 3186 1140 3242 poena.
1169 3171 1272 3239 Qui
1302 3181 1481 3226 autem
1501 3170 1866 3225 ascenderunt

1966 3081 2121 3154 gravi
2154 3099 2165 3135 :
2194 3082 2248 3136 in
2293 3095 2455 3136 causa
2482 3088 2662 3134 autem
2697 3079 2939 3150 pecunia:
2968 3079 3089 3133 odia
3129 3095 3399 3149 quaerere,
3445 3078 3580 3135 insi-

1968 3176 2187 3246 pientia:
2217 3186 2296 3230 ρει
2319 3189 2334 3240 ;
2358 3188 2478 3228 cum
2506 3188 2602 3242 pro
2629 3172 2809 3227 salute
2841 3171 3078 3226 hominis
3105 3187 3299 3240 graves
3321 3173 3579 3241 lrequeu-

261 3282 388 3323 cum
420 3266 574 3328 Jcsu.
605 3276 658 3322 et
685 3265 1111 3321 dissuadendum
1141 3272 1486 3333 putaverunt,
1518 3262 1545 3301 ι’
1574 3265 1726 3334 plaga
1759 3278 1871 3317 ηια-
1895 3247 1942 3310 C
1977 3276 2061 3325 ter
2101 3271 2233 3324 liant
2264 3269 2525 3322 molestim
2558 3283 2569 3320 :
2605 3267 2656 3321 in
2703 3281 2812 3336 quo
2845 3269 3005 3320 etiam
3040 3266 3334 3336 periclitari
3375 3267 3583 3336 glorio-

265 3377 372 3433 gna
395 3361 578 3416 statim
605 3360 804 3416 mortui
825 3368 952 3415 sunt
979 3376 991 3413 :
1017 3358 1176 3415 .Iesus
1198 3374 1327 3414 vero
1357 3371 1411 3414 et
1438 3358 1605 3414 Calcb
1633 3372 1755 3412 cum
1790 3356 1872 3410 in-

267 3458 431 3514 noxia
460 3466 618 3512 astate
645 3457 727 3512 vel
754 3471 886 3511 sexu
917 3455 971 3511 in
1005 3465 1204 3510 terram
1236 3452 1609 3526 promissionis
1635 3453 1874 3508 intrave-

267 3559 401 3608 runt
433 3548 623 3624 (Nam.
651 3565 759 3616 stv,
789 3549 824 3606 6
849 3559 896 3605 et
922 3550 1080 3620 seq.).

346 3643 441 3700 56.
484 3643 614 3699 Pars
658 3643 820 3714 igitur
867 3642 1059 3700 melior
1103 3642 1336 3713 gloriam
1381 3642 1541 3697 saluti
1589 3641 1823 3713 przetulit
1855 3681 1869 3708 ,

270 3737 519 3795 deterior
547 3737 778 3793 salutem
827 3735 1120 3791 honestati.
1173 3735 1361 3790 Divina
1391 3745 1571 3791 autem
1605 3733 1874 3790 sententia

267 3847 373 3890 eos
404 3831 673 3903 probavit,
714 3832 802 3902 qui
843 3831 1069 3886 honesta
1100 3829 1326 3885 utilibus
1359 3840 1616 3898 praestare
1645 3830 1878 3884 arbitra-

270 3930 475 3988 bantur
506 3947 518 3982 :
564 3943 660 3984 eos
698 3943 828 3984 vero
865 3926 1276 3992 condenmavit,
1321 3925 1464 3994 apud
1497 3940 1634 3996 quos
1669 3940 1732 3980 ea
1759 3939 1877 3994 quze

272 4021 604 4079 videbantur
627 4022 788 4077 saluti
813 4022 992 4093 potius
1020 4036 1183 4092 quam
1213 4019 1482 4076 honeStati
1503 4018 1891 4084 accommoda;
1925 4101 1929 4108 Ι

275 4116 791 4188 prteponderabant.

804 4213 961 4285 ιη
997 4209 1225 4266 canor
1264 4209 1358 4266 ιχ.

275 4301 520 4360 Fraudes
549 4315 595 4361 et
623 4305 794 4377 turpia
814 4306 959 4360 lucra
982 4305 1204 4358 maxime
1234 4303 1478 4358 dedecere
1496 4305 1731 4371 clericos,
1755 4321 1882 4375 qua-

351 4414 472 4453 rum
497 4409 571 4454 est
616 4398 826 4453 utilitati
864 4399 1092 4453 omnium
1121 4398 1414 4454 inseruire:
1461 4399 1582 4454 illos
1622 4403 1676 4453 in
1718 4398 1883 4453 causis

275 4524 282 4529 -
356 4494 668 4565 pecuniariis
691 4494 995 4548 intervenire
1026 4510 1348 4564 nequaquam
1374 4495 1574 4559 debere,
1597 4510 1742 4549 secus
1769 4507 1884 4548 vero

353 4589 410 4642 in
437 4586 768 4660 capitalibus.
803 4585 1014 4642 Eisdem
1045 4603 1106 4643 ne
1134 4589 1238 4655 cui,
1284 4588 1440 4642 etiam
1491 4586 1736 4653 lacessiti,
1788 4603 1884 4641 no-

356 4694 526 4752 ceant,
555 4683 846 4755 exemplum
877 4682 1082 4747 David;
1107 4700 1203 4738 neu
1244 4692 1416 4738 autent
1446 4685 1599 4738 vitam
1627 4684 1890 4740 honestati

357 4781 660 4850 praeferant,
688 4777 854 4832 ca'des
886 4777 1132 4832 Nabuthe
1157 4779 1486 4849 prapanitur.

355 4871 446 4929 57.
488 4871 632 4928 Nihil
671 4873 852 4944 itaque
890 4869 1186 4927 deformius
1230 4887 1391 4944 quam
1439 4871 1644 4929 nullum
1670 4874 1889 4946 _haberc

280 5035 290 5054 '
359 5043 384 5106 fl
420 5034 548 5090 Mss.
583 5034 813 5105 aliquot,
847 5033 1020 5106 plebes
1047 5033 1396 5089 reclamabant
1417 5033 1670 5089 dicentes.

281 5106 302 5149 ι’
358 5104 388 5145 δ
432 5108 578 5161 Edit.
616 5104 738 5162 cum
783 5104 889 5162 uno
916 5107 1003 5161 vel
1034 5107 1208 5163 altero
1235 5120 1393 5173 mss.,
1431 5106 1586 5179 plaga
1615 5105 1754 5160 mala
1773 5114 1880 5160 sta-

285 5179 378 5235 tim
393 5221 407 5242 ,
441 5188 548 5235 etc.

365 5261 388 5290 ε
430 5249 544 5306 Cic.
578 5251 674 5306 lib.
712 5267 769 5307 ιιι
791 5250 974 5315 Ollic.,
1001 5266 1125 5323 pag.
1154 5251 1282 5315 398,
1319 5250 1394 5305 lin
1422 5251 1458 5305 2
1483 5269 1495 5305 :
1521 5249 1655 5305 Mihi
1681 5249 1887 5320 quidem

287 5323 445 5379 etiam
470 5340 600 5378 certe
629 5324 955 5379 Itarreditates
983 5342 1084 5378 non
1108 5325 1335 5378 honesta:
1355 5324 1613 5387 videntur,
1635 5332 1742 5378 etc.

362 5391 388 5429 δ
415 5394 488 5449 Ita
531 5411 663 5451 mss.
699 5396 859 5465 longe
887 5397 1105 5467 plurimi
1131 5412 1195 5450 ae
1228 5395 1626 5455 vetustissimi;
1673 5393 1887 5467 quidam

290 5473 473 5521 tamen
519 5477 683 5539 atque
723 5465 914 5524 omnes
956 5469 1112 5537 edit.,
1147 5469 1374 5540 aucupia
1409 5469 1638 5538 qutesita:
1665 5465 1888 5521 hancdi-

293 5541 432 5593 tatis.

373 5622 395 5648 ε
438 5612 562 5667 Era.
611 5621 662 5668 et
710 5627 826 5684 seq.
878 5613 1012 5668 edit.
1065 5620 1479 5683 expuuxerunt,
1522 5608 1888 5684 competentia,

293 5697 418 5752 quae
445 5701 546 5738 vox
576 5695 754 5738 tamen
789 5682 841 5740 in
892 5687 1113 5741 Amerh.
1143 5682 1208 5739 ac
1239 5699 1371 5738 mss.
1419 5698 1587 5753 prope
1630 5682 1884 5734 monibus

295 5760 592 5828 reperitur.
619 5758 752 5824 Qua:
776 5773 939 5828 porro
966 5759 1032 5813 de
1049 5756 1229 5812 causis
1253 5767 1366 5811 tum
1400 5755 1747 5828 pecuniariis.
1777 5762 1890 5808 tum

299 5827 496 5896 Capitis
527 5827 616 5885 hic
643 5827 920 5895 dicuntur,
954 5845 1075 5884 cum
1118 5829 1206 5884 Itis
1237 5827 1568 5886 conferenda
1615 5834 1744 5882 sunt
1773 5840 1894 5896 qua:

307 5895 576 5957 habentur
609 5915 730 5974 sup.
765 5917 886 5974 pag.
911 5901 979 5958 95
1009 5910 1063 5956 et
1090 5901 1212 5957 100.

1973 3377 2095 3417 sum
2127 3362 2215 3416 sit.
2249 3359 2534 3431 Proposita
2567 3358 2724 3429 igitur
2757 3358 2930 3413 forma
2966 3358 3016 3412 in
3047 3359 3354 3414 sacerdotis
3395 3359 3582 3416 ollicio

1977 3466 2257 3519 teneatur;
2285 3467 2308 3504 ε
2340 3465 2401 3510 ιιι
2429 3456 2560 3509 nulli
2595 3464 2807 3521 noceat,
2833 3470 2902 3510 ne
2934 3454 3220 3509 lacessitus
3250 3454 3490 3526 quidem,
3522 3463 3582 3512 et

1975 3552 2153 3624 aliqua
2182 3551 2376 3621 injuria
2402 3550 2662 3606 oll‘ensus.
2691 3549 2867 3604 Bonus
2897 3551 3041 3604 enim
3072 3558 3155 3604 est
3177 3549 3256 3604 vir
3280 3550 3368 3620 qui
3401 3549 3578 3606 dixit:

1979 3649 2041 3705 Si
2062 3648 2264 3704 reddidi
2285 3647 2677 3702 retribuentibus
2701 3644 2825 3698 mihi
2856 3645 2990 3699 mala
3020 3643 3192 3714 (Psal.
3223 3660 3314 3710 \‘tl,
3446 3643 3582 3711 Quae

1978 3745 2119 3800 enim
2152 3753 2234 3800 est
2282 3741 2478 3814 gloria,
2513 3743 2554 3795 si
2589 3756 2710 3795 eum
2744 3757 2850 3794 non
2882 3739 3154 3804 laedimus,
3197 3741 3285 3810 qui
3333 3755 3432 3795 nos
3474 3756 3586 3798 non

1979 3837 2217 3893 laeserit?
2249 3837 2354 3892 Sed
2389 3836 2479 3890 illa
2515 3835 2684 3890 virtus
2715 3841 2832 3900 est,
2863 3835 2905 3888 si
2940 3835 3100 3889 hesus
3133 3833 3400 3888 remittas.

2054 3931 2142 3986 60.
2168 3931 2354 4014 ‘Quam
2387 3929 2699 3995 honestum,
2726 3924 2752 3962 ιι
2794 3927 2936 3998 quod
2989 3943 3110 3981 cum
3156 3927 3422 3998 potuisset
3470 3925 3584 3999 regi

1959 4019 2200 4129 =iqimico
2231 4039 2449 4111 nocere,
2481 4022 2672 4077 maluit
2722 4037 2952 4094 parcere
3006 4020 3046 4094 (Ι
3095 4019 3223 4091 Reg.
3270 4035 3417 4086 xxiv,
3467 4021 3500 4075 5
3538 4029 3587 4076 et

1983 4115 2115 4194 seq.)
2143 4121 2155 4174 !
2185 4119 2357 4188 Quam
2386 4119 2550 4175 etiam
2577 4118 2870 4189 utile,quia
2898 4119 3201 4171 successori
3230 4115 3331 4170 hoc
3355 4116 3590 4186 prol'uit,

1982 4225 2041 4269 ut
2068 4214 2339 4270 discerent
2366 4227 2556 4268 omnes
2589 4211 2744 4266 tidem
2779 4211 2888 4280 regi
2920 4210 3139 4280 pr0prio
3170 4223 3391 4264 servare
3412 4249 3428 4276 ,
3483 4222 3586 4264 nec

1986 4323 2246 4380 usurpare
2298 4307 2619 4376 imperium,
2652 4304 2746 4360 sed
2795 4304 3004 4359 vereri!
3041 4302 3224 4374 Itaque
3250 4311 3303 4357 et
3327 4301 3587 4357 honestas

1985 4400 2448 4472 utilitati'praelata
2475 4410 2578 4462 est,
2601 4409 2653 4453 et
2677 4397 2879 4452 utilitas
2907 4407 3085 4452 secuta
3114 4396 3453 4451 honestatem
3480 4405 3588 4451 est.

2061 4497 2218 4572 123
2257 4495 2350 4551 61.
2387 4493 2580 4549 Parum
2609 4501 2691 4547 est
2718 4490 2862 4562 quod
2895 4491 3166 4562 pepercit,
3203 4488 3414 4546 addidit
3440 4487 3584 4561 quod

1991 4593 2152 4650 etiam
2185 4594 2236 4646 in
2269 4589 2412 4645 bello
2442 4587 2618 4642 doluit
2645 4585 2908 4651 occisum,
2932 4596 2984 4640 et
3008 4584 3262 4642 ﬂebiliter
3286 4583 3598 4656 deploravit

1996 4687 2182 4743 dicens
2209 4702 2220 4737 :
2257 4682 2459 4737 Montes
2480 4680 2568 4752 qui
2587 4681 2710 4734 estis
2744 4680 2794 4734 in
2822 4677 3034 4733 Gelbeal
3056 4721 3069 4744 ,
3100 4695 3263 4749 neque
3294 4694 3401 4746 ros,
3432 4694 3594 4748 neque

1993 4781 2167 4855 pluvia
2197 4779 2348 4832 cadat
2395 4791 2551 4843 super
2596 4789 2706 4828 vas.
2759 4771 2961 4828 Montes
2998 4773 3198 4840 martis,
3240 4771 3484 4843 quoniant
3529 4769 3600 4827 ibi

1996 4874 2198 4930 sublata
2225 4881 2298 4928 est
2329 4868 2578 4942 protectio
2602 4867 2909 4937 potentiunt,
2937 4866 3188 4938 protectia
3220 4865 3380 4922 Saul.
3412 4863 3428 4903 ί
3467 4863 3597 4922 Non

2066 5029 2084 5069 ί
2127 5028 2242 5084 Cic.
2279 5025 2374 5082 lib.
2401 5040 2460 5081 ιιι
2489 5022 2676 5086 0ftic.,
2701 5038 2826 5093 pag.
2864 5023 2992 5088 398,
3026 5023 3123 5079 lin.
3159 5024 3216 5080 11
3256 5040 3271 5076 :
3302 5023 3473 5078 Ilama
3495 5041 3596 5080 au-

1990 5113 2086 5158 tem
2115 5103 2382 5168 iustus...
2417 5095 2549 5151 nihil
2588 5097 2828 5166 cuiquam
2854 5097 2992 5166 quod
3020 5096 3071 5150 in
3097 5113 3152 5151 se
3188 5097 3598 5167 transferat,de-

1991 5175 2192 5237 trahet,
2222 5185 2330 5227 etc.

2067 5257 2091 5293 8
2133 5245 2308 5306 Ibid.,
2357 5241 2458 5297 lin.
2497 5237 2564 5294 14
2600 5256 2612 5292 :
2642 5237 2765 5295 Jam
2811 5257 2865 5296 se
2894 5240 3002 5304 ipse
3049 5238 3231 5294 doceat
3277 5255 3391 5293 eum
3431 5238 3598 5294 virum

1991 5320 2185 5374 bonum
2225 5332 2369 5377 esse,
2401 5312 2492 5380 qui
2534 5312 2695 5379 prosit
2723 5311 2904 5378 quibus
2934 5314 3132 5380 possit;
3165 5320 3344 5364 noceat
3375 5311 3597 5380 nemini,

1993 5392 2096 5446 nisi
2123 5388 2387 5443 lacessitus
2419 5385 2640 5453 injuria.
2677 5383 2808 5438 Vide
2849 5384 2992 5454 quod
3028 5384 3164 5436 hanc
3204 5381 3256 5435 itt
3285 5396 3398 5436 rem
3427 5397 3602 5438 anno-

2003 5472 2171 5519 latum
2203 5475 2287 5513 est
2316 5476 2343 5510 a
2377 5457 2535 5510 nobis
2569 5471 2691 5523 pag.
2720 5457 2844 5519 1M,
2872 5457 2936 5508 ad
2968 5470 3116 5507 num.
3141 5454 3234 5506 27.

2075 5533 2099 5571 ιι
2143 5533 2303 5592 Ibid.,
2334 5543 2457 5600 pag.
2493 5528 2620 5589 396,
2653 5524 2748 5580 lio.
2779 5527 2851 5582 28
2881 5544 2893 5579 :
2928 5525 3047 5600 Siue
3073 5529 3150 5578 air
3189 5526 3355 5580 bonus
3394 5533 3490 5594 est,
3517 5527 3606 5598 qui

2001 5607 2234 5678 prodest,
2254 5597 2437 5674 quibus
2465 5610 2629 5678 potest
2651 5637 2666 5662 ,
2697 5609 2844 5653 nocet
2871 5597 3078 5678 netnini,
3106 5607 3213 5678 et_e_.

2082 5677 2096 5716 ί
2144 5679 2218 5733 Ita
2253 5668 2384 5729 mss.
2433 5668 2617 5750 plures
2665 5683 2729 5723 ac
2776 5670 3036 5750 potiores,
3077 5668 3312 5750 quibus”
3340 5669 3613 5750 atcedttnt

1951 5773 1971 5784 -
2002 5749 2138 5806 edit.
2167 5750 2268 5802 nisi
2292 5745 2436 5817 quod
2464 5741 2770 5817 pra-lertur,
2793 5740 2883 5817 sed
2901 5740 3192 5809 sanguine;
3223 5739 3315 5817 alii
3354 5756 3486 5817 vero
3508 5743 3613 5798 ali-

2002 5835 2155 5889 quot,
2185 5812 2333 5889 quasi
2370 5833 2469 5872 non
2499 5814 2567 5868 sit
2591 5822 2779 5868 unctus
2819 5812 2935 5868 oleo
2962 5820 3010 5867 et
3037 5829 3070 5866 a
3095 5813 3346 5884 sanguine
3370 5815 3617 5879 vulneras

2003 5903 2189 5950 tarum.
