4078 6306
315 313 424 372 Ἰϐὃ
1337 314 1422 370 DE
1462 310 1756 370 OFFICIIS
1794 309 2266 369 MINISTROBUM
2305 309 2434 368 LIB.
2477 311 2564 368 ΙΙΙ.
3519 309 3622 372 166

314 448 436 487 rum
492 432 720 499 inscius,
771 448 875 487 non
925 431 1180 502 cognovit
1228 430 1446 486 fraudes
1491 444 1701 496 eorum,
1737 444 1914 498 neque
1945 426 1990 487 A
2021 427 2194 482 retia:
2230 429 2602 500 unusquisque
2629 430 2772 500 quod
2798 439 3056 500 ceperat,
3081 431 3335 487 cei-latim
3365 432 3626 489 offerebat

317 524 487 580 Deum
519 526 873 598 interrogavit
908 543 920 577 :
953 525 1048 580 sed
1077 524 1186 579 cito
1215 523 1465 580 credidit.

385 618 474 674 68.
521 619 674 675 Adeo
701 628 884 675 saneta
908 627 1028 675 erat
1049 619 1154 674 illis
1182 619 1520 689 temporibus
1546 617 1682 672 fides
1705 633 1919 686 eorum,

315 723 374 767 ut
404 712 594 770 fallere
635 715 846 785 aliquos
891 727 1054 784 posse
1098 731 1204 770 non
1251 714 1586 770 crederetur.
1638 712 1770 781 Quis
1817 713 1922 768 hoc

315 807 690 873 reprehendat
743 807 795 861 in
843 808 1070 874 sanctis,
1122 807 1209 878 qui
1239 817 1467 863 cieteros
1497 806 1566 861 de
1600 820 1699 861 suo
1729 805 1920 861 atiectu

315 897 622 963 :estimant;
656 908 710 954 et
739 901 863 970 quia
916 900 1050 970 ipsis
1090 901 1265 955 amica
1312 909 1396 955 est
1424 899 1658 964 veritas,
1706 899 1922 954 mentiri

317 995 593 1051 neminem
631 1006 844 1066 putant,
879 995 1070 1052 fallere
1099 995 1230 1068 quid
1262 997 1333 1052 sit
1359 994 1514 1068 125
1540 995 1787 1065 ignorant
1815 1013 1827 1048 :
1859 995 1925 1049 li-

317 1086 513 1144 benter
537 1089 768 1144 credunt
798 1089 944 1160 quod
974 1089 1075 1160 ipsi
1119 1099 1281 1156 sunt,
1328 1105 1428 1144 nec
1470 1097 1703 1160 possunt
1733 1101 1922 1156 suspe-

317 1190 463 1235 etum
489 1181 691 1237 habere
715 1183 860 1252 quod
891 1199 999 1237 non
1029 1181 1332 1239 sunt.Hiuc
1351 1181 1612 1238 Salomon
1639 1177 1924 1235 aittlnno-

316 1289 438 1328 cena
466 1274 630 1328 credit
665 1276 806 1328 omni
838 1277 989 1330 verba
1031 1274 1218 1345 (Prae.
1257 1290 1375 1340 xlv,
1427 1274 1530 1338 15;
1559 1271 1667 1337 22,
1696 1288 1748 1340 q.
1784 1271 1836 1334 4,
1872 1287 1918 1323 c.

317 1364 629 1439 Innocenti).
673 1367 789 1423 Non
832 1367 1191 1438 vituperanda
1223 1366 1480 1431 facilitas,
1523 1364 1619 1421 sed
1653 1360 1923 1418 laudanda

320 1459 561 1514 bonitas.
595 1461 706 1515 Hoc
732 1471 816 1517 est
840 1461 1188 1518 innocentem
1217 1475 1341 1516 esse
1371 1459 1625 1531 ignorare
1647 1455 1790 1528 quod
1821 1470 1922 1510 no-

315 1565 441 1609 ceat
469 1571 481 1607 :
529 1564 583 1610 et
612 1556 657 1609 si
707 1555 1182 1612 circumscribitur
1211 1554 1279 1610 ab
1311 1553 1528 1625 aliquo;
1559 1552 1629 1608 de
1665 1551 1924 1608 omnibus

315 1656 500 1703 tamen
527 1648 666 1704 bene
688 1648 912 1720 iudicat,
948 1648 1043 1720 qui
1067 1647 1229 1704 ﬁdem
1254 1662 1376 1705 esse
1415 1648 1468 1702 in
1496 1644 1752 1702 omnibus
1777 1643 1924 1700 arbi-

317 1750 511 1797 tralur.

2021 520 2410 590 epulantibus:
2469 538 2632 592 supra
2689 539 2935 578 mensam
2983 523 3163 594 pisces
3213 525 3623 594 ingerebantur,

2020 613 2209 667 oculos
2257 614 2689 670 recumbentium
2736 616 3047 672 resilientes
3093 616 3477 673 verberabant.
3529 617 3629 673 Mi-

2021 706 2131 760 rari
2171 705 2376 778 hospes
2417 718 2623 764 tantam
2667 709 2882 780 copiam
2923 710 3189 780 piscium,
3246 721 3268 747 θ
3313 721 3630 782 tantumque

2020 814 2306 856 numerum
2345 803 2686 874 cymbarum.
2734 804 3072 872 Responsum
3115 803 3416 874 qiuerenti,
3459 820 3628 875 aqua-

2022 892 2223 947 tionem
2259 893 2369 950 illic
2397 911 2552 960 esse,
2586 896 2764 952 dulcis
2791 913 2946 968 aqum
2985 897 3159 967 gratia
3202 899 3630 955 innumerabiles

2023 999 2087 1038 eo
2115 985 2296 1056 pisces
2320 989 2634 1046 convenire.
2665 989 2807 1057 Quid
2834 990 3045 1045 multa?
3075 989 3303 1045 Pellexit
3334 991 3625 1062 hospitem,

2023 1089 2080 1134 ut
2118 1079 2221 1133 sibi
2263 1090 2615 1152 extorqueret
2645 1083 2832 1138 hortos
2859 1100 2871 1137 :
2903 1083 3143 1140 vendere
3172 1083 3364 1140 volens
3392 1085 3629 1156 cogitur,

2027 1170 2044 1208 ί
2080 1173 2312 1242 pretium
2341 1187 2602 1246 gravatus
2631 1177 2884 1249 suscipit.

2096 1265 2183 1318 7i.
2212 1263 2474 1337 Sequenti
2504 1269 2592 1325 die
2619 1270 2685 1325 ad
2715 1271 2904 1326 hortos
2929 1280 3146 1342 emptor
3173 1287 3297 1327 cum
3324 1273 3513 1328 amicis
3540 1289 3632 1329 ve-

2024 1359 2103 1413 nit
2124 1399 2138 1423 ,
2173 1360 2447 1430 navigium
2481 1363 2694 1420 nullum
2728 1364 2958 1420 invenit.
2991 1364 3344 1421 Pereontanti
3375 1381 3503 1421 num
3530 1367 3631 1421 ali-

2025 1466 2128 1523 qua
2171 1453 2542 1524 piscatoribus
2579 1472 2647 1514 eo
2685 1467 2835 1516 esset
2862 1459 2950 1514 die
2979 1458 3238 1515 feriarum
3270 1460 3588 1515 solemnitas
3613 1501 3626 1525 ,

2027 1545 2394 1618 respondetur
2433 1549 2580 1605 nulla
2603 1593 2617 1618 ,
2653 1566 2755 1607 nec
2795 1567 3052 1623 umquam
3096 1552 3208 1608 illic
3244 1553 3401 1625 123
3431 1562 3632 1624 praeter

2027 1640 2341 1696 hesternum
2390 1641 2534 1698 diem
2583 1645 2783 1714 piscari
2837 1646 3047 1702 solitos.
3091 1645 3259 1714 Quam
3309 1647 3398 1701 hic
3445 1647 3630 1701 redar—

2025 1731 2226 1806 guendi
2277 1733 2507 1790 haberet
2558 1737 2942 1794 auctoritatem
2988 1737 3139 1804 doli,
3190 1738 3280 1808 qui
3324 1745 3432 1792 tam
3476 1747 3634 1808 turpe

387 1834 479 1890 69.
512 1834 622 1890 Hac
651 1832 817 1904 igitur
848 1834 1047 1890 mentis
1072 1849 1186 1890 sua:
1213 1833 1505 1890 devotione
1535 1832 1833 1888 inclinatus
1863 1838 1916 1886 ut
1948 1819 1996 1882 B
2023 1830 2254 1899 captarit
2278 1831 2572 1901 aucupium
2629 1833 3001 1890 deliciarum?
3049 1835 3150 1904 Qui
3200 1835 3351 1892 enim
3403 1838 3633 1893 alterum

309 1929 590 1994 crederet,
622 1936 1013 1984 testamentum
1045 1927 1339 1997 disposuit,
1375 1942 1561 1997 pacem
1593 1925 1768 1990 dedit,
1797 1938 1927 1978 eon-

313 2021 550 2076 firmavit
577 2022 920 2080 societatem.
949 2019 1058 2076 Sed
1083 2020 1174 2075 ubi
1203 2020 1256 2074 iu
1285 2028 1461 2079 terras
1485 2033 1675 2074 eorum
1701 2024 1925 2072 ventum

311 2124 436 2178 est,
470 2114 807 2185 deprehensa
841 2113 1032 2169 fraude
1053 2155 1068 2181 ,
1102 2112 1246 2184 quod
1278 2127 1400 2168 eum
1439 2121 1628 2168 essent
1668 2110 1923 2174 finitimi,

310 2207 556 2263 advenas
586 2224 646 2264 se
677 2224 800 2264 esse
827 2209 1227 2264 simulaverant
1248 2249 1262 2273 ,
1295 2206 1777 2277 circumscriptum
1807 2219 1931 2260 sese

309 2299 552 2370 pupulas
577 2309 791 2368 patrutn
821 2299 1092 2370 indignari
1121 2299 1305 2370 etrapit.
1337 2298 1496 2355 Jesus
1521 2309 1705 2354 tamen
1741 2311 1928 2367 pacem

306 2409 480 2464 quam
516 2393 781 2462 dederat,
823 2394 1195 2452 revocandam
1235 2409 1346 2450 non
1385 2394 1643 2459 censuit;
1676 2392 1801 2465 quia
1840 2393 1930 2450 tir-

309 2499 458 2544 mata
499 2500 618 2544 erat
655 2491 982 2546 sacramenti
1030 2489 1339 2560 religione;
1393 2505 1462 2545 ne
1509 2487 1640 2544 dum
1687 2488 1927 2544 alienam

311 2580 603 2651 perﬁdiam
657 2583 874 2653 arguit,
926 2598 1080 2638 suam
1126 2581 1291 2638 fidem
1335 2581 1603 2638 solveret.
1653 2578 1934 2636 Mulctavit

309 2685 500 2732 tamen
540 2691 636 2732 eos
675 2677 886 2732 vilioris
927 2677 1192 2748 obsequio
1235 2675 1546 2732 ministerii.
1593 2672 1932 2732 Clementior

308 2767 586 2824 sententia
610 2809 624 2834 ,
657 2767 752 2823 sed
781 2767 1089 2824 diuturnior
1115 2785 1130 2833 ;
1160 2778 1344 2824 manet
1371 2767 1517 2824 enim
1548 2765 1745 2824 officiis
1773 2780 1930 2836 poena

309 2862 522 2917 veteris
543 2864 784 2930 astutite,
814 2861 1167 2917 hatreditario
1193 2861 1250 2918 in
1281 2862 1425 2916 hunc
1451 2859 1596 2917 diem
1625 2859 1932 2915 ministerio

307 2953 571 3026 deputata
603 2953 791 3026 (Iosue
822 2971 872 3010 tx
898 2995 914 3023 ,
945 2954 1014 3011 {5
1043 2963 1091 3010 et
1120 2955 1276 3026 aeq).

948 3046 1177 3106 CAPUT
1219 3045 1313 3102 XI.

313 3144 562 3200 Inducti:
594 3161 682 3214 per
709 3143 1028 3199 reticentiam
1058 3144 1371 3198 rhetoricam
1403 3142 1651 3214 fraudum
1681 3156 1933 3210 quarunt-

391 3240 513 3291 dam
551 3212 842 3306 eatenaplis,
887 3253 973 3291 ea:
1001 3247 1153 3308 atque
1193 3237 1327 3301 alia;
1377 3212 1552 3292 euntes
1598 3238 1831 3306 apertius
1873 3236 1928 3289 in
1956 3212 2001 3276 Ο

392 3327 669 3399 Scriptura
699 3329 941 3385 damnari
971 3329 1280 3386 ostenditur.

394 3421 485 3480 70.
526 3421 644 3478 Non
685 3438 789 3493 ego
819 3432 845 3461 α
878 3425 932 3481 in
972 3423 1390 3480 haereditatibus
1429 3423 1700 3480 adeundis
1731 3423 1932 3496 digito-

316 3531 442 3572 rum
478 3518 859 3584 percussiones
882 3559 898 3584 ,
931 3527 985 3572 et
1015 3515 1043 3555 ιι
1078 3516 1206 3573 nudi
1238 3517 1578 3573 successoris
1609 3517 1934 3578 saltationes

319 3609 564 3676 notabo;
597 3625 724 3666 nam
759 3611 874 3667 hinc
903 3610 1068 3666 etiam
1101 3613 1263 3683 vulgo
1293 3611 1582 3667 notabilia:
1630 3628 1734 3667 non
1765 3614 1934 3669 simu.

318 3704 448 3760 latae
491 3704 807 3775 piscationis
838 3705 1174 3775 compositas
1206 3705 1394 3776 copias
1415 3745 1430 3772 ,
1467 3716 1523 3760 ut
1562 3706 1833 3776 emptor-is
1865 3706 1932 3762 il-

316 3797 585 3854 liceretur
614 3797 864 3853 affectus.
899 3796 1008 3853 Cur
1039 3798 1186 3853 enim
1229 3809 1339 3854 tam
1380 3798 1661 3853 studiosus
1705 3798 1932 3856 luxuriat

317 3907 385 3948 ac
422 3891 742 3948 deliciarum
786 3903 1036 3964 repertus
1074 3900 1191 3958 est,
1235 3905 1289 3950 ut
1331 3891 1646 3963 huiusmodi
1688 3891 1932 3951 fraudein

320 3998 607 4059 pateretur
627 3989 651 4043 ’Ξ

394 4084 486 4139 71.
512 4082 653 4152 Quid
683 4083 813 4138 mihi
848 4091 1085 4140 tractare
1113 4083 1182 4138 de
1215 4083 1559 4155 Syracusano
1587 4083 1684 4140 illo
1713 4099 1934 4140 amoeno

319 4186 649 4248 secretoque
687 4192 942 4245 secessu,
987 4187 1042 4234 et
1079 4180 1148 4236 de
1181 4189 1202 4218 ο
1237 4178 1404 4238 Siculi
1447 4179 1684 4236 hominis
1721 4180 1935 4237 callidi-

323 4278 476 4327 tate:
506 4272 597 4341 qui
627 4286 751 4326 eum
791 4273 1137 4341 peregrinum
1192 4275 1428 4345 aliquem
1459 4273 1796 4344 reperisset,
1840 4290 1938 4330 co-

319 4366 478 4434 gnito
517 4363 662 4433 quod
699 4364 936 4433 cupidus
986 4377 1135 4425 esset
1180 4365 1466 4423 hortorum
1511 4368 1816 4434 venalium,
1867 4368 1936 4424 ad

321 4471 544 4514 cumam
575 4457 630 4512 in
655 4457 850 4514 hortos
879 4459 1153 4529 rogaverit
1180 4479 1192 4516 :
1216 4456 1243 4498 δ
1267 4461 1590 4530 promisi-sse
1619 4461 1934 4528 invitatum,

327 4551 595 4622 postridie
624 4553 839 4608 venisse
871 4570 883 4607 :
927 4552 1224 4609 offendisse
1264 4554 1377 4609 illic
1410 4569 1661 4626 magnam
1696 4556 1940 4625 piscato-_

324 4659 449 4700 rum
479 4643 910 4711 multitudinem,
939 4646 1230 4716 exquisitis
1249 4647 1427 4716 copiis
1448 4646 1779 4704 adornatqu
1809 4664 1942 4703 cou-

325 4736 534 4790 vivium
555 4776 571 4802 ,
595 4735 650 4791 in
676 4747 966 4807 prospectu
989 4738 1320 4793 emnantium
1344 4749 1472 4794 ante
1501 4739 1751 4796 hortulos
1782 4756 1938 4796 com-

323 4828 538 4902 positos
589 4827 932 4902 piscatores,
991 4830 1081 4894 ubi
1133 4845 1429 4904 numquam
1487 4841 1618 4890 ante
1663 4833 1943 4903 jaciebant

406 5095 447 5161 ‘_
471 5085 586 5142 Cic.
627 5086 724 5161 lib.
759 5102 818 5142 ιιι
847 5085 1028 5150 Offic.,
1071 5103 1194 5160 pag.
1235 5088 1378 5153 598,
1422 5088 1516 5143 lin.
1553 5090 1625 5144 7:
1669 5089 1856 5161 Itaque
1893 5091 1940 5144 si

325 5161 408 5244 uir
429 5157 594 5244 borius
618 5159 801 5244 habent
825 5157 1116 5244 transiliuit":
1137 5157 1190 5213 ut
1211 5162 1256 5215 si
1280 5161 1469 5244 digitis.
1479 5157 1854 5244 concrepuerit.
1869 5201 1934 5244 ._..

325 5231 407 5305 At
426 5233 470 5284 si
496 5232 642 5286 daret
665 5235 798 5284 hanc
829 5233 929 5287 vim
959 5230 1035 5284 Μ.
1062 5230 1415 5286 ϐναεο....’ίη
1442 5237 1578 5305 foro,
1608 5230 1735 5287 mihi
1763 5235 1939 5300 crede,

320 5302 560 5374 saltaret.
593 5305 819 5358 Ponitur
841 5314 1018 5359 autem
1052 5306 1343 5374 digitorum
1373 5302 1656 5374 percussio
1685 5320 1783 5360 seu
1813 5320 1939 5360 cre-

329 5373 480 5456 pitus
510 5391 606 5442 pro
638 5391 698 5431 re
731 5377 1025 5442 vilissima;
1056 5373 1198 5432 unde
1226 5373 1577 5446 proverbium
1601 5419 1614 5441 ,
1644 5376 1938 5448 digitorum

329 5456 548 5515 crepitu
580 5463 689 5502 non
721 5463 919 5502 emam.

409 5517 434 5556 δ
476 5517 597 5574 Yet.
629 5520 760 5574 edit.
789 5534 909 5573 cum
940 5537 1070 5576 mss.
1101 5521 1260 5587 longe
1291 5519 1541 5587 plurimis
1561 5563 1574 5585 ,
1609 5520 1775 5584 nudi;
1800 5536 1930 5576 mss.

333 5589 543 5656 aliquot
565 5631 578 5651 ,
615 5590 766 5645 crudi
788 5632 802 5653 ,
831 5594 1135 5646 successoris
1159 5592 1495 5648 salutationes
1521 5607 1538 5657 ,°
1567 5593 1750 5659 Rom.,
1782 5594 1936 5647 nudis

336 5664 715 5722 altercator-ibus
753 5663 1106 5720 salutationes.
1142 5664 1334 5720 Helius
1363 5665 1458 5720 alii
1491 5679 1626 5722 mss.
1655 5675 1716 5720 ut
1745 5671 1847 5720 nos
1879 5667 1933 5720 in

340 5742 512 5788 ιείίυ.

415 5815 438 5846 ε
484 5806 600 5862 Cie.
631 5806 731 5878 lib.
768 5822 823 5861 ιιι
851 5805 1007 5863 Olfie.
1031 5849 1043 5871 ,
1076 5821 1199 5878 pag.
1230 5809 1355 5876 595,
1395 5809 1490 5864 lin.
1522 5810 1626 5866 '50:
1660 5809 1818 5866 Caius
1843 5809 1948 5864 Ca-

343 5877 459 5932 nius
493 5893 646 5948 eques
675 5876 940 5934 Romamts
973 5919 985 5934 .
1017 5921 1029 5936 .
1147 5876 1168 5932 .“
1192 5897 1308 5936 cum
1338 5897 1392 5938 se
1424 5881 1714 5952 Syracusas
1745 5881 1946 5937 otiandi

2027 1923 2239 1990 peccati
2281 1923 2498 1994 arguit,
2542 1927 2657 1997 ipse
2695 1941 2725 1982 a
2765 1939 2994 1999 peccato
3036 1929 3201 1986 debet
3237 1931 3448 1988 alienus
3488 1948 3631 1989 esse.

2029 2014 2145 2070 Non
2163 2031 2296 2085 ergo
2312 2016 2624 2088 hujusmedi
2658 2035 2828 2092 nugas
2856 2038 2956 2092 ego
2986 2023 3038 2078 iu
3067 2023 3206 2080 hanc
3233 2024 3636 2082 Ecclesiastica:

2028 2112 2307 2169 censionis
2333 2116 2716 2173 auctoritatem
2735 2118 2964 2185 vocabo,
2985 2134 3105 2190 quas
3133 2119 3466 2190 generaliter
3504 2137 3638 2178 con-

2031 2205 2252 2262 demnat
2282 2221 2500 2263 omnem
2536 2209 2676 2265 lucri
2707 2211 2882 2281 turpis
2921 2213 3292 2283 appetentiam
3315 2254 3328 2280 ,
3371 2213 3641 2286 brevique

2028 2300 2305 2366 sermonis
2326 2302 2654 2371 compendio
2676 2305 2917 2360 excludit
2937 2305 3218 2361 levitatem
3235 2320 3299 2361 ac
3318 2307 3636 2362 versutiam.

2104 2394 2192 2448 75.
2237 2392 2370 2448 Nam
2411 2393 2483 2449 de
2521 2395 2615 2450 illo
2653 2395 2784 2467 quid
2826 2397 3042 2468 loquar,
3083 2398 3176 2469 qui
3215 2399 3283 2454 de
3321 2414 3388 2456 eo
3418 2408 3442 2447 ε
3478 2409 3644 2455 testa-

2035 2499 2219 2546 mento
2242 2491 2388 2561 quod
2420 2491 2490 2547 ab
2515 2492 2638 2548 aliis
2669 2493 2795 2549 licet
2825 2493 3029 2550 factum
3053 2537 3067 2562 ,
3103 2495 3299 2550 falsum
3331 2505 3511 2552 tamen
3543 2509 3641 2551 co-

2032 2587 2318 2655 gnoverit,
2353 2587 2726 2644 hazrcditatem
2757 2589 2860 2644 sibi
2889 2599 2982 2646 aut
3013 2589 3247 2662 legatum
3280 2589 3555 2658 vindicet,
3591 2601 3646 2648 et

2034 2678 2246 2734 lucrum
2297 2690 2513 2751 quaerat
2558 2683 2742 2738 alieno
2789 2684 3060 2739 crimine:
3111 2700 3234 2740 cum
3287 2685 3451 2740 etiam
3501 2687 3648 2756 leges

2038 2773 2271 2863 publica:
2300 2790 2424 2830 eum
2456 2776 2549 2847 qui
2581 2777 2765 2832 sciens
2794 2776 2931 2832 falso
2961 2778 3149 2843 utitur,
3186 2789 3460 2848 tamquam
3490 2794 3643 2835 reum

2034 2867 2292 2924 facinoris
2327 2870 2679 2941 astringant?
2717 2870 2922 2942 Regula
2963 2881 3141 2926 autem
3179 2871 3408 2941 justitim
3458 2874 3640 2928 mani-

2036 2959 2176 3016 festa
2208 2971 2328 3027 est,
2359 2963 2505 3034 quod
2545 2979 2575 3018 a
2617 2979 2748 3020 vero
2787 2963 3066 3022 declinare
3096 2965 3272 3021 virum
3313 2980 3422 3022 non
3452 2965 3650 3022 deceat

2039 3053 2242 3111 bonum
2267 3097 2283 3123 ,
2314 3070 2416 3111 nec
2441 3056 2644 3113 damno
2671 3056 2878 3129 injuste
2908 3056 3134 3115 afficere
3164 3074 3517 3131 quemquam,
3547 3075 3649 3118 nec

2038 3148 2152 3202 doli
2185 3150 2389 3220 aliquid
2423 3162 2723 3209 annectere
2754 3152 3028 3210 frandisve
3057 3171 3412 3225 componere.

2107 3241 2196 3296 74.
2227 3242 2371 3310 Quid
2403 3244 2714 3302 evidentius
2742 3262 2809 3302 eo
2837 3247 2980 3318 quod
3012 3247 3255 3304 Auanias
3283 3250 3422 3320 (Act.
3455 3266 3506 3319 ν,
3541 3252 3564 3306 1
3599 3264 3647 3306 et

2033 3337 2190 3405 seq),
2232 3338 2322 3406 qui
2366 3337 2642 3395 fraudavit
2681 3341 2749 3395 de
2790 3342 2966 3411 pretio
3005 3343 3120 3413 agri
3161 3346 3283 3411 sui,
3323 3360 3485 3416 quem
3527 3347 3648 3418 ipse

2035 3430 2391 3498 vendiderat,
2443 3441 2499 3489 et
2547 3438 2851 3504 portionem
2899 3437 3056 3506 pretii
3105 3447 3380 3509 tamquam
3413 3453 3648 3496 summae

2039 3526 2204 3580 totius
2236 3541 2519 3581 numerum
2553 3538 2682 3584 ante
2715 3529 2883 3598 pedes
2910 3531 3091 3598 posuit
3119 3533 3520 3602 apostolorum,
3543 3535 3650 3590 sie-

2038 3629 2098 3677 ut
2147 3637 2273 3678 rens
2318 3622 2524 3679 fraudis
2557 3624 2807 3680 interiit?
2834 3623 3011 3682 Licuit
3047 3625 3234 3697 utique
3264 3627 3343 3683 illi
3386 3628 3519 3682 nihil
3561 3630 3649 3684 of-

2039 3714 2183 3770 ferre
2207 3757 2220 3781 ,
2251 3726 2307 3770 et
2335 3715 2440 3771 hoc
2463 3716 2579 3772 sine
2609 3717 2798 3774 fraude
2828 3718 3072 3776 fecisset.
3104 3719 3211 3776 Sed
3245 3720 3368 3791 quia
3405 3722 3650 3778 fraudem

2036 3806 2367 3872 admiscuit,
2399 3823 2510 3864 non
2539 3807 2890 3867 liberalitatis
2918 3811 3151 3883 gratiam
3179 3813 3515 3883 reportavit,
3550 3813 3647 3870 sed

2039 3899 2261 3956 fallacia:
2293 3915 2509 3971 poenam
2541 3902 2810 3958 exsolvit.

2112 3993 2200 4048 75.
2236 3994 2301 4048 Et
2325 3994 2584 4050 Dominus
2608 3995 2662 4050 in
2687 3994 2990 4067 Evangelia
3018 4011 3140 4053 cum
3168 3997 3297 4053 dolo
3321 3999 3650 4055 accedentes

2039 4083 2402 4154 repudiabat,
2444 4085 2676 4142 dicens:
2718 4086 2906 4159 Vulpes
2952 4092 3125 4158 foveas
3169 4089 3355 4143 habent
3404 4089 3642 4162 (ΜαιιΙι.

2043 4193 2138 4233 vm
2159 4219 2173 4245 ,
2203 4177 2338 4249 90);
2371 4179 2630 4250 quoniam
2664 4179 2717 4233 in
2751 4179 3107 4250 simpiicitate
3139 4181 3322 4237 cordis
3344 4223 3359 4247 ,
3395 4194 3449 4238 et
3494 4187 3653 4238 inno.

2040 4274 2225 4328 centia
2263 4287 2365 4329 nos
2399 4273 2553 4344 jubet
2590 4274 2796 4329 vivere.
2851 4274 3021 4329 David
3073 4290 3289 4346 quoque
3337 4277 3451 4332 ait:
3499 4277 3650 4332 Sicut

2041 4365 2302 4420 nouacula
2328 4375 2482 4420 acuta
2509 4365 2676 4437 fecisti
2706 4365 2883 4420 dolum
2915 4365 3105 4438 (Paul.
3140 4384 3191 4423 LI
3217 4411 3230 4434 ,
3261 4369 3319 4440 4)
3347 4386 3360 4437 ;
3392 4371 3652 4441 nequitiae

2044 4473 2283 4529 arguens
2312 4459 2644 4528 proditorem
2667 4501 2683 4527 ,
2716 4475 2784 4516 eo
2810 4461 2956 4531 quod
3002 4464 3426 4519 istrumentnm
3459 4464 3655 4536 hujus-

2047 4551 2194 4606 modi
2226 4551 2292 4605 ad
2327 4551 2564 4608 hominis
2594 4551 2890 4607 adhibetur
2921 4562 3174 4608 ornatum
3197 4595 3212 4620 ,
3246 4565 3299 4610 et
3334 4557 3663 4627 plerumque

2052 4645 2279 4700 ulcerat.
2312 4644 2367 4700 Si
2395 4644 2520 4715 quis
2561 4644 2728 4716 igitur
2753 4645 3061 4715 praetendat
3085 4649 3318 4717 gratiam
3344 4690 3358 4714 ,
3389 4659 3445 4705 ct
3469 4650 3654 4707 dolatu

2051 4744 2235 4794 nectat
2280 4736 2580 4808 proditoris
2623 4739 2908 4808 exemplo,
2960 4747 3017 4794 ut
3049 4737 3076 4776 ιι
3105 4755 3228 4796 eum
3261 4757 3422 4814 quem
3470 4756 3650 4816 prote-

2052 4847 2183 4904 gere
2213 4831 2444 4900 debeat,
2475 4831 2670 4903 prodat
2697 4832 2766 4894 ad
2795 4842 3028 4894 mortem
3055 4852 3069 4901 ;
3105 4835 3452 4904 instrumenti
3495 4839 3653 4896 istius

2051 5104 2243 5150 causa,
2278 5104 2381 5143 non
2409 5089 2710 5158 negotiandi
2736 5132 2751 5158 ,
2784 5101 2894 5148 etc.

2122 5159 2148 5197 ἀ
2182 5160 2317 5237 _Era_.
2356 5170 2409 5215 et
2437 5175 2556 5237 s_eq.
2590 5161 2729 5237 edit.
2755 5178 2879 5219 cum
2912 5177 3043 5218 mss.
3076 5165 3318 5234 duobus,
3359 5169 3534 5237 iisque
3567 5183 3655 5225 re-

2049 5232 2417 5307 cautioribus,
2433 5229 2686 5288 Promisit
2710 5235 2964 5290 invitatus
2989 5239 3241 5306 postridie
3270 5229 3324 5293 te
3355 5229 3546 5307 venire,
3579 5257 3662 5297 ve-

2050 5305 2195 5360 niens
2225 5302 2445 5371 o/fendit
2466 5347 2482 5372 ,
2511 5316 2619 5361 etc.

2127 5387 2150 5414 θ
2192 5377 2322 5431 Mss.
2345 5378 2578 5446 aliquot,
2615 5387 2978 5445 tantorumque
3008 5396 3275 5435 numerum
3305 5385 3656 5443 convivarum.

2134 5448 2153 5530 ε
2199 5451 2420 5530 Arn-arb.
2453 5456 2509 5503 et
2559 5464 2689 5530 mss.
2740 5465 2846 5505 non
2897 5451 3092 5520 pauci,
3142 5465 3353 5530 rogatas
3391 5461 3659 5530 suscipit;

2065 5522 2190 5575 alite
2213 5520 2660 5599 edit._,._gravatnit_n
2685 5540 2706 5590 ,-
2738 5538 2895 5586 niss.,
2923 5533 3177 5599 grauatus
3204 5520 3442 5599 suscipit.

2139 5603 2164 5639 ε
2204 5592 2332 5665 Cic.
2353 5591 2446 5647 lib.
2477 5609 2536 5665 ιιι
2562 5591 2744 5665 0ific.,
2773 5610 2896 5665 pag.
2921 5591 3069 5665 Ε
3103 5596 3196 5650 lin.
3227 5596 3289 5651 41
3327 5591 3438 5653 εἰ.
3469 5591 3808 5665 Mirmti3‘77,

2064 5664 2288 5745 Basilii,
2315 5664 2586 5733 locupletis
2606 5659 2831 5720 homiriis
2845 5659 3069 5737 ’[αᾶῖῦῖῖ
3069 5675 3428 5726 testamentum
3454 5676 3664 5745 quidam

2063 5753 2091 5790 e
2120 5735 2322 5791 Gra’cia
2343 5778 2357 5801 ,
2387 5745 2491 5792 etc.

2137 5807 2166 5847 δ
2207 5809 2299 5864 Sic
2325 5823 2461 5866 mss.
2488 5822 2685 5878 magno
2707 5810 3017 5876 consensu‘,
3047 5811 3090 5868 si
3123 5829 3287 5870 unum
3316 5825 3408 5871 aut
3437 5818 3666 5876 alterum

2065 5881 2348 5945 exceperis
2372 5921 2384 5942 ,
2437 5877 2525 5934 tibi
2571 5877 2708 5934 sicut
2755 5891 2802 5936 ct
2838 5881 2891 5936 in
2927 5882 3057 5939 edit.
3096 5885 3312 5957 legitur,
3353 5888 3523 5946 Dect-Ii
3553 5907 3676 5961 pro-

3841 5629 3920 5693 4/
