4078 6306
480 289 588 353 ιδι

1842 290 2095 355 εΑΝοτι
2129 286 2460 355 AMBROSII

478 410 888 485 comparatione
925 415 1213 479 censetur,
1254 408 1401 483 quod
1438 408 1608 467 ebriae
1638 410 1839 467 mentis
1869 422 1925 466 et
1956 413 2090 468 titu-
2112 414 2162 474 Α
2193 412 2521 483 promissio,
2565 410 2819 469 acerbior
2862 410 3101 481 solutio,
3143 425 3308 486 quam
3343 427 3574 473 necesse
3607 414 3806 475 habuit

478 509 661 566 bantis
686 508 819 562 vitio
861 521 1055 562 manus
1084 505 1374 561 vulnerare
1404 505 1709 560 consuevit.
1744 514 1769 541 δ
1798 505 1949 560 Sicut
1982 507 2083 562 iste

480 599 703 658 malitia:
741 599 928 656 ebrius
967 598 1131 665 vino,
1177 613 1276 669 per
1315 596 1547 654 funesta:
1580 596 1905 666 proditionis
1935 597 2083 654 indi-

479 693 623 749 cium
652 691 680 731 δ
702 691 1027 750 Abimelech
1056 690 1329 748 sacerdoti
1357 706 1550 748 necem
1579 690 1812 757 detulit,
1843 706 1911 746 eo
1937 690 2081 761 quod

477 784 806 855 Pmphetam
855 785 1093 856 hospitio
1137 785 1469 856 recepisset,
1514 800 1675 856 quem
1724 800 1822 841 rex
1865 785 2083 842 invidia:

477 894 745 939 accensus
775 880 1012 937 stimulis
1042 882 1473 955 persequebatur
1499 879 1561 953 (Ι
1588 881 1719 954 Reg.
1753 897 1873 937 χιιι
1894 880 1937 953 ).

1084 972 1314 1031 CAPUT
1352 974 1471 1030 XII.

481 1068 637 1127 Nihil
674 1070 1083 1145 promittendum
1106 1068 1243 1139 quod
1271 1069 1337 1124 sit
1365 1068 1731 1137 inhonestum,
1765 1085 1857 1124 nec
1885 1070 1932 1125 si
1959 1070 2085 1139 quid

548 1162 801 1233 injustam
822 1163 1120 1236 juraveris,
1162 1162 1217 1216 id
1250 1162 1669 1229 obseruandum;
1711 1172 1894 1217 contra
1928 1178 2084 1233 quam

550 1273 789 1327 peccasse
819 1255 1056 1312 Herodes
1083 1256 1492 1311 demonstratur.
1526 1255 1782 1327 Culpatur
1809 1256 1963 1311 etiam
1995 1271 2085 1311 vo-

548 1359 658 1405 tum
683 1368 716 1405 a
737 1349 964 1414 Jephlhe
979 1359 1370 1417 nuncupatum,
1395 1349 1618 1419 itemque
1635 1348 1944 1404 alia'omnia
1966 1364 2083 1416 qua:

546 1440 646 1497 sibi
666 1440 863 1496 exsolvi
883 1440 1018 1494 Deus
1035 1441 1186 1495 nolit.
1211 1439 1448 1512 Denique
1472 1439 1587 1508 ﬁlia
1609 1442 1837 1515 ejusdem
1854 1439 2083 1507 Jeplttlte

546 1549 664 1589 cum
693 1532 894 1589 duobus
921 1531 1282 1607 Pythagorwis
1304 1534 1635 1603 componitur
1653 1549 1715 1587 ac
1737 1534 2081 1605 prteponitur.

543 1626 632 1685 76.
679 1627 878 1684 Purnm
920 1627 1087 1698 igitur
1113 1642 1177 1683 ac
1207 1627 1481 1684 sincerum
1514 1637 1736 1699 oportet
1775 1643 1896 1683 esse
1951 1627 2085 1686 all‘e-

471 1728 616 1777 ctum
639 1762 653 1787 ,
688 1728 750 1774 ut
779 1720 1153 1791 unusquisque
1196 1718 1342 1792 (2‘2,
1374 1737 1426 1792 q.
1458 1720 1492 1776 4
1515 1763 1530 1786 ,
1573 1738 1620 1775 c.
1672 1719 2080 1793 Unusquisque)

2189 505 2373 574 lugere
2399 506 2561 559 ctiam
2589 504 2703 569 ipse
2728 505 2822 574 qui
2854 505 3002 562 fecit.
3037 506 3278 578 Denique
3307 508 3509 564 factum
3539 520 3630 565 est
3660 526 3808 578 prte-

2187 610 2406 667 ceptum
2435 606 2491 653 et
2514 596 2796 653 decretum
2822 599 2874 653 in
2906 598 3070 654 Israel
3097 615 3163 656 ex
3194 600 3388 658 diebus
3412 604 3462 655 in
3486 601 3609 658 dies
3635 620 3650 655 :
3677 605 3807 658 Am-

2187 693 2461 761 bulabant,
2495 693 2693 765 inqttit,
2723 693 2849 765 [ilice
2887 694 3068 766 populi
3107 692 3303 757 Israel.
3344 695 3580 769 lugentes
3627 696 3803 767 ﬁliam

2184 784 2412 861 Jeplttlte
2467 786 2825 842 Galaaditidis
2851 796 3074 859 quatuor
3104 788 3288 845 diebus
3316 789 3374 843 in
3397 806 3537 844 anno
3568 789 3590 861 (
3615 786 3764 845 Ibid.
3784 833 3805 859 ,

2185 881 2303 954 40).
2334 881 2453 938 Νιιη
2486 897 2706 952 possum
2735 895 3002 939 accusare
3034 885 3209 938 virum
3232 884 3323 954 qui
3353 898 3581 939 necesse
3610 883 3810 940 habuit

2167 977 2415 1046 implere
2458 978 2605 1051 quod
2647 990 2910 1041 voverat;
2959 978 3057 1036 sed
3099 987 3280 1033 tamen
3324 978 3659 1034 miserabilis
3700 992 3805 1035 ne-

2184 1072 2448 1139 cessitas,
2497 1088 2621 1144 qua:
2665 1072 2897 1127 solvitur
2946 1070 3238 1140 parricidio
3287 1070 3434 1143 (29.,
3476 1087 3530 1142 q.
3563 1068 3637 1138 4,
3672 1087 3798 1142 cap.

2190 1165 2583 1239 Unusquisque,
2622 1166 2651 1240 ᾗ
2687 1166 3005 1223 Miserabilis
3022 1169 3065 1234 ).

2256 1260 2347 1316 79.
2388 1259 2580 1316 Melius
2608 1270 2694 1317 est
2725 1276 2832 1315 non
2865 1275 3068 1317 vovere
3088 1302 3104 1326 ,
3135 1275 3298 1331 quam
3330 1275 3531 1318 vovere
3560 1259 3615 1315 id
3644 1259 3800 1331 quod

2186 1352 2288 1408 sibi
2319 1352 2408 1407 cui
2442 1353 2795 1423 pratttittitur.
2828 1353 2963 1409 nolit
3003 1354 3236 1409 etsolvi.
3272 1352 3517 1422 Denique
3549 1353 3607 1408 in
3643 1351 3801 1409 Isaac

2187 1445 2451 1502 habemus
2478 1447 2787 1517 exemplum
2817 1445 2973 1519 (Gen.
3010 1462 3126 1501 xstt
3150 1487 3166 1513 ,
3196 1444 3289 1517 1'5)
3313 1487 3327 1507 .
3359 1461 3459 1517 pro
3499 1461 3610 1517 quo
3648 1447 3801 1501 arie—

2187 1548 2295 1596 tem
2326 1541 2589 1598 Dominus
2618 1540 2806 1596 statuit
2837 1540 3111 1595 immolari
3137 1540 3263 1595 sibi.
3294 1539 3411 1595 Non
3441 1554 3665 1609 semper
3694 1539 3800 1611 igi-

2188 1644 2274 1689 tur
2318 1636 2587 1704 promissa
2632 1634 2898 1689 solvenda
2939 1634 3121 1689 omnia
3152 1645 3275 1689 sunt
3309 1633 3456 1702 (ἥ,
3485 1651 3539 1707 q.
3570 1632 3638 1699 4,
3669 1650 3795 1702 cap.

2187 1726 2312 1783 Non
2334 1727 2578 1803 semper).
2610 1730 2849 1801 Denique
2876 1730 2992 1798 ipse
3015 1727 3274 1784 Dominus
3296 1728 3618 1798 frequenter
3636 1743 3795 1784 suam

472 1812 779 1882 simplicem
809 1827 1123 1870 sermonem
1160 1814 1428 1883 proterat.
1461 1828 1557 1869 vas
1584 1830 1741 1869 suum
1782 1815 1835 1870 in
1876 1816 2081 1871 sancti—
2108 1817 2156 1879 Β
2184 1831 2357 1878 mutat
2382 1823 2734 1891 sententiam,
2759 1824 2899 1879 sicut
2924 1823 3203 1894 Scriptura
3238 1821 3460 1878 iudicat.
3493 1821 3630 1878 Nam
3658 1832 3721 1877 et
3741 1822 3795 1879 in

472 1913 584 1963 tate
612 1906 924 1977 possideat,
957 1920 1059 1961 nec
1088 1905 1310 1962 fratrem
1343 1907 1855 1977 circumscriptione
1887 1908 2087 1964 verbo-

471 2015 592 2058 rum
630 2002 887 2065 inducat,
919 2007 944 2037 ο
975 1999 1111 2055 nihil
1158 2000 1443 2071 promittat
1488 2000 1840 2057 inhonestum
1868 2022 1885 2057 :
1928 2018 1991 2057 ac
2036 2001 2083 2058 si

473 2095 821 2166 promiserit,
874 2093 1029 2167 127
1075 2093 1422 2149 tolerabilius
1467 2103 1554 2151 est
1600 2095 1930 2163 promissum
1972 2110 2081 2151 non

472 2186 656 2245 facere
676 2230 695 2256 ,
724 2203 890 2259 quam
923 2187 1103 2243 facere
1132 2188 1278 2258 quod
1312 2198 1470 2259 turpe
1500 2188 1594 2243 sit.

542 2282 630 2337 77.
667 2281 826 2352 Sarpe
855 2279 1103 2351 plerique
1132 2277 1161 2318 τι
1192 2282 1583 2352 constringunt
1615 2283 1829 2353 seipsos
1855 2282 2083 2354 jurisju—

473 2374 628 2433 randi
661 2381 1011 2430 sacramento
1041 2389 1057 2426 :
1091 2382 1148 2430 et
1175 2389 1300 2429 cum
1334 2374 1437 2444 ipsi
1469 2377 1825 2447 cognoverint
1855 2377 2083 2447 promit-

474 2466 699 2525 tendum
741 2483 849 2522 non
887 2464 1102 2533 fuisse;
1146 2469 1480 2524 sacramenti
1523 2478 1703 2525 tamen
1743 2472 2081 2542 contempla-

474 2563 622 2620 tione
652 2561 858 2617 l‘aciuut
895 2560 1040 2632 quod
1080 2561 1533 2633 spoponderunt:
1575 2564 1717 2619 sicut
1755 2564 1825 2620 de
1864 2565 2083 2623 Herode

468 2671 633 2727 supra
667 2656 993 2728 scripsimus
1020 2655 1181 2730 (Sup.
1208 2673 1256 2711 c.
1274 2656 1354 2730 9),
1384 2659 1477 2728 qui
1503 2658 1764 2716 saltatrici
1794 2660 2078 2730 prasmium

472 2756 709 2827 turpiter
755 2757 1046 2827 promisit,
1097 2757 1397 2815 crudeliter
1443 2759 1626 2816 solvit.
1677 2759 1892 2831 Turpe,
1934 2761 2080 2832 quod

468 2862 697 2920 regnum
739 2867 836 2921 pro
874 2850 1169 2908 saltatione
1210 2854 1590 2924 promittitur:
1621 2854 1884 2921 crudele,
1931 2855 2079 2927 quod

471 2955 623 2997 mors
670 2943 952 3015 propheta:
1000 2959 1099 3016 pro
1133 2944 1493 3016 jurisjnrandi
1525 2946 1791 3017 religione
1820 2947 2074 3004 donatur.

468 3036 686 3107 Quanto
742 3038 1089 3097 tolerabilius
1142 3040 1236 3096 tali
1294 3040 1488 3098 luisset
1543 3041 1844 3113 periurium
1897 3057 2080 3099 sacra-

468 3132 695 3188 mento?
717 3131 774 3190 Si
799 3142 978 3189 tamen
1005 3131 1302 3203 periurium
1331 3143 1522 3207 posset
1545 3135 1683 3201 dici,
1715 3133 1861 3205 quod
1891 3135 2078 3191 ebrius

2187 1930 2259 1971 eo
2288 1916 2429 1972 libro
2456 1917 2546 1988 qui
2580 1917 2897 1972 inscribitur
2918 1915 3183 1981 Numeri,
3212 1925 3577 1987 proposuerat
3602 1931 3801 1987 percu-

2188 2016 2305 2065 tere
2337 2020 2512 2064 morte
2542 2021 2594 2066 et
2631 2009 2860 2080 perdere
2891 2008 3146 2079 p0pulum
3174 2026 3189 2063 :
3220 2007 3319 2065 sed
3351 2019 3539 2078 postea
3575 2025 3618 2063 ra
3639 2020 3801 2079 gatus

2185 2117 2216 2156 a
2255 2099 2442 2173 Moyse
2462 2143 2477 2167 ,
2519 2102 2907 2158 reconciliatus
2935 2111 3022 2158 est
3052 2101 3256 2172 populo
3286 2115 3388 2156 suo
3417 2099 3630 2174 (Nam.
3665 2117 3797 2173 xvr,

2187 2194 2257 2250 12
2285 2205 2332 2249 et
2354 2194 2512 2268 seq.).
2547 2195 2614 2251 Et
2645 2197 2841 2252 iterum
2871 2196 2937 2251 ad
2967 2196 3191 2267 Moysen
3231 2203 3288 2251 et
3326 2195 3510 2252 Aaron
3549 2196 3665 2251 ait:
3702 2195 3801 2250 Di-

2183 2289 2340 2343 vidite
2362 2304 2451 2343 vos
2478 2290 2542 2343 de
2566 2289 2739 2343 medio
2761 2289 3057 2363 Sgnagoga!
3078 2292 3217 2362 ejus,
3244 2300 3295 2344 et
3318 2291 3689 2344 consummabo
3713 2305 3803 2344 eos

2184 2384 2342 2439 simul
2393 2383 2604 2454 (Num.
2638 2401 2769 2450 xvr,
2809 2382 2947 2457 21).
3003 2384 3211 2452 Quibus
3259 2383 3683 2441 discedentibus
3732 2383 3805 2441 de

2182 2490 2365 2543 etntu,
2411 2478 2619 2534 Dalhan
2660 2486 2716 2534 rt
2753 2476 2962 2533 Ahiron
3001 2479 3186 2533 subito
3224 2477 3425 2549 impios
3465 2487 3614 2534 terra
3658 2493 3803 2549 prm-

2182 2581 2345 2642 rupto
2372 2569 2547 2626 soluta
2580 2570 2730 2626 hiatu
2761 2570 3070 2625 absorbuit.

2253 2666 2344 2724 80.
2380 2665 2789 2722 Prterelleutius
2812 2675 2867 2721 et
2890 2664 3171 2736 antiquius
3203 2663 3348 2719 istud
3378 2663 3695 2733 exemplum
3726 2665 3803 2722 de

2184 2760 2295 2816 ﬁlia
2324 2758 2596 2830 Jepltthe.
2628 2774 2792 2831 quam
2826 2758 2956 2813 illud
2989 2758 3136 2828 quod
3168 2758 3529 2813 memorabile
3559 2758 3804 2815 habetur

2181 2854 2321 2926 apud
2354 2851 2717 2925 philoSOphos
2749 2850 2775 2889 ιι
2805 2852 2874 2908 de
2901 2849 3119 2906 duobus
3150 2850 3527 2924 Pythagorzcis
3554 2866 3800 2921 quorum

2181 2948 2320 3003 alter
2346 2963 2468 3002 cum
2497 2962 2527 3001 a
2559 2958 2792 3018 tyranno
2832 2943 3094 3018 Dionysio
3133 2945 3330 3014 capitis
3365 2944 3662 3000 damnatus
3699 2960 3801 3001 es-

2180 3054 2300 3110 set,
2334 3043 2654 3112 prtcscripto
2678 3042 2872 3095 mortis
2897 3041 3017 3108 die,
3047 3040 3297 3111 poposcit
3327 3049 3385 3094 ut
3411 3039 3642 3095 domum
3671 3055 3805 3111 per-

2179 3136 2342 3209 geudi
2381 3135 2431 3192 ei
2471 3137 2703 3191 facultas
2741 3134 2990 3200 daretur,
3032 3150 3143 3206 quo
3170 3132 3591 3189 commendaret
3618 3149 3799 3191 suos:

466 3221 611 3281 inter
638 3224 760 3280 vina
800 3224 1118 3294 juraverat,
1160 3225 1305 3298 quod
1343 3235 1365 3264 θ
1398 3226 1642 3282 eviratus
1683 3225 1827 3283 inter
1866 3227 2070 3282 saltan-
2097 3218 2143 3282 C
2174 3245 2237 3286 ac
2269 3245 2337 3285 ne
2370 3230 2683 3285 revertendi
2722 3229 2883 3301 128
2911 3235 3130 3283 nutaret
3159 3227 3296 3282 fidos
3317 3268 3332 3294 ,
3364 3226 3560 3282 vadem
3594 3228 3803 3284 mortis

465 3317 599 3374 tium
631 3318 832 3375 choros
864 3317 1212 3390 promiserat.
1237 3319 1473 3376 Infertur
1493 3319 1648 3375 disco
1671 3320 1954 3392 propheta:
1978 3335 2071 3377 ca-

462 3419 598 3480 put:
629 3420 686 3465 et
715 3409 818 3467 hoc
848 3412 1179 3468 tcstimatum
1210 3419 1299 3469 est
1341 3410 1466 3468 lidei
1496 3428 1622 3469 esse
1643 3454 1658 3479 ,
1698 3412 1842 3485 quod
1885 3429 2074 3469 amen-

468 3501 560 3557 tia:
588 3500 713 3558 fuit.
1130 3525 1135 3529 ’
1754 3556 1755 3559 η

537 3597 627 3653 78.
671 3595 858 3669 Neque
896 3613 1157 3669 umquam
1198 3599 1442 3656 adducar
1481 3610 1539 3657 ut
1574 3600 1794 3659 credam
1839 3618 1948 3659 non
1990 3603 2073 3659 in-

462 3699 622 3747 caule
650 3690 947 3762 principem
974 3691 994 3731 ἲ
1019 3693 1345 3765 promisisse
1368 3693 1637 3765 lephthe,
1677 3704 1733 3750 ιιι
1762 3694 2072 3752 immolaret

463 3784 580 3841 Deo
608 3784 869 3856 quidquid
900 3786 1006 3843 sibi
1035 3788 1332 3843 revertenti
1366 3788 1507 3844 intra
1535 3789 1704 3845 limen
1734 3790 1932 3844 domus
1958 3806 2070 3847 sua:

460 3890 813 3945 occurreret;
838 3894 962 3936 cum
984 3890 1040 3936 et
1070 3880 1247 3951 ipsum
1280 3882 1388 3938 voti
1423 3883 1740 3953 pteuituerit
1767 3883 1853 3939 sui
1874 3926 1890 3951 ,
1918 3891 2067 3956 post-

460 3985 626 4044 quam
674 3971 782 4028 lllia
837 3973 1079 4030 occurrit
1122 3974 1249 4030 sibi.
1297 3975 1540 4045 Deuique
1586 3977 1855 4033 conscidit
1902 3977 2070 4032 vesti-

463 4076 646 4123 menta
674 4080 774 4122 sua
794 4108 810 4133 ,
842 4076 898 4123 et
925 4065 1067 4123 dixit
1092 4084 1106 4123 :
1137 4065 1255 4122 lleu
1283 4068 1405 4124 me!
1430 4069 1544 4139 ﬁlia
1572 4085 1719 4137 mea,
1753 4078 1778 4116 ε
1810 4069 2072 4141 impediin

461 4159 628 4226 mihi,
659 4161 902 4215 stimulus
930 4159 1131 4217 doloris
1162 4161 1306 4231 facta
1333 4178 1386 4217 es
1416 4162 1545 4216 mihi
1573 4160 1787 4233 (Judic.
1820 4178 1878 4217 st
1900 4203 1913 4224 .
1947 4163 2064 4233 55).

461 4251 566 4319 Qui
613 4252 741 4308 licet
780 4253 870 4324 pio
915 4263 1064 4309 metu
1095 4268 1160 4309 ac
1197 4253 1492 4311 formidine
1529 4254 1886 4312 acerbitatem
1919 4255 2068 4311 durte

459 4343 747 4401 solutionis
777 4345 1129 4416 impleverit:
1162 4356 1343 4402 tamen
1377 4347 1585 4404 luctum
1626 4364 1867 4404 annuum
1899 4350 2064 4405 etiam

460 4444 699 4517 posteris
749 4443 1146 4517 deplorandum
1195 4445 1388 4502 statuit
1436 4460 1503 4503 ac
1551 4445 1867 4520 dereliquit.
1920 4447 2062 4504 Dura

461 4632 646 4708 ditaris
756 4671 814 4708 ._.
843 4633 1188 4708 quem_c_elare
1210 4643 1259 4689 et
1289 4642 1555 4708 protegrre
1582 4634 1781 4708 debeat.

505 4714 563 4791 ,ι
600 4704 736 4761 Cod.
767 4704 963 4772 Laud,
991 4704 1140 4762 Sicut
1163 4707 1257 4764 iste
1284 4706 1421 4762 idem
1436 4704 1625 4762 'Doeclt
1653 4707 1878 4779 maligne
1898 4706 2069 4765 ebrius

467 4792 610 4834 omo.

533 4848 562 4889 δ
606 4850 820 4921 Erasm.
852 4858 908 4906 et
937 4863 1059 4921 seq.
1091 4848 1252 4913 edit..
1285 4849 1634 4907 Arhimeleclt.

536 4932 562 4962 α
599 4920 715 4978 Cic.
760 4922 855 4978 lib.
895 4937 956 4979 ιιι
991 4920 1175 4983 Ullic..
1206 4938 1327 4991 pag.
1360 4921 1502 4986 100,
1546 4924 1641 4977 Iiu.
1691 4923 1804 4979 47:
1842 4923 1983 4991 Quid
2019 4924 2068 4980 si

459 4995 665 5066 sapiens
690 5005 903 5069 rogatus
930 4997 997 5050 sit
1027 4993 1091 5069 ab
1119 5010 1201 5061 eo,
1220 4995 1452 5069 quicum
1479 4995 1734 5051 lim-edem
1765 4996 1926 5064 faciat
1946 5036 1960 5051 .
1979 5034 1994 5050 .
2012 5036 2025 5051 .
2048 5039 2061 5053 .

458 5077 517 5124 ut
555 5065 830 5137 antequam
868 5065 1219 5123 luereditatem
1257 5066 1447 5134 adeat,
1492 5070 1606 5123 luce
1642 5071 1817 5141 palam
1854 5070 1909 5123 in
1938 5071 2054 5141 [oro

459 5142 641 5200 saltet.
670 5150 776 5197 etc.

530 5212 558 5251 ά
598 5211 714 5268 Cic.
756 5211 850 5267 lib.
894 5227 951 5267 ιιι
987 5210 1178 5276 Olﬂc.,
1216 5227 1337 5283 pag.
1370 5212 1500 5278 401,
1531 5212 1627 5267 lin.
1662 5216 1733 5267 4:
1764 5211 1838 5266 Ae
1867 5227 1933 5267 ne
1957 5213 2054 5267 illa

458 5284 663 5370 quidem
690 5284 947 5358 promissa
973 5284 1224 5339 seruanda
1243 5294 1363 5338 sunt
1380 5325 1395 5347 ,
1422 5300 1538 5355 qua:
1564 5301 1668 5339 non
1690 5295 1811 5339 sunt
1836 5285 1904 5339 iis
1929 5287 2056 5356 ipsis

459 5357 823 5502 u_“_¢l"aA.t:t:fb.
863 5442 986 5484 cum
1027 5441 1161 5502 mss.
1201 5426 1446 5500 aliquot,
1488 5427 1752 5502 dejeratus
1774 5443 1797 5492 ;
1832 5427 2050 5497 quidam

457 5499 545 5574 alii
576 5503 916 5574 ejuratus.
938 5501 1243 5572 promiserat
1267 5499 1421 5574 ;'non
1455 5499 1609 5574 pauci
1635 5541 1650 5565 ,
1684 5510 2052 5574 prompserat;

458 5570 739 5627 alites-ero
765 5570 899 5626 edit.
928 5570 991 5628 ac
1020 5587 1153 5627 tn~s.
1190 5573 1470 5628 uobiscum
1505 5570 1705 5628 faciunt
1731 5612 1746 5631 ,
1781 5572 1880 5624 nisi
1913 5571 2057 5639 quod

456 5655 561 5726 pro
598 5644 854 5710 eviratus,
896 5643 951 5701 in
989 5644 1312 5716 quibusdam
1345 5645 1565 5715 legitur,
1597 5645 1799 5699 iratus:
1832 5658 2057 5713 prorsus

460 5728 850 5845 lucfmégigelib.
891 5804 947 5844 ιιι
969 5829 985 5850 .
1017 5802 1137 5859 pag.
1171 5787 1301 5853 401,
1336 5788 1434 5846 lin.
1473 5787 1533 5846 11
1566 5804 1579 5844 :
1615 5787 1753 5858 Quid
1783 5787 2059 5861 Agamem—

456 5876 559 5919 non
589 5878 708 5918 cuut
737 5860 1059 5930 devovisset,
1090 5868 1197 5918 etc.

2176 3324 2419 3391 obtulit,
2453 3339 2516 3379 ea
2549 3322 2870 3379 conditione
2909 3334 2967 3377 ut
3008 3323 3053 3377 si
3093 3322 3211 3393 ipse
3239 3321 3455 3377 deraret
3484 3323 3553 3377 ad
3584 3323 3804 3378 consti-

2174 3426 2352 3473 tutum
2378 3418 2523 3474 diem
2542 3460 2558 3486 ,
2584 3433 2679 3472 vas
2705 3417 2826 3488 ejus
2855 3416 2960 3472 sibi
2992 3432 3092 3488 pro
3118 3433 3186 3473 eo
3226 3416 3585 3473 moriendum
3627 3434 3806 3489 agno-

2173 3522 2375 3570 sceret.
2406 3510 2518 3567 Nec
2536 3511 2857 3581 qualitatem
2884 3505 3198 3581 sponsionis
3225 3511 3315 3582 qui
3344 3509 3688 3566 oﬂ'erebatur
3707 3527 3804 3569 rc-

2173 3610 2423 3676 cnsavit,
2466 3610 2858 3679 constantique
2896 3609 3081 3664 animo
3118 3609 3262 3664 diem
3304 3608 3458 3664 necis
3497 3611 3798 3679 praestola-

2174 3701 2357 3758 batur.
2387 3699 2573 3772 ltaque
2603 3701 2743 3756 alter
2767 3716 2828 3757 se
2855 3717 2961 3756 non
2990 3702 3297 3769 subtraxit,
3331 3699 3347 3739 ί
3374 3703 3518 3759 alter
3543 3702 3614 3759 ad
3642 3704 3793 3760 diem

2175 3793 2405 3864 recepit.
2448 3793 2604 3859 Quod
2644 3808 2890 3862 eousque
2930 3792 3031 3849 fuit
3070 3794 3323 3850 mirabile
3348 3835 3363 3860 ,
3406 3805 3464 3849 ut
3520 3806 3797 3868 tyrannus

2174 3904 2275 3945 eos
2312 3888 2416 3943 sibi
2459 3888 2511 3943 in
2552 3888 2852 3944 amicitiam
2883 3887 3258 3957 adscisceret,
3288 3904 3526 3961 quorum
3560 3891 3796 3964 urgebat

2145 3982 2504 4054 epericulum.

2249 4077 2341 4132 81.
2374 4075 2535 4144 Quod
2566 4092 2698 4148 ergo
2729 4077 2785 4132 in
2826 4077 3091 4149 spectatis
3130 4085 3189 4133 et
3223 4075 3452 4132 eruditis
3491 4077 3629 4133 viris
3667 4075 3792 4147 ple-

2176 4186 2306 4227 num
2347 4171 2599 4227 miraculi
2639 4181 2761 4237 est,
2805 4171 2909 4229 hoc
2956 4173 3011 4229 in
3064 4171 3277 4245 virgine
3316 4173 3493 4228 multo
3532 4173 3793 4244 magniﬁ-

2174 4265 2421 4330 centius,
2479 4266 2762 4338 mnltoque
2815 4265 3086 4321 illustrius
3137 4265 3603 4333 deprehenditur.
3661 4281 3791 4336 qua:

2174 4355 2559 4428 ingeruisccnti
2589 4359 2731 4430 patri
2762 4358 2842 4413 ait
2868 4376 2881 4412 :
2915 4357 3027 4414 Fac
3052 4360 3182 4413 mihi
3209 4369 3263 4413 ul
3292 4359 3450 4414 exivit
3476 4358 3545 4413 de
3569 4375 3661 4413 ore
3690 4369 3789 4414 tuo

2175 4449 2330 4523 (hut.
2364 4467 2423 4507 ιι
2443 4493 2459 4521 ,
2490 4452 2561 4508 36
2589 4460 2640 4507 et
2662 4451 2820 4525 seq.).
2853 4451 2962 4509 Sed
2994 4452 3229 4524 spatium
3257 4451 3496 4508 duorum
3529 4452 3789 4524 poposcit

2096 4637 2151 4699 D
2248 4647 2286 4710 εί
2314 4636 2448 4710 νθιε
2468 4635 2629 4702 edit.,
2652 4636 2913 4710 impedisti
2940 4637 3100 4702 mihi,
3126 4637 3390 4710 impedis":
3417 4637 3578 4701 mihi,
3609 4638 3665 4693 in
3689 4641 3787 4694 sti-

2179 4709 2379 4762 mulum
2414 4708 2653 4764 dolorum
2693 4708 2833 4780 facta
2871 4726 2924 4765 es
2963 4710 3112 4764 mihi.
3142 4708 3327 4774 Rum.,
3363 4708 3631 4781 Derepisti
3664 4728 3781 4780 me,

2175 4781 2596 4850 impedimentum
2636 4784 2687 4834 in
2730 4781 2894 4835 oculis
2932 4787 3056 4836 meis
3080 4823 3095 4846 ,
3139 4781 3193 4835 in
3229 4783 3494 4836 stimulum
3533 4782 3783 4839 dolorum

2174 4854 2315 4924 facta
2365 4870 2420 4908 es
2451 4853 2599 4907 milti.
2629 4852 2757 4909 Mss.
2791 4867 2922 4907 vero
2962 4855 3103 4907 inter
3139 4868 3199 4908 se
3237 4862 3628 4918 consentumt.
3673 4858 3784 4912 nisi

2172 4925 2316 4994 quod
2366 4924 2532 4995 aliqui
2583 4929 2800 4994 legunt,
2841 4924 3114 4996 impedisli
3164 4926 3326 4983 mihi.
3371 4927 3425 4980 in
3466 4926 3779 4996 stimulum,

2169 4996 2411 5061 etc.,nhi
2443 4997 2658 5067 reliqui,
2676 4995 2937 5067 itnprdisti
2966 5013 3067 5063 me,
3089 4997 3354 5062 stimulus,
3374 5007 3484 5054 etc.

2240 5067 2269 5107 ¹ι
2307 5068 2421 5125 Cic.
2466 5069 2558 5122 lib.
2602 5085 2658 5124 ιιι
2697 5070 2878 5136 Ollic.,
2922 5084 3043 5139 pag.
3085 5070 3192 5125 593
3219 5111 3235 5134 ,
3276 5070 3374 5122 litt.
3415 5070 3529 5125 45:
3572 5068 3779 5127 Damo-

2169 5156 2285 5197 nem
2329 5151 2379 5214 et
2428 5139 3080 5214 Pgtltiampitltagorteos.
3109 5145 3285 5214 ferunt
3311 5141 3412 5214 Itoc
3437 5143 3616 5196 animo
3640 5143 3781 5199 inter

2167 5229 2223 5267 se
2267 5211 2623 5285 fuis§€or_etc.
2677 5211 2808 5268 Vide
2858 5211 3168 5285 etiamilib.
3231 5228 3262 5266 v
3317 5212 3483 5269 Tusc.
3538 5214 3774 5283 (latest...

2166 5283 2288 5355 pag.
2325 5283 2457 5343 186.
2491 5283 2589 5339 lin.
2622 5288 2725 5349 t8,
2757 5294 2811 5340 et
2842 5284 2961 5339 Val.
3004 5284 3143 5340 Max.
3186 5284 3282 5341 lib.
3324 5299 3380 5340 tv
3404 5326 3421 5353 ,
3459 5300 3585 5355 cap.
3628 5288 3686 5353 7,
3720 5303 3778 5346 et

2162 5371 2354 5412 mrsus
2383 5357 2572 5411 Anthr.
2609 5356 2709 5411 lib.
2738 5373 2774 5412 ll
2806 5356 2876 5411 de
2910 5357 3115 5427 Vitgin.

2243 5427 2258 5466 ί
2305 5430 2509 5483 Omnes
2540 5428 2673 5483 edit.
2705 5444 2769 5483 ac
2808 5444 2941 5485 mss.
2974 5433 3221 5498 aliquot,
3251 5429 3382 5484 alter
3413 5429 3483 5482 ad
3520 5428 3662 5485 diem
3692 5448 3779 5486 re-

2163 5501 2407 5570 pedavit;
2436 5500 2627 5568 reliqui
2671 5511 2852 5555 autem
2897 5501 3090 5570 partim
3122 5502 3313 5563 rediit.
3350 5500 3550 5569 partim
3592 5518 3651 5555 se
3692 5520 3777 5557 re-

2160 5577 2329 5643 cepit,
2361 5578 2564 5644 partth
2589 5575 2750 5627 etiam
2779 5585 3012 5644 receptus
3037 5584 3109 5628 est
3134 5588 3153 5637 ;
3180 5571 3394 5627 Thaun.
3428 5588 3561 5626 vero
3589 5584 3647 5629 ιιι
3677 5575 3771 5631 alii

2161 5644 2407 5699 tumuulli
2443 5643 2687 5700 melioris
2718 5643 2901 5712 nunc,
2928 5645 3066 5699 alter
3091 5646 3159 5699 ad
3189 5646 3320 5698 diem
3351 5647 3566 5713 recepit.
3615 5647 3771 5702 Ilaud

2160 5719 2334 5779 male,
2370 5716 2414 5770 si
2454 5716 2521 5770 ad
2555 5719 2742 5772 vadem
2775 5720 3015 5781 rell-ras;
3050 5717 3190 5771 idem
3220 5717 3364 5771 enim
3399 5732 3629 5784 prorsus
3663 5718 3773 5774 erit

2160 5803 2223 5861 ac
2252 5790 2296 5861 si
2328 5789 2601 5858 legeretur
2627 5808 2639 5841 :
2673 5790 2806 5843 alter
2829 5790 3108 5858 spopondit
3134 5788 3205 5843 ad
3229 5789 3363 5842 diem
3384 5789 3735 5845 constitutum
3752 5832 3767 5861 ,

2160 5860 2260 5917 nisi
2287 5861 2523 5917 rediisset
2552 5877 2668 5917 reus
2688 5903 2703 5930 ,
2736 5869 2949 5917 mortem
2977 5862 3288 5916 subiturum.
