4078 6306
254 255 344 312 169

1259 246 1344 302 [ιΕ
1381 243 1671 302 OFFICIH
1711 243 2190 301 MINISTRORUM
2233 243 2342 299 LIB
2408 240 2493 299 III.

3449 241 3550 300 ΠΟ

253 362 548 429 mensium,
590 368 648 416 ut
685 374 808 416 cum
845 357 1143 431 aequalibus
1182 369 1508 414 conventum
1550 365 1736 427 ageret
1774 356 1825 409 in
1857 357 1906 419 Α
1934 355 2179 411 excitate
2227 354 2560 420 obduxerat,
2599 363 2654 408 et
2690 352 2827 408 dixit
2861 372 2875 410 :
2922 351 3167 421 Domine,
3197 356 3344 424 aperi
3374 357 3553 411 oculos

253 455 554 523 montibus,
614 471 734 524 qua:
791 453 1161 524 virginitatem
1217 453 1336 522 ejus
1393 451 1835 522 pr.-rdestinatam

1942 468 2137 516 eorum,
2157 462 2210 505 ut
2239 450 2466 516 rideant,
2493 459 2539 502 et
2571 448 2805 502 viderunt
2837 447 2925 518 (IV
2958 448 3086 519 Reg.
3113 463 3191 511 v1,
3220 449 3285 504 18
3307 459 3352 502 et
3373 448 3506 520 seq.)
3530 449 3554 501 ?

255 552 360 608 neci
399 550 488 622 pio
526 549 724 606 affectu
765 557 1252 621 prosequerentur.
1308 546 1421 602 Nec
1459 548 1618 602 fletus
1657 561 1840 616 aequa-
1941 543 2125 616 Itaque
2147 561 2266 601 cum
2291 562 2382 601 rex
2403 544 2566 599 Israel
2593 543 3180 614 percutereingressos
3204 544 3555 609 vellet,eam-

251 648 373 702 lium
413 644 581 700 movit
616 644 854 714 puellam
875 686 892 712 ,
924 657 1028 699 nec
1056 641 1217 699 dolor
1246 641 1432 706 ﬂexit,
1469 656 1569 696 uec
1597 640 1839 712 gemitus
1940 654 2046 709 que
2070 639 2170 694 sibi
2193 639 2310 694 dari
2335 655 2364 693 a
2389 642 2650 708 propheta
2682 637 2991 693 facultatem
3016 647 3296 708 posceret;
3327 653 3555 708 respon-

249 741 576 809 retardavit,
605 756 706 798 nec
735 741 852 797 dies
876 739 1172 811 praeteriit,
1199 753 1301 794 nec
1327 736 1524 794 fefellit
1550 736 1704 792 hora.
1737 737 1843 792 Re-

249 836 343 892 diit
365 835 431 890 ad
462 843 675 907 patrem
700 875 715 900 ,
743 835 898 907 quasi
941 834 1007 888 ad
1038 843 1224 888 votum
1265 832 1509 896 rediret,
1551 841 1607 887 et
1645 831 1843 886 volun-

251 936 351 984 tate
388 925 605 998 propria
635 936 984 983 cunctantem
1018 925 1270 996 impulit,
1305 925 1540 994 fecitque
1571 923 1842 980 arbitratu

247 1027 543 1090 spontaneo
566 1059 583 1086 ,
612 1027 674 1074 ut
702 1019 846 1091 quod
885 1028 1006 1075 erat
1045 1019 1343 1090 impietatis
1386 1017 1667 1074 fortuitum
1688 1058 1704 1084 ,
1745 1018 1843 1074 lie-

250 1125 326 1170 ret
359 1109 574 1184 pietatis
603 1111 959 1169 sacrificium.

837 1230 1070 1289 CAPUT
1108 1231 1251 1289 XIII.

245 1327 515 1384 Jnditham
543 1344 658 1383 cum
687 1327 852 1383 multa
877 1327 1112 1396 pericula
1141 1345 1235 1399 pro
1266 1329 1534 1384 honestate
1563 1326 1802 1382 subiisset
1829 1367 1843 1394 ,

555 1420 894 1493 multiplicem
918 1431 1208 1494 reportasse
1232 1421 1527 1476 utilitatem.

311 1540 402 1597 82.
438 1539 583 1597 Ecce
613 1539 708 1596 tibi
741 1539 933 1596 Judith
965 1554 1027 1596 se
1058 1539 1220 1597 offert
1253 1540 1516 1597 mirabilis
1539 1583 1553 1608 ,
1587 1555 1708 1610 qua:
1737 1539 1848 1595 for-

247 1635 506 1691 midatum
536 1634 752 1706 populis
775 1635 953 1691 virum
983 1632 1390 1705 Holophernem
1419 1635 1565 1701 adit,
1596 1633 1850 1706 Assyrio-

245 1745 361 1786 rum
393 1729 717 1800 triumphali
747 1740 962 1801 septum
989 1740 1227 1786 caterva.
1255 1730 1426 1799 Quem
1458 1731 1636 1801 primo
1661 1729 1850 1786 forma:

243 1825 411 1896 gratia
457 1834 514 1880 et
565 1826 747 1882 vultus
786 1825 986 1881 decore
1027 1825 1296 1896 perculit,
1339 1825 1538 1881 deinde
1578 1825 1851 1880 sermonis

243 1917 674 1987 circumscripsit
703 1917 973 1988 elegantia
1002 1915 1221 1990 (Iudith
1253 1933 1280 1971 x
1301 1959 1316 1984 ,
1369 1917 1435 1972 12
1461 1926 1508 1972 ct
1531 1934 1637 1988 seq.
1657 1916 1696 1987 ).
1733 1916 1853 1972 Pri-

244 2025 364 2065 mus
394 2010 712 2082 triumphus
751 2013 868 2081 ejus
909 2011 1044 2078 fuit,
1086 2011 1230 2082 quod
1270 2011 1544 2083 integrum
1585 2009 1850 2082 pudorem

242 2101 308 2159 de
345 2103 708 2160 tabernacqu
740 2104 914 2160 hostis
953 2106 1202 2161 revexit:
1238 2104 1550 2169 secundus,
1589 2103 1734 2174 quod
1774 2103 1853 2159 fc-

241 2197 384 2251 mina
417 2195 488 2253 de
521 2199 641 2254 viro
679 2199 982 2268 reportavit
1019 2198 1348 2264 victoriam,
1384 2207 1409 2235 ει
1442 2198 1648 2268 fugavit
1678 2213 1852 2270 popu-

240 2288 324 2345 los
353 2288 596 2344 eonsilio
627 2304 728 2346 suo
766 2289 976 2362 (Judith
1010 2306 1142 2358 xm,
1172 2288 1291 2362 20).

312 2382 401 2437 85.
437 2381 788 2439 Horruerunt
810 2383 990 2440 Persae
1010 2384 1294 2441 audaciam
1319 2384 1458 2455 ejus.
1484 2384 1688 2456 Utique
1709 2385 1853 2456 quod

243 2478 294 2534 in
327 2479 436 2536 illis
473 2479 856 2553 Pythagormis
893 2481 1109 2537 duobus
1147 2482 1438 2550 mirantur,
1482 2498 1589 2538 non
1630 2482 1854 2554 expavit

242 2575 434 2629 mortis
475 2574 784 2643 periculum
808 2617 824 2642 ,
863 2575 963 2631 sed
1001 2591 1104 2632 nec
1144 2575 1404 2647 pudoris,
1435 2577 1582 2647 quod
1612 2589 1694 2634 est
1731 2593 1857 2650 gra-

240 2663 361 2720 vius
394 2666 560 2722 bonis
591 2666 845 2723 feminis:
877 2683 985 2724 non
1017 2669 1180 2724 unius
1208 2669 1376 2725 ictum
1409 2670 1724 2741 carnificis,
1756 2673 1856 2730 sed

240 2775 344 2816 nec
381 2761 559 2817 totius
587 2761 865 2818 exercitus
897 2763 1002 2817 tela
1036 2763 1344 2834 trepidavit.
1389 2764 1548 2822 Stetit
1582 2764 1727 2823 inter
1756 2783 1854 2823 cu-

243 2870 376 2911 neos
405 2856 743 2912 bellatorum
786 2855 1024 2927 femina,
1065 2859 1210 2914 inter
1247 2860 1491 2916 victricia
1531 2876 1720 2930 arma,
1762 2877 1854 2918 se-

238 2962 366 3003 cura
409 2950 636 3006 mortis.
681 2951 951 3018 Quantum
992 2950 1060 3006 ad
1099 2952 1301 3008 molem
1342 2961 1556 3024 spectat
1587 2955 1850 3024 periculi,

240 3041 510 3097 moritura
549 3044 859 3113 processit:
891 3053 1153 3116 quantum
1181 3046 1247 3102 ad
1278 3045 1471 3116 tidem,
1503 3047 1851 3106 dimicatura.

1943 731 2026 786 dit
2047 749 2154 787 non
2187 732 2590 803 percutiendos,
2613 748 2845 804 quorum
2876 733 3248 802 captivitatem
3276 748 3382 788 non
3408 743 3556 789 esset

1944 841 2108 882 manu
2135 835 2410 896 operatus,
2436 826 2714 896 armisque
2734 826 2967 894 bellicis,
2993 826 3088 882 sed
3111 827 3285 898 magis
3311 828 3556 884 subsidio

1943 920 2324 976 alimentorum
2361 919 2652 991 iuvandus.
2712 919 2956 991 Denique
3001 919 3315 991 epularihus
3365 920 3554 976 refecti

1945 1016 2137 1086 copiis,
2157 1031 2446 1087 numquam
2473 1024 2657 1084 postea
2682 1015 2732 1070 in
2759 1025 2959 1072 terram
2981 1015 3147 1072 Israel
3171 1016 3358 1086 piratae
3382 1016 3553 1088 Syria:

1948 1109 2329 1165 revertendum
2363 1119 2641 1180 putarunt.

2020 1203 2110 1258 87.
2152 1203 2368 1272 Quanto
2399 1204 2503 1259 hoc
2533 1203 2822 1260 sublimius
2842 1247 2855 1270 ,
2884 1220 3043 1276 quam
3080 1205 3214 1261 illud
3243 1206 3553 1262 Grmcorum

1953 1307 1974 1334 ε
2007 1297 2152 1368 quod
2179 1312 2302 1352 cum
2333 1297 2441 1353 duo
2475 1297 2659 1368 pupuli
2689 1297 2979 1355 adversum
3009 1314 3069 1355 se
3094 1299 3162 1354 de
3190 1300 3360 1369 gloria
3391 1300 3558 1370 impc—

1951 1393 2140 1464 rioque
2179 1391 2560 1460 decertarent,
2592 1402 2647 1447 et
2682 1392 2818 1448 alter
2848 1409 2916 1449 ex
2945 1393 3033 1448 his
3083 1393 3309 1449 haberet
3347 1393 3556 1464 copiam

1951 1485 2406 1556 quemadmodum
2448 1501 2614 1541 naves
2650 1485 2876 1542 alterius
2919 1486 3098 1558 populi
3144 1486 3393 1542 clanculo
3430 1502 3556 1541 exu-

1952 1590 2121 1647 reret,
2146 1592 2302 1652 turpe
2317 1580 2549 1636 credidit
2574 1599 2586 1636 :
2613 1580 2908 1653 maluitque
2928 1584 3107 1636 minus
3128 1597 3289 1654 posse
3309 1579 3560 1643 honeste,

1954 1692 2114 1746 quam
2150 1676 2268 1746 plus
2302 1675 2553 1745 turpiter.
2594 1673 2666 1730 Et
2706 1676 2794 1730 isti
2823 1675 3040 1746 quidem
3076 1675 3193 1730 sine
3225 1672 3430 1745 ﬂagitio
3460 1671 3560 1726 hoc

1880 1761 1929 1824 B
1956 1769 2134 1826 facere
2159 1769 2478 1840 nequibant,
2508 1780 2568 1824 ut
2595 1784 2692 1826 eos
2720 1769 2812 1841 qui
2839 1769 3249 1824 consummandi
3284 1769 3409 1824 belli
3435 1769 3562 1824 Per-

1956 1865 2056 1922 sici
2081 1864 2254 1936 gratia
2281 1864 2335 1919 in
2362 1864 2680 1920 societatem
2707 1873 3098 1930 convenerant,
3124 1863 3224 1918 hac
3251 1861 3441 1918 fraude
3469 1862 3564 1918 de~

1955 1960 2243 2030 ciperent;
2283 1974 2445 2028 quam
2492 1959 2618 2014 licet
2648 1966 2873 2029 possent
2912 1974 3112 2030 negare
3137 1999 3151 2022 ,
3195 1973 3304 2014 non
3339 1968 3566 2028 possent

1957 2064 2140 2109 tamen
2179 2067 2286 2108 non
2320 2052 2650 2108 erubescere
2679 2071 2692 2105 :
2720 2051 2954 2107 Elisaeus
2989 2061 3172 2108 autem
3211 2066 3318 2107 non
3351 2051 3565 2117 fraude,

1956 2148 2214 2220 deceptos
2244 2147 2396 2214 licet,
2426 2146 2521 2203 sed
2551 2154 2820 2217 potestate
2849 2145 3063 2202 Domini
3095 2159 3384 2217 percussos
3404 2188 3420 2213 ,
3454 2160 3568 2199 ma-

1957 2241 2058 2296 luit
2080 2249 2264 2296 tamen
2284 2254 2506 2296 servare
2528 2253 2690 2309 quam
2713 2237 2976 2309 perdere;
3000 2241 3125 2310 quia
3145 2237 3403 2293 decorum
3429 2237 3570 2293 foret

1958 2334 2100 2390 hosti
2132 2348 2380 2404 parcere,
2407 2340 2463 2388 et
2482 2331 2796 2388 adversario
2825 2331 3029 2387 donare
3055 2333 3246 2399 vitam,
3279 2347 3440 2403 quam
3475 2347 3569 2402 po-

1958 2427 2155 2482 tuisset
2181 2424 2399 2480 auferre
2426 2424 2530 2480 nisi
2560 2423 2917 2496 pepercisset.

2032 2519 2122 2576 88.
2164 2519 2360 2590 Liquet
2400 2517 2566 2590 igitur
2607 2517 2660 2572 id
2700 2517 2843 2587 quod
2887 2503 3141 2572 decorum
3181 2526 3304 2584 est,
3351 2532 3571 2589 semper

1958 2629 2082 2671 esse
2112 2614 2263 2670 utile.
2309 2612 2444 2668 Nam
2487 2622 2543 2668 et
2579 2611 2766 2668 Judith
2805 2624 2990 2666 sancta
3027 2611 3228 2666 decoro
3254 2619 3571 2683 contemptu

1959 2708 2198 2780 propria:
2227 2706 2420 2764 salutis
2447 2705 2612 2762 solvit
2636 2704 2935 2760 obsidionis
2962 2705 3294 2776 periculum.
3329 2701 3356 2741 ά
3384 2713 3440 2760 et
3473 2720 3572 2776 pu-

1960 2804 2154 2860 blicam
2202 2803 2492 2859 honestate
2547 2799 2767 2872 propria
2816 2800 3105 2871 acquisivit
3147 2799 3434 2855 utilitatem
3471 2817 3483 2851 :
3519 2809 3576 2854 et

1960 2898 2188 2954 Eliszeus
2212 2896 2503 2970 gloriosius
2535 2894 2763 2967 ignovit,
2793 2909 2952 2964 quam
2985 2894 3219 2965 perculit
3255 2911 3268 2948 :
3297 2903 3354 2950 et
3385 2891 3574 2947 utilius

1959 2991 2260 3050 reservavit
2287 2990 2477 3046 hostes
2515 3003 2654 3060 quos
2692 2996 2931 3058 ceperat.

2032 3085 2124 3142 89.
2163 3083 2302 3152 Quid
2353 3092 2534 3138 autem
2585 3079 2733 3136 aliud
2775 3080 3019 3135 Joannes
3067 3080 3171 3135 nisi
3227 3079 3568 3136 honestatem

305 3137 399 3193 84.
436 3137 1010 3243 Ilonestatemnigitur
1036 3143 1575 3243 Sticmafﬂnlu‘luh
1594 3155 1695 3243 ’,ει
1723 3146 1853 3243 διξίη
1883 3170 1928 3234 C
1959 3137 2352 3236 considei'avit?
2376 3185 2434 3231 ut
2456 3175 2776 3232 iubonestas
2799 3173 3015 3243 nuptias
3037 3175 3202 3228 etiam
3228 3175 3282 3228 in
3313 3187 3440 3242 rege
3463 3187 3574 3226 non

237 3241 356 3282 eam
398 3230 682 3302 sequitur,
726 3231 1012 3288 utilitatem
1061 3235 1292 3292 invenit.
1344 3235 1660 3294 Ilonestatis
1711 3239 1854 3295 enim

235 3320 338 3377 fuit
395 3325 704 3396 prohibere
735 3343 806 3384 ne
852 3329 1086 3400 populus
1115 3331 1210 3387 Dei
1245 3346 1306 3388 se
1333 3333 1580 3404 profanis
1609 3333 1853 3404 dederet,

238 3431 306 3471 ne
335 3417 478 3475 ritus
520 3419 738 3491 patrios
765 3431 823 3478 et
847 3435 1192 3481 sacramenta
1226 3427 1520 3497 proderet;
1565 3445 1631 3484 ne
1670 3445 1856 3485 sacras

234 3512 518 3584 virgines,
567 3515 759 3574 viduas
797 3535 1031 3590 graves,
1074 3521 1300 3592 pudicas
1342 3531 1624 3579 matronas
1665 3524 1858 3581 barba-

234 3607 704 3682 ricmsubjiceret
735 3613 1069 3683 impuritati;
1101 3633 1169 3672 ne
1197 3617 1542 3674 obsidionem
1574 3619 1858 3676 deditione

230 3701 524 3761 solveret:
563 3705 870 3763 honestatis
910 3707 1008 3764 fuit
1037 3725 1096 3765 se
1127 3711 1289 3766 malle
1331 3727 1434 3783 pro
1471 3714 1724 3770 omnibus
1767 3728 1858 3784 pe-

232 3794 468 3854 riclitari
491 3840 510 3867 ,
546 3808 611 3856 ut
637 3815 831 3858 omnes
862 3803 1134 3860 eximeret
1185 3804 1431 3875 periculo
1462 3805 1482 3880 (
1502 3806 1693 3861 Iudith
1720 3823 1818 3863 vm
1841 3848 1855 3874 ,

233 3888 302 3944 10
333 3904 383 3948 et
415 3894 600 3967 seq.).

301 3983 397 4041 85.
432 3987 665 4056 Quanta
714 3987 1018 4046 honestatis
1070 3992 1409 4059 auctoritas,
1465 4004 1521 4050 ut
1570 3995 1856 4052 consilium

231 4079 394 4151 129
418 4079 494 4136 de
524 4081 759 4137 summis
788 4085 950 4139 rebus
978 4084 1179 4142 femina
1204 4087 1308 4144 sibi
1333 4087 1669 4157 vindicaret,
1700 4089 1728 4129 ι)
1758 4107 1858 4148 nec

229 4172 594 4244 principibus
637 4178 826 4249 populi
853 4182 1262 4239 committeret!
1297 4182 1512 4252 Quanta
1555 4185 1858 4242 honestatis

225 4269 568 4340 auctoritas,
600 4281 661 4327 ut
686 4272 859 4328 Deum
887 4274 1193 4346 adjutorem
1224 4288 1588 4348 prazsumeret
1614 4297 1626 4333 :
1659 4290 1858 4352 quanta

226 4365 400 4433 gratia
428 4407 444 4432 ,
480 4374 550 4420 ut
584 4366 895 4424 inveniret!

856 4462 1084 4521 CAPUT
1123 4464 1266 4522 XIV.

1961 3282 2146 3344 posset
2174 3271 2404 3343 perpeti,
2439 3270 2625 3326 dicens
2659 3287 2673 3323 :
2709 3277 2731 3305 ο
2765 3265 2888 3321 Νοη
2912 3267 3028 3321 licet
3066 3267 3157 3321 tibi
3189 3267 3335 3320 illam
3360 3281 3575 3320 uxorem

1958 3369 2146 3424 habere
2174 3366 2367 3440 (Marc.
2402 3381 2525 3430 xiv,
2557 3365 2634 3436 4).
2677 3365 2860 3420 Potuit
2888 3374 3091 3427 tacere,
3123 3361 3228 3417 nisi
3251 3360 3576 3416 indecorum

1957 3460 2058 3516 sibi
2083 3459 2381 3529 judicasset
2411 3457 2606 3512 mortis
2634 3465 2782 3511 metu
2815 3471 3005 3511 verum
3045 3468 3153 3509 non
3192 3453 3395 3518 dicere,
3433 3449 3450 3490 τ
3486 3453 3575 3506 in-

1959 3553 2167 3609 clinare
2199 3551 2315 3624 regi
2361 3550 2736 3623 propheticam
2766 3549 3170 3615 auctoritatem,
3202 3545 3576 3602 adulationem

1959 3647 2269 3702 subtexere.
2315 3644 2532 3700 Sciebat
2571 3643 2757 3714 utique
2803 3642 3123 3697 moriturum
3165 3655 3226 3695 se
3265 3654 3418 3707 esse,
3448 3637 3576 3709 quia

1959 3742 2076 3814 regi
2114 3740 2504 3797 adversabatur
2539 3756 2552 3792 :
2587 3737 2686 3793 sed
2727 3736 3076 3794 honestatem
3115 3734 3278 3791 saluti
3315 3733 3575 3805 pra-tulit.

1959 3835 2030 3892 Et
2047 3846 2224 3891 tamen
2247 3833 2377 3904 quid
2400 3833 2592 3888 utilius
2609 3846 2769 3903 quam
2787 3829 2935 3903 quod
2957 3829 3227 3902 passionis
3247 3827 3364 3885 viro
3384 3835 3579 3884 sancto

1958 3929 2177 3984 advexit
2201 3924 2475 3999 gloriam?

2031 4021 2122 4076 90.
2165 4020 2364 4078 Sancta
2396 4033 2612 4090 quoque
2646 4016 2894 4073 Susanna
2922 4015 3246 4071 denuntiato
3268 4015 3393 4070 falsi
3422 4015 3575 4070 testi-

1960 4117 2129 4172 monii
2154 4126 2384 4181 terrore,
2412 4129 2536 4169 eum
2561 4112 2690 4168 hinc
2716 4127 2776 4168 se
2803 4110 3012 4167 videret
3044 4111 3222 4182 urgeri
3257 4109 3414 4182 13o
3436 4108 3577 4177 peri—

1959 4211 2084 4267 culo
2107 4254 2120 4279 ,
2164 4209 2291 4265 inde
2326 4207 2620 4280 opprobrio
2647 4248 2661 4272 ,
2694 4205 2884 4261 maluit
2915 4204 3148 4260 honesta
3182 4213 3358 4257 morte
3402 4202 3580 4255 vitare

1957 4305 2338 4376 Opprobrium,
2363 4320 2524 4374 quam
2549 4301 2729 4358 studio
2751 4300 2944 4357 salutis
2967 4310 3178 4371 turpem
3206 4298 3368 4353 vitam
3393 4295 3580 4352 subire

1958 4414 2023 4454 ac
2049 4397 2344 4454 sustinere.
2395 4395 2580 4467 Itaque
2619 4393 2747 4450 dum
2799 4392 3072 4449 honestati
3110 4390 3376 4457 intendit,
3412 4390 3576 4446 etiam

1959 4494 2124 4548 vitam
2172 4491 2477 4548 reservavit
2508 4509 2520 4546 :
2551 4506 2670 4560 quae
2702 4490 2748 4545 si
2791 4488 2844 4545 id
2876 4488 3022 4560 quod
3056 4487 3160 4544 sibi
3191 4487 3480 4548 viddiatur
3509 4485 3578 4540 ad

226 4547 412 4608 Eliswi
443 4559 654 4626 factum
683 4574 838 4628 quam
863 4557 1132 4614 honestum
1158 4572 1309 4632 atque
1337 4563 1461 4618 utile
1489 4563 1666 4634 fuerit.
1699 4563 1852 4639 Ejus-

1964 4587 2127 4643 vitam
2163 4587 2298 4642 utile
2339 4583 2788 4656 prteOptavisset,
2829 4598 2937 4638 non
2992 4591 3195 4637 tantam
3243 4589 3580 4650 reportasset

296 4647 417 4701 dem
451 4666 580 4703 cum
613 4649 885 4705 decantata
913 4651 1212 4709 Grtecorum
1241 4659 1473 4728 facinore
1514 4663 1853 4731 comparatio.

295 4738 574 4797 Joannem
616 4761 708 4814 pro
745 4747 1005 4802 honestate
1048 4749 1202 4804 uitam
1238 4752 1550 4820 impendisse
1585 4771 1605 4810 :
1635 4772 1725 4810 nec
1754 4773 1857 4811 non

297 4832 622 4890 Susannam
650 4837 827 4893 eadem
855 4856 1010 4895 causa
1043 4859 1098 4896 se
1127 4844 1305 4900 mortis
1335 4847 1562 4917 periculo
1593 4850 1857 4923 objecisse.

295 4948 389 5004 86.
435 4953 592 5022 Quid
619 4971 745 5011 vero
768 4957 996 5014 Elisaeus
1018 4959 1126 5016 nisi
1156 4960 1495 5020 honestatem
1519 4976 1735 5022 secutus
1757 4978 1862 5037 est,

223 5057 350 5100 cum
379 5051 702 5104 exercitum
740 5051 945 5124 Syria),
979 5055 1070 5122 qui
1112 5056 1180 5110 ad
1212 5057 1575 5116 obsidendum
1613 5078 1735 5117 eum
1763 5078 1861 5119 ve-

226 5149 406 5208 nerat,
433 5144 725 5215 captivum
754 5146 1055 5204 introduxit
1075 5149 1129 5204 in
1153 5149 1477 5222 Samariam,
1501 5153 1656 5228 cujus
1677 5156 1864 5213 oculos

299 5333 326 5405 ξι
366 5325 797 5405 ῃεε.-ει1ἱ‹ιιιοι,
831 5332 1031 5402 fugavit
1060 5333 1280 5405 papulas
1312 5351 1427 5389 cum
1459 5336 1570 5404 ﬁlio
1599 5353 1713 5393 suo.

298 5395 325 5435 ιι
369 5397 477 5454 Ms.
505 5395 757 5483 Thuan.,
783 5395 960 5457 nec'a
998 5395 1320 5477 principibus
1357 5395 1536 5479 populi
1565 5410 1860 5483 adjutorem

227 5481 604 5536 prwsumeret.

304 5551 325 5578 ε
368 5541 491 5598 Cic.
526 5541 695 5620 Offic.
729 5545 825 5620 lib.
856 5563 935 5608 ιιι.
970 5564 1090 5620 pag.
1123 5549 1251 5611 594,
1285 5550 1380 5606 lin.
1413 5553 1479 5606 l7
1523 5571 1534 5606 :
1571 5552 1863 5610 Themisto-

226 5614 332 5694 etes
384 5626 542 5694 post_
569 5615 845 5694 uictoriam
903 5614 1065 5690 hujus'
1095 5621 1234 5694 belli
1259 5664 1272 5684 ,
1314 5624 1452 5690 quod
1509 5642 1627 5679 cum
1687 5625 1864 5682 Persis

229 5685 350 5767 fuit,
371 5695 490 5767 etc.
523 5685 683 5767 Idem
711 5688 940 5759 legimus
966 5685 1108 5767 apud
1144 5685 1492 5767 Plutarchum
1517 5697 1570 5751 in
1600 5697 1863 5753 Aristide.

302 5753 329 5791 ⁸³
370 5757 508 5838 ᾷιιβξ.
539 5753 802 5838 aliquot:
846 5773 892 5814 et
924 5753 1184 5838 publicam
1213 5765 1566 5834 honestatem,
1601 5771 1872 5838 propriam

233 5830 509 5895 acquisivit
554 5829 872 5898 utilitatem;
913 5829 1007 5891 alii
1053 5838 1336 5909 nonnulli,
1381 5849 1430 5896 et
1479 5829 1740 5912 publicam
1778 5840 1874 5896 Ito—

679 5924 948 5991 ΡΑτιιοι..
998 5929 1147 5992 XVI
1158 5976 1171 5990 .

1964 4682 2194 4752 gloriam
2225 4697 2238 4734 :
2271 4681 2436 4735 immo
2458 4679 2620 4735 etiam
2653 4677 2705 4732 id
2729 4678 2873 4749 quod
2903 4693 3010 4732 non
3036 4676 3212 4731 solum
3245 4675 3455 4741 inutile,
3481 4673 3576 4729 sed

1969 4775 2133 4832 etiam
2192 4773 2555 4845 periculosum
2631 4771 2810 4839 foret,
2870 4785 3090 4842 pinnam
3157 4767 3404 4824 criminis
3460 4767 3577 4823 for-

1965 4873 2106 4929 sitan
2159 4886 2266 4926 non
2312 4871 2583 4926 evasisset
2637 4867 2806 4941 (Dan.
2836 4867 2974 4937 xui).
3029 4865 3376 4921 Advertimus
3417 4864 3581 4934 igitur

1966 4971 2091 5038 quia
2121 4965 2171 5020 id
2200 4960 2343 5036 quod
2369 4971 2527 5034 turpe
2551 4971 2668 5027 est,
2703 4976 2810 5018 non
2843 4959 3014 5030 possit
3049 4975 3172 5015 esse
3200 4959 3330 5014 utile
3362 4975 3376 5012 :
3404 4970 3582 5026 neque
3635 4960 3649 4967 ‘

1968 5077 2156 5120 rursus
2187 5061 2240 5116 id
2269 5057 2417 5131 quod
2450 5058 2739 5114 honestum
2768 5065 2873 5122 est,
2905 5053 3135 5120 inutile;
3168 5052 3295 5124 quia
3324 5049 3579 5119 complex

1967 5154 2271 5213 honestatis
2301 5161 2386 5209 est
2416 5165 2638 5222 semper
2667 5148 2903 5217 utilitas,
2934 5155 2990 5204 et
3017 5144 3271 5202 utilitatis
3301 5144 3582 5198 honestas.

1967 5350 2217 5400 aestatem
2239 5337 2454 5412 propria
2480 5332 2751 5406 acquisivit
2775 5331 3016 5387 utilitate.
3038 5327 3210 5396 Magis
3231 5326 3365 5382 scite
3383 5325 3580 5399 reliqui

1965 5432 2032 5473 ac
2063 5414 2196 5471 edit.
2226 5419 2286 5466 ut
2315 5411 2367 5464 in
2399 5415 2571 5463 textu.

2045 5469 2087 5524 ⁸⁷
2110 5486 2268 5541 Rom.
2297 5481 2432 5539 edit.
2453 5520 2468 5543 .
2505 5477 2626 5534 Non
2654 5477 2772 5532 licet
2803 5475 2894 5530 tibi
2922 5473 3114 5530 habere
3145 5483 3358 5524 uxorem
3397 5469 3582 5540 fratris

1972 5568 2070 5667 ml
2115 5628 2188 5683 Ita
2230 5640 2364 5681 mss.
2411 5624 2572 5690 longe
2617 5617 2876 5690 plurimi;
2925 5619 3015 5673 alii
3059 5624 3239 5670 autem
3281 5612 3486 5690 aliquot
3528 5626 3586 5672 et

1975 5714 2167 5756 omnes
2193 5698 2325 5754 edit.
2343 5738 2359 5761 ,
2399 5685 2643 5750 inclinari
2674 5691 2817 5762 regi,
2845 5690 3200 5761 propheticum
3227 5685 3585 5743 auctoritatem

1979 5771 2279 5828 adulatione
2301 5767 2582 5825 subtexere.

2980 5929 3020 5985 6
