4078 6306
498 271 596 330 HI

504 481 692 539 Relato
722 478 1074 534 Romanarum
1103 494 1351 548 generoso
1384 477 1627 543 consilio,
1651 475 1931 532 maximam
1952 477 2117 546 fuisse

576 572 753 646 Moysi
773 571 1063 627 honestatis
1091 587 1293 638 curam,
1328 587 1390 626 ea:
1410 572 1526 643 ejus
1550 572 1701 642 factis
1729 571 2043 626 declaratur.

573 667 666 725 9i.
695 665 1050 722 Metnorsbile
1071 665 1252 722 ferunt
1279 665 1545 731 rhetores,
1569 664 1711 736 quod
1738 673 1763 702 ιι
1786 664 1894 720 dux
1918 663 2120 720 Roma-

501 775 698 818 norum
720 773 844 816 cum
865 758 933 814 ad
953 773 1080 814 eum
1099 758 1396 813 adversarii
1419 757 1562 830 regis
1585 756 1833 813 medicus
1853 756 2115 822 venisset,

498 857 772 930 pollicens
797 854 1052 910 daturum
1083 868 1143 909 se
1164 853 1279 924 regi
1309 867 1600 916 venenum,
1633 851 1872 908 vinctum
1899 867 2022 906 eum
2048 851 2116 906 ad

498 949 717 1005 hostem
739 947 1034 1004 remiserit.
1053 945 1120 1001 Et
1141 959 1328 1002 revera
1352 945 1694 1016 praeclarum,
1711 953 1769 998 ut
1785 943 1881 1015 qui
1901 944 2118 999 virtutis

500 1052 783 1100 certamen
805 1049 1122 1110 susceperat
1148 1039 1323 1095 nollet
1350 1037 1540 1095 fraude
1559 1039 1807 1096 vincere.
1833 1037 1951 1094 Non
1967 1039 2115 1094 enim

499 1139 557 1195 in
580 1137 805 1193 victoria
829 1137 1168 1191 honestatem
1204 1133 1466 1205 ponebat,
1515 1132 1612 1188 sed
1649 1133 1844 1202 ipsam,
1870 1133 1976 1188 nisi
2017 1131 2118 1188 ho-

501 1238 716 1289 nestate
750 1227 1032 1302 qumsitam
1054 1268 1070 1297 ,
1095 1227 1379 1283 victoriam
1401 1225 1429 1265 ι’
1453 1235 1664 1298 turpem
1707 1225 2109 1298 pronuntiabat.

573 1327 663 1385 92.
706 1324 1012 1382 Redeamus
1042 1323 1110 1378 ad
1137 1329 1385 1378 nostrum
1411 1320 1658 1394 Moysen,
1681 1331 1842 1392 atque
1863 1319 1932 1376 ad
1957 1335 2118 1392 supe—

498 1417 645 1476 riora
673 1428 1017 1476 revertamur
1042 1433 1057 1484 ;
1093 1426 1151 1472 ut
1178 1425 1380 1484 quanto
1409 1414 1815 1486 praestantiora,
1844 1421 1997 1468 tanto
2021 1429 2118 1467 an-

497 1516 734 1588 tiquiora
783 1527 1119 1587 premamus.
1173 1511 1408 1568 Nolebat
1444 1510 1666 1583 Egypti
1707 1526 1804 1566 rex
1857 1509 2114 1581 populum

497 1610 779 1685 dimittere
813 1621 1048 1681 patrum.
1086 1608 1229 1664 Dixit
1254 1607 1472 1680 Moyses
1501 1605 1776 1662 sacerdoti
1809 1607 1991 1661 Aaron
2011 1645 2026 1670 ,
2056 1611 2118 1660 ut

495 1705 817 1763 extenderet
847 1704 1055 1776 virgam
1078 1717 1232 1758 suam
1261 1715 1428 1772 super
1457 1713 1650 1756 omnes
1676 1715 1846 1772 aquas
1871 1697 2113 1771 Egypti.

495 1797 754 1855 Extendit
786 1800 990 1863 Aaron,
1015 1804 1072 1852 et
1091 1808 1358 1851 conversa
1376 1801 1460 1849 est
1482 1807 1619 1865 aqua
1643 1791 1888 1849 ﬂuminis
1912 1792 1965 1848 in
1989 1807 2114 1848 ssn-
2143 1795 2194 1860 B

493 1894 714 1965 guinem
736 1933 752 1960 ,
783 1899 838 1949 et
871 1907 1035 1948 nemo
1076 1897 1291 1961 poterat
1323 1887 1511 1945 bibere
1541 1903 1737 1960 aquam
1757 1929 1772 1956 ,
1806 1901 2111 1960 omnesque

496 1985 744 2060 Egyptii
764 1985 856 2041 siti
877 1985 1127 2056 peribant
1153 2002 1168 2039 :
1194 1984 1410 2039 sincera
1430 1992 1611 2038 antem
1638 1981 1841 2038 ﬂuenta
1869 1980 2112 2052 patribus

495 2079 847 2136 abundabant
885 2077 1085 2150 (Exod.
1117 2091 1210 2142 vn,
1235 2074 1354 2149 ΞΟ).
1378 2075 1735 2132 iactaverunt
1774 2074 2015 2131 favillam
2052 2073 2110 2128 in

497 2173 696 2231 cwlum
717 2214 732 2240 ,
765 2179 822 2228 et
861 2169 997 2228 facta
1029 2177 1158 2227 sunt
1185 2170 1369 2225 ulcera
1393 2211 1407 2235 ,
1446 2177 1505 2226 et
1533 2171 1558 2202 °
1584 2170 1779 2226 vesicae
1815 2169 2110 2226 candentes

493 2267 550 2323 in
574 2267 888 2324 hominibus
911 2274 968 2322 et
993 2263 1437 2338 quadrupedibus
1463 2264 1660 2336 (Exod.
1691 2281 1767 2330 Ix,
1797 2265 1864 2321 {0
1883 2273 1930 2320 et
1951 2264 2107 2338 seq.).

493 2361 857 2419 Deduxerunt
895 2359 1218 2434 grandinem
1261 2359 1315 2414 in
1361 2359 1486 2430 igne
1529 2359 1822 2424 ﬂammeo,
1871 2360 2107 2417 contrita

495 2467 656 2516 erant
695 2472 858 2529 super
891 2466 1090 2513 terram
1120 2453 1323 2510 omnia.
1359 2453 1588 2525 Rogavit
1615 2453 1860 2528 Moyses,
1898 2462 1958 2511 et
1985 2454 2108 2511 uni-

486 2568 648 2612 versa
689 2554 745 2608 in
782 2567 936 2608 suam
969 2549 1202 2623 gratiam
1243 2557 1590 2606 reverterunt
1631 2563 1645 2603 :
1680 2549 1892 2621 grando
1914 2548 2103 2605 sedata

492 2655 600 2716 est,
627 2654 817 2702 sanata
845 2646 1054 2713 ulcera,
1093 2643 1283 2700 solitos
1313 2651 1473 2715 potus
1499 2640 1722 2698 ﬂumina
1754 2643 2106 2715 prmbuerunt

499 2739 669 2814 (Ibid.
698 2739 812 2815 so).

563 2836 653 2894 93.
693 2835 896 2892 lterum
927 2833 1290 2906 caligantibus
1313 2832 1564 2890 tenebris
1591 2843 1781 2904 operta
1811 2841 1930 2891 erat
1953 2841 2101 2891 terra

489 2945 590 3004 per
621 2930 854 2988 triduum
877 2974 894 2998 ,
928 2946 994 2986 ex
1043 2944 1150 3000 quo
1193 2928 1406 3000 Moyses
1443 2942 1665 2983 manum
1710 2927 2016 2996 levaverat,
2045 2940 2102 2986 et

485 3024 748 3081 tenebras
779 3021 1054 3079 infuderat
1094 3018 1291 3095 (Exod.
1322 3036 1378 3090 x,
1408 3019 1527 3091 22).
1575 3019 1907 3078 Moriebatur
1935 3037 2099 3078 omne

485 3116 908 3189 primogenitum
935 3113 1178 3188 Egypti,
1207 3129 1330 3171 cum
1359 3113 1716 3172 chrmorum
1743 3116 1922 3172 omnis
1951 3127 2094 3173 esset

1880 262 2108 324 SANCT
2169 264 2502 329 AMBROSII

3727 274 3837 332 172

2129 383 2186 446 Δ
2209 400 2326 447 sum
2357 390 2615 462 pertinet,
2643 389 2791 462 quod
2823 389 2950 447 fecit
2980 389 3198 464 Moyses
3225 407 3240 444 :
3271 389 3494 446 Manum
3515 407 3668 448 suam
3693 394 3844 448 misit

2217 488 2276 543 in
2296 488 2487 554 sinum,
2519 497 2568 543 et
2598 489 2816 560 protulit
2844 505 2979 555 eam,
3010 498 3058 543 et
3085 490 3225 559 facta
3249 496 3325 544 est
3355 505 3540 544 manus
3564 493 3680 564 ejus
3707 491 3841 545 sicut

2222 582 2333 638 nix.
2389 581 2590 638 Iterum
2637 582 2817 648 misit,
2869 591 2919 638 et
2968 583 3186 656 protulit
3230 600 3342 638 eam
3367 624 3382 650 ,
3435 593 3484 638 et
3537 593 3652 639 erat
3705 585 3840 640 sicut

2219 677 2391 731 carnis
2421 677 2660 732 humane
2682 678 2876 749 species
2903 675 3104 748 (Exod.
3128 677 3372 748 tv,6,'l);
3397 677 3717 749 signiﬁcans
3735 679 3841 732 Dav

2217 772 2352 827 mini
2383 771 2510 828 Iesu
2545 772 2781 844 primum
2814 771 3081 845 fulgorem
3113 773 3462 841 Divinitatis,
3495 783 3685 846 postea
3715 789 3841 830 sns-

2219 865 2525 935 ceptionem
2566 866 2770 930 carnis,
2822 865 2874 921 in
2903 881 3006 937 qua
3036 864 3141 921 ﬂde
3173 865 3401 922 credere
3427 879 3621 922 omnes
3645 876 3842 938 gentes

2219 958 2556 1031 populosque
2597 967 2892 1030 oporteret.
2947 957 3143 1014 Merito
3191 971 3412 1014 manum
3471 958 3662 1025 misit,
3708 957 3838 1029 quia

2219 1051 2446 1108 dextera
2470 1051 2566 1107 Dei
2589 1049 2840 1107 Christus
2861 1059 2966 1116 est,
2994 1051 3047 1106 in
3077 1051 3231 1122 cujus
3259 1051 3552 1107 divinitate
3577 1058 3630 1106 et
3657 1047 3843 1105 incar-

2219 1147 2439 1203 natione
2465 1147 2510 1202 si
2534 1147 2658 1217 quis
2685 1161 2794 1201 non
2824 1145 3146 1212 crediderit,
3177 1147 3331 1218 quasi
3356 1145 3628 1215 reprobus
3647 1145 3842 1216 ﬂagel-

2220 1242 2361 1297 latur
2388 1260 2402 1298 :
2432 1242 2572 1298 sicut
2595 1241 2700 1297 iste
2728 1257 2822 1298 rex
2851 1243 2946 1312 qui
2975 1241 3228 1312 quoniam
3261 1241 3434 1314 signis
3463 1257 3570 1296 non
3600 1239 3842 1296 credidit

2219 1336 2581 1403 evidentibus,
2615 1346 2802 1405 postea
2829 1335 3130 1408 ﬂagellatus
3151 1335 3364 1401 orabat.
3393 1344 3454 1391 ut
3483 1335 3697 1391 veniam
3724 1348 3841 1391 tue—

2221 1439 2453 1486 reretur.
2467 1428 2715 1496 Quantus
2729 1428 2895 1500 igitur
2911 1428 3215 1486 honestatis
3231 1427 3456 1485 allectus
3473 1443 3597 1485 esse
3612 1427 3838 1493 debeat,

2219 1539 2288 1582 ex
2318 1523 2402 1580 his
2426 1524 2706 1594 probatur,
2734 1531 2791 1580 et
2811 1538 2877 1580 eo
2898 1524 3136 1580 maxime
3159 1523 3300 1595 quod
3332 1538 3392 1581 se
3416 1522 3711 1596 objiciebat
3737 1537 3840 1594 pro

2220 1618 2452 1690 populo,
2481 1616 2672 1678 dicens
2701 1627 2759 1673 ιιι
2784 1617 3089 1676 remitteret
3120 1616 3320 1688 populo
3350 1615 3528 1685 Deus,
3557 1626 3653 1674 aut
3682 1624 3842 1672 certe

2218 1709 2288 1768 de
2316 1711 2456 1768 libro
2483 1708 2780 1768 viventium
2811 1724 2873 1766 se
2910 1709 3142 1768 deleret.

2809 1802 3047 1859 CAPUT
3087 1802 3232 1859 XVI.

2218 1895 2414 1954 Paucis
2444 1897 2508 1953 de
2535 1895 2696 1954 Tobia
2737 1896 2976 1971 injectis,
3013 1893 3296 1967 Raguelem
3343 1895 3613 1952 honestate
3659 1895 3842 1968 phila-

2593 1992 2771 2067 s0pltis
2795 1991 3152 2048 antecelluisse
3171 1991 3444 2047 evincitur.

2285 2085 2376 2144 96.
2428 2085 2593 2142 Tobis
2644 2100 2863 2157 quoque
2915 2082 3147 2143 formam
3201 2083 3474 2156 expressit
3530 2084 3840 2140 honestatis

2211 2179 2520 2238 evidentius
2548 2221 2564 2246 ,
2589 2194 2714 2236 cum
2745 2177 2942 2235 relicto
2978 2178 3232 2235 convivio
3262 2188 3510 2236 mortuos
3536 2179 3836 2250 sepeliret,

2211 2283 2266 2331 et
2303 2270 2372 2329 ad
2402 2273 2556 2330 cibos
2588 2275 2845 2344 pauperis
2884 2286 3090 2330 mensas
3114 2271 3369 2330 invitaret
3401 2273 3596 2344 inopes
3628 2271 3842 2344 (Tabic

2210 2386 2272 2436 ιι,
2298 2371 2333 2428 2
2362 2380 2410 2428 et
2439 2367 2599 2442 βιῳ).
2640 2368 2850 2440 Raguel
2883 2368 3159 2440 prascipue
3185 2410 3200 2434 ,
3232 2368 3322 2439 qui
3361 2368 3839 2440 contemplatione

2208 2462 2536 2530 honestatis,
2571 2477 2693 2520 cum
2727 2469 3014 2534 rogaretur
3040 2470 3100 2518 ut
3139 2460 3303 2518 tiliam
3341 2476 3496 2518 suam
3533 2461 3591 2518 in
3632 2460 3836 2532 conju.

2205 2558 2355 2630 ginm
2385 2557 2573 2622 daret,
2612 2555 2746 2612 vitia
2771 2569 2990 2627 quoque
3027 2553 3152 2610 lilize
3183 2569 3290 2610 non
3321 2553 3568 2620 tacebat;
3610 2569 3684 2610 ne
3713 2553 3834 2610 cir-

2203 2650 2522 2710 cumvenire
2553 2647 2844 2722 petitorem
2877 2647 3156 2705 videretur
3187 2647 3436 2704 tacendo.
3477 2645 3672 2720 itaque
3699 2663 3831 2704 cum

2203 2745 2370 2806 Tobis
2411 2745 2556 2802 illius
2596 2743 2764 2802 Tobis
2809 2751 3060 2815 posceret
3096 2749 3155 2797 ut
3195 2742 3296 2798 sibi
3336 2741 3560 2798 daretur
3591 2741 3778 2812 puella
3811 2783 3829 2808 ,

2202 2839 2488 2912 respondit
2513 2839 2631 2911 lege
2659 2837 2878 2911 quidem
2907 2836 3008 2909 ipsi
3035 2851 3155 2892 eam
3177 2835 3368 2892 deberi
3387 2846 3664 2906 tamquam
3697 2851 3830 2902 pro-

2201 2937 2437 3010 pinquo,
2473 2933 2568 2992 sed
2595 2933 2814 2992 dedisse
2848 2947 2908 2990 se
2944 2947 3064 2988 eam
3087 2931 3199 3004 jam
3227 2947 3324 2987 sex
3353 2931 3510 2998 viris,
3541 2939 3599 2986 et
3625 2946 3831 2988 omnes

2200 3047 2295 3090 eos
2321 3045 2445 3090 esse
2468 3037 2734 3088 mortuos.
2770 3026 2961 3086 Justus
2980 3028 3162 3102 itaque
3182 3025 3266 3079 vir
3294 3023 3414 3096 plus
3435 3023 3631 3082 alienis
3662 3025 3833 3081 time-

2199 3125 2324 3196 bat,
2352 3134 2408 3184 ει
2436 3123 2673 3182 malebat
2703 3121 2986 3193 innuptam
3015 3119 3118 3178 sibi
3151 3132 3374 3196 manere
3413 3115 3580 3172 ﬁliam
3602 3159 3618 3182 ,
3653 3132 3828 3190 quam

483 3187 752 3270 ίηοσϐιιεθ
783 3209 1092 3287 progenies.
1119 3207 1147 3247 ά
1177 3207 1415 3281 Rogatus
1435 3207 1670 3280 Moyses,
1693 3221 1750 3264 υῑ
1775 3209 1860 3264 his
1882 3224 2099 3282 quoque
2121 3187 2171 3254 α
2205 3187 2427 3295 propter
2457 3215 2672 3287 nuptias
2698 3213 2815 3285 ejus
2839 3187 3134 3270 extraneos
3159 3195 3456 3282 periclitari
3487 3187 3695 3281 (Tobiae
3719 3225 3826 3278 vn,

487 3306 651 3362 linem
685 3305 870 3360 exitiis
893 3303 1084 3372 daret,
1114 3303 1294 3358 oravit
1325 3311 1380 3358 et
1418 3303 1728 3374 impetravit
1762 3302 1966 3376 (Exod.
1996 3319 2094 3374 xn,

481 3397 556 3456 29
584 3409 636 3456 et
662 3397 818 3470 seq.).
843 3397 903 3454 ιιι
932 3396 1029 3452 illo
1048 3394 1480 3468 praedicandum,
1513 3397 1656 3468 quod
1683 3409 1712 3450 a
1735 3396 1942 3455 fraudis
1961 3413 2098 3455 con-

481 3494 657 3550 sortio
673 3491 1092 3562 temperaverit:
1114 3490 1165 3543 in
1180 3490 1284 3546 hoc
1297 3489 1546 3546 mirabile
1563 3491 1819 3562 quoniam
1837 3493 2098 3550 divinitus

482 3585 748 3642 intentata
777 3583 1041 3656 supplicia
1066 3581 1272 3638 virtute
1303 3583 1516 3654 propria
1547 3584 1711 3640 etiam
1732 3585 1802 3642 ab
1821 3585 1978 3643 hoste
2003 3587 2098 3644 de-

482 3679 730 3747 terserit,
751 3695 886 3736 vere
913 3679 1160 3746 nimium,
1186 3677 1326 3734 sicut
1352 3679 1615 3750 scriptum
1643 3687 1746 3750 est,
1778 3691 2098 3738 mansuetus

483 3781 544 3833 et
577 3773 746 3830 mitis.
793 3771 1014 3830 Sciebat
1039 3769 1182 3842 quod
1213 3769 1376 3826 ﬂdem
1415 3786 1514 3828 rex
1544 3786 1652 3828 non
1693 3784 1940 3830 servaret
1970 3789 2096 3845 pro-

483 3868 709 3934 missis;
748 3874 932 3921 tamen
976 3863 1263 3920 honestum
1307 3864 1525 3935 putabat
1553 3873 1614 3920 ut
1637 3875 1860 3938 rogatus
1888 3875 2094 3936 oraret,

481 3965 649 4021 lassus
671 3959 1042 4027 benediceret,
1063 3957 1334 4030 appetitus
1355 3960 1656 4017 remitteret
1683 3959 1873 4033 (Num.
1898 3977 1994 4030 xu,
2013 3961 2092 4035 5).

557 4057 650 4114 94.
689 4053 931 4127 Proiecit
950 4054 1177 4124 virgam,
1209 4061 1264 4108 et
1292 4065 1518 4124 serpens
1546 4051 1720 4110 lactus
1745 4065 1850 4121 est,
1880 4055 1970 4127 qui
2001 4055 2098 4112 de-

479 4152 694 4210 voravit
714 4157 1000 4220 serpentes
1027 4146 1404 4222 !Egyptiorum
1435 4147 1631 4221 (Exod.
1656 4165 1752 4217 vn,
1779 4150 1870 4223 12)
1895 4171 1908 4208 :
1931 4153 2097 4222 signi-

483 4246 655 4301 licans
683 4242 829 4315 quod
857 4240 1100 4298 Verbum
1139 4255 1268 4296 caro
1307 4240 1496 4310 ﬂeret,
1535 4257 1656 4312 quas
1694 4247 1964 4316 serpentis
1992 4247 2093 4303 diri

482 4352 696 4396 venena
721 4337 878 4413 131
906 4345 1166 4393 vacuarct
1196 4350 1294 4406 per
1320 4336 1702 4395 remissionem
1725 4349 1780 4396 et
1807 4340 2091 4414 indulgen-

482 4433 614 4488 tiam
648 4439 1021 4502 peccatorum.
1053 4425 1213 4499 Virga
1245 4437 1330 4484 est
1355 4429 1500 4485 enim
1535 4429 1772 4488 Verbum
1803 4433 2092 4506 directum,

482 4523 691 4597 regale,
732 4523 954 4594 plenum
1003 4520 1290 4592 potestatis
1319 4562 1334 4590 ,
1382 4521 1593 4595 insigne
1637 4525 1874 4598 imperii.
1931 4529 2093 4606 Virga

481 4631 712 4690 serpens
761 4615 902 4672 facta
951 4624 1072 4678 est,
1103 4614 1359 4686 quoniam
1405 4617 1495 4686 qui
1533 4628 1647 4675 erat
1689 4620 1856 4680 Filius
1893 4625 1986 4683 Dei
2019 4643 2090 4684 ex

481 4711 600 4768 Deo
620 4710 782 4766 Patre
809 4717 968 4764 natus
992 4747 1008 4776 ,
1037 4706 1211 4763 Filius
1241 4708 1477 4765 hominis
1502 4709 1676 4769 lactus
1703 4724 1806 4782 εει,
1841 4728 1998 4774 natus
2023 4736 2092 4778 ex

483 4804 744 4878 Virgine:
776 4802 867 4876 qui
891 4803 1042 4874 quasi
1069 4816 1298 4874 serpens
1323 4803 1590 4863 exaltatus
1619 4806 1676 4864 in
1706 4823 1884 4880 cruce,
1916 4815 2092 4871 medi-

483 4900 664 4957 cinam
715 4895 1034 4953 vulneribus
1081 4894 1277 4952 inludit
1335 4895 1604 4956 humanis.
1665 4901 1821 4960 Unde
1871 4915 1927 4962 et
1971 4909 2088 4980 ipse

481 4991 747 5051 Dominus
771 4989 846 5045 ait
873 5007 886 5044 :
918 4989 1068 5045 Sicut
1101 4988 1307 5061 Moyses
1332 4991 1578 5048 exultavit
1603 5006 1888 5066 serpentem
1914 5001 1972 5056 in
1999 5001 2091 5058 de-

480 5095 640 5153 serto,
653 5084 729 5138 ita
747 5081 967 5138 exaltari
986 5091 1186 5153 oportet
1210 5081 1404 5138 Filium
1420 5083 1644 5143 hominis
1667 5087 1848 5164 (Joan.
1867 5109 1946 5163 ιιι,
1972 5097 2084 5168 id).

477 5213 488 5250 .-_
551 5176 644 5235 95.
685 5174 932 5246 Denique
970 5182 1026 5230 et
1055 5173 1286 5232 alterum
1319 5178 1532 5250 signum
1573 5182 1638 5237 ad
1681 5183 1968 5248 Dominum
1999 5193 2087 5252 Je—

480 5333 509 5344 '
556 5343 584 5374 ι
621 5331 739 5418 Cic.
771 5331 866 5418 lib.
895 5345 954 5388 ιιι
980 5329 1187 5418 Dl‘lic.,
1231 5333 1524 5418 pag._399,
1585 5340 1682 5418 lin.
1713 5343 1785 5400 49
1825 5365 1841 5403 :
1901 5350 2084 5418 Quen.

479 5423 633 5485 quam
665 5405 718 5458 id
741 5403 947 5485 quidem
974 5417 1092 5485 cum
1117 5417 1256 5485 swpe
1290 5403 1449 5485 alias,
1478 5403 1586 5485 tum
1613 5411 1806 5485 Pyrrhi
1831 5403 2086 5481 ὺεὶἷοξῘη

477 5473 1042 5566 icimur-
1062 5473 1321 5566 ἔνευσα
1347 5477 1616 5552 Fabricii.
1648 5473 1793 5556 ἔειπε
1819 5473 2085 5566 tanta:

480 5555 631 5613 citus,
664 5555 708 5601 si
736 5555 1024 5618 prtemt'um,
1055 5555 1162 5600 etc.

551 5620 579 5660 ιι
620 5619 750 5679 Mss.
781 5619 1007 5688 aliquot,
1041 5625 1242 5686 turpem
1271 5625 1617 5684 renuntiabat.

552 5704 575 5770 ξ
619 5689 741 5746 Vet.
763 5689 896 5770 edit.
919 5704 983 5745 ac
1003 5704 1135 5744 mss.
1157 5694 1432 5770 nonnulli,
1457 5701 1638 5758 resiste
1655 5703 1918 5770 cadentes.
1943 5709 2084 5770 forte

475 5765 736 5826 οαιεηίεδὶ
767 5761 1028 5831 (Inldattt,
1055 5769 1320 5831 scatent“.
1418 5751 1431 5764 '
1466 5751 1629 5758 """'
1656 5751 1918 5778 "vv-"vv,

548 5832 576 5871 (ι
615 5833 742 5889 Mss.
787 5846 852 5887 ac
881 5830 996 5888 vet.
1045 5830 1178 5887 edit.
1209 5834 1311 5892 hoc
1351 5847 1557 5899 tantum
1597 5845 1900 5926 dissident,
1933 5857 2078 5928 quod
2183 5830 2324 5918 nent.

2206 3311 2564 3474 “9?.
2593 3399 2832 3459 breviter
2851 3399 3084 3455 absolvit
3107 3411 3300 3455 omnes
3326 3395 3662 3470 qumstiones
3687 3393 3822 3468 phi-

2199 3498 2576 3570 losophorum.
2600 3504 2623 3532 ε
2643 3493 2728 3549 Illi
2746 3492 2814 3549 de
2828 3492 2972 3549 vitiis
2993 3499 3230 3546 tractant
3244 3489 3557 3554 domorum,
3579 3488 3822 3559 tegenda

2199 3607 2267 3648 an
2296 3587 2575 3664 prodenda
2607 3603 2637 3644 a
2665 3584 2954 3645 venditore
2987 3583 3278 3642 videantur
3309 3605 3323 3641 :
3357 3593 3544 3640 noster
3575 3579 3682 3638 iste
3712 3598 3822 3639 nec

2200 3687 2328 3744 ﬁliae
2364 3686 2493 3741 vitia
2526 3682 2754 3740 celanda
2791 3681 3093 3738 arbitratus
3125 3689 3232 3736 est.
3265 3675 3330 3734 Et
3370 3687 3519 3735 certe
3553 3693 3660 3732 non
3696 3677 3822 3748 ipse

2199 3778 2488 3838 aﬂ'ectabat
2527 3787 2588 3834 ιιι
2625 3791 2746 3834 eam
2783 3775 3056 3843 traderet,
3091 3771 3186 3829 sed
3225 3771 3540 3843 rogabatur.
3587 3769 3820 3838 Quanto

2199 3873 2387 3947 utique
2407 3873 2510 3928 iste
2533 3870 2817 3928 honestior
2834 3870 2904 3925 sit
2925 3867 3054 3934 illis,
3079 3863 3334 3922 dubitare
3360 3880 3468 3919 non
3491 3877 3817 3934 possumus,

2197 3967 2244 4023 si
2290 3965 2636 4024 conferamus
2681 3970 2886 4034 quanto
2932 3955 3285 4031 praestantior
3332 3956 3406 4011 sit
3447 3953 3572 4010 lilia:
3615 3967 3814 4022 causa,

2197 4079 2360 4139 quam
2393 4061 2470 4118 rei
2509 4057 2720 4117 venalis
2751 4056 3002 4130 pecunia.

2688 4151 2847 4230 132
2879 4147 3110 4208 caper
3152 4145 3316 4206 xvu.

2201 4251 2404 4325 Quanto
2435 4249 2714 4308 honestatis
2743 4248 2912 4303 studio
2942 4243 3138 4318 antiqui
3165 4251 3340 4315 patres
3367 4239 3422 4295 in
3459 4237 3818 4312 captivitatem

2481 4344 2704 4411 abituri,
2736 4357 2940 4396 sacrum
2980 4340 3151 4411 ignem
3181 4334 3519 4392 occuluerint.

2268 4442 2362 4499 98.
2385 4439 2807 4496 Consideremus
2823 4435 2970 4493 aliud
2992 4432 3136 4507 quod
3158 4433 3212 4487 in
3234 4429 3550 4502 captivitate
3565 4439 3816 4499 gestum,

2199 4551 2474 4594 summum
2501 4535 2674 4591 tenuit
2703 4529 3003 4586 honestatis
3030 4529 3308 4584 decorem.
3334 4524 3511 4580 Nullis
3532 4525 3680 4579 enim
3710 4524 3819 4581 ad-

2205 4634 2380 4691 versis
2415 4633 2674 4688 bonesuts
2719 4625 3040 4698 impeditur,
3083 4640 3205 4695 qua:
3248 4622 3300 4678 in
3342 4621 3426 4677 his
3467 4619 3710 4688 eminet,
3755 4629 3819 4676 et

2202 4729 2374 4801 magis
2420 4726 2683 4799 prtecellit
2724 4737 2887 4796 quam
2939 4724 2992 4778 in
3043 4718 3342 4793 prosperis.
3400 4717 3548 4772 Inter
3591 4715 3850 4784 vincula,

2200 4823 2405 4893 itaque,
2432 4819 2574 4874 inter
2594 4830 2764 4882 arma,
2799 4813 3068 4880 ﬂammas,
3102 4813 3441 4878 servitutem,
3473 4824 3595 4880 qua:
3621 4807 3818 4865 liberis

2199 4916 2348 4972 omni
2376 4912 2646 4984 supplicio
2671 4907 2890 4982 gravior
2908 4919 3014 4976 est,
3039 4905 3183 4963 inter
3207 4918 3396 4978 paenae
3430 4903 3811 4969 morientium,

2197 5007 2414 5065 excidia
2442 5006 2634 5079 palt'im
2656 5048 2670 5070 ,
2704 5001 2726 5040 τ
2765 5003 3016 5057 vivorum
3061 4999 3406 5056 formidinem
3436 5039 3450 5064 ,
3484 4996 3816 5068 sanguinem

2199 5111 2641 5174 peremptorum,
2686 5113 2794 5154 non
2839 5095 3042 5152 excidit
3097 5105 3276 5150 tamen
3321 5107 3450 5149 cura
3500 5091 3816 5147 honestatis

2197 5195 2494 5268 tnajOribus
2525 5191 2732 5249 nostris
2762 5209 2776 5246 :
2833 5189 2928 5247 sed
2960 5191 3103 5244 inter
3126 5201 3332 5244 eversa:
3365 5184 3558 5258 patria:
3587 5182 3815 5240 cineres

2193 5373 2290 5429 pro
2317 5364 2552 5428 rogatur,
2581 5353 2766 5429 plures
2787 5366 2919 5407 mss.
2946 5351 3383 5429 leguntrogatus,
3411 5355 3467 5402 et
3489 5346 3810 5429 praesidis,

2190 5418 2323 5486 ἓιιεε.
2359 5418 2604 5482 ιῖοιιιιιιΙΙί
2635 5425 2837 5480 habent
2874 5418 3063 5479 eritis.
3109 5418 3266 5477 Rom.
3301 5431 3479 5475 autem
3509 5418 3650 5474 edit.
3688 5429 3817 5485 post

2192 5502 2422 5560 verbum
2451 5501 2637 5564 daret,
2671 5497 2873 5569 adjecit
2912 5507 2961 5552 et
3002 5495 3353 5561 benediceret,
3393 5490 3626 5546 sublatis
3655 5489 3816 5550 hisce

2187 5575 2312 5630 aliis
2343 5574 2505 5628 orauit
2528 5583 2576 5626 et
2603 5569 2912 5638 impetravit.

2263 5657 2288 5684 ο
2325 5646 2440 5701 Cic.
2465 5643 2626 5700 Ollic.
2653 5633 2752 5698 lib.
2778 5658 2858 5708 ιιι,
2885 5655 3006 5712 pag.
3035 5639 3163 5704 595,
3194 5639 3290 5712 lin.
3323 5635 3359 5690 4
3387 5651 3400 5689 :
3441 5633 3642 5712 Vendat
3668 5633 3816 5690 teda

2185 5717 2265 5772 uir
2295 5719 2456 5772 bonus
2491 5725 2700 5788 prapter
2727 5709 2902 5786 aliqua
2925 5709 3071 5778 sitia,
3093 5725 3206 5788 quin
3227 5709 3517 5788 ipse_uorit,
3543 5716 3654 5788 e_tc.

2264 5789 2284 5831 π
2325 5779 2550 5846 Amerb.
2572 5779 2694 5844 eum
2722 5779 2853 5842 mss.
2888 5801 2994 5842 non
3027 5779 3256 5856 paucis,
3297 5781 3526 5835 uirorum
3557 5779 3816 5850 formidic
