4078 6306
281 309 385 366 1⁸15
1313 296 1403 356 DE
1440 296 1731 356 OFFICIIS
1761 291 2236 354 MINISTROBUM
2279 292 2403 349 LIB.
2448 289 2534 349 111.
3480 296 3586 354 ﬁt

275 434 332 480 et
355 421 565 477 favillas
596 429 621 457 α
653 421 706 475 in
736 418 1021 475 affectibus
1050 416 1153 487 piis
1183 415 1528 486 resplenduit
1556 425 1609 470 et
1636 414 1871 471 refulsit.
1905 430 1957 490 Α
1981 409 2306 466 sacrificium
2334 408 2523 482 Moysi.
2546 415 2601 464 et
2625 407 2963 480 consumpsit
2984 410 3141 476 illud,
3168 411 3308 468 sicut
3329 415 3592 487 scriptum

347 517 438 572 99.
466 514 599 569 Nam
624 530 747 570 cum
768 515 820 569 in
840 513 1112 569 Persidem
1137 511 1465 568 ducerentur
1488 522 1669 581 patres
1687 511 1879 576 nostri,
1986 514 2072 562 est
2104 523 2118 559 :
2160 506 2298 572 Quia
2328 505 2481 559 exivit
2518 503 2655 574 ignis
2684 520 2717 557 a
2747 501 2974 558 Domino
2993 545 3008 570 ,
3043 514 3092 560 et
3130 509 3448 579 consumpsit
3479 511 3599 564 uni-

273 610 366 679 qui
400 618 526 663 tunc
560 609 650 662 Dei
687 608 1078 676 omnipotentis
1108 607 1347 660 cultores
1379 613 1562 667 erant.
1597 611 1882 675 acceptum
1988 619 2133 657 versa
2159 616 2274 672 quae
2294 609 2437 654 erant
2458 616 2613 670 super
2634 600 2797 654 altare
2822 598 3129 654 holocausta
3163 601 3349 668 (Leuit.
3380 619 3453 669 ix,
3476 603 3597 673 24).

275 701 454 773 ignem
497 700 563 755 de
605 700 766 755 altari
805 700 1121 755 sacer-d0tes
1157 699 1370 754 Domini
1402 699 1613 754 occulte
1651 697 1704 752 in
1745 697 1886 752 valle
1989 696 2104 752 Hoc
2133 696 2257 767 igne
2286 694 2571 766 oportebat
2600 693 2924 749 sanetilicari
2963 696 3324 762 sacrificium;
3367 698 3601 766 ideoque

275 793 700 850 absconderuut.
731 794 864 848 Erat
890 793 1002 848 illic
1024 791 1047 830 δ
1070 793 1218 848 velut
1241 799 1431 862 patens
1467 801 1696 862 puteus,
1733 805 1887 860 aqua:
1991 800 2047 845 et
2077 792 2129 844 in
2160 790 2300 845 filios
2346 791 2528 844 Aaron
2558 789 2646 859 qui
2693 789 2929 844 alienum
2965 789 3140 859 ignem
3183 791 3385 846 inferre
3417 792 3604 847 volue-

277 905 499 947 secessu
531 891 864 960 infrequens,
891 905 991 945 nec
1023 889 1271 961 populari
1296 889 1415 943 usui
1444 897 1671 960 patens,
1701 886 1889 958 ignoto
1992 893 2150 948 runt,
2179 883 2349 937 exivit
2391 882 2590 937 iterum
2640 882 2779 952 ignis
2818 896 2848 936 a
2896 882 3124 936 Domino
3163 893 3221 938 et
3261 885 3606 954 consumpsit

277 994 334 1038 et
357 983 424 1037 ab
449 983 672 1038 arbitris
697 994 912 1038 remoto
936 983 1055 1038 loco
1089 1001 1101 1035 :
1135 983 1209 1038 ibi
1245 983 1678 1054 obsignaverunt
1699 993 1722 1020 ο
1753 979 1887 1035 indi—
1993 991 2122 1042 eos,
2158 978 2227 1032 ita
2263 988 2318 1030 ut
2350 977 2546 1032 mortui
2579 987 2736 1032 extra
2766 987 2942 1032 castra
2975 977 3373 1049 projicercntur
3412 977 3602 1048 (Leuit.

277 1075 366 1131 cio
426 1090 583 1130 sacro
640 1078 843 1146 pariter
895 1093 960 1132 ac
1021 1075 1242 1132 silentio
1305 1077 1486 1147 ignem
1551 1073 1890 1132 reconditum
1996 1087 2050 1134 x,
2086 1072 2111 1126 1
2145 1080 2189 1123 ει
2222 1071 2379 1141 seq.).

281 1168 351 1241 (ll
381 1167 560 1223 Much.
602 1184 650 1236 ι,
686 1169 750 1224 19
777 1178 824 1223 ct
853 1171 1004 1240 seq.).
1058 1169 1174 1224 Non
1207 1169 1317 1225 illis
1352 1168 1530 1224 studio
1563 1169 1662 1222 fuit
1699 1181 1890 1222 aurum
2071 1163 2220 1218 101⁸.
2249 1174 2272 1211 ις
2307 1163 2540 1220 Veniens
2563 1175 2742 1220 autem
2763 1164 3065 1221 Hieremias
3092 1165 3146 1220 in
3169 1165 3372 1234 locum,
3399 1167 3609 1222 invenit

280 1260 580 1327 defodere,
631 1272 916 1331 argentum
979 1261 1357 1329 abscondere,
1409 1262 1556 1330 quod
1611 1269 1895 1316 servarent
1998 1257 3603 1329 domuminmodumspeluncagettabernaculumetarcam,

283 1355 523 1425 posteris
543 1354 656 1410 suis
680 1372 693 1408 :
717 1355 812 1411 sed
838 1356 978 1410 inter
999 1364 1244 1410 extrema
1265 1370 1363 1410 sua
1388 1356 1689 1410 honestatis
1708 1369 1894 1409 curam
1996 1350 2248 1406 etaltare
2270 1351 2480 1405 incensi
2498 1350 2678 1406 intulit
2699 1353 2909 1419 illuc,et
2926 1353 3408 1409 obstruxitostium
3428 1372 3440 1407 :
3461 1355 3608 1426 quod

283 1446 588 1515 habentes,
623 1462 837 1504 sacrum
881 1450 1059 1519 ignem
1099 1447 1430 1505 servandum
1484 1455 1780 1518 putarunt;
1828 1462 1896 1501 ne
2000 1457 2124 1498 cum
2172 1443 2224 1497 hi
2253 1443 2345 1515 qui
2381 1444 2545 1499 simul
2571 1455 2868 1513 venerant,
2896 1446 3166 1501 curiosius
3199 1460 3611 1518 perscrutarea-

284 1559 409 1599 eum
437 1544 522 1599 vel
546 1543 743 1615 impuri
764 1545 1222 1610 contaminarent,
1252 1544 1337 1599 vel
1364 1542 1746 1600 defunctorum
1769 1557 1897 1596 san-
2001 1548 2112 1607 tur,
2144 1548 2202 1594 ut
2232 1548 2488 1596 notarent
2513 1540 2614 1596 sibi
2649 1542 2848 1608 locum;
2882 1557 3222 1613 nequaquam
3251 1543 3613 1614 comprehen-

285 1640 406 1712 gnis
437 1639 838 1712 exstingueret,
869 1640 952 1694 vel
981 1639 1307 1696 deformium
1350 1641 1629 1695 ruinarum
1669 1652 1898 1694 acervus
2003 1631 2134 1687 dere
2161 1641 2324 1704 atque
2356 1633 2602 1690 invenire
2635 1643 2950 1704 potuerunt.
3003 1634 3074 1692 Ut
3124 1647 3304 1692 autem
3361 1638 3620 1708 cognovit

287 1731 563 1788 aboleret.
1587 1717 1596 1726 ’
2004 1725 2306 1783 Hieremias
2342 1728 2488 1800 quod
2521 1729 2894 1794 aﬂectassent.
2919 1730 3091 1786 dixit:
3121 1732 3344 1804 Ignotus
3389 1734 3497 1788 erit
3536 1733 3618 1790 lo-

365 1824 488 1882 100.
529 1824 799 1882 Abierunt
838 1825 1022 1895 itaque
1065 1826 1118 1881 in
1165 1825 1446 1883 Persidem
1487 1824 1602 1880 sola
1644 1823 1907 1895 religione
1941 1842 1987 1903 Β
2013 1838 2130 1890 cus,
2159 1824 2334 1879 donec
2359 1834 2657 1896 congreget
2695 1826 2838 1882 Deus
2866 1827 3347 1899 congregationem
3412 1828 3618 1900 populi,

287 1919 483 1987 liberi;
518 1922 776 1990 quoniam
801 1922 917 1978 sola
943 1923 1054 1978 illis
1077 1938 1175 1994 per
1195 1921 1566 1992 captivitatem
1589 1921 1906 1991 extorqueri
2012 1931 2067 1976 et
2101 1919 2369 1990 propitius
2393 1918 2506 1974 fiat.
2533 1919 2685 1976 Tunc
2710 1920 2854 1976 Deus
2879 1921 3132 1977 ostendet
3155 1921 3292 1988 lure,
3319 1928 3374 1977 et
3394 1937 3624 1995 appare-

293 2014 564 2085 nequivit.
622 2016 752 2070 Post
803 2032 933 2072 vero
986 2017 1278 2087 plurimum
1338 2017 1597 2087 temporis
1623 2057 1638 2084 ,
1690 2017 1910 2088 quando
2015 2013 2366 2084 bitmajestas
2391 2014 2694 2088 Domini(ll
2723 2013 2903 2070 Mach.
2935 2031 2995 2082 ll,
3026 2015 3061 2072 5
3087 2027 3135 2072 et
3159 2016 3314 2090 δρψ).

292 2107 500 2179 placuit
534 2109 674 2174 Deo,
709 2109 861 2166 dedit
898 2110 1039 2167 hanc
1069 2120 1308 2167 mentem
1338 2111 1450 2182 regi
1484 2109 1772 2166 Persarum
1795 2151 1810 2177 ,
1853 2118 1913 2164 ut
2577 2109 2809 2167 CAPUT
2856 2110 3040 2168 XVIII.

291 2202 593 2257 restaurari
636 2202 690 2257 in
729 2193 900 2259 Judea
933 2205 1228 2274 templum,
1266 2212 1321 2258 et
1361 2203 1631 2274 legitimos
1671 2203 1911 2273 reparari
2018 2202 2320 2273 Superioris
2371 2211 2600 2271 eventus,
2633 2220 2695 2260 ac
2732 2207 3059 2276 potissimum
3107 2205 3267 2262 oblati
3318 2225 3349 2263 a
3406 2207 3630 2264 Neemia

292 2295 694 2368 Hierosolymis
740 2297 875 2352 ritus
920 2299 1157 2369 juberet.
1223 2296 1389 2369 Cujus
1442 2298 1616 2369 gratia
1671 2297 1914 2353 muneris
2091 2297 2336 2365 sacriﬁcii
2369 2297 2667 2352 narratione
2697 2297 2958 2370 Spiritum
3015 2311 3270 2369 sanctum,
3305 2300 3626 2358 Christiana-

291 2385 577 2442 Neeiniam
606 2389 947 2444 sacerdotem
980 2406 1073 2445 rex
1106 2390 1396 2445 Persarum
1446 2390 1668 2446 direxit.
1722 2391 1792 2444 At
1823 2389 1915 2444 ille
2089 2404 2306 2455 rumque
2355 2390 2611 2460 baptisma
2641 2391 2932 2463 signiﬁcari
2957 2409 2978 2447 :
3003 2405 3050 2448 et
3081 2394 3259 2451 eodem
3291 2397 3444 2450 etiam
3473 2396 3618 2470 Mog.

293 2496 481 2536 secum
510 2482 735 2538 deduxit
762 2483 1106 2538 sicel-datum
1140 2484 1360 2539 illorum
1398 2495 1647 2553 nepotes,
1677 2483 1766 2552 qui
1790 2498 1919 2554 pro-
2093 2486 2166 2539 sic
2204 2495 2249 2538 et
2275 2483 2408 2540 Elia:
2435 2487 2936 2559 sacriﬁcium,atque
2959 2487 3231 2546 historiam
3285 2491 3399 2547 Noe
3425 2495 3634 2565 referri.

297 2571 500 2632 lecturi
525 2578 594 2633 de
634 2580 806 2647 patrio
835 2577 989 2644 solo,
1023 2593 1238 2633 sacrum
1269 2594 1335 2632 ne
1366 2576 1567 2648 periret
1589 2577 1766 2646 ignem
1794 2576 1922 2630 abs—
2099 2577 2223 2632 102.
2249 2575 2748 2651 Congregationem
2785 2582 2971 2654 populi
3003 2591 3277 2654 tenemus,
3304 2583 3331 2622 δ
3371 2587 3634 2657 propitia-

298 2668 628 2725 conderant.
661 2667 958 2724 Venientes
986 2679 1189 2736 autem,
1225 2679 1279 2724 ut
1311 2680 1521 2739 patrum
1555 2683 1808 2724 sermone
1838 2675 1923 2721 est
2025 2672 2229 2728 tionem
2266 2675 2479 2730 Domini
2516 2677 2607 2731 Dei
2639 2679 2810 2732 nostri
2844 2678 3213 2751 agnoscimus,
3244 2697 3404 2752 quam
3453 2683 3637 2754 ριοορῑ-

304 2761 606 2833 proditum,
637 2777 744 2816 non
770 2763 1091 2818 invenerunt
1115 2763 1317 2832 ignem,
1347 2761 1443 2817 sed
1467 2777 1684 2833 aquam.
1714 2761 1921 2816 Etcum
2027 2765 2192 2822 tiatur
2220 2768 2272 2821 in
2298 2782 2395 2823 sua
2439 2778 2696 2836 oneratus
2747 2778 2829 2825 est
2878 2771 3150 2840 passione.
3200 2772 3455 2830 Arbitror
3494 2776 3640 2846 quod

307 2853 530 2910 deesset
584 2856 722 2924 ignis
747 2899 760 2920 ,
793 2871 902 2926 quo
945 2855 1225 2912 adolerent
1275 2856 1468 2911 altaria
1497 2898 1511 2921 ,
1567 2856 1783 2910 haurire
1831 2869 1926 2911 eos
2031 2873 2134 2915 nec
2165 2860 2340 2932 ignem
2373 2861 2534 2916 istum
2563 2858 2838 2934 possimus
2867 2865 3144 2935 ignorare,
3179 2880 3302 2922 cum
3345 2867 3644 2940 legerimus

303 2966 506 3021 aquam
537 2948 793 3006 Neemias
825 2949 1103 3014 sacerdos,
1137 2951 1346 3020 sibique
1379 2949 1630 3016 deferre,
1659 2958 1925 3020 etasper-
2029 2953 2156 3024 quia
2181 2954 2691 3026 baptizatDominns
2720 2957 2879 3014 Jesns
2904 2959 2956 3012 in
2982 2958 3188 3028 Spiritu
3209 2969 3398 3016 sancto
3426 2970 3482 3019 et
3503 2963 3637 3032 igni,

304 3061 440 3117 gere
482 3060 648 3115 super
691 3045 831 3115 ligna
866 3045 1052 3116 jussit.
1103 3045 1254 3101 Tunc
1279 3087 1292 3112 ,
1323 3046 1442 3100 visu
1483 3044 1769 3100 mirabile!
1805 3060 1926 3099 cum
2034 3048 2179 3102 sicut
2200 3049 2253 3102 in
2281 3049 2577 3123 Evangelia
2609 3051 3000 3108 dixitJoannes
3023 3052 3205 3125 (Joan.
3236 3071 3275 3122 ι,
3305 3055 3420 3129 53).
3451 3055 3645 3113 Merito

307 3150 462 3197 esset
489 3139 685 3196 malum
728 3141 994 3196 intextum
1035 3140 1302 3206 nubibus,
1345 3141 1427 3194 sol
1467 3151 1692 3211 repente
1732 3140 1928 3205 illuxit,
2034 3142 2460 3199 consumebatur
2502 3145 2830 3200 sacrificium
2857 3185 2873 3209 ,
2933 3150 3190 3216 quoniam
3248 3162 3346 3220 pro
3417 3160 3647 3218 peccatu

309 3248 580 3289 accensus
615 3244 700 3288 est
733 3249 961 3304 magnus
993 3234 1161 3304 ignis;
1194 3236 1263 3288 ita
1290 3243 1349 3288 ut
1385 3248 1576 3287 omnes
1600 3233 1651 3287 in
1681 3240 1787 3286 tam
1817 3233 1932 3287 evi-
1960 3231 2006 3293 C
2038 3247 2176 3290 erat.
2205 3236 2301 3292 Ille
2321 3246 2502 3292 autem
2537 3238 2676 3308 ignis
2707 3248 2867 3311 typus
2911 3237 3149 3310 Spiritus
3178 3241 3351 3296 sancti
3385 3241 3505 3308 fuit,
3557 3244 3648 3313 qui

311 3326 464 3383 denti
495 3327 709 3382 Domini
738 3329 903 3400 gratia
934 3329 1133 3382 factum
1162 3337 1468 3398 stupentes,
1502 3325 1685 3382 laetitia
1715 3326 1936 3396 perfnn-
2037 3329 2406 3386 descensurus
2435 3341 2554 3386 erat
2595 3343 2716 3402 post
2773 3331 2988 3387 Domini
3031 3333 3436 3403 ascensionem,
3487 3344 3544 3392 et
3567 3353 3654 3394 re-

312 3422 602 3478 derentur.
660 3422 863 3478 Orabat
917 3423 1208 3487 Neemias,
1263 3423 1564 3493 psallebant
1621 3421 1937 3477 sacerdotes

315 3511 348 3552 ἀ
384 3514 642 3587 hymnum
672 3515 808 3572 Deo.
851 3515 1030 3586 thue
1060 3525 1443 3585 consumptum
1476 3525 1560 3570 est
1588 3515 1934 3580 sacrificium,

314 3608 487 3679 jussit
517 3609 710 3663 iterum
734 3607 986 3664 Neemias
1017 3608 1231 3664 residua
1257 3624 1393 3679 aqua
1423 3608 1660 3680 majores
1685 3607 1938 3678 perfundi

319 3700 538 3770 lapides
570 3718 712 3773 :quo
741 3700 885 3758 facto
923 3701 1141 3758 ﬂamma
1165 3718 1394 3758 accensa
1425 3713 1509 3759 est
1531 3744 1546 3769 ,
1580 3713 1602 3739 ο
1633 3704 1815 3758 lumen
1839 3717 1936 3758 au-

320 3806 440 3852 tem
470 3795 744 3869 refulgens
773 3799 840 3850 ab
869 3799 1025 3852 altari
1059 3809 1498 3854 consummatum
1534 3799 1678 3852 illico
1708 3809 1813 3854 est.

405 3892 529 3948 101.
574 3891 686 3948 Iloc
716 3892 987 3964 patefacto
1018 3892 1217 3947 indicio
1241 3935 1256 3958 ,
1287 3909 1379 3947 rex
1413 3894 1699 3948 l‘ersarnm
1729 3908 1795 3948 eo
1823 3893 1942 3948 loco

322 3987 381 4042 in
409 4003 518 4058 quo
547 3987 687 4058 ignis
718 3989 894 4044 fuerat
923 3988 1295 4052 absconditus,
1324 4000 1376 4044 et
1403 3997 1591 4059 postea
1621 3997 1833 4058 reperta
1861 3998 1943 4044 est

322 4097 496 4152 aqua,
522 4080 785 4152 templum
814 4080 933 4137 fieri
957 4081 1256 4149 mandavit,
1279 4085 1364 4137 cui
1395 4083 1549 4155 133
1571 4083 1946 4138 inferebantur

323 4175 477 4231 dona
508 4173 762 4246 plurima.
806 4175 1235 4246 Appellaverunt
1274 4188 1456 4232 autem
1491 4178 1622 4232 illud
1660 4179 1750 4248 qui
1789 4188 1948 4234 erant

327 4286 457 4326 cum
491 4281 682 4326 sancto
709 4269 926 4325 Neemia
955 4312 970 4337 ,
1008 4268 1025 4307 τ
1058 4269 1294 4341 ephthar
1317 4313 1331 4336 ,
1364 4271 1512 4340 quod
1543 4273 1949 4342 interpretatio-

330 4381 462 4420 nem
493 4363 657 4420 habet
685 4363 1083 4434 purificationis
1120 4381 1133 4417 :
1165 4379 1194 4420 a
1228 4364 1475 4434 plurimis
1514 4363 1753 4434 nephthe
1785 4379 1948 4419 voca-

331 4468 448 4513 tur.
504 4456 783 4513 lnvenitur
829 4465 1006 4511 autem
1066 4457 1118 4510 in
1163 4454 1620 4526 descriptionibus
1663 4455 1950 4512 Hieremiae

333 4549 623 4625 prOpheta:
648 4591 663 4616 ,
705 4549 846 4621 quod
891 4549 1118 4620 jusserit
1160 4548 1410 4618 accipere
1455 4548 1524 4603 de
1565 4549 1688 4619 igne
1726 4564 1822 4604 eos
1861 4549 1949 4617 qui

2041 3424 2309 3480 missurus
2332 3437 2551 3496 peccata
2582 3426 2869 3481 omnium:
2912 3427 3004 3497 qui
3049 3429 3203 3498 quasi
3251 3429 3392 3500 ignis
3440 3430 3653 3487 inﬂam-

2043 3518 2419 3575 matanimum
2449 3535 2512 3575 ac
2557 3530 2797 3576 mentem
2858 3519 3097 3577 fidelem.
3144 3521 3297 3578 Unde
3342 3523 3416 3578 ait
3465 3523 3657 3582 Hiere-

2041 3611 2183 3668 mias
2212 3623 2444 3684 accepto
2490 3613 2740 3684 Spiritu:
2792 3613 2856 3669 Et
2889 3617 3084 3687 factum
3118 3625 3190 3671 est
3232 3617 3285 3671 in
3339 3618 3494 3672 corde
3543 3635 3655 3673 meo

2044 3715 2101 3760 ut
2128 3707 2262 3779 ignis
2288 3707 2497 3776 ardens,
2529 3709 2916 3780 ﬂammigerans
2944 3709 2998 3764 in
3035 3709 3236 3765 ossibus
3265 3712 3425 3766 meis:
3455 3721 3501 3766 et
3549 3713 3658 3768 dis-

2043 3800 2246 3854 solutus
2271 3816 2387 3855 sum
2425 3802 2673 3872 undique,
2709 3812 2754 3856 et
2770 3806 2905 3873 ferre
2928 3818 3031 3857 non
3053 3819 3264 3872 possunt
3294 3802 3426 3875 (Jer.
3453 3821 3542 3870 xx,
3575 3806 3655 3877 9).

2047 3891 2154 3948 Sed
2181 3894 2419 3948 etiamin
2453 3893 2678 3950 Actibus
2739 3895 3116 3964 apostolorum
3167 3911 3289 3951 cum
3342 3897 3661 3954 descendis-

2046 3996 2130 4038 set
2177 4000 2345 4055 super
2393 3986 2672 4057 apostolos
2740 3988 3014 4057 Spiritus,
3065 3998 3120 4044 et
3174 3990 3463 4061 plerosque
3493 4034 3507 4057 ,
3566 3993 3658 4062 qui

2048 4081 2440 4151 exspectabant
2483 4083 2748 4152 promissa
2823 4081 3078 4150 Domini,
3134 4092 3406 4154 tamquam
3477 4084 3658 4155 ignem

2058 4172 2372 4245 idispersas
2399 4191 2523 4231 esse
2546 4176 2758 4248 linguas
2783 4175 3034 4248 legimus.
3055 4178 3297 4249 Denique
3322 4179 3401 4234 sic
3424 4195 3659 4250 vapora-

2048 4271 2209 4328 batur
2251 4270 2587 4342 singulorum
2631 4273 2868 4337 animus,
2896 4283 2954 4326 ut
3007 4278 3236 4328 mnslol
3296 4275 3490 4345 repleti
3533 4290 3660 4332 esse

2051 4364 2486 4429 aestimarentur,
2516 4363 2606 4434 qui
2633 4373 2964 4436 acceperant
3012 4365 3321 4437 linguarum
3369 4366 3659 4425 diversita-

2054 4467 2162 4514 tem
2192 4457 2402 4528 (Act.1t,
2423 4458 2456 4513 4
2486 4466 2536 4512 et
2561 4456 2718 4530 ηιμ).

2129 4552 2253 4607 103.
2295 4551 2439 4619 Quid
2468 4566 2600 4620 ergo
2631 4551 2734 4606 sibi
2795 4551 2910 4606 vnlt
2954 4566 3077 4607 esse
3121 4552 3265 4623 quod
3323 4553 3466 4624 ignis
3521 4570 3664 4626 aqua

334 4653 530 4716 postea
561 4652 746 4699 essent
789 4642 975 4698 futuri.
1030 4642 1126 4698 Ilic
1155 4652 1239 4697 est
1276 4642 1416 4714 ignis
1445 4644 1535 4714 qui
1564 4643 1762 4699 cecidit
1791 4658 1958 4714 super
1979 4631 2034 4692 D
2061 4644 2236 4702 factus
2265 4654 2369 4710 est,
2417 4654 2473 4700 et
2504 4659 2641 4714 aqua
2674 4644 2853 4716 ignem
2887 4644 3147 4701 excitavit
3175 4663 3189 4711 ;
3217 4646 3322 4702 nisi
3351 4649 3474 4720 quia
3503 4650 3666 4721 spiri-

417 4769 444 4799 ε
486 4759 553 4815 1η
589 4760 861 4827 affectibus
891 4759 989 4828 piis
1017 4757 1331 4825 resplenduit
1353 4799 1368 4823 ,
1405 4767 1451 4812 et
1477 4757 1716 4829 refulsit,
1755 4756 1955 4812 desunt

343 4837 401 4891 in
426 4848 558 4888 mss.
583 4833 829 4903 pluribus
851 4847 949 4885 nec
981 4830 1254 4884 inferioris
1287 4841 1451 4896 nOIa‘,
1475 4845 1703 4903 quorum
1736 4831 1787 4884 in
1821 4847 1954 4884 non-

340 4905 511 4962 nullis
552 4902 652 4974 pro
691 4903 781 4957 sed
810 4904 974 4965 inter,
1006 4903 1204 4974 legitur
1243 4919 1335 4974 nec
1365 4903 1497 4956 inter
1543 4902 1761 4974 minime
1791 4904 1951 4957 male.

346 4971 599 5035 Aliorum
626 4992 755 5031 mss.
789 4985 842 5030 et
871 4971 1114 5028 omnium
1141 4971 1272 5027 edit.
1308 4973 1468 5028 lectio
1493 4971 1850 5040 prmferenda.

421 5049 449 5088 δ
489 5049 615 5105 Mss.
646 5048 871 5116 aliquot,
903 5047 1038 5100 velut
1069 5056 1256 5113 puteus
1294 5044 1435 5100 haud
1466 5061 1724 5112 quaquam
1755 5055 1954 5114 patens,

348 5135 500 5193 aqua:
516 5137 717 5193 secessu
732 5121 1050 5193 infrequens;
1066 5132 1224 5193 unus,
1240 5118 1374 5172 velut
1397 5129 1578 5188 puteus
1590 5133 1737 5193 aqua:
1748 5134 1850 5172 non
1865 5135 1958 5186 pa-

350 5191 826 5264 tiensgalterJtaud
841 5208 1023 5262 aquam
1038 5192 1416 5264 patiens,atque
1429 5206 1626 5245 secessu
1642 5191 1956 5264 infrequens.

429 5278 452 5305 ο
496 5263 703 5318 Indicio
733 5280 878 5318 sacro
901 5305 914 5327 ,
953 5264 1002 5315 id
1040 5262 1159 5328 est,
1193 5272 1318 5316 nota
1351 5263 1527 5334 aliqua
1554 5263 1780 5334 mystica
1807 5262 1962 5333 cujus

352 5354 462 5411 ope
492 5339 643 5411 locus
671 5347 856 5404 postea
879 5335 1120 5411 dignosci
1145 5343 1354 5411 posset.

428 5409 455 5448 ά
498 5409 644 5464 Edit.
671 5419 724 5462 et
755 5408 910 5478 pauci
942 5422 1098 5474 mss.,
1133 5410 1379 5478 hymnum
1409 5405 1518 5462 Deo
1550 5422 1811 5478 usquequo
1843 5422 1964 5460 con-

359 5493 626 5554 sumptum
651 5494 748 5547 est,
780 5490 886 5535 etc.

434 5565 457 5591 ε
498 5553 578 5609 lia
611 5569 743 5606 mss.
774 5568 836 5608 ac
856 5562 962 5607 vet.
991 5551 1127 5606 edit.
1159 5565 1355 5621 magno
1375 5566 1668 5610 consensu,
1696 5548 1794 5604 nisi
1822 5548 1966 5621 quod

361 5627 524 5697 aliqui
553 5638 606 5680 et
635 5625 767 5680 edit.
801 5625 1008 5695 legunt,
1041 5620 1404 5697 consumptum
1435 5633 1508 5676 est
1530 5621 1665 5697 ,_ubi
1702 5620 1968 5697 probatis-

363 5694 486 5753 simi
507 5700 731 5769 quique.
770 5694 1176 5750 consummatum
1199 5706 1291 5751 est.
1322 5696 1477 5750 Ilom.
1503 5694 1634 5750 odit.
1681 5694 1818 5769 sola,
1855 5708 1970 5758 qua:

368 5765 569 5824 tandem
601 5765 797 5824 limine
820 5769 1104 5839 refulgente
1126 5769 1187 5822 ub
1216 5769 1372 5822 altari
1385 5774 1684 5835 consumpta
1711 5765 1855 5818 illico
1871 5773 1964 5839 est.

445 5842 462 5880 ί
500 5841 658 5896 Rom.
696 5840 828 5896 edit.
854 5834 918 5897 ex
950 5834 1116 5904 LXX,
1159 5839 1434 5911 neltpthar;
1465 5846 1574 5911 vet.
1602 5834 1788 5890 autem
1832 5834 1965 5911 edit.

373 5929 492 5970 cum
511 5913 714 5971 Aldino
734 5913 856 5970 cod.
880 5912 1193 5969 eorumdem
1223 5907 1645 5982 LXX,epht/mr,
1671 5921 1778 5979 quo
1805 5907 1965 5963 etiam

2062 4756 2652 4832 accedunt_n_iss.._nisi
2685 4755 2835 4832 quod
2857 4771 3046 4832 eorum
3087 4758 3400 4832 complures
3434 4761 3660 4832 scripto-

2064 4846 2182 4904 rum
2216 4829 2427 4904 inscitia
2454 4828 2858 4904 exhibent,_alii
2887 4827 3124 4904 epathar,
3155 4831 3244 4884 alii
3275 4833 3509 4901 ephatnr,
3540 4827 3662 4904 qui-

2062 4902 2188 4956 dam
2221 4901 2386 4957 etiam
2428 4900 2637 4971 phatur:
2682 4899 2825 4955 Infra
2853 4915 2983 4956 vero
3009 4901 3096 4956 tibi
3128 4899 3318 4957 omnes
3347 4904 3481 4959 edit.
3527 4899 3669 4960 inul-

2068 4974 2214 5041 tique
2236 4989 2368 5026 mss.
2413 4971 2663 5043 nephthe,
2695 4987 2826 5027 mss.
2877 4972 3086 5044 aliquot
3125 4975 3424 5044 praeferunt
3478 4976 3663 5044 nep/te.

2066 5044 2489 5100 AdisisPlininm
2529 5043 2628 5114 lib.
2655 5060 2708 5107 ιι,
2738 5059 2856 5114 cap.
2890 5043 3013 5104 “8,
3056 5054 3111 5098 et
3135 5043 3236 5099 lib.
3276 5063 3452 5114 xxxv,
3486 5043 3658 5105 c.715.

2141 5126 2165 5163 ε
2202 5116 2333 5171 Vide
2375 5117 2484 5172 col.
2530 5113 2672 5178 204,
2701 5113 2820 5170 not.
2865 5127 2908 5168 ο.
2955 5116 3136 5172 Sicubi
3178 5117 3319 5172 idem
3364 5134 3666 5182 numerus,

2067 5190 2228 5244 etiam
2252 5188 2458 5244 omisso
2484 5189 2782 5252 asterisco,
2820 5188 2900 5242 liis
2942 5189 3289 5243 continenter
3331 5193 3673 5257 occurrerit,

2065 5261 2200 5316 sciat
2250 5261 2450 5325 lector,
2481 5274 2580 5313 nos
2618 5259 2670 5313 in
2713 5261 2795 5313 his
2837 5271 2926 5314 aut
2972 5260 3240 5314 similibus
3278 5263 3495 5316 casibus
3531 5263 3671 5319 nihil

2068 5344 2326 5398 mutasse,
2355 5331 2456 5386 nisi
2489 5332 2625 5386 forte
2646 5332 2818 5401 major
2840 5331 3031 5385 lacuna
3063 5335 3205 5386 inter
3225 5331 3362 5387 duos
3383 5349 3666 5403 numeros,

2067 5404 2301 5477 graviori
2327 5403 2546 5467 nientlo,
2578 5403 2909 5477 irrepsisset.

2143 5475 2168 5514 ιι
2200 5476 2325 5532 Mss.
2388 5477 2623 5546 aliquot,
2670 5475 3084 5545 propitiationem
3128 5491 3227 5546 non
3286 5477 3667 5546 cognoscimus.

2072 5549 2224 5604 Iland
2256 5547 2430 5609 male,
2470 5543 2708 5602 simodo
2757 5543 2853 5616 per
2885 5549 3107 5616 figuram
3153 5543 3532 5605 admiratioiiis
3577 5560 3675 5605 aut

2072 5617 2516 5690 interrogationis
2539 5618 2814 5690 efferatur.

2153 5693 2166 5730 ί
2204 5688 2361 5746 Roin.
2384 5691 2557 5765 Aedit.,
2587 5689 2880 5765 dispertitos
2904 5688 3211 5765 apparuisse
3228 5690 3454 5765 linguas.

2149 5765 2161 5813 i
2202 5761 2817 5836 Cunctipropemodum
2843 5774 3000 5823 mss.,
3033 5761 3213 5836 repleti
3255 5761 3363 5822 esse
3409 5766 3496 5836 qui
3527 5783 3670 5821 ac“.

2075 5845 2274 5906 perant,
2302 5829 2674 5888 wstinturentnr
2693 5829 2986 5900 linguarum
3011 5829 3322 5890 diuersitate.
