4078 6306
449 307 554 364 175

1843 283 2092 345 SANCTI
2123 277 2449 338 AMBROSII

3659 265 3766 326 176

445 423 572 480 talis
604 418 780 493 gratia
809 430 905 486 per
925 413 1107 484 ignem
1159 409 1369 477 exurit,
1431 421 1528 478 per
1575 419 1772 477 aquam
1819 399 2045 459 mundat
2071 401 2128 464 Α
2148 393 2392 450 Iudicavi
2423 402 2480 493 ut
2507 405 2738 493 presens
2777 403 2904 493 eum
2939 387 3033 493 qui
3059 387 3137 442 sic
3165 393 3409 489 operatus
3436 391 3530 450 est,
3557 381 3768 486 tradere

445 523 668 588 peccata
694 509 916 566 nostra?
947 505 1161 564 Eluitur
1186 504 1335 562 enim
1363 511 1668 574 peccatum,
1692 507 1748 555 et
1771 497 2046 554 exuritur.

449 609 607 667 Unde
642 615 695 663 et
722 601 1022 676 Apostolus
1061 599 1139 656 ait
1169 615 1182 655 :
1247 596 1669 678 Uniuseujusque
1704 589 1864 665 13!.
1916 603 2048 660 opus

445 703 601 774 quale
637 701 730 768 sit,
761 697 898 771 ignis
923 693 1162 767 probabit
1187 693 1232 762 (l
1253 689 1377 747 Cor.
1404 705 1464 746 ιιι
1491 731 1506 756 ,
1539 688 1657 759 15);
1686 695 1741 741 et
1767 685 1904 740 infra
1935 699 1950 736 :
1985 680 2050 738 Si

447 797 598 868 cujus
632 808 766 864 opus
789 789 1000 853 arserit,
1025 786 1389 842 detrimentum
1414 782 1639 855 patietur
1661 821 1676 846 ,
1729 778 1842 850 ipse
1873 785 2050 831 autem

445 889 622 945 saluus
642 884 760 952 erit,
792 884 867 940 sic
897 893 1072 939 tamen
1099 880 1249 952 quasi
1276 895 1368 951 per
1387 877 1556 950 ignem
1581 871 1770 946 (Ibid.,
1799 868 1916 943 15).

516 977 642 1036 104.
687 975 845 1046 Quod
899 974 1026 1032 ideo
1058 971 1374 1045 posuimus,
1435 977 1494 1023 ut
1539 967 1898 1038 probaremus
1952 975 2053 1032 per

450 1076 632 1148 ignem
658 1071 820 1128 exuri
842 1077 1085 1142 peccata.
1117 1066 1316 1122 Notum
1339 1071 1424 1119 est
1450 1077 1582 1133 ergo
1606 1059 1749 1116 hunc
1775 1072 1897 1114 esse
1917 1069 2052 1112 vere

449 1147 628 1240 ignem
657 1179 900 1230 sacrum,
921 1160 1013 1234 qui
1053 1170 1180 1217 tunc
1208 1157 1265 1215 in
1305 1167 1434 1230 typo
1487 1155 1684 1212 futura:
1713 1147 2054 1210 remissionis

449 1269 800 1334 peccatorum
829 1253 1110 1313 descendit
1136 1267 1302 1324 super
1322 1248 1676 1306 sacriﬁcium.

521 1353 646 1409 103.
693 1351 790 1406 llic
815 1348 976 1421 igitur
1006 1346 1146 1416 ignis
1175 1342 1538 1400 absconditur
1559 1337 1893 1411 captivitatis
1916 1346 2054 1392 tem-

450 1461 602 1518 pore,
626 1460 736 1516 quo
766 1443 926 1512 etilpa
967 1448 1158 1510 regnat
1183 1456 1196 1493 :
1233 1449 1484 1510 tempore
1513 1444 1694 1492 autem
1725 1443 1752 1472 ει
1785 1429 2054 1488 libertatis

450 1539 739 1612 promitur.
771 1537 842 1594 Et
869 1537 1000 1594 licet
1029 1535 1083 1592 in
1105 1549 1260 1606 aqua:
1288 1532 1528 1604 speciem
1583 1538 1841 1595 mutatus,
1871 1536 2053 1582 tamen

449 1644 633 1690 servat
671 1631 811 1702 ignis
861 1637 1142 1695 naturam,
1191 1633 1250 1682 ut
1295 1633 1649 1682 consumeret
1701 1619 2053 1678 sacriﬁcium.

447 1725 559 1782 Nec
585 1723 798 1780 mireris
851 1738 975 1778 cum
1005 1719 1242 1792 legeris,
1291 1719 1420 1790 quia
1463 1717 1628 1774 Pater
1669 1715 1816 1772 Deus
1860 1711 2050 1768 dixit:

2151 485 2458 561 [cuiusmodi
2499 484 2712 542 Salaria:
2770 483 2826 537 in
2875 481 3140 536 interitum
3184 477 3387 544 carnis,
3435 486 3491 531 ut
3543 475 3769 546 spiritus

2151 584 2326 638 saluus
2367 580 2436 636 sit
2479 579 2534 634 in
2574 577 2658 634 die
2699 574 2914 632 Domini
2958 572 3123 629 nostri
3149 571 3279 627 Jesu
3321 568 3515 625 Christi
3541 569 3561 640 (
3587 565 3611 621 Ι
3638 567 3764 622 Cor.

2152 693 2208 745 ν,
2241 677 2296 742 5,
2322 673 2405 745 4).

2225 769 2352 828 109.
2391 765 2665 834 Prolisior
2693 777 2960 821 excursus
2987 757 3298 817 admirandi
3342 756 3522 830 gratia
3555 762 3772 828 myste-

2155 865 2224 922 rii
2250 864 2428 920 lactus
2453 861 2690 927 videtur,
2717 858 2850 916 dum
2879 856 3164 913 studemus
3195 853 3502 912 revelatum
3545 849 3773 923 plenius

2154 965 2558 1016 sacramentum
2588 955 2851 1027 pandere,
2875 950 3020 1024 quod
3044 967 3112 1008 eo
3135 963 3311 1022 usque
3343 945 3562 1020 plenum
3595 943 3774 1000 Itone—

2153 1054 2313 1112 statis
2337 1062 2444 1121 est,
2473 1060 2535 1108 ut
2556 1051 2632 1106 sit
2661 1050 2879 1122 plenum
2903 1045 3205 1118 religionis.

2651 1142 2809 1218 ηε
2850 1138 3082 1199 οΑΡυτ
3122 1136 3271 1195 χιιι.

2159 1241 2422 1298 Narratur
2447 1238 2731 1294 admissum
2769 1237 2825 1291 in
2852 1233 3018 1291 levita
3052 1230 3332 1306 cujusdam
3373 1245 3592 1286 uxorem
3630 1245 3665 1284 a
3687 1225 3774 1282 ci-

2226 1335 2372 1390 vibus
2396 1331 2579 1389 Gubaa
2601 1331 2886 1403 ﬂagitium,
2922 1337 3077 1398 atque
3123 1341 3189 1382 ea:
3212 1324 3354 1380 illius
3385 1324 3582 1380 ultione
3618 1321 3778 1377 calli-

2228 1428 2372 1498 gitur
2388 1443 2544 1499 quant
2563 1424 2818 1481 veteribus
2831 1421 2938 1478 illis
2967 1421 3111 1476 cordi
3131 1419 3284 1491 fuerit
3305 1416 3588 1474 honestatis
3608 1415 3772 1470 ratio.

2231 1543 2356 1600 110.
2411 1542 2626 1612 Quanta
2669 1548 2854 1597 autem
2905 1535 3216 1594 honestatis
3279 1549 3409 1593 cura
3464 1531 3776 1602 maioribus

2155 1640 2279 1710 luit,
2309 1649 2368 1698 ut
2391 1642 2552 1696 unius
2579 1638 3099 1710 mulierlsinjuriam
3129 1647 3320 1708 stupro
3339 1635 3550 1692 illatam
3573 1633 3781 1689 intem-

2159 1734 2466 1806 perantiam
2500 1733 2643 1790 bello
2691 1739 3180 1805 persequerentur,
3210 1739 3269 1787 et
3327 1731 3474 1786 victo
3525 1727 3778 1800 populo,

446 1818 560 1891 Ego
597 1835 714 1874 sum
757 1817 894 1892 ignis
935 1830 1245 1872 consumens
1276 1811 1470 1886 (Deut.
1494 1827 1568 1878 tv,
1597 1808 1735 1882 2t);
1767 1816 1825 1865 et
1875 1805 2046 1864 alibi:

2183 1825 2332 1881 ribus
2360 1825 2644 1896 Beniamin
2695 1824 3107 1882 obtestarentnr
3136 1825 3188 1879 in
3223 1821 3540 1894 coniugium
3578 1835 3641 1877 sc
3688 1820 3780 1876 eis

447 1909 536 1966 Me
583 1909 960 1980 dereliquerant
991 1911 1188 1979 fontem
1235 1921 1388 1977 aqum
1424 1905 1551 1960 uiuae
1595 1901 1808 1975 (larem.
1841 1917 1900 1967 ιι,
1935 1897 2051 1972 15).

443 2003 567 2076 Ipse
593 2018 812 2074 quoque
842 2001 1105 2057 Dominus
1152 1997 1316 2056 lesus
1364 1996 1523 2070 quasi
1552 1997 1695 2070 ignis
1745 1995 2055 2050 inﬂamma-

449 2099 544 2156 bat
565 2097 900 2154 audientium
928 2094 1096 2152 corda
1129 2093 1286 2167 (Luc.
1317 2108 1416 2158 xu,
1443 2089 1560 2164 l9),
1605 2090 1763 2163 quasi
1806 2089 1926 2144 fons
1968 2102 2057 2143 re-

451 2189 789 2262 frigerabat;
838 2203 966 2244 nam
1005 2187 1128 2260 ipse
1171 2187 1226 2243 in
1259 2183 1558 2256 Evangelio
1604 2197 1704 2238 suo
1732 2180 1866 2237 dicit
1910 2176 2057 2250 quod

451 2282 578 2340 idco
601 2281 844 2350 venerit,
877 2291 935 2337 ut
962 2281 1141 2352 ignem
1172 2279 1226 2334 in
1259 2289 1434 2334 terras
1465 2278 1726 2340 mitteret,
1771 2283 1825 2330 et
1869 2282 2059 2345 potum

453 2377 767 2436 sitientibus
781 2390 937 2446 aqum
953 2375 1092 2430 viva:
1106 2372 1442 2428 ministraret
1459 2367 1640 2442 (Joan.
1657 2368 1824 2434 vn,57
1839 2378 1888 2422 et
1900 2365 2059 2439 seq).

523 2470 652 2529 106.
680 2469 816 2525 Elim
836 2483 1057 2540 quoque
1079 2477 1328 2538 tempore
1349 2462 1636 2520 descendit
1661 2461 1824 2534 ignis,
1839 2460 2060 2532 quando

451 2564 770 2637 provocavit
803 2563 1101 2634 prophetas
1145 2559 1414 2633 gentium,
1441 2567 1503 2614 ut
1541 2557 1714 2612 altare
1762 2557 1880 2613 sine
1933 2556 2061 2628 igne

454 2658 837 2717 accenderent.
866 2656 937 2713 Et
963 2672 1086 2714 cum
1117 2655 1195 2710 illi
1241 2654 1564 2726 nequissent
1592 2650 1790 2718 lacere,
1825 2650 2059 2706 hostiam

456 2767 613 2808 suam
638 2751 800 2806 tertio
826 2750 943 2820 ipse
965 2746 1385 2820 perluditaqua,
1431 2752 1490 2802 ct
1513 2743 1770 2800 manabat
1816 2757 1953 2814 aqua
2003 2741 2062 2798 in

457 2846 692 2904 circuitu
717 2841 932 2909 altaris,
958 2851 1014 2898 et
1033 2839 1383 2909 exclamavit,
1409 2847 1464 2895 ct
1493 2834 1696 2894 cecidit
1723 2834 1865 2908 ignis
1894 2851 1925 2890 a
1960 2835 2065 2890 Do-

457 2941 610 3000 mino
641 2941 712 2998 de
741 2939 913 3010 cmlo,
937 2947 994 2994 et
1031 2935 1374 3008 consumpsit
1400 2934 1796 3026 holocaustum
1818 2932 1905 3006 (ιιι
1926 2931 2061 3007 Reg.

459 3053 616 3104 xvru,
645 3037 768 3111 58).

529 3129 654 3187 107.
683 3128 869 3186 Hostia
903 3126 996 3184 illa
1033 3135 1091 3182 tu
1130 3139 1214 3182 es.
1241 3122 1540 3181 Considera
1597 3120 1793 3178 tacitus
1829 3118 2062 3192 singula.

2160 1919 2408 1992 proprias
2442 1920 2582 1977 ﬁlias
2631 1936 2740 1977 non
2769 1919 3031 1977 daturos!
3062 1919 3426 1976 Retnanserat
3457 1916 3635 1973 tribus
3651 1915 3783 1972 sine

2157 2016 2272 2070 ullo
2323 2015 2661 2086 posteritatis
2710 2013 2982 2082 subsidio,
3035 2014 3140 2069 nisi
3181 2012 3389 2069 lraudis
3438 2009 3784 2068 necessaria:

2157 2109 2469 2181 accepisset
2511 2107 2811 2164 licentiam.
2857 2107 2992 2176 Qum
3023 2116 3207 2163 tamen
3248 2104 3586 2177 indulgentia
3641 2119 3786 2160 con-

2159 2218 2294 2275 gruo
2341 2202 2784 2274 intemperantia:
2835 2201 3105 2272 supplicio
3158 2215 3266 2255 non
3304 2198 3520 2254 videtur
3550 2212 3779 2266 vacare,

2159 2293 2382 2368 quando
2413 2294 2521 2350 illis
2560 2294 2664 2350 hoc
2684 2294 2863 2350 solum
2894 2293 3223 2365 permissum
3255 2303 3363 2360 est,
3389 2299 3450 2346 ut
3477 2301 3638 2362 rapto
3667 2289 3785 2345 ini-

2161 2399 2286 2445 rent
2309 2388 2594 2460 coniugia,
2630 2403 2737 2442 non
2765 2384 3027 2443 connubii
3055 2393 3425 2443 sacramento.
3460 2383 3528 2440 Et
3579 2397 3789 2440 revera

2162 2485 2386 2556 dignum
2415 2484 2515 2540 fuit
2544 2494 2604 2539 ut
2631 2485 2723 2556 qui
2751 2484 2992 2540 alienum
3023 2480 3448 2539 contubernium
3471 2479 3787 2547 solverant,

2161 2579 2267 2650 ipsi
2299 2579 2608 2650 nuptiarum
2630 2576 2950 2634 amitterent
2978 2575 3410 2634 solemnitatem.

2239 2674 2362 2730 111.
2405 2674 2577 2742 Quam
2631 2673 2790 2744 plena
2836 2680 3020 2728 autem
3083 2671 3456 2728 miserationis
3515 2668 3784 2726 historia!

2169 2767 2278 2834 Vir,
2306 2769 2481 2838 inquit
2509 2767 2712 2840 (Judic.
2736 2783 2857 2834 xix,
2891 2778 2937 2824 et
2976 2765 3134 2840 δίῳ),
3159 2767 3323 2824 levita
3355 2776 3648 2839 acceperat
3673 2764 3790 2821 sibi

2159 2861 2397 2935 iugalem
2429 2861 2493 2936 (ε
2522 2879 2684 2936 quam
2713 2879 2743 2917 a
2773 2862 3071 2920 concubitu
3107 2859 3129 2901 ί
3180 2862 3546 2918 concubinam
3591 2859 3792 2932 appel-

2165 2957 2329 3013 latam
2359 2955 2631 3030 arbitror)
2662 2973 2784 3029 qum
2825 2957 3112 3030 aliquanto
3164 2967 3292 3028 post
3315 2954 3678 3027 quibusdam,
3720 2963 3791 3010 ut

2169 3049 2285 3105 lieri
2314 3049 2494 3119 solet,
2525 3049 2734 3107 oﬁ‘ensa
2763 3051 2929 3107 rebus
2950 3093 2965 3116 ,
2997 3050 3064 3106 ad
3091 3062 3304 3123 patrem
3353 3065 3418 3107 se
3452 3049 3699 3118 contult,
3726 3057 3794 3104 et

2169 3145 2270 3200 luit
2300 3145 2412 3200 illic
2445 3153 2684 3216 quatuor
2711 3144 3014 3201 mensibus.
3049 3143 3120 3199 Et
3148 3142 3390 3201 surrexit
3420 3143 3504 3200 vir
3538 3143 3684 3214 eius,
3725 3149 3792 3198 et

460 3225 517 3280 ln
551 3233 605 3282 te
633 3223 921 3282 descendit
961 3235 1132 3294 vapor
1176 3219 1414 3292 Spiritus
1464 3217 1642 3274 sancti
1671 3260 1688 3284 ,
1747 3225 1801 3273 te
1847 3215 2068 3272 videtur
2095 3233 2142 3297 ο
2171 3235 2307 3292 abiit
2325 3235 2391 3292 ad
2411 3215 2592 3294 δόρει-ί
2615 3237 2700 3293 sui
2725 3237 2980 3306 domum,
3011 3247 3073 3292 ιιι
3099 3251 3224 3294 cum
3249 3235 3532 3308 suaiugali
3557 3249 3792 3307 repara-

457 3335 692 3377 nxurere
711 3361 725 3386 ,
757 3334 880 3376 cum
911 3327 1001 3374 tua
1026 3325 1244 3388 peccata
1297 3315 1590 3370 consumit.
1621 3313 1868 3384 Denique
1917 3309 2066 3385 quod

460 3419 849 3484 consumptum
879 3419 966 3467 est
983 3407 1311 3466 sacriﬁcium
1342 3407 1515 3479 Moysi
1549 3415 1822 3479 tempore,
1858 3407 2070 3464 sacriﬁ-

459 3509 603 3565 cium
651 3523 748 3577 pro
779 3511 1004 3575 peccato
1051 3499 1372 3558 erat.Unde
1423 3499 1640 3572 Moyses
1673 3501 1770 3566 ait,
1817 3499 1964 3557 sicut
2009 3500 2066 3558 in

466 3599 901 3656 Machabacorum
949 3593 1215 3666 scriptum
1244 3600 1330 3650 est
1366 3593 1508 3650 libro
1560 3592 1632 3666 (ll
1657 3592 1834 3650 Maeli.
1867 3609 1924 3663 ιι,
1950 3594 2066 3667 ll),

461 3713 530 3753 co
561 3695 705 3768 quod
728 3708 837 3750 non
860 3693 933 3748 sit
953 3690 1337 3748 manducatnm
1366 3689 1514 3761 quod
1543 3699 1663 3745 erat
1689 3705 1790 3761 pro
1810 3696 2066 3760 peccato,

463 3795 847 3857 consumptum
873 3792 979 3841 est.
1009 3782 1206 3840 Nonne
1233 3781 1330 3838 tibi
1353 3782 1604 3838 consumi
1632 3781 1868 3851 videtur,
1900 3799 2073 3856 quau-

467 3883 539 3938 do
568 3881 623 3937 in
670 3875 1012 3950 baptismatis
1053 3883 1400 3932 sacramento
1427 3873 1666 3931 interitb
1713 3873 1879 3932 homo
1926 3885 2074 3932 totus

471 3973 752 4032 exterior?
797 3971 967 4028 Vetus
1019 3969 1184 4026 homo
1239 3977 1428 4026 noster
1477 3969 1730 4026 conﬁxus
1769 3978 1856 4026 est
1897 3969 2072 4037 cruci,

469 4067 764 4140 Apostolus
789 4064 992 4122 clamat
1039 4062 1217 4134 (Rom.
1241 4077 1317 4130 vt,
1347 4061 1428 4134 6).
1462 4060 1616 4130 lllic,
1663 4061 1811 4118 sicut
1850 4061 2072 4118 Patrum

473 4161 722 4233 exempla
769 4165 825 4215 te
875 4157 1097 4225 docent,
1142 4167 1166 4195 ο
1220 4154 1510 4229 Egyptius
1557 4154 1918 4227 demergitur,
1968 4154 2076 4212 lle-

477 4258 654 4313 braaus
696 4250 960 4323 resurgit,
991 4257 1181 4306 sancto
1209 4259 1498 4306 renovatus
1529 4247 1759 4320 Spiritu,
1790 4249 1881 4320 qui
1911 4247 2074 4305 etiam

477 4365 574 4420 per
629 4362 781 4402 mare
820 4343 1064 4400 Rubrum
1109 4341 1380 4399 inollenso
1410 4341 1665 4398 transivit
1687 4341 1936 4414 vestigio,
1984 4341 2076 4400 ubi

476 4440 736 4513 baptizati
761 4445 891 4494 sunt
911 4443 1095 4508 patres
1121 4434 1224 4492 sub
1253 4434 1418 4505 nube,
1449 4445 1506 4492 et
1535 4435 1589 4492 in
1629 4435 1764 4492 mari
1791 4434 1838 4506 (l
1867 4433 1988 4492 Cor.
2017 4451 2074 4503 x,

479 4537 500 4592 l
537 4544 587 4591 et
623 4529 783 4606 πᾳ).

2168 3339 2252 3386 ret
2277 3328 2530 3401 gratiam,
2547 3337 2605 3386 et
2621 3338 2908 3385 revocaret
2925 3343 3071 3396 eam,
3099 3343 3164 3385 ac
3180 3326 3509 3394 reduceret;
3537 3325 3791 3383 occurrit

2169 3423 2221 3480 ei
2245 3423 2463 3489 mulier,
2484 3431 2647 3494 atque
2688 3423 2743 3478 in
2769 3421 2990 3479 domum
3019 3425 3194 3494 patris
3220 3423 3305 3480 sui
3329 3421 3638 3480 introduxit
3662 3437 3786 3478 ma-

2169 3520 2356 3577 ritum.

2243 3615 2369 3670 112.
2403 3613 2644 3670 Lanatus
2697 3623 2781 3670 est
2806 3611 3238 3670 adolescentulae
3262 3622 3419 3686 pater
3458 3630 3472 3666 :
3505 3611 3656 3668 venit
3684 3609 3794 3668 ob-

2170 3707 2338 3772 viam,
2365 3716 2421 3762 et
2449 3705 2592 3762 sedit
2619 3721 2743 3762 cum
2776 3721 2844 3763 eo
2870 3706 3048 3762 tribus
3073 3706 3299 3773 diebus;
3323 3717 3380 3763 et
3400 3705 3607 3777 epulati
3628 3713 3788 3772 sunt,

2171 3807 2230 3856 et
2257 3798 2604 3870 quieverunt.
2635 3797 2706 3854 Et
2731 3799 2982 3870 sequenti
3022 3798 3113 3855 die
3159 3799 3399 3855 surrexit
3434 3799 3596 3854 levita
3643 3796 3795 3853 dilu—

2171 3890 2324 3958 culo,
2354 3900 2410 3946 et
2433 3901 2680 3948 retentus
2702 3900 2788 3946 est
2821 3905 2851 3945 a
2879 3905 3093 3960 socero,
3118 3898 3178 3946 ut
3203 3897 3313 3946 tam
3341 3890 3451 3947 cito
3489 3905 3597 3946 non
3627 3889 3794 3947 dese-

2173 3992 2320 4041 reret
2346 3983 2583 4040 convivii
2610 3983 3032 4052 iucunditatem.
3063 3982 3132 4039 Et
3153 3983 3261 4040 alio
3289 3991 3347 4040 ct
3373 3983 3535 4040 tertio
3556 3981 3648 4040 die
3675 3998 3789 4038 non

2176 4077 2428 4148 permisit
2485 4085 2640 4148 pater
2694 4075 3123 4134 adolescentulae
3180 4075 3460 4148 proﬁcisci
3515 4058 3790 4148 generum

2176 4185 2361 4237 suum,
2383 4169 2558 4225 donec
2577 4169 2768 4225 l'etitia
2787 4177 2842 4226 et
2862 4169 3037 4240 gratia
3059 4171 3203 4226 inter
3213 4183 3311 4224 eos
3327 4169 3506 4224 omnis
3526 4183 3756 4224 consum
3769 4195 3793 4210 -

2177 4273 2445 4320 maretur.
2489 4261 2600 4320 Sed
2647 4262 2738 4319 die
2789 4262 3026 4334 septimo
3054 4278 3179 4319 cum
3216 4261 3331 4334 iam
3373 4261 3443 4318 ad
3493 4274 3790 4334 vesperum

2177 4356 2479 4414 declinaret
2506 4356 2647 4422 dies,
2681 4365 2803 4426 post
2833 4370 3052 4412 mensas
3077 4364 3134 4412 et
3174 4357 3298 4411 ltela
3323 4355 3572 4412 convivia
3599 4395 3615 4420 ,
3661 4369 3792 4410 cum

2182 4459 2508 4522 praetexerct
2535 4449 2784 4506 ﬁnitimae
2823 4449 2998 4506 noctis
3027 4449 3309 4517 viciniam,
3361 4461 3423 4506 ut
3468 4448 3612 4521 apud
3660 4462 3795 4504 suos

2182 4544 2397 4614 potius,
2426 4557 2590 4612 quam
2618 4541 2766 4614 apud
2815 4551 3110 4600 extraneos
3149 4542 3605 4614 requiescendum
3636 4551 3796 4615 puta-

551 4627 674 4685 108.
700 4625 760 4681 ln
802 4623 1012 4680 diluvio
1038 4637 1256 4694 quoque
1283 4621 1399 4680 Noe
1439 4631 1685 4694 tempore
1734 4631 1948 4680 mortua
1996 4635 2064 4680 ρει

2183 4645 2286 4705 ret,
2319 4637 2566 4708 nequivit
2592 4645 2805 4705 tenere,
2835 4646 2892 4693 et
2917 4636 3124 4694 dimisit
3151 4651 3256 4692 una
3287 4651 3410 4693 cum
3438 4636 3546 4693 ﬁlia
3568 4651 3690 4692 sua.

472 4721 652 4780 otnnis
681 4733 832 4786 caro,
860 4717 1040 4789 iustus
1069 4725 1251 4773 tamen
1279 4731 1406 4772 cum
1429 4731 1526 4772 sua
1548 4715 1810 4788 progenie
1829 4724 2079 4774 servatus

474 4825 561 4875 est
589 4813 748 4887 (Gen.
779 4829 871 4880 vn,
898 4811 962 4867 2i
990 4821 1039 4867 ct
1077 4809 1244 4883 seq.).
1301 4821 1496 4872 Annon
1524 4811 1864 4867 consumitur
1893 4810 2079 4880 homo,

476 4909 504 4949 ἀ
530 4926 654 4968 cum
681 4905 981 4964 absolvitur
1015 4906 1250 4962 mortale
1274 4903 1418 4961 istud
1459 4919 1491 4960 a
1519 4905 1666 4960 vita?
1711 4905 1958 4979 Denique
1987 4922 2082 4964 ex-

476 5009 643 5064 terior
699 5001 1094 5074 corrnmpitur,
1143 5000 1240 5056 sed
1311 4999 1546 5058 interior
1591 5010 1908 5058 renovatur.
1970 5001 2084 5060 Nec

477 5103 654 5160 solum
712 5100 766 5156 in
813 5097 1163 5168 baptismate,
1205 5093 1304 5153 sed
1351 5097 1518 5153 etiam
1558 5096 1616 5153 in
1666 5097 1988 5168 ptenitentia
2019 5095 2081 5153 ﬁt

476 5197 657 5255 carnis
687 5193 944 5251 interitus
965 5190 1035 5247 ad
1066 5189 1370 5260 profectum
1401 5190 1650 5262 spiritus;
1669 5191 1816 5246 sicut
1845 5193 2081 5262 Aposto-

477 5293 580 5350 lica
623 5291 888 5349 docemur
934 5285 1294 5354 auctoritate,
1345 5285 1566 5344 dicente
1621 5295 1814 5342 sancto
1863 5285 2078 5343 Paulo:

551 5457 577 5486 ι
617 5445 778 5502 Rom.
796 5441 957 5506 edit.,
983 5439 1235 5496 libertatis
1262 5438 1540 5494 revelatur.

549 5516 577 5556 δ
616 5517 820 5573 Omnes
847 5513 1010 5578 edit.,
1035 5511 1188 5568 homo
1215 5521 1386 5582 noster
1413 5510 1639 5582 exterior
1681 5511 1963 5582 cruciﬁxus
1985 5521 2080 5568 est.

519 5599 576 5674 με
621 5587 764 5644 Edit.
791 5600 985 5642 omnes
1011 5597 1076 5640 ac
1107 5597 1239 5640 mss.
1285 5581 1529 5652 aliquot,
1565 5579 1832 5656 rEgyptus
1874 5583 2080 5640 demer-

479 5671 694 5786 gugrlta
716 5743 848 5784 mss.
881 5726 1066 5798 plures
1100 5741 1163 5782 ac
1193 5723 1434 5798 potiores
1461 5742 1474 5780 :
1508 5723 1600 5782 alii
1643 5741 1776 5784 vero
1821 5735 1879 5784 et
1921 5727 2082 5799 edit.,

481 5817 598 5860 cum
616 5799 941 5858 absorbetur.

2256 4730 2381 4788 115.
2426 4729 2629 4786 Verum
2667 4730 2762 4786 ubi
2804 4729 2948 4786 facta
2969 4738 3056 4786 est
3094 4729 3271 4802 aliqua
3295 4730 3633 4802 progressio,
3662 4742 3792 4786 cum

2181 4826 2382 4896 vesper
2417 4823 2526 4896 iam
2575 4823 2803 4896 propior
2849 4831 3094 4895 urgeret,
3137 4833 3246 4880 Set
3290 4823 3791 4896 appropinquatum

2183 4918 2324 4974 foret
2350 4917 2419 4974 ad
2451 4916 3062 4994 tirbemlebusmorum,
3095 4916 3314 4974 dicente
3343 4916 3584 4985 servulo,
3613 4925 3676 4972 ut
3723 4913 3795 4972 ad

2184 5029 2305 5070 cam
2336 5013 2591 5070 dominus
2621 5028 2755 5070 suus
2781 5011 3122 5080 deﬂecteret,
3155 5027 3266 5070 non
3298 5012 3572 5086 acquievit
3613 5011 3796 5068 domi-

2187 5121 2290 5161 nus
2309 5120 2471 5172 suus;
2496 5107 2622 5176 quia
2651 5123 2756 5162 non
2787 5116 2906 5163 erat
2957 5121 3021 5162 ca
3063 5105 3256 5163 civitas
3306 5106 3549 5162 ﬁliorum
3581 5103 3794 5162 Israel:

2185 5197 2281 5255 sed
2313 5197 2542 5255 intendit
2571 5200 2868 5270 pervenire
2903 5214 3076 5272 usque
3117 5199 3324 5268 Gabaa,
3363 5215 3485 5272 qua:
3507 5198 3798 5255 habitaba-

2185 5296 2275 5346 tur
2303 5307 2333 5346 a
2362 5291 2563 5364 popqu
2593 5291 2770 5350 tribus
2813 5291 3123 5364 Beniamin.
3181 5290 3296 5349 Nec
3337 5301 3461 5348 erat
3502 5285 3797 5364 quisquam

2261 5456 2285 5524 σί
2311 5445 2471 5524 ῐξειιιοί
2496 5463 2629 5504 mss.
2656 5465 2935 5524 quam..."
2959 5449 3297 5524 concubinam
3324 5453 3644 5524 appellabat.

2267 5515 2285 5554 ί
2317 5519 2557 5596 Adverte
2577 5515 3106 5596 pulcherrimeliinc
3129 5515 3468 5592 conﬁrmari,
3508 5525 3654 5596 quod
3699 5524 3804 5582 ob-

2187 5591 2500 5666 servatione
2545 5592 2598 5646 in
2645 5591 2746 5666 lib.
2766 5610 2804 5666 γι
2847 5594 2916 5650 de
2944 5593 3220 5666 Abraham
3255 5609 3380 5666 cap.
3414 5597 3472 5663 4,
3503 5591 3616 5652 col.
3662 5596 3798 5664 290,

2189 5659 2395 5716 volum.
2438 5661 2479 5741 l.
2525 5679 2676 5741 num.
2722 5664 2817 5732 23,
2865 5665 3142 5741 diximus,
3190 5659 3798 5741 nimirum'_legitimani

2189 5745 2418 5789 uxorem
2450 5733 2592 5790 haud
2625 5751 2750 5793 raro
2765 5738 3088 5794 concubium
3131 5740 3352 5794 nomine
3372 5733 3621 5796 vocitari.

2262 5812 2288 5852 8
2327 5803 2530 5863 Omnes
2551 5807 2711 5878 edit.,
2741 5817 2789 5866 et
2809 5811 3333 5883 appropinquandum
3356 5814 3507 5884 foret.
3571 5877 3574 5880 ,
