4078 6306
263 315 368 374 I77

262 544 368 586 nus
397 545 692 601 progressa
713 542 892 587 zelate.
922 532 1020 599 Qui
1053 545 1175 585 eum
1198 531 1499 600 aspexisset
1532 541 1651 595 eos,
1691 537 1747 584 et
1787 527 1870 582 in-

263 629 604 694 terrogasset
647 623 908 679 levitam:
947 625 1064 690 Quo
1113 621 1302 686 vadis,
1351 621 1434 676 vel
1484 620 1629 677 unde
1678 621 1870 677 venis?

259 732 373 788 quo
416 717 786 788 reSpondente
839 717 980 786 quod
1033 725 1181 772 esset
1220 715 1433 781 viator,
1481 724 1537 770 et
1591 722 1872 786 repeteret

260 823 511 869 montem
536 814 812 884 Epltrmm,
842 822 896 868 et
927 827 1033 866 non
1070 819 1219 865 esset
1255 810 1345 879 qui
1384 808 1668 878 colligeret
1719 823 1867 873 cum,

261 903 561 976 hoSpitium
592 907 640 961 ei
671 906 894 971 obtulit,
922 914 978 960 et
998 904 1284 959 adornavit
1309 903 1642 958 convivium.

338 1000 465 1054 ιιι.
498 998 567 1054 At
597 1000 684 1054 ubi
716 998 940 1055 satietas
967 997 1224 1068 epulandi
1266 996 1406 1052 facta
1449 1006 1553 1062 est,
1587 1004 1644 1050 et
1670 1010 1869 1051 mensa-

262 1103 511 1157 remoue,
540 1094 818 1149 irruerunt
850 1093 1172 1165 pestilentes
1197 1091 1322 1157 viri,
1376 1099 1431 1144 et
1480 1089 1872 1144 circumierunt

261 1185 507 1242 domum.
545 1186 698 1242 Tunc
727 1187 913 1242 senior
951 1185 1112 1240 filiam
1143 1200 1298 1240 suam
1315 1184 1602 1254 virginem,
1633 1184 1792 1257 136
1819 1194 1872 1239 et

265 1279 654 1351 alcoaequalem
702 1279 824 1351 ejus
872 1295 996 1335 cum
1045 1294 1148 1350 qua
1204 1279 1449 1333 cubitare
1494 1279 1654 1332 solita
1702 1287 1868 1342 esset,

262 1371 528 1428 offerebat
568 1372 697 1428 viris‘
730 1373 1051 1444 iniquitatis,
1084 1381 1291 1427 tantum
1323 1386 1388 1426 ne
1426 1371 1509 1425 vis
1537 1372 1873 1442 irrogaretur

264 1465 489 1534 hospiti.
526 1464 731 1522 Verum
785 1466 876 1520 ubi
927 1481 1113 1534 parum
1143 1465 1283 1519 ratio
1336 1464 1638 1534 processit,
1691 1472 1747 1518 et
1794 1463 1874 1518 vis

264 1558 572 1630 praevaluit,
617 1561 781 1615 cessit
810 1559 1004 1614 levites
1033 1559 1197 1630 jugali
1226 1572 1323 1613 sua
1359 1575 1372 1610 :
1413 1566 1468 1612 et
1502 1565 1875 1627 cognoverunt

266 1668 410 1718 eam,
436 1661 488 1707 et
520 1661 627 1708 tota
656 1661 817 1708 nocte
847 1652 1134 1708 illuserunt
1175 1653 1250 1708 ei.
1284 1652 1399 1721 Qua
1438 1651 1757 1717 atrocitate,
1788 1651 1871 1706 vel

265 1746 457 1802 dolore
511 1746 650 1802 victa
695 1747 934 1818 injuriae,
975 1746 1000 1785 δ
1033 1756 1160 1803 ante
1208 1749 1422 1804 .ostium
1475 1747 1733 1817 hospitis,
1764 1762 1875 1816 quo

267 1841 351 1895 vir
372 1854 505 1896 suus
527 1840 844 1907 diverterat,
873 1841 1106 1910 proiecit
1143 1856 1202 1896 se
1229 1851 1392 1912 atque
1413 1840 1687 1896 exhalavit
1709 1840 1874 1910 spiri-

268 1945 419 2001 tum,
474 1950 732 2006 supreuto
777 1936 904 1991 licet
955 1936 1079 1990 vitzc
1130 1951 1356 1991 munere
1402 1935 1654 1991 affectum
1711 1935 1868 1989 home

265 2027 518 2098 conjugis
547 2042 804 2095 servans,
846 2036 904 2084 ut
951 2028 1243 2099 exsequias
1289 2029 1484 2084 saltem
1537 2030 1620 2083 sui
1663 2027 1870 2084 funeris

266 2122 467 2179 marito
495 2131 826 2178 reservaret.

339 2216 464 2272 II5.
506 2216 625 2283 Quo
654 2216 876 2287 cognito
900 2217 1003 2285 (ne
1029 2218 1215 2272 multis
1241 2215 1461 2289 morer)
1489 2217 1668 2272 omnis
1703 2232 1872 2288 prope

265 2311 500 2382 populus
526 2308 694 2365 Israel
723 2311 777 2365 in
817 2308 1025 2365 bellum
1068 2310 1294 2372 exarsit,
1344 2309 1620 2380 dubioque
1675 2320 1871 2365 eventu

264 2419 389 2459 cum
407 2418 612 2474 auceps
635 2414 884 2459 maneret
917 2402 1184 2473 praelium,
1206 2404 1362 2457 tertia
1384 2413 1564 2457 tamen
1591 2401 1870 2472 przeliandi

267 2498 410 2564 vice,
435 2497 670 2553 traditus
699 2506 783 2553 est
809 2496 1043 2569 populus
1089 2497 1372 2568 Benjamin
1422 2497 1624 2568 populo
1669 2495 1870 2560 Israel,

269 2602 322 2649 et
352 2592 536 2646 divina
569 2591 841 2662 judicatus
869 2591 1168 2656 sententia,
1199 2605 1390 2661 pinnas
1438 2588 1874 2660 intemperantia:

271 2685 826 2742 luit.Condemnatus
866 2701 1082 2757 quoque
1130 2684 1343 2755 nequis
1395 2685 1586 2764 eicex
1644 2697 1874 2738 numero

269 2791 486 2852 patrum
535 2780 700 2834 filiam
731 2795 882 2835 suam
905 2778 1062 2834 daret
1099 2779 1153 2833 in
1181 2794 1406 2833 uxorem
1435 2795 1450 2834 :
1483 2777 1646 2848 idque
1675 2777 1870 2831 confir-

271 2885 474 2930 matqu
504 2873 861 2944 jurisjurandi
886 2882 1231 2928 sacramento
1258 2880 1364 2928 est.
1409 2871 1518 2927 Sed
1558 2870 1874 2942 compuncti

270 2971 414 3042 quod
444 2979 552 3024 tam
595 2968 848 3024 acerbam
891 2969 945 3023 in
991 2966 1192 3022 fratres
1221 2967 1476 3021 tulissent
1519 2966 1872 3030 sententiam,

273 3066 341 3119 ita
377 3063 724 3120 severitatem
773 3060 892 3133 ejus
933 3069 1397 3131 temperaverunt,
1431 3067 1488 3113 ut
1515 3058 1738 3113 orbatas
1779 3069 1877 3127 pa-

269 3158 520 3213 rentibus
567 3155 804 3226 virgines
852 3157 906 3209 in
958 3153 1272 3224 conjugium
1321 3151 1424 3207 sibi
1465 3150 1873 3213 adsciscerent,

1297 313 1384 370 DE
1421 309 1713 368 OFFICIIS
1752 309 2229 371 MINISTRORUM
2269 310 2401 368 LIB.
2445 310 2534 368 IlI.

259 437 355 508 qui
386 435 744 493 advenientes
774 437 1041 509 reciperet
1072 436 1340 507 hospitio,
1367 434 1473 490 nisi
1513 435 1595 489 vir
1623 434 1866 505 peregri-
1894 448 1946 508 Α

3465 309 3571 366 I78

2568 428 2800 487 CAPUT
2839 428 2967 486 XX.

1977 525 2106 582 Post
2127 527 2348 581 solutam
2381 540 2444 579 ex.
2471 522 2653 578 Eliswi
2691 523 2934 578 vaticinia
2959 524 3129 577 diram
3159 521 3416 577 Samaria:
3436 521 3575 576 obsi-

2047 622 2266 687 dionem,
2297 632 2487 690 quanta
2511 620 2663 692 fuerit
2693 628 2918 690 quatuor
2940 618 3154 690 leprosis
3177 617 3376 673 honesti
3424 632 3569 682 cura,

2046 726 2340 771 enarratur.

2055 807 2174 862 ll'l.
2216 807 2281 862 Et
2311 805 2440 878 quid
2469 807 2668 862 mirum
2712 806 2757 862 si
2791 805 2990 877 popqu
3028 803 3124 860 Dei
3152 804 3414 860 decorum
3444 802 3578 857 illud

1975 911 2142 972 atque
2187 900 2478 957 honestum
2527 917 2671 956 cura!
2714 901 2833 963 fuit,
2862 899 3083 971 quando
3108 899 3274 954 etiam
3324 896 3578 966 leprosis,

1973 997 2186 1055 sicutin
2213 997 2364 1052 libris
2385 997 2695 1067 Regnorum
2722 996 2951 1066 legimus
2975 991 3074 1067 (IV
3107 993 3237 1067 Reg.
3268 992 3340 1060 γι)
3361 1033 3376 1059 ,
3409 993 3576 1046 hone-

1973 1094 2128 1148 statis
2158 1109 2263 1147 non
2299 1091 2474 1147 defuit
2497 1091 2907 1148 consideratio?

2049 1185 2174 1242 IIS.
2217 1186 2413 1242 Fames
2436 1196 2552 1241 erat
2581 1201 2773 1257 magna
2799 1185 2853 1240 in
2883 1184 3152 1250 Samaria,
3191 1187 3317 1255 quia
3343 1182 3577 1239 obsede-

1975 1291 2058 1336 rat
2087 1297 2208 1337 eam
2232 1280 2496 1352 Syrorum
2527 1282 2821 1338 exercitus.
2854 1280 2972 1335 Rex
3018 1279 3278 1335 militares
3320 1279 3580 1334 excubias

1975 1389 2136 1442 supra
2165 1390 2375 1428 murum
2421 1373 2693 1428 sollicitus
2731 1373 3023 1434 revisebat;
3061 1371 3426 1440 interpellavit
3454 1387 3576 1426 eum

1977 1469 2173 1524 mulier
2199 1468 2388 1523 dicens
2416 1485 2429 1521 :
2462 1467 2739 1523 Persuasit
2771 1467 2900 1522 mihi
2932 1468 3048 1521 haec
3087 1466 3282 1522 mulier
3313 1476 3372 1520 ut
3413 1464 3580 1520 atl'er-

1974 1576 2088 1616 rem
2119 1559 2284 1615 lilium
2318 1575 2520 1628 meum,
2571 1572 2624 1616 et
2651 1560 2834 1626 attuli,
2860 1569 2915 1614 et
2957 1559 3226 1626 coximus,
3260 1567 3314 1613 et
3341 1558 3581 1613 comedi-

1975 1669 2097 1710 mus
2121 1669 2242 1709 eum
2270 1671 2283 1720 ;
2314 1666 2367 1710 et
2392 1655 2643 1724 promisit
2673 1665 2729 1709 ut
2761 1665 2813 1710 et
2842 1655 2956 1724 ipsa
2988 1663 3177 1725 postea
3217 1654 3386 1708 ﬁlium
3417 1668 3576 1707 suum

1976 1746 2218 1811 afferret,
2253 1758 2306 1801 et
2332 1761 2526 1802 carnes
2548 1748 2692 1802 illius
2717 1748 2878 1803 simul
2911 1747 3401 1803 manducaremus:
3436 1760 3580 1800 nunc

1903 1842 2398 1903 Bautemslilium
2448 1857 2602 1896 suum
2659 1842 2988 1908 abscondit,
3021 1850 3078 1896 et
3131 1858 3238 1896 non
3295 1841 3407 1896 vult
3457 1856 3580 1895 eum

1969 1933 2192 1990 afferre?
2205 1934 2381 1989 Motus
2401 1949 2497 1990 rex
2521 1935 2783 2004 quodnon
2813 1935 2986 1990 solum
3013 1935 3284 2001 humanis,
3303 1934 3396 1990 sed
3416 1933 3578 1990 etiam

1972 2029 2393 2100 parricidalibus
2426 2031 2581 2103 137
2607 2031 2964 2086 cadaveribus
3003 2030 3263 2086 mulieres
3299 2039 3468 2100 pastae
3500 2030 3577 2083 vi-

1971 2126 2253 2190 derentur,
2278 2136 2462 2181 etlam
2492 2127 2696 2181 atrocis
2740 2126 3070 2181 calamitatis
3111 2125 3363 2196 exemplo
3405 2126 3582 2196 perci-

1974 2229 2083 2284 tus,
2120 2219 2319 2274 Eliszco
2352 2219 2634 2290 prophetae
2685 2219 3029 2275 denuntiavit
3063 2235 3278 2286 necem,
3333 2220 3488 2290 cujus
3523 2218 3578 2274 in

1975 2323 2245 2386 potestate
2269 2313 2382 2368 fore
2409 2314 2682 2379 crederet,
2708 2323 2769 2369 ut
2795 2315 3134 2370 obsidionem
3156 2315 3418 2379 solveret,
3454 2329 3585 2383 pro-

1975 2408 2224 2478 pulsaret
2271 2404 2510 2461 famem:
2545 2406 2632 2462 vel
2665 2408 2790 2478 quia
2843 2423 2947 2463 non
2992 2408 3317 2477 permiserat
3369 2408 3482 2480 regi
3525 2419 3584 2463 ut

1946 2507 2289 2584 percuteret
2318 2498 2508 2571 Syros,
2543 2515 2682 2571 quos
2715 2503 2961 2556 caecitate
2989 2500 3321 2569 perfuderat.

2050 2594 2171 2650 Il9.
2203 2594 2438 2650 Sedebat
2468 2595 2691 2652 Elisazus
2717 2611 2839 2651 eum
2868 2597 3182 2652 senioribus
3208 2594 3235 2634 ιι
3265 2599 3316 2653 in
3345 2597 3540 2654 Bethel
3566 2643 3580 2664 ,

1977 2697 2032 2744 et
2060 2690 2373 2760 priusquam
2404 2689 2658 2745 introiret
2681 2689 2747 2743 ad
2793 2705 2918 2746 eum
2950 2691 3094 2761 regis
3127 2693 3350 2746 nuntius
3370 2735 3384 2760 ,
3414 2694 3491 2748 ait
3515 2693 3582 2747 ad

1977 2783 2224 2837 seniores
2255 2783 2437 2838 viros:
2465 2783 2523 2839 Si
2568 2783 2786 2839 vidistis
2813 2785 3072 2854 quoniam
3119 2785 3262 2841 filius
3295 2787 3582 2844 homicidas

1979 2874 2123 2930 illius
2165 2875 2312 2930 misit
2340 2875 2558 2932 auferre
2606 2889 2769 2947 caput
2812 2879 3035 2933 meum?
3068 2879 3135 2934 Et
3167 2881 3412 2936 introivit
3438 2899 3578 2937 nun-

1979 2970 2086 3022 tius
2108 3009 2121 3031 ,
2156 2977 2212 3021 et
2241 2968 2556 3023 mandatum
2586 2971 2732 3040 regis
2757 2972 3012 3040 pertulit,
3038 2971 3413 3029 denuntiantis
3443 2991 3587 3047 prm-

1978 3079 2106 3118 sens
2155 3065 2350 3134 capitis
2394 3065 2700 3134 periculum
2745 3065 2851 3136 (IV
2892 3065 3023 3139 Reg.
3056 3084 3130 3135 vt,
3175 3069 3280 3136 32,
3310 3069 3437 3142 55).
3481 3070 3580 3126 Cui

1978 3159 2257 3229 respondit
2290 3159 2586 3229 propheta:
2631 3160 2739 3214 Hac
2770 3161 2904 3216 hora
2937 3162 3027 3217 die
3057 3163 3293 3218 crastina
3323 3179 3581 3219 mensura

269 3265 504 3322 quorum
554 3257 734 3319 patres
791 3261 890 3318 pro
943 3247 1146 3302 delicto
1209 3245 1476 3315 perempti
1525 3243 1738 3311 forent,
1783 3244 1869 3297 vel
1899 3252 1942 3312 (τ
1977 3252 2296 3322 similaginis
2339 3254 2511 3318 siclo,
2551 3261 2607 3308 et
2637 3253 2758 3308 duae
2801 3269 3075 3310 mensura:
3117 3255 3309 3311 hordei
3352 3255 3488 3311 sielo
3527 3259 3582 3312 in

271 3354 432 3413 rapto
455 3343 706 3412 copulam
743 3342 1057 3407 sociarent;
1082 3340 1206 3410 quia
1243 3354 1344 3410 pro
1377 3349 1484 3393 tant
1513 3339 1685 3405 turpis
1724 3352 1876 3391 com-

273 3438 432 3494 missi
459 3435 717 3500 facinore,
742 3435 837 3506 qui
863 3433 1026 3489 alieni
1051 3431 1387 3488 matrimonii
1407 3432 1496 3502 jus
1518 3430 1876 3496 violaverant,

275 3533 532 3602 indignos
559 3547 617 3587 se
664 3529 1012 3600 impetrando
1038 3527 1340 3584 exhibuere
1371 3525 1740 3580 matrimonio.
1768 3521 1878 3578 Sed

273 3643 351 3683 ne
382 3627 586 3698 periret
630 3641 738 3680 una
792 3624 998 3697 populo
1045 3623 1251 3688 tribus,
1291 3620 1497 3677 fraudis
1539 3619 1745 3675 indulta
1794 3623 1881 3673 est

271 3719 645 3779 conniventia.

351 3816 476 3872 116.
508 3815 720 3883 Quanta
752 3814 916 3886 igitur
944 3813 1245 3869 ItoneSIatis
1271 3826 1398 3867 cura
1434 3809 1736 3880 majoribus
1765 3807 1884 3864 fue-

273 3910 384 3975 rit,
425 3908 550 3964 hinc
595 3908 876 3980 proditur,
925 3915 985 3962 ut
1031 3905 1389 3976 quadraginta
1437 3902 1608 3958 millia
1635 3903 1880 3957 virorum

270 4004 607 4072 Stringerent
657 4001 893 4072 gladium
925 4000 1189 4056 adversus
1220 3999 1419 4055 fratres
1470 4013 1600 4053 suos
1643 3997 1710 4052 de
1738 3998 1881 4051 tribu

271 4095 584 4165 Benjamin,
609 4093 736 4148 dum
780 4092 969 4148 ulcisci
1010 4088 1243 4147 voluntd
1272 4091 1523 4161 injuriatn
1572 4089 1880 4160 pudicitiae;

271 4189 403 4260 quia
440 4195 800 4242 tcmeratores
831 4196 852 4221 '=
885 4187 1150 4241 castitatis
1193 4200 1300 4239 non
1335 4182 1751 4240 sufferebantur.
1781 4181 1884 4234 Ita-

271 4297 386 4354 que
405 4297 470 4337 eo
489 4282 637 4338 bello
658 4295 797 4336 caesa
821 4289 949 4335 sunt
987 4283 1243 4350 utrinque
1277 4277 1294 4316 ί
1330 4279 1611 4348 sexaginta
1645 4279 1885 4347 quinque

273 4379 446 4435 millia
476 4378 801 4433 bellatorum
827 4417 842 4442 ,
870 4385 925 4431 et
946 4386 1155 4432 exusta:
1184 4374 1369 4430 urbes.
1418 4374 1482 4428 Et
1512 4389 1636 4429 cum
1663 4371 1886 4427 inferior

274 4473 458 4544 primo
503 4471 692 4526 fuisset
738 4470 968 4541 populus
1027 4467 1230 4532 Israel,
1285 4478 1465 4522 tamen
1517 4482 1617 4522 nec
1668 4463 1885 4520 adversi

274 4576 428 4625 metu
452 4565 579 4621 belli
611 4565 872 4635 percitus,
906 4561 1246 4617 vindicandae
1276 4559 1546 4616 castitatis
1571 4567 1886 4628 sequestra-

1981 3357 2131 3416 porta
2163 3344 2445 3402 Samarize.
2485 3347 2701 3402 Etcum
2750 3347 2948 3403 missus
2991 3364 3018 3401 a
3061 3364 3187 3420 rege
3219 3351 3442 3405 nuntius
3474 3365 3582 3406 non

1979 3437 2343 3504 credidisset,
2393 3439 2630 3493 dicens:
2678 3441 2722 3492 si
2777 3438 2976 3509 pluerit
3031 3441 3294 3496 Dominus
3337 3443 3406 3498 de
3445 3444 3585 3499 caelo

1979 3529 2368 3585 abundantiam
2418 3531 2706 3594 frumenti,
2757 3547 2857 3586 nec
2902 3531 2981 3587 sic
3029 3533 3250 3601 quidem
3303 3535 3354 3590 id
3401 3546 3585 3606 posset

1981 3621 2162 3689 effici;
2193 3623 2330 3678 dixit
2378 3623 2444 3678 ad
2476 3640 2600 3679 eum
2643 3624 2912 3680 Elisaeus:
2943 3625 3080 3695 Quia
3128 3644 3235 3683 non
3267 3630 3548 3686 credidisti
3572 3673 3588 3696 .

1982 3717 2156 3771 oculis
2186 3717 2296 3772 tuis
2317 3715 2529 3772 videbis
2552 3758 2567 3783 ,
2595 3727 2648 3773 et
2680 3735 2786 3774 non
2821 3720 3180 3778 manducabis
3207 3722 3310 3798 (IV
3334 3724 3463 3797 Reg.
3487 3742 3586 3794 vn,

1987 3809 2159 3881 με).

2058 3905 2182 3960 120.
2220 3904 2283 3959 Et
2332 3906 2509 3962 factus
2538 3916 2624 3962 est.
2663 3908 2848 3965 subito
2893 3911 2945 3966 iu
2980 3913 3178 3969 castris
3225 3913 3400 3987 Syria:
3441 3915 3591 3972 velut

1984 3999 2368 4069 quadrigarum
2395 4015 2562 4056 sonus
2594 4000 2636 4064 ί.
2670 4011 2724 4057 et
2754 4019 2856 4059 vox
2891 4007 3059 4060 multa
3093 4009 3368 4078 equitum,
3400 4020 3453 4065 et
3482 4026 3589 4066 vox

1986 4111 2196 4167 magna:
2224 4097 2444 4151 virtutis
2467 4140 2480 4164 ,
2513 4083 2679 4169 atque
2705 4103 2896 4172 ingens
2922 4103 3050 4158 belli
3091 4106 3355 4162 tumultus
3381 4124 3396 4162 :
3419 4116 3473 4163 et
3502 4123 3593 4164 ar-

1987 4189 2167 4244 bitrati
2209 4200 2337 4246 sunt
2366 4192 2488 4263 Syri
2521 4193 2665 4263 quod
2717 4210 2812 4249 rex
2845 4194 3011 4250 Israel
3046 4196 3098 4252 in
3131 4198 3451 4256 societatem
3493 4202 3593 4256 ad-

1987 4292 2241 4337 vocasset
2270 4284 2442 4355 praelii
2467 4285 2914 4360 regem'JEgypti,
2939 4298 2996 4343 et
3025 4306 3210 4360 regem
3235 4293 3593 4350 Amorrham-

1991 4389 2225 4432 rumret
2255 4377 2507 4448 fugerunt
2530 4381 2769 4438 diluculo
2817 4383 3193 4456 relinquentes
3241 4387 3591 4446 tabernacula

1991 4484 2122 4538 sua;
2151 4472 2411 4542 quoniam
2447 4476 2777 4532 verebantur
2805 4493 2872 4532 ne
2904 4478 3203 4549 improviso
3228 4479 3462 4537 adventu
3495 4497 3594 4537 no-

1992 4577 2181 4616 vorum
2211 4566 2656 4635 Opprimerentur
2681 4568 2919 4626 hostium
2942 4613 2955 4636 ,
2989 4581 3043 4627 et
3069 4573 3375 4643 conjunctis
3406 4589 3593 4644 regum

273 4660 360 4713 vit
391 4657 660 4713 dolorem.
690 4657 903 4710 Ruehat
944 4655 996 4708 in
1041 4653 1312 4724 przelium,
1363 4651 1447 4705 vel
1479 4652 1745 4721 sanguine
1789 4663 1887 4705 suo
1913 4648 1969 4711 D
1994 4655 2202 4710 viribus
2229 4674 2336 4712 non
2380 4671 2603 4729 possent
2634 4663 2912 4718 resistere.
2953 4664 3008 4718 Id
3042 4665 3374 4736 incognitum
3403 4665 3596 4724 sama-

277 4767 483 4825 parans
499 4749 982 4822 commissiﬂagitii
1013 4748 1218 4805 diluere
1248 4758 1452 4804 notam.

359 4969 385 4996 λ
421 4955 632 5012 Edit.et
661 4954 812 5023 pauci
837 4967 992 5013 mss..
1019 4951 1467 5024 jngaleut,ejus...
1490 4949 1676 5024 solitus
1711 4959 1886 5024 esset;

279 5033 382 5088 sed
426 5025 619 5099 Optimi
663 5021 876 5097 quique
926 5021 1197 5092 iidemque
1255 5021 1680 5093 frequentissimi
1733 5030 1791 5076 ut
1833 5023 1888 5077 in

280 5113 670 5230 1ίὲ’ξίἓοιιηιιιιί
701 5184 860 5234 mss.,
892 5179 1011 5225 ante
1051 5167 1333 5237 hospitium
1386 5165 1627 5236 hospitis.
1672 5166 1885 5222 Erasm.

1996 4749 2090 4804 ria:
2118 4759 2274 4815 erat,
2313 4755 2568 4823 quoniam
2617 4757 2745 4812 victi
2787 4767 2933 4813 metu
2953 4801 2968 4826 ,
2999 4769 3054 4814 et
3083 4759 3228 4816 fame
3258 4759 3460 4828 tabidi,
3492 4775 3593 4818 nec

1991 4843 2333 4912 praetendere
2361 4847 2635 4905 audebant
2667 4849 2846 4922 (Ibid.
2881 4852 2938 4922 6,
2965 4853 3056 4925 7).

1990 4961 2119 5036 dum
2149 4963 2220 5018 65
2247 4965 2435 5032 millia,
2488 4977 2545 5024 ut
2586 4969 2637 5024 in
2680 4973 2849 5028 sacris
2874 4974 3153 5030 codicibus
3205 4971 3413 5036 haberi,
3464 4972 3596 5026 sub-

1993 5035 2153 5162 ;létie‘ta
2186 5048 2525 5096 mortuorum
2573 5042 2625 5097 in
2651 5043 2881 5114 singulis
2915 5047 3117 5117 prmliis
3139 5046 3374 5112 ratione,
3393 5035 3597 5114 cogno-

2106 5125 2189 5162 ttr.

2106 5125 2189 5162 lll‘.

2069 5191 2094 5260 ξ
2127 5181 2254 5260 Mss.
2276 5183 2503 5260 aliquot,
2524 5187 2692 5254 ﬁlium
2719 5204 2870 5243 suum
2898 5199 3072 5260 negat,
3095 5197 3143 5244 et
3163 5187 3430 5244 abscondit
3458 5202 3596 5242 eum.

2069 5248 2096 5336 ξι
2137 5252 2308 5336 Ερῇι⁸2
2336 5248 2387 5308 in
2415 5248 2577 5336 aonio
2607 5277 2722 5336 sua.
2749 5260 2842 5336 _Et
2872 5248 3011 5316 infra
3046 5248 3166 5330 post
3202 5263 3341 5316 duos
3373 5273 3601 5336 versus,

2001 5327 2144 5397 ﬁlius
2173 5328 2258 5380 hic
2282 5327 2577 5411 homicida.
2607 5330 2912 5405 Utrobique
2953 5327 3134 5388 autem
3167 5348 3297 5386 mss.
3331 5345 3504 5402 prope
3531 5332 3599 5386 ad

2007 5411 2256 5476 "nillil-[II
2281 5410 2332 5453 Ill
2368 5410 2538 5455 ICXIII.

2087 5470 2118 5554 ί.
2151 5470 2450 5554 Εάἱξτ.(·ιιηι
2503 5489 2611 5528 uno
2639 5477 2723 5531 vel
2767 5477 2938 5554 altera
2967 5491 3130 5542 mss.,
3161 5485 3209 5530 et
3235 5490 3334 5554 vos:
3373 5474 3608 5529 multitu-

2008 5543 2182 5608 dinis;
2225 5543 2318 5597 alii
2351 5557 2484 5598 mss.
2518 5561 2626 5601 non
2674 5549 2862 5613 multi,
2894 5557 2942 5602 et
2988 5565 3136 5603 voces
3185 5548 3388 5608 multa.
3439 5562 3608 5617 quan-

2011 5624 2119 5669 tum
2147 5623 2194 5667 et
2223 5630 2318 5668 vos:
2345 5631 2547 5685 magna:
2569 5619 2809 5685 virtutis;
2853 5621 3032 5674 caeteri
3064 5619 3345 5675 nobiscum
3379 5617 3602 5673 faciunt.

2012 5686 2220 5740 Rursus
2250 5701 2381 5740 vero
2414 5687 2501 5741 ubi
2532 5705 2630 5743 nos
2657 5706 2776 5744 cum
2807 5701 2922 5745 ant.
2953 5692 3085 5746 edit.
3127 5700 3183 5746 et
3210 5692 3418 5746 cunctis
3449 5705 3609 5755 mss.,

2013 5768 2060 5813 et
2088 5774 2255 5828 regem
2303 5758 2800 5828 Ammorthmorum,
2839 5762 2996 5817 Rom.
3042 5761 3176 5817 edit.
3218 5763 3611 5820 substituerat.

2014 5839 2062 5881 et
2091 5827 2206 5898 rege
2214 5846 2260 5880 nt
2294 5827 2616 5886 Iit/urorum.

281 5260 341 5303 et
359 5263 476 5316 seq.
505 5249 663 5308 edit.,
687 5253 805 5296 ante
835 5243 1024 5296 ostium
1052 5240 1284 5312 hospitii.

365 5330 386 5358 ο
416 5318 552 5373 Cod.
583 5317 822 5377 Thuan.,
847 5329 910 5367 ex
939 5327 1151 5367 numero
1172 5322 1336 5383 pater.

361 5389 387 5427 ιι
428 5391 688 5457 Quaedam
717 5381 1540 5458 edit.,injuriamf‘imputtiritiaa;
1562 5381 1740 5451 aptius
1768 5381 1896 5436 reli-

286 5481 435 5537 qum,
455 5455 530 5518 ac
557 5475 713 5537 mss.,
731 5455 975 5529 injurian't
995 5455 1260 5529 pudicitia:
1284 5470 1302 5509 :
1333 5469 1530 5525 nempe
1555 5468 1715 5524 quam
1744 5468 1899 5508 accc-

289 5532 450 5608 perat
482 5532 768 5608 pudicitia.

369 5617 392 5644 ε
425 5596 554 5662 ϐῖἸΙ.
592 5607 644 5660 in
678 5615 848 5671 marg.
878 5611 930 5657 et
964 5601 1122 5657 Rom.
1155 5599 1288 5654 edit.
1323 5598 1376 5652 in
1415 5613 1596 5670 eorp.,
1649 5596 1903 5651 castitatis

297 5697 404 5734 nou
429 5677 796 5746 offerebantur.

380 5750 398 5790 ι
435 5741 512 5806 Ita
539 5750 673 5812 edit,
708 5759 772 5799 ac
800 5759 930 5799 mss.
959 5743 1196 5811 aliquot;
1228 5741 1316 5796 alii
1359 5756 1525 5806 vero,
1557 5741 1754 5811 partim
1781 5755 1912 5810 qua-

316 5823 580 5895 draginta,
611 5816 806 5895 partim
831 5817 1171 5895 quadraginta
1196 5815 1415 5895 quinque
1441 5813 1624 5894 millia.
1653 5812 1759 5895 Sed
1807 5813 1911 5866 nisi

327 5881 504 5948 locum
538 5881 859 5950 ambrosius
892 5881 1435 5946 metueriter'citavit,
1474 5884 1698 5937 omnino
1728 5883 1908 5950 legen-
