4054 6306
438 283 543 342 I79

1792 286 2043 345 SANCTI
2080 286 2413 346 AllBROSIl

3641 290 3753 351 {80

505 402 628 458 12!.
659 402 833 460 Erant
856 411 1037 461 autem
1066 405 1267 477 Ieprosi
1297 416 1534 479 quatuor
1555 408 1625 465 ad
1656 414 1869 479 portam
1900 406 2023 461 civio
2063 410 2105 468 Α
2137 406 2255 473 sui,
2285 422 2445 478 quam
2479 407 2847 479 proditionem
2884 408 3143 480 fugientis
3168 408 3363 475 amici,
3396 408 3749 467 subeundam

436 500 562 554 tatis
585 539 601 566 ,
630 499 830 569 quibus
849 500 958 556 vita
996 510 1123 559 erat
1149 501 1508 574 supplicium,
1542 511 1599 560 et
1628 504 1764 559 mori
1789 502 2038 567 lucrum;

435 599 493 645 et
531 589 792 648 dixerunt
831 592 899 648 ad
931 607 995 650 se
1024 593 1256 653 invicem
1283 612 1297 650 :
1331 596 1474 653 Ecce
1503 610 1602 652 nos
1633 596 1721 651 hic
1744 593 2003 652 sedemus
2024 634 2039 661 ,

441 698 498 742 et
526 688 814 743 morimur.
842 688 900 745 Si
933 688 1268 760 ingredimur
1290 690 1509 759 urbem,
1542 692 1839 749 moriemur
1868 688 2039 755 fame;

437 779 484 835 si
511 794 799 840 manemus
825 781 948 850 hic,
983 783 1193 839 nullum
1229 784 1530 841 subsidium
1556 783 1772 840 vivendi
1804 783 2046 855 suppetit

438 876 639 933 nobis:
689 890 884 933 eamus
929 877 983 933 in
1025 886 1205 935 castra
1254 878 1470 952 Syriae,
1521 889 1614 935 aut
1656 878 2046 949 compendium

437 969 631 1027 mortis
660 970 801 1040 erit,
825 979 922 1028 aut
960 971 1156 1028 Salutis
1181 972 1509 1029 remedium.
1539 973 1914 1030 Perrexeruut
1936 972 2041 1027 ita-

440 1079 581 1135 que,
625 1074 681 1120 et
719 1065 1061 1123 intraverunt
1092 1066 1143 1121 in
1182 1075 1397 1124 castra:
1426 1077 1483 1126 et
1527 1081 1658 1125 ecce
1686 1066 1874 1123 omnia
1904 1065 2048 1122 nuda

436 1157 703 1216 hostium.
738 1157 976 1232 Ingressi
1010 1159 1392 1228 tabernacula,
1429 1163 1663 1233 primum
1695 1162 1933 1233 repertis
1951 1160 2052 1216 ali-

440 1253 644 1309 mentis
691 1253 1013 1323 fngaverunt
1057 1251 1290 1322 famem,
1325 1254 1531 1313 deinde
1573 1257 1691 1313 auri
1739 1265 1796 1313 et
1836 1254 2050 1326 argenti

440 1352 703 1416 quantum
734 1354 1054 1418 potuerunt,
1082 1348 1456 1419 diripuerunt.
1488 1348 1701 1406 Etcum
1730 1349 2052 1419 llsoli-pra:-

442 1437 527 1493 (ιω
565 1438 945 1496 incumberent
965 1481 980 1507 ,
1010 1439 1403 1512 disposuerunt
1432 1452 1618 1498 tamen
1654 1442 1908 1499 nuntiare
1936 1442 2054 1514 regi

441 1528 645 1602 fugisse
696 1530 903 1604 Syros;
967 1533 1097 1605 quia
1154 1533 1208 1589 id
1257 1533 1553 1591 honestum
1606 1534 2051 1602 arbitrabantur,

443 1637 604 1693 quam
636 1637 895 1695 represso
926 1620 1129 1682 indicio
1162 1624 1352 1684 fovere
1385 1627 1594 1684 fraudis
1622 1628 1891 1697 rapinam.

516 1716 641 1773 ηε.
678 1716 796 1787 Quo
822 1718 1030 1776 indicio
1059 1734 1317 1792 egressus
1346 1729 1430 1778 est
1454 1721 1723 1793 populus,
1749 1731 1806 1778 et
1828 1721 2059 1793 diripuit

2146 502 2515 559 arbitrabatur
2544 503 2600 576 (I
2624 503 2757 575 Reg.
2788 520 2917 568 ιιι,
2950 505 3039 572 6).

2723 596 2954 655 CAPUT
2997 598 3162 657 XXII.

2149 687 2486 744 Honestate»:
2530 690 2685 744 amici
2729 706 2888 746 causa
2931 707 3034 746 non
3075 692 3444 759 deserendum;
3482 695 3530 749 si
3578 702 3757 751 tamen

2219 781 2470 838 adversus
2525 783 2747 838 anticum
2813 784 3162 840 testimonium
3209 786 3488 843 dicendum
3557 789 3754 859 fuerit,

2221 874 2509 930 cautionem
2553 874 2922 930 adhibendam.
2966 873 3113 931 Inter
3149 878 3342 933 musicos
3392 879 3508 950 quis
3556 879 3763 934 candor

2221 966 2278 1021 in
2303 966 2581 1037 aperiendo
2613 978 2818 1040 pectore
2836 1009 2852 1035 ,
2880 984 3000 1040 qua
3025 972 3345 1041 generositas
3387 971 3442 1026 in
3470 970 3720 1041 patiendo
3737 1010 3759 1040 ,

2221 1076 2337 1128 quae
2359 1060 2413 1115 in
2434 1060 2700 1132 arguendo
2730 1059 2941 1117 libertas
2965 1063 3299 1132 requiratur?
3330 1063 3621 1119 Amicitiam
3645 1065 3756 1118 air-

2226 1161 2393 1209 tutum
2438 1153 2702 1209 custodem
2742 1170 2885 1218 esse,
2916 1171 3012 1210 nec
3039 1155 3139 1210 nisi
3176 1157 3231 1209 in
3264 1157 3514 1211 similium
3554 1173 3763 1213 morum

2227 1247 2522 1303 hominibus
2555 1247 2796 1303 inveniri.
2828 1247 3080 1304 Eantdent
3106 1249 3162 1303 in
3188 1248 3520 1320 corripiendo
3549 1252 3760 1319 nitent,

2225 1348 2377 1410 atque
2414 1356 2447 1394 a
2484 1340 2712 1413 propriis
2751 1338 3036 1395 commodis
3073 1342 3299 1396 alienant
3337 1358 3447 1397 esse
3479 1353 3763 1416 oportere;

2228 1443 2280 1490 et
2304 1435 2428 1490 inde
2455 1451 2613 1503 quam
2655 1434 2765 1489 rari
2788 1434 3031 1490 divitibus
3052 1437 3155 1490 aeri
3176 1437 3368 1491 amici!
3389 1436 3598 1504 Quanta
3625 1439 3768 1493 ami-

2228 1527 2365 1582 citia
2385 1526 2647 1600 dignitas;
2668 1542 2786 1597 qua
2804 1542 2909 1597 quo
2928 1530 3121 1602 major,
3149 1545 3209 1583 eo
3228 1529 3587 1585 detestabilior
3604 1532 3769 1587 amici

2230 1620 2472 1691 perﬁdia,
2494 1629 2548 1675 ut
2577 1618 2735 1675 lude
2753 1629 2910 1691 atque
2935 1622 3223 1676 amicorum
3242 1620 3345 1678 Iob
3381 1623 3636 1695 exemplis
3680 1639 3772 1679 ce-

2229 1715 2516 1788 gnoscitur.

446 1820 626 1871 castra
653 1811 857 1886 Syriaz,
906 1824 962 1870 et
1007 1824 1348 1873 commeatus
1390 1816 1630 1873 hostium
1663 1817 2051 1875 abundantiam

2235 1806 2361 1863 ηδ.
2389 1804 2536 1862 Nihil
2565 1805 2729 1877 igitur
2760 1805 3163 1876 praeferendum
3195 1808 3502 1876 honestati,
3531 1824 3657 1878 qua:
3688 1819 3773 1865 ta-

443 1905 606 1974 fecit,
642 1922 877 1964 annonae
914 1908 1180 1967 vilitatem
1211 1910 1453 1968 reddidit
1488 1910 1791 1969 secundqu
1821 1911 2059 1983 prophe-

447 2001 614 2057 ticum
644 2001 881 2069 dictum;
913 2013 968 2060 ut
997 2020 1251 2060 mensura
1298 2005 1621 2079 similaginis
1649 2006 1820 2072 siclo,
1852 2014 1910 2062 et
1931 2005 2058 2061 duas

446 2112 716 2152 mensurae
744 2097 934 2154 hordei
962 2100 1077 2169 pari
1102 2099 1279 2170 pretio
1294 2107 1638 2157 constarent.
1656 2099 1714 2157 In
1742 2101 1843 2156 hac
1870 2100 2059 2156 laetitia

449 2188 623 2259 plebis
653 2190 880 2246 nuntius
911 2190 1003 2247 ille
1030 2190 1086 2248 in
1130 2206 1241 2263 quo
1270 2192 1657 2263 requiescebat
1699 2209 1827 2261 res,
1868 2191 1897 2232 δ
1924 2208 2062 2248 cou-

446 2280 607 2337 tritus
635 2280 779 2337 inter
803 2283 1120 2340 exeuntium
1155 2282 1562 2340 festinationem
1596 2292 1652 2341 et
1692 2283 2057 2340 remeantium

451 2373 910 2442 exsultationem,
958 2376 1315 2433 conculcatus
1361 2395 1390 2433 a
1440 2378 1632 2449 plebe,
1675 2387 1926 2436 mortuus
1974 2387 2062 2436 est

453 2465 544 2540 (IV
583 2466 709 2539 Reg.
742 2484 838 2537 vlt,
866 2468 901 2526 3
925 2486 1057 2540 seq.,
1084 2470 1118 2527 8
1140 2487 1246 2541 seq.
1264 2470 1305 2544 ).

950 2564 1111 2638 ηε
1145 2564 1375 2623 CAPUT
1406 2564 1551 2623 XXI.

457 2653 649 2712 Esther
676 2656 795 2714 vita:
838 2659 1071 2729 periculo
1120 2658 1407 2714 honestatis
1438 2658 1595 2715 decus
1641 2668 1873 2716 secutam
1913 2676 2060 2730 esse,

523 2752 683 2807 immo
721 2761 767 2807 et
806 2769 979 2825 regem
1007 2751 1319 2822 barbarum,
1353 2753 1504 2809 illata
1532 2769 1656 2813 nece
1692 2753 1803 2811 circ
1846 2754 2063 2810 amicis-

526 2849 658 2903 simo
681 2863 699 2910 .°
723 2848 1011 2904 amicitiam
1039 2848 1177 2903 enim
1221 2848 1476 2904 honestati
1502 2865 1705 2918 semper
1734 2851 2059 2923 conjungen-

525 2942 667 3011 dam,
683 2952 739 2997 ut
756 2941 1003 2998 Jonathte
1030 2952 1183 3011 atque
1204 2940 1552 2998 Alchimelech
1570 2942 1807 3014 exempla
1823 2941 2064 3013 probant.

533 3034 657 3091 ηδ.
727 3034 868 3104 Quid
919 3033 1122 3093 Esther
1171 3035 1392 3105 regina,
1466 3050 1646 3091 nonne
1693 3045 1752 3089 ut
1803 3034 2066 3105 populum

458 3142 614 3183 suum
663 3127 905 3200 periculo
947 3136 1209 3195 exueret,
1251 3126 1397 3198 quod
1445 3135 1566 3184 erat
1592 3126 1854 3184 decorum
1901 3135 2070 3197 atque

2158 1914 2286 1956 mea
2354 1914 2423 1956 ne
2468 1900 2723 1958 amicitias
2772 1900 2957 1957 studio
3012 1911 3392 1973 praetereatur,
3451 1903 3618 1959 etiam
3663 1904 3774 1960 hoc

2160 1993 2443 2064 Scriptura
2475 1994 2738 2051 admouet
2757 1995 2828 2052 de
2854 1996 3118 2053 amicitia.
3148 1996 3293 2054 Sunt
3315 1998 3462 2054 enim
3487 1998 3774 2069 plerasque

2163 2088 2612 2160 philosOphorum
2667 2090 3038 2161 quaestiones:
3089 2100 3113 2129 ο
3165 2099 3346 2147 utrum
3389 2091 3553 2147 amici
3600 2106 3775 2150 causa

2162 2182 2449 2256 quisquam
2478 2194 2675 2242 contra
2713 2185 2946 2255 patriam
2987 2186 3195 2242 sentire
3236 2200 3415 2244 necne
3440 2185 3672 2254 debeat,
3713 2195 3777 2244 ut

2162 2278 2340 2334 amico
2387 2277 2605 2334 obediat
2640 2278 2664 2333 l
2717 2276 2909 2334 Utrum
2945 2287 3198 2349 oporteat
3223 2290 3281 2335 ut
3312 2279 3476 2336 ﬁdem
3512 2280 3793 2350 deserat,

2163 2373 2294 2431 dum
2326 2372 2574 2444 Indulget
2607 2380 2773 2444 atque
2805 2373 3040 2431 intendit
3064 2375 3224 2430 amici
3255 2374 3779 2431 commoditatibus?

2237 2466 2364 2524 126.
2403 2467 2470 2522 Et
2492 2467 2779 2537 Scriptura
2803 2466 3023 2536 quidem
3046 2466 3164 2523 ait:
3188 2467 3371 2535 Clara,
3393 2476 3442 2523 et
3458 2467 3697 2540 gladius,
3726 2476 3782 2523 et

2165 2563 2358 2636 sagitta
2395 2566 2627 2634 ferrata,
2656 2562 2731 2617 sic
2758 2562 2915 2616 homo
2938 2570 3012 2617 est
3040 2561 3387 2616 testimonium
3414 2561 3548 2617 dans
3577 2561 3780 2632 falsum

2166 2657 2413 2713 adversus
2441 2656 2668 2711 amicum
2711 2671 2865 2711 suum
2891 2653 3090 2729 (Prov.
3121 2670 3254 2721 xxv,
3286 2652 3409 2727 I8).
3440 2653 3551 2711 Sed
3591 2655 3784 2710 consi-

2167 2751 2298 2808 dera
2364 2750 2498 2822 quid
2539 2758 2771 2806 astruat.
2812 2749 2933 2806 Non
2981 2749 3354 2806 testimonium
3418 2747 3788 2819 reprehendit

2168 2846 2373 2903 dictum
2419 2847 2475 2900 in
2506 2845 2744 2900 amicum
2768 2888 2783 2911 ,
2814 2845 2911 2902 sed
2950 2845 3149 2900 falsum
3191 2844 3588 2900 testimonium.
3634 2843 3785 2913 Quid

2170 2946 2315 2999 enim
2346 2943 2391 2996 si
2418 2941 2510 2996 Dei
2540 2955 2705 2996 causa
2726 2982 2742 3006 ,
2768 2941 2898 3011 quid
2928 2941 2975 2995 si
3003 2941 3190 3011 patria:
3218 2948 3445 3010 cogatur
3466 2940 3668 3011 aliquis
3697 2939 3786 2995 di-

2168 3051 2295 3092 cere
2340 3034 2751 3093 testimonium?
2802 3034 3074 3107 Numquid
3134 3035 3561 3106 pratponderare
3613 3035 3789 3091 debet

2172 3131 2411 3187 amicitia
2441 3129 2720 3203 religioni,
2750 3128 2770 3169 ί
2805 3129 3229 3201 praeponderare
3248 3129 3505 3185 charitati
3535 3129 3737 3185 civium
3756 3129 3783 3184 τ

462 3221 751 3280 honestum
770 3264 788 3287 ,
822 3221 985 3278 morti
1025 3237 1086 3277 se
1113 3219 1345 3287 obtulit,
1384 3234 1487 3276 ncc
1512 3219 1738 3276 immitis
1784 3220 1930 3291 regis
1958 3228 2068 3276 tre-
2092 3211 2139 3276 C
2178 3225 2339 3298 139
2369 3224 2424 3278 In
2449 3223 2534 3279 his
2565 3234 2747 3280 tamen
2772 3225 2904 3295 ipsis
2926 3223 3092 3280 rebus
3113 3223 3440 3295 requirenda
3467 3232 3555 3278 est
3573 3225 3791 3280 veritas

462 3316 662 3388 pitlavit
711 3316 952 3372 iurarem
1004 3314 1237 3388 (Esther
1267 3330 1342 3378 tv,
1393 3312 1529 3385 I6)?
1558 3312 1680 3383 Ipse
1721 3328 1940 3385 quoque
1969 3328 2069 3369 rex

460 3411 747 3470 Persarum
801 3410 955 3468 ferox
975 3452 991 3476 ,
1016 3420 1180 3482 atque
1205 3408 1417 3466 tumido
1448 3408 1648 3475 corde,
1690 3419 1870 3465 tamen
1902 3407 2070 3464 deco-

462 3521 579 3561 rum
605 3504 874 3577 judicavit
900 3504 1062 3561 indici
1094 3503 1418 3560 insidiarum
1450 3519 1572 3574 qua:
1615 3502 1721 3559 sibi
1751 3509 1960 3574 paratae
1989 3502 2073 3557 Io-

464 3608 615 3667 rent,
646 3599 880 3669 gratiam
910 3606 1312 3667 repraesentare
1337 3637 1352 3664 ,
1380 3598 1752 3667 populumque
1780 3595 2010 3651 liberum
2039 3610 2069 3649 a

462 3692 734 3751 servitute
781 3693 1001 3760 eripere
1026 3732 1042 3756 ,
1087 3705 1286 3748 eruere
1336 3692 1480 3756 neci,
1516 3700 1540 3729 α
1574 3703 1687 3746 ηθο
1712 3703 1941 3761 parcere
1980 3688 2070 3755 ei,

465 3783 558 3857 qui
616 3795 723 3839 tam
774 3782 1032 3838 indecora
1083 3783 1347 3837 suasisset
1382 3779 1609 3853 (Esther
1640 3796 1722 3848 vt,
1754 3781 1789 3835 ’5
1816 3789 1863 3835 et
1900 3777 2070 3850 δρψ).

465 3876 715 3947 Denique
743 3890 907 3947 quem
936 3875 1238 3932 secundum
1263 3889 1294 3929 a
1322 3890 1415 3941 se,
1446 3889 1512 3930 ac
1558 3875 1892 3944 prmcipuum
1928 3872 2075 3928 inter

465 3986 655 4029 omnes
686 3969 892 4027 amicos
921 3969 1187 4036 haberet,
1222 3969 1373 4025 cruci
1415 3966 1678 4034 tradidit,
1725 3966 1870 4038 quod
1900 3966 2077 4022 deho-

466 4077 740 4125 nestatum
770 4081 835 4125 se
882 4066 1002 4138 ejus
1035 4064 1405 4123 fraudulentis
1443 4062 1690 4120 consiliis
1730 4059 2079 4119 animadver-

469 4161 624 4220 tisset
653 4159 879 4236 (Esther
904 4174 1003 4227 vn,
1036 4158 1131 4231 9).
1288 4170 1291 4171 '

544 4253 669 4312 124.
701 4256 777 4314 Ea
804 4254 953 4312 enim
986 4249 1014 4290 ἀ
1036 4252 1276 4308 amicitia
1311 4246 1643 4322 probabilis,
1672 4261 1795 4318 quas
1820 4245 2082 4303 honesta-

470 4361 583 4410 tem
640 4358 843 4417 tuetur,
894 4345 1237 4420 pracferenda
1286 4358 1423 4401 sane
1467 4341 1695 4411 opibus,
1748 4339 2079 4407 honoribus,

470 4443 875 4517 potestatibus:
911 4441 1184 4499 honestati
1214 4454 1349 4496 vero
1379 4434 1629 4508 praeferri
1664 4449 1770 4491 non
1795 4435 1959 4504 solet,
1985 4434 2081 4492 sed

473 4539 817 4596 honestatem
847 4535 1027 4607 sequi.
1058 4534 1246 4602 Qualis
1286 4531 1390 4590 fuit
1416 4530 1691 4596 Jouathae,
1723 4530 1811 4601 qui
1843 4545 1942 4601 pro
1966 4531 2084 4603 pie-

2175 3318 2501 3384 testimonii;
2529 3333 2597 3374 ne
2616 3318 2824 3373 amicus
2847 3325 3139 3387 appetatur
3159 3317 3320 3372 amici
3348 3315 3599 3387 perﬁdia,
3624 3316 3790 3386 cujus

2175 3413 2281 3468 (ide
2305 3413 2511 3468 absolvi
2542 3413 2757 3468 debeat.
2789 3412 3013 3468 Amicus
3043 3412 3225 3479 itaque
3255 3424 3432 3481 neque
3462 3411 3631 3465 noxio
3659 3425 3788 3480 gra-

2175 3504 2369 3560 tiﬁcari
2397 3504 2589 3569 debet,
2626 3518 2805 3573 neque
2833 3503 3114 3558 innocenti
3154 3501 3426 3558 insidiari.

2246 3600 2369 3656 127.
2397 3600 2540 3656 Sane
2580 3599 2627 3654 si
2666 3613 2895 3655 necesse
2924 3598 2995 3654 sit
3035 3598 3224 3655 dicere
3264 3597 3645 3653 testimonium
3669 3640 3683 3665 ,
3736 3599 3788 3653 si

2174 3693 2301 3765 quid
2329 3692 2382 3747 in
2428 3693 2606 3748 amico
2645 3691 2761 3747 vitii
2789 3692 3127 3764 cognoverit,
3154 3701 3180 3737 κ
3216 3692 3498 3760 corripere
3523 3691 3789 3758 occulte;

2176 3789 2222 3843 si
2256 3804 2363 3843 non
2395 3786 2653 3851 audierit,
2698 3786 2981 3856 corripere
3030 3785 3229 3855 palam.
3281 3784 3419 3840 Sunt
3470 3785 3619 3840 enim
3674 3785 3781 3841 bn-

2177 3898 2263 3939 nte
2319 3884 2697 3954 correptiones
2734 3923 2748 3947 ,
2823 3892 2877 3938 et
2939 3881 3260 3951 plerumque
3307 3881 3566 3937 meliores
3618 3895 3793 3951 quam

2179 3977 2342 4030 tacita
2373 3976 2634 4032 amicitia.
2678 3975 2749 4031 Et
2795 3975 2842 4031 si
2884 3974 3006 4030 la‘di
3037 3989 3099 4031 se
3129 3982 3283 4045 putat
3305 3977 3519 4029 amicus
3545 4014 3561 4038 ,
3612 3982 3671 4029 tu
3701 3984 3795 4030 ta-

2179 4085 2303 4126 men
2350 4071 2569 4141 corripe
2594 4088 2609 4139 ;
2656 4079 2709 4126 et
2740 4069 2790 4125 si
2810 4069 3118 4125 amaritudo
3146 4068 3511 4124 correctionis
3538 4067 3794 4124 animum

2180 4163 2298 4235 ejus
2324 4164 2611 4233 vulneret,
2642 4173 2695 4218 tu
2724 4172 2905 4220 tamen
2933 4164 3151 4234 corripe
3170 4203 3187 4231 ,
3221 4176 3289 4218 ne
3318 4161 3600 4217 verearis:
3630 4162 3663 4198 ιι
3687 4161 3799 4217 Το-

2182 4256 2419 4314 lerabilia
2448 4267 2567 4313 sunt
2596 4256 2742 4313 enim
2786 4258 2944 4312 amici
2977 4256 3223 4321 uulnera,
3274 4271 3431 4326 quam
3455 4253 3800 4310 adulantium

2184 4352 2361 4408 oscula
2384 4351 2570 4427 (Prov.
2590 4365 2771 4419 xxvu,
2796 4350 2884 4422 6).
2911 4350 3200 4406 Errantem
3229 4348 3389 4420 igitur
3407 4347 3647 4403 amicum
3670 4362 3803 4403 cor-

2182 4446 2331 4516 ripe,
2379 4446 2722 4502 innocentem
2770 4444 3009 4500 amicum
3050 4459 3119 4499 ne
3154 4442 3395 4499 deseras.
3445 4440 3463 4480 ί
3512 4441 3802 4499 Constans

2184 4540 2331 4596 enim
2369 4538 2535 4595 debet
2563 4553 2686 4594 esse
2728 4538 3001 4605 amicitia,
3050 4550 3401 4609 perseverare
3443 4534 3498 4592 in
3544 4534 3799 4604 affectu;

473 4642 587 4691 tate
617 4647 719 4689 nec
755 4631 1022 4689 oﬂensam
1065 4631 1239 4702 patris
1258 4670 1274 4695 ,
1304 4643 1406 4685 uec
1435 4627 1629 4683 salutis
1656 4626 1958 4699 periculum
1991 4642 2082 4684 re-
2104 4618 2159 4681 D
2186 4645 2295 4688 non
2332 4632 2529 4702 puerili
2562 4631 2725 4688 modo
2768 4633 2977 4687 amicos
3009 4640 3223 4687 mutare
3248 4644 3381 4701 vaga
3427 4628 3670 4700 quadam
3696 4632 3803 4688 de-

476 4724 716 4799 fugiebat
744 4725 797 4799 (l
829 4724 959 4797 Reg.
989 4739 1081 4790 xx,
1109 4722 1180 4780 29
1213 4731 1260 4778 et
1300 4738 1408 4791 seq.
1428 4720 1471 4793 ).
1500 4718 1689 4789 Qualis
1728 4719 1829 4776 fuit
1858 4719 2080 4777 Abime-

476 4821 597 4878 lech
620 4864 636 4891 ,
660 4821 751 4894 qui
781 4835 881 4894 pro
911 4818 1199 4892 hospitalis
1225 4817 1417 4889 gratia:
1447 4814 1645 4875 ofﬁciis
1675 4831 1865 4874 necem
1895 4817 2078 4889 potius

551 5087 578 5117 ι
616 5076 710 5135 Sic
746 5089 880 5132 mss.
915 5072 1075 5145 longe
1125 5070 1387 5145 plurimi,
1416 5083 1482 5125 ac
1525 5077 1667 5145 nota:
1716 5067 2082 5145 probatioris:

482 5149 733 5211 nonnulli
766 5160 947 5205 tamen
990 5141 1047 5202 εἰ
1071 5159 1263 5205 omnes
1301 5141 1463 5211 edit.,
1496 5142 1596 5198 soli
1640 5151 1847 5213 possent
1897 5141 2089 5212 prada:

478 5223 756 5300 incubare,
784 5218 1079 5300 elegerunt,
1107 5226 1215 5274 ctc.
1283 5282 1297 5300 δ
1754 5294 1765 5300 _
1860 5284 1872 5297 ,

544 5293 575 5333 ιι
613 5294 818 5351 Omnes
839 5290 971 5348 edit.
992 5305 1115 5347 cum
1145 5290 1330 5360 paucis
1357 5299 1491 5344 mss.
1518 5290 1829 5345 constitutus
1854 5290 1908 5340 in
1933 5293 2083 5356 porta

477 5365 633 5425 inter,
658 5376 766 5421 etc.

551 5449 574 5477 ε
614 5438 819 5493 Omnes
848 5432 1007 5499 edit.,
1041 5446 1135 5502 nec
1168 5446 1383 5500 parcere
1405 5429 1519 5502 neci
1550 5432 1682 5502 ejus.

549 5505 578 5545 ά
640 5504 755 5563 Cic.
792 5506 884 5561 lib.
929 5498 1001 5562 nt
1026 5498 1209 5569 Ollio},
1261 5518 1385 5574 pag.
1416 5498 1673 5574 595,:lin.
1703 5498 1808 5557 50:
1848 5498 2078 5557 Maxime

479 5589 649 5636 autem
678 5576 1042 5646 perturbantur
1070 5571 1604 5647 ofﬁcia-itt'amicitiis
1625 5611 1642 5639 ,
1682 5579 1789 5647 etc.

555 5661 577 5688 ε
618 5641 777 5716 Ibid.,
806 5650 902 5704 lin.
928 5649 1031 5706 ὅδε
1056 5641 1308 5716 Αἰήεᾳιιε
1333 5655 1512 5702 contra
1534 5641 1934 5716 rempublicam,
1964 5653 2071 5699 etc.

480 5721 613 5792 Item
639 5721 707 5778 tle
721 5712 893 5778 Amic.
920 5737 1044 5792 pag.
1063 5715 1192 5785 424,
1219 5712 1313 5776 litt.
1337 5719 1396 5792 ‘I:_
1419 5712 2075 5792 Quauwbrcmvideamus,

482 5788 527 5847 si
544 5795 729 5862 placet,
743 5785 1150 5861 quaten'us'anwr
1169 5793 1221 5847 in
1243 5785 1733 5862 amicitia‘progredi
1749 5786 1947 5862 debeat,
1966 5796 2075 5843 etc.

561 5864 579 5904 ί
624 5857 777 5929 Βοῠὶ.
813 5864 976 5932 edit.,
1006 5862 1412 5945 prtcponderarc
1439 5857 1685 5919 charitati
1712 5858 1915 5917 uitium.

2187 4711 2380 4781 bemus
2408 4728 2698 4781 sententia.

2261 4815 2384 4873 128.
2415 4816 2580 4889 Aperi
2611 4820 2625 4869 1
2675 4824 2865 4889 pectus
2897 4825 3049 4873 tuum
3072 4816 3279 4887 amico,
3308 4824 3370 4873 ut
3392 4817 3574 4874 ﬁdelis
3596 4817 3671 4873 sit
3697 4818 3803 4876 tibi

2270 5080 2293 5118 8
2324 5069 2441 5127 Cic.
2481 5071 2638 5128 Ollio.
2676 5072 2775 5128 lib.
2801 5088 2841 5140 ι,
2893 5087 3013 5143 pag.
3060 5073 3187 5137 558,
3226 5073 3326 5128 lin.
3367 5071 3477 5128 £6:
3510 5070 3803 5130 Interdum

2195 5141 2353 5217 etiam
2375 5143 2762 5217 objurgationes
2782 5145 2837 5198 in
2850 5141 3042 5217 amicis
3064 5145 3232 5212 vigent
3263 5146 3504 5201 maxime.
3524 5143 3669 5217 (Item
3700 5146 3800 5203 de.

2190 5211 2367 5288 Amic.
2402 5211 2685 5288 [ἡμείηὶ
2707 5216 2806 5269 lin.
2842 5216 2877 5269 5
2917 5233 2930 5272 :
2965 5211 3252 5271 Consilium
3281 5232 3457 5271 verum
3497 5214 3629 5270 dare
3654 5234 3799 5288 gau-

2190 5285 2407 5340 deamns
2442 5286 2603 5340 libere
2620 5328 2634 5350 ,
2663 5296 2771 5342 etc.

2260 5354 2290 5395 δ
2330 5358 2519 5412 Roma.
2565 5357 2695 5413 edit.
2731 5358 2881 5413 sola:
2918 5357 3144 5413 Utiliora
3185 5368 3307 5414 sunt
3342 5359 3497 5413 amici
3536 5359 3804 5419 vulnera:

2188 5438 2297 5481 vet.
2328 5438 2513 5484 autem
2544 5443 2608 5485 ac
2658 5444 2816 5495 mss,
2846 5428 3198 5497 Tolerabilia,
3229 5445 3323 5485 seu
3343 5473 3356 5491 ,
3399 5430 3806 5499 tolerabiliora;

2187 5499 2406 5581 quidam
2437 5510 2614 5554 tamen
2634 5542 2649 5567 ,
2679 5500 3031 5583 probabiliora
3053 5512 3170 5555 sunt
3214 5503 3366 5556 amici
3395 5501 3613 5557 uulnera
3633 5543 3647 5565 ,
3681 5515 3802 5562 etc.

2263 5568 2282 5611 ί
2325 5569 2439 5625 th.
2471 5570 2539 5626 de
2572 5572 2748 5626 Amtc.
2777 5587 2897 5627 nau.
2922 5571 3051 5627 428.
3086 5572 3183 5627 lin.
3216 5572 3413 5627 I:Non
3437 5574 3573 5626 enim
3602 5577 3802 5627 «inici-

2371 5587 2439 5625 tc.
2471 5587 2539 5626 ue
2572 5587 2748 5626 mute.
2777 5587 2897 5636 pag.
2922 5587 3051 5636 uti,
3087 5587 3183 5627 Itn.
3216 5587 3413 5628 t:lvon
3437 5589 3573 5626 entm
3602 5587 3807 5630 armci-

2264 5588 2282 5611 ι
2325 5588 2439 5625 ωε.
2471 5588 2539 5626 ue
2572 5588 2748 5626 mute.
2777 5588 2897 5642 pag.
2922 5588 3051 5636 sats,
3087 5588 3183 5627 Itn.
3216 5588 3413 5628 t:tvon
3437 5589 3573 5626 entm
3602 5588 3800 5630 arnica-

2186 5641 2377 5695 tiarum
2398 5658 2507 5696 esse
2528 5641 2731 5707 debent,
2763 5645 2896 5699 sicut
2917 5644 3139 5697 aliarum
3163 5660 3335 5699 rerum
3362 5644 3648 5705 satietates.
3675 5658 3800 5705 etc.

2258 5711 2274 5762 l
2324 5712 2485 5777 Ibid.,
2513 5728 2636 5785 pag.
2661 5715 2788 5779 426,
2818 5716 2917 5771 lin.
2944 5713 3189 5770 15:Tum
3206 5718 3274 5773 sit
3294 5719 3425 5772 inter
3447 5731 3533 5772 eos
3552 5717 3807 5783 omnium

2183 5800 2381 5850 rerum,
2416 5785 2751 5849 consiliorum
2778 5797 2825 5842 et
2850 5787 3332 5856 voluntatum,'ctc.
