4054 6306
293 293 399 351 181

279 502 498 557 amicus
545 502 1002 559 medicamentum
1033 512 1116 559 est
1152 503 1277 558 vita:
1302 543 1319 568 ,
1362 511 1418 558 et
1460 502 1894 559 immortalitatis

277 593 457 663 gratia
491 591 697 664 (Eccti.
731 610 804 657 vr.
846 593 966 665 16),
992 602 1019 634 ι
1047 594 1212 652 Defer
1234 596 1417 650 amico
1448 604 1506 650 ut
1532 596 1758 668 tequali,
1790 610 1895 652 nec

1328 294 1417 351 DE
1452 292 1743 352 OFFlCllS
1780 293 2269 354 MINISTBOBUH
2307 296 2440 354 ΜΒ.
2480 297 2575 354 Ill.

116 406 161 451 ι’
176 381 250 485 /
279 418 336 464 et
362 408 555 479 capias
585 424 655 466 ex
683 424 749 465 eo
773 410 896 466 vitae
944 417 1045 469 tua
1067 408 1481 481 jucunditatem.
1512 407 1718 464 Fidelis
1748 407 1897 464 enirn
1922 408 1976 473 Α
2002 425 2193 467 amore
2219 424 2322 466 nec
2349 408 2592 466 fornacis
2617 409 2867 468 ardentis
2891 410 3109 467 flamma
3127 411 3321 470 divisit
3341 410 3504 483 (Dan.
3527 427 3619 480 tu,

3505 301 3616 359 182

2006 503 2075 559 16
2096 513 2145 557 et
2169 501 2340 574 seq.)!
2375 501 2455 558 De
2481 518 2590 573 quo
2612 515 2776 569 supra
2803 501 3047 559 diximus
3063 505 3081 572 (
3099 501 3264 575 Supr.
3284 520 3333 561 ι.
3355 502 3442 577 9).
3466 503 3618 560 Bene

2003 597 2082 652 ait
2107 607 2332 652 sanctus
2357 594 2557 651 David:
2582 594 2717 652 Saul
2747 605 2795 650 et
2819 594 3078 652 Jonatltas
3093 597 3315 666 speciosi
3341 605 3388 651 et
3413 597 3619 651 charis-
3688 592 3693 593 ί

283 693 341 742 te
388 686 596 756 pudeat
650 697 709 743 ut
757 690 1061 758 prasvenias
1104 690 1341 744 amicum
1389 688 1602 755 ofﬁcio;
1652 689 1899 747 amicitia
2000 692 2154 757 siuti,
2186 690 2560 763 inseparabilss
2603 690 2658 744 in
2686 690 2791 745 vita
2821 706 2953 758 sua,
2986 699 3034 745 et
3063 691 3117 746 in
3155 700 3321 747 morte
3365 706 3467 747 non
3495 699 3617 748 sunt

277 778 430 834 enim
482 780 665 836 nescit
710 781 1045 851 superbiam.
1089 779 1220 837 ldco
1261 781 1411 837 enim
1442 781 1677 852 Sapiens
1718 782 1894 838 dicit:

277 869 520 925 Amicum
534 870 769 927 salutare
790 889 892 927 non
918 874 1186 929 erubescas
1212 873 1401 948 (Eccli.
1424 889 1563 943 uti,
1588 874 1701 946 δι).
1730 873 1757 913 δ
1780 874 1893 932 Nec

276 962 509 1020 deseras
556 965 797 1021 amicum
856 967 909 1022 in
960 967 1323 1035 necessitate,
1376 982 1480 1024 nec
1535 967 1895 1039 derelinquas

273 1071 400 1111 eum
420 1098 436 1124 ,
471 1070 655 1128 neque
682 1056 988 1125 destituas;
1014 1060 1274 1129 quoniam
1303 1059 1550 1114 amicitia
1571 1058 1698 1114 vita:
1731 1058 1890 1130 adju-

275 1157 527 1204 rnentum
581 1158 689 1205 est.
743 1151 873 1207 Ideo
918 1166 1088 1208 onera
1143 1162 1333 1208 nostra
1379 1160 1696 1223 portemus,
1746 1153 1891 1211 sicut

272 1243 580 1313 Apostolus
626 1244 819 1300 docuit
862 1242 1073 1316 (Galat.
1113 1262 1189 1309 vr,
1229 1247 1332 1317 2);
1376 1245 1514 1302 dicit
1579 1248 1726 1303 eitim
1794 1246 1882 1304 his

276 1348 298 1375 ο
315 1351 458 1408 quos
486 1337 734 1409 ejusdem
756 1340 1011 1410 corporis
1038 1344 1321 1411 complexa
1350 1353 1435 1397 est
1460 1339 1728 1397 charitas.
1754 1342 1878 1399 Ete-

270 1431 387 1486 nim
414 1431 463 1484 si
486 1430 649 1487 amici
675 1431 935 1488 secunda:
968 1447 1060 1488 res
1086 1434 1295 1488 amicos
1321 1434 1623 1504 adjuvant,
1651 1450 1751 1489 cur
1774 1451 1885 1491 non

268 1532 327 1580 et
356 1524 411 1579 in
440 1523 695 1580 adversis
737 1525 900 1582 amici
944 1527 1110 1582 rebus
1153 1526 1461 1582 amicorum
1503 1526 1886 1597 adjumentum

265 1618 569 1688 suppetat?
614 1616 885 1675 Juvemus
943 1619 1207 1688 consilio,
1259 1621 1613 1677 conferamus
1659 1622 1880 1693 studia,

267 1713 677 1783 compatiamur
714 1711 935 1770 affectu.

2000 785 2223 855 separati
2250 782 2327 852 (ll
2368 782 2504 855 Reg.
2536 798 2576 846 ι,
2606 780 2737 853 25).

2072 875 2197 933 {53.
2240 876 2343 931 llic
2396 888 2481 932 est
2529 874 2784 932 amicitia:
2834 873 3083 943 fructus,
3108 883 3132 911 ε
3173 883 3232 931 ιιι
3269 890 3379 931 non
3419 873 3560 932 ﬁdes
3585 870 3606 911 ί

2000 981 2222 1042 propter
2243 970 2539 1025 amicitiam
2585 967 2920 1024 destruatur.
2950 964 3071 1023 Non
3115 975 3296 1038 potest
3322 966 3469 1024 enim
3502 966 3606 1021 lto-

1994 1061 2129 1118 mini
2177 1062 2385 1117 amicus
2431 1076 2596 1126 esse,
2627 1058 2720 1131 qui
2766 1061 2876 1116 Deo
2909 1057 3081 1116 fuerit
3109 1057 3332 1114 inﬁdus.
3376 1057 3606 1114 Pietatis

1994 1165 2181 1214 custos
2226 1154 2464 1210 amicitia
2498 1162 2623 1219 est,
2650 1163 2705 1208 et
2743 1153 3069 1223 :equalitatis
3099 1150 3387 1224 magistra;
3418 1161 3476 1206 ut
3515 1165 3605 1206 su-

1996 1247 2183 1318 perior
2212 1247 2462 1303 interiori
2485 1260 2545 1301 se
2573 1244 2835 1303 exhibeat
2855 1244 3153 1317 aequalem,
3183 1243 3415 1301 inferior
3444 1259 3609 1315 supe-

1993 1341 2149 1397 riori.
2182 1340 2333 1397 lnter
2364 1349 2389 1388 8
2419 1339 2667 1410 dispares
2694 1339 2840 1394 enim
2889 1353 3072 1395 mores
3114 1353 3223 1393 non
3263 1345 3440 1408 potest
3477 1351 3602 1391 csse

1992 1436 2263 1502 amicitia;
2319 1442 2374 1489 et
2426 1433 2548 1489 ideo
2587 1432 2885 1489 convenire
2934 1431 3038 1486 sibi
3089 1431 3377 1503 utriusque
3434 1430 3600 1486 debet

1991 1530 2189 1602 gratia.
2217 1528 2328 1585 Nec
2367 1527 2675 1584 auctoritas
2703 1526 2847 1584 desit
2889 1524 3135 1582 inferiori
3160 1567 3175 1594 ,
3206 1524 3255 1581 si
3287 1540 3373 1582 res
3431 1540 3602 1598 popo-

1989 1623 2185 1689 scerit,
2210 1637 2312 1678 nec
2341 1619 2624 1676 humilitas
2648 1620 2945 1692 superiori.
2965 1620 3165 1676 Audiat
3190 1619 3346 1692 quasi
3373 1635 3600 1693 parem,

1987 1718 2143 1790 quasi
2173 1717 2442 1788 mqualem
2467 1733 2481 1770 :
2508 1724 2565 1771 et
2596 1714 2688 1771 ille
2716 1715 2873 1787 quasi
2901 1715 3113 1771 amicus
3140 1724 3383 1784 moneat,
3410 1715 3600 1786 objur-

342 1804 473 1863 129.
503 1805 566 1861 Si
616 1820 846 1862 necesse
876 1813 998 1876 est,
1031 1808 1337 1865 toleremus
1384 1820 1614 1880 propter
1642 1810 1883 1867 amicum
1912 1820 1960 1881 Β
1986 1820 2118 1882 get,
2153 1823 2262 1865 non
2290 1808 2570 1879 jactantia:
2607 1806 2789 1864 studio
2810 1849 2827 1878 ,
2856 1807 2952 1864 sed
2986 1806 3185 1864 aﬂ'ectu
3216 1809 3522 1864 charitatis.

269 1899 442 1957 etiam
473 1914 698 1970 aspera.
730 1900 1067 1973 Plerumque
1094 1902 1399 1959 inimicitias
1427 1906 1730 1962 subeundas
1760 1914 1890 1963 sunt

269 2003 504 2065 propter
534 1995 696 2051 amici
726 1996 1102 2053 innocentiam
1127 2038 1144 2065 ,
1172 2012 1320 2069 saepe
1345 1998 1811 2067 obtrectationes,
1839 2001 1888 2057 si

266 2085 551 2143 restiteris
595 2088 679 2144 vel
728 2089 1110 2161 responderis,
1141 2105 1267 2146 cum
1299 2092 1513 2147 amicus
1558 2093 1804 2165 arguitur
1830 2101 1888 2150 ct

264 2192 586 2239 accusatur.
630 2182 744 2240 Nec
791 2194 848 2240 te
889 2185 1153 2256 paeniteat
1198 2186 1474 2258 ejusmodi
1524 2186 1882 2258 offensionis;

261 2277 398 2347 justi
429 2279 580 2333 enim
618 2292 723 2332 vos
763 2287 878 2334 est:
907 2276 1024 2333 Etsi
1056 2281 1199 2334 mala
1228 2280 1355 2335 mihi
1383 2282 1643 2337 evenerint
1674 2293 1883 2354 propter

267 2369 519 2435 amicum,
545 2369 776 2424 sustineo
806 2367 1008 2442 (Eccli.
1044 2386 1187 2437 uti,
1219 2373 1342 2444 51).
1378 2372 1437 2429 1η
1464 2374 1713 2431 adversis
1736 2376 1881 2433 enim

265 2463 484 2519 amicus
538 2463 838 2534 probatur;
875 2480 1003 2520 nam
1056 2466 1112 2521 in
1154 2469 1435 2538 prosperis
1480 2469 1641 2525 amici
1689 2484 1883 2526 omnes

268 2556 551 2612 videntur.
584 2556 691 2612 Sed
715 2566 778 2612 ut
802 2558 855 2613 in
881 2558 1131 2616 adversis
1156 2561 1320 2616 amici
1355 2561 1620 2631 patientia
1651 2573 1707 2618 et
1742 2564 1881 2620 tole-

271 2651 451 2706 rantis
475 2650 816 2716 necessaria,
841 2651 921 2708 sic
942 2652 999 2709 in
1021 2655 1299 2725 prosperis
1315 2658 1618 2714 auctoritas
1640 2672 1883 2730 congrua

269 2756 388 2811 est;
417 2753 479 2800 ut
508 2745 865 2802 insolentiam
895 2749 1217 2805 extollentis
1247 2764 1308 2805 se
1336 2750 1498 2807 amici
1531 2752 1799 2821 reprimat
1824 2759 1882 2809 et

272 2838 596 2909 redarguat.

344 2936 473 2991 150.
505 2935 681 3004 Quam
706 2934 934 3007 pulchre
960 2935 1015 2992 in
1040 2936 1290 2994 adversis
1319 2938 1532 3009 positus
1575 2936 1680 2995 Job
1705 2937 1875 2994 dicit:

271 3028 597 3085 lliscrcmini
636 3030 767 3099 mei,
818 3030 1004 3098 amici,
1034 3031 1348 3086 miseremini
1372 3028 1530 3103 (Job.
1579 3046 1672 3086 xtx
1696 3072 1710 3098 ,
1741 3029 1873 3101 21).

268 3123 389 3180 Non
420 3123 581 3196 quasi
610 3122 819 3195 abjecta
860 3138 961 3180 vox
1004 3123 1106 3178 ista
1129 3133 1236 3191 est,
1267 3122 1366 3180 sed
1397 3121 1555 3195 quasi
1594 3124 1871 3179 censoria.

2060 1902 2182 1958 155.
2212 1900 2399 1972 Neque
2425 1898 2453 1937 ιι
2482 1899 2710 1956 monitio
2739 1914 2936 1973 aspera
2963 1900 3060 1969 sit,
3082 1916 3261 1973 neque
3290 1900 3598 1973 objurgatio

1985 1994 2419 2061 contumeliosa;
2456 1994 2600 2051 sicut
2635 1995 2783 2052 enim
2824 1994 3151 2051 adulationis
3181 1994 3421 2067 fugitans
3451 1997 3592 2051 ami-

1984 2089 2115 2144 citia
2145 2088 2310 2145 debet
2353 2102 2507 2157 esse,
2540 2087 2614 2144 ita
2665 2087 2830 2144 etiam
2860 2087 3040 2145 aliena
3090 2088 3418 2145 insolentiae.
3449 2089 3592 2156 Quid

1984 2192 2071 2238 est
2096 2181 2244 2237 enim
2296 2181 2532 2249 amicus,
2564 2181 2666 2237 nisi
2709 2195 2940 2236 consors
2986 2183 3228 2251 amoris,
3262 2182 3277 2232 ι
3319 2182 3386 2237 ad
3417 2197 3585 2254 quem

1983 2277 2231 2333 animum
2256 2285 2410 2332 tuum
2450 2276 2715 2348 adjungas
2752 2285 2917 2347 atque
2959 2275 3243 2348 applices,
3273 2286 3329 2333 et
3356 2278 3428 2333 ita
3459 2278 3591 2333 mis-

1981 2386 2132 2441 ceas,
2152 2381 2211 2428 ut
2251 2388 2416 2427 unum
2447 2371 2585 2428 velis
2612 2371 2729 2427 ﬁeri
2758 2387 2822 2427 ex
2844 2370 3089 2439 duobus,
3118 2371 3206 2427 cui
3228 2379 3283 2428 te
3311 2380 3587 2443 tamquam

1982 2464 2144 2521 alteri
2174 2464 2266 2520 tibi
2296 2464 2644 2532 committas,
2678 2479 2707 2519 a.
2736 2479 2847 2535 quo
2879 2463 3016 2519 nihil
3044 2465 3239 2520 timeas
3259 2506 3274 2531 ,
3308 2464 3445 2520 nihil
3471 2465 3589 2537 ipse

1982 2558 2256 2616 commodi
2306 2558 2384 2615 tui
2427 2573 2597 2615 causa
2643 2559 2994 2615 inhonestum
3024 2558 3257 2630 petastt
3294 2558 3411 2615 Non
3441 2560 3588 2614 enim

1983 2653 2267 2727 vectigalis
2291 2654 2533 2711 amicitia
2559 2662 2672 2720 est,
2699 2653 2796 2711 sed
2820 2653 2978 2725 plena
3003 2652 3249 2720 decoris,
3278 2653 3437 2726 plena
3464 2668 3588 2724 gra-

1984 2748 2092 2803 tiae.
2133 2746 2316 2802 Virtus
2344 2758 2431 2802 est
2484 2747 2630 2803 enim
2683 2746 2961 2813 amicitia,
2994 2761 3103 2802 non
3155 2758 3427 2817 quaestus;
3459 2746 3585 2817 quia

1982 2836 2009 2879 ¹ι
2038 2856 2147 2897 non
2192 2841 2422 2912 pecunia
2459 2839 2694 2912 paritur,
2723 2840 2819 2896 sed
2860 2840 3035 2910 gratia
3084 2857 3100 2897 :
3151 2854 3254 2896 nec
3282 2838 3587 2895 licitatione

1982 2936 2282 3006 pretiorum
2306 2975 2320 2999 ,
2352 2933 2449 2989 sed
2479 2934 2893 2990 concertatione
2926 2932 3342 2989 benevolentiae.

2052 3029 2180 3085 154.
2211 3027 2457 3099 Denique
2490 3027 2743 3084 meliores
2776 3027 3029 3083 amicitim
3051 3036 3179 3083 sunt
3209 3029 3433 3099 inopum
3462 3027 3582 3099 plc-

1982 3136 2212 3193 rumque
2239 3136 2399 3192 quam
2442 3118 2458 3157 ¹
2504 3120 2733 3175 divitum
2773 3138 2785 3174 :
2816 3130 2873 3176 et
2896 3123 3209 3191 frequenter
3239 3119 3439 3176 divites
3462 3120 3583 3175 sine

270 3216 408 3272 Nam
435 3231 561 3271 cum
604 3215 807 3287 injuste
834 3226 1159 3288 argueretur
1194 3216 1265 3273 ab
1290 3216 1515 3283 amicis,
1547 3216 1871 3288 respondit:
1902 3214 1948 3276 C
1979 3216 2174 3272 amicis
2219 3223 2375 3283 sunt,
2428 3213 2629 3286 quibus
2676 3212 2953 3268 abundant
3002 3227 3288 3284 pauperes.
3332 3212 3448 3267 Non
3495 3221 3580 3268 est

276 3309 596 3365 Miseremini
642 3310 777 3378 mei,
806 3313 1000 3377 amici;
1028 3310 1131 3367 hoc
1156 3320 1272 3377 est,
1308 3309 1747 3367 misericordiam
1774 3310 1873 3366 de-

277 3404 415 3459 betis
469 3404 680 3460 lacere:
728 3403 1041 3476 opprimitis
1081 3415 1263 3460 autem
1307 3419 1404 3460 vos
1444 3414 1501 3459 et
1544 3404 1876 3475 impugnatis

279 3496 589 3565 hominem,
618 3499 776 3568 cujus
817 3499 1082 3554 aerumnis
1110 3499 1348 3569 compati
1380 3496 1538 3572 ιω
1564 3513 1661 3569 pro
1687 3499 1875 3555 amici-

278 3589 352 3644 tia
381 3604 479 3646 vos
505 3591 807 3660 oportebat.

347 3683 473 3741 151.
503 3683 731 3741 Servate
777 3684 963 3757 igitur.
1021 3686 1152 3755 ﬁlii,
1204 3687 1395 3743 initam
1441 3703 1566 3744 eum
1613 3688 1874 3745 fratribus

267 3778 603 3845 amicitiam,
656 3794 765 3851 qua
808 3779 948 3836 nihil
998 3792 1081 3836 est
1138 3780 1192 3837 in
1243 3782 1404 3840 rebus
1456 3782 1709 3840 humanis
1756 3785 1877 3855 pul-

268 3872 483 3928 chrius.
516 3867 546 3910 ά
579 3871 848 3929 Solatium
890 3876 1094 3946 quippe
1139 3879 1266 3931 vitae
1314 3878 1475 3949 hujus
1506 3889 1631 3949 est,
1664 3888 1725 3935 ut
1768 3878 1868 3935 ha-

269 3966 403 4022 beas
420 3966 512 4023 eui
538 3978 734 4038 pectus
757 3969 974 4039 aperias
1007 3980 1159 4026 tuum
1178 4013 1194 4038 ,
1223 3986 1346 4028 cum
1377 3987 1486 4040 quo
1515 3988 1714 4028 arcana
1748 3987 1873 4043 par-

268 4061 593 4131 ticipcs,cni
621 4064 933 4118 committas
962 4076 1236 4121 secretum
1266 4067 1509 4137 pectoris
1534 4069 1608 4123 tui
1634 4084 1650 4134 ;
1675 4076 1733 4123 ut
1758 4068 1868 4124 coi-

265 4156 416 4212 loces
440 4156 539 4212 tibi
572 4156 788 4213 ﬁdelem
819 4157 1015 4225 virum,
1046 4160 1142 4231 qui
1167 4160 1221 4214 in
1257 4162 1535 4231 prosperis
1563 4162 1867 4233 gratuletur

270 4249 389 4315 tibi,
414 4251 473 4305 in
502 4250 752 4307 tristibus
788 4253 1181 4323 compatiatur,
1201 4254 1254 4309 in
1276 4256 1749 4325 persecutionibus
1770 4258 1867 4314 ad-

270 4340 546 4400 hortatur.
580 4343 755 4413 Quam
779 4345 909 4401 boni
938 4347 1098 4403 amici
1122 4347 1338 4404 llebra'i
1362 4351 1537 4417 pueri,
1564 4365 1702 4421 quos
1727 4367 1757 4407 a
1780 4351 1866 4407 sui

344 4514 371 4544 α
391 4504 510 4563 Cie.
534 4504 944 4580 deAmic.,pag.
967 4509 1319 4574 427,lin.58:
1344 4511 1502 4580 Quid,
1518 4512 1628 4569 hac
1648 4524 1701 4570 ut
1722 4517 1871 4571 antit-

1977 3311 2122 3365 cnim
2150 3325 2277 3364 vera
2304 3308 2564 3376 amicitia,
2598 3306 2690 3363 ubi
2713 3315 2797 3362 cst
2816 3305 2980 3363 fallax
3007 3306 3272 3361 adulatio.
3312 3305 3578 3364 Divitibus

1978 3403 2159 3473 itaque
2188 3402 2436 3473 plerique
2465 3402 2833 3458 assentatorie
2854 3400 3262 3472 gratiﬁcantur:
3291 3415 3416 3472 erga
3447 3416 3576 3472 pau-

1976 3504 2230 3567 peremm
2263 3508 2428 3551 nemo
2474 3494 2764 3550 simulator
2812 3502 2918 3549 est.
2956 3491 3155 3548 Verum
3201 3501 3287 3549 est
3306 3492 3571 3565 quidquid

1977 3588 2221 3646 defertur
2244 3586 2494 3659 pauperi,
2520 3585 2684 3657 hujus
2711 3585 2949 3641 amicitia
2979 3585 3179 3641 invidia
3210 3596 3387 3643 vacat.

2052 3682 2177 3738 135.
2204 3680 2344 3749 Quid
2387 3678 2625 3736 amicitia
2657 3679 2951 3751 pretiosius
2973 3721 2987 3743 ,
3019 3695 3140 3751 quae
3180 3679 3392 3751 angelis
3417 3694 3570 3736 cout-

1976 3778 2158 3834 munis
2195 3786 2253 3833 et
2302 3775 2616 3832 hominibus
2662 3775 2778 3831 est?
2809 3773 2967 3831 Unde
3015 3784 3071 3830 et
3108 3773 3370 3831 Dominus
3415 3774 3575 3832 Jcsus

1973 3871 2147 3928 dicit:
2182 3868 2362 3924 Facite
2412 3869 2550 3924 vobis
2590 3864 2786 3925 amicos
2816 3868 2877 3922 de
2906 3868 3082 3938 iniquo
3125 3883 3447 3933 mammona,
3484 3868 3572 3936 qui

1974 3965 2223 4038 recipiant
2248 3978 2336 4018 uos
2363 3964 2417 4016 in
2442 3970 2637 4017 (eterna
2664 3961 2997 4017 tabernacula
3021 3978 3116 4017 sua
3135 3961 3155 4034 (
3174 3960 3304 4016 Luc.
3334 3977 3426 4019 ινι
3445 4004 3459 4025 ,
3485 3963 3566 4032 9).

1971 4058 2092 4127 Ipse
2106 4072 2204 4111 nos
2227 4055 2369 4111 Deus
2387 4056 2593 4110 amicos
2620 4069 2689 4111 ex
2710 4054 2943 4110 servulis
2965 4054 3117 4119 facit,
3139 4053 3567 4129 sicutipselﬁl

1971 4149 2080 4204 ait:
2113 4147 2234 4205 lam
2260 4164 2347 4203 vos
2374 4148 2530 4203 amici
2556 4148 2657 4202 mei
2681 4148 2801 4202 estis
2818 4186 2834 4213 ,
2859 4148 2904 4202 si
2926 4148 3149 4217 feceritis
3174 4164 3291 4219 quia
3316 4165 3407 4221 ego
3438 4165 3572 4220 pra:-

1972 4243 2110 4315 cipio
2151 4243 2290 4298 vobis
2322 4241 2503 4314 (Joan.
2545 4257 2632 4305 xv,
2665 4237 2789 4311 14).
2827 4240 2983 4297 Dedit
3033 4242 3264 4296 formam
3315 4243 3570 4300 amicitia

1972 4350 2135 4407 quam
2181 4348 2496 4407 sequamur,
2523 4343 2584 4389 ut
2623 4331 2886 4390 faciamus
2909 4333 3071 4389 amici
3109 4333 3442 4392 voluntatem
3466 4377 3480 4403 ,
3515 4346 3576 4394 ιιι

1978 4519 2403 4593 uirumbonum,
2420 4529 2530 4573 tum
2558 4520 2777 4593 alterum
2805 4519 3023 4593 similem
3047 4520 3130 4593 sui
3152 4538 3407 4593 quwrere,
3455 4539 3563 4589 etc.

274 4588 861 4669 ιιιηιὲ-Ειιᾳιιιῌθναιζεξ,Α
884 4598 1037 4669 quam
1064 4583 1307 4654 difﬁciles
1335 4586 1592 4657 plerisque
1636 4587 1872 4642 videntur
1900 4588 1952 4649 D
2050 4588 2076 4628 h
2108 4590 2226 4669 Lib.
2264 4591 2462 4669 tOllic.
2498 4607 2619 4669 pag.
2660 4590 2784 4669 5_70,
2821 4590 2914 4669 litt.
2960 4592 2993 4645 9
3018 4609 3029 4644 :
3058 4583 3259 4669 Mai/na
3299 4583 3566 4658 autemﬂe'a:

273 4650 629 4703 calamitatum
651 4650 945 4718 societates,
980 4663 1086 4709 etc.

343 4720 372 4759 δ
412 4722 577 4787 lltid.,
619 4738 739 4792 pag.
786 4726 919 4790 428,
966 4726 1059 4779 1ἱιι.
1107 4725 1205 4782 2οε
1240 4725 1347 4782 Sed
1392 4730 1673 4783 maximum
1702 4739 1775 4784 est
1813 4731 1866 4785 in

273 4794 526 4870 amicitia,
550 4796 862 4864 saperiorem
891 4814 1068 4859 parem
1091 4815 1201 4853 esse
1219 4799 1483 4870 inferiori,
1517 4809 1628 4856 etc.
1748 4826 1753 4833 κ

305 4877 372 4990 Ic
408 4866 563 4990 fidit.
611 4882 673 4921 ac
705 4870 861 4938 pauci
898 4885 1053 4933 mss.,
1091 4873 1231 4937 Quos
1275 4866 1453 4924 eadem
1483 4872 1753 4936 complexa
1793 4884 1866 4928 est

321 4954 419 4990 ιηη
444 4955 524 4990 αδ.

276 4947 524 4992 (naritus.

344 5007 371 5085 ti
400 5009 521 5065 Cic.
546 5009 613 5085 de
642 5010 814 5067 Amic.
841 5026 894 5081 p.
918 5010 1044 5073 421,
1078 5013 1171 5067 lin.
1201 5012 1299 5067 59:
1324 5012 1463 5080 Quid
1488 5014 1695 5068 dulcius
1717 5030 1869 5085 quam

276 5079 464 5157 habere
486 5084 697 5157 quicum
717 5079 889 5157 omnia
912 5085 1107 5139 audeas
1131 5087 1204 5141 sic
1234 5079 1393 5157 loqui,
1428 5098 1491 5157 ut
1512 5096 1700 5152 tecum,
1729 5079 1839 5144 etc.

351 5156 379 5228 ξ
420 5151 545 5228 Lib.
578 5170 635 5210 ιιι
663 5153 846 5224 Olﬁc.,
883 5171 1001 5225 pag.
1032 5157 1157 5220 595,
1185 5151 1373 5212 lin.“
1400 5176 1411 5209 :
1447 5156 1585 5211 Nam
1614 5160 1659 5212 si
1696 5161 1869 5215 omnia

279 5223 519 5297 facienda
558 5228 660 5280 sint
704 5223 1011 5297 queamici
1057 5231 1248 5297 velint,
1281 5237 1387 5284 etc.
1421 5229 1548 5283 Item
1591 5229 1657 5283 de
1690 5233 1866 5287 Amic.

282 5310 396 5365 pag.
432 5294 564 5359 424,
592 5299 685 5352 lin.
716 5294 811 5353 ib:
846 5300 994 5364 Quod
1010 5301 1054 5354 si
1077 5294 1268 5355 rectum
1296 5302 1627 5355 statuerimus
1656 5304 1735 5356 vel
1754 5319 1872 5357 con-

281 5369 676 5451 cederecmicis,
707 5384 815 5425 etc.
844 5369 975 5425 Item
1008 5371 1105 5427 lin.
1130 5373 1229 5426 27:
1264 5371 1390 5427 Haec
1415 5374 1572 5445 igitur
1595 5373 1761 5444 prima
1788 5376 1872 5431 lea:

280 5454 332 5491 tu
362 5450 587 5492 amicitia
605 5481 619 5506 ,
648 5450 757 5496 etc.

356 5508 373 5547 ί
422 5510 637 5589 Erasini.
672 5523 726 5566 et
757 5528 877 5589 seq.
906 5511 1036 5569 edit.
1077 5530 1197 5570 cum
1239 5530 1373 5570 mss.
1418 5515 1729 5583 nonnullis,
1753 5534 1872 5589 pro-

287 5591 394 5649 pter
420 5583 704 5636 amicitiam
735 5583 1019 5639 deseratur.
1347 5634 1367 5643 ,

357 5650 536 5734 §_Cic.
569 5655 636 5711 de
657 5658 835 5711 Amic.
860 5673 981 5728 pag.
999 5657 1130 5734 425,
1155 5659 1251 5734 lin.
1273 5660 1370 5715 45:
1408 5659 1752 5734 Quamobrem
1778 5660 1875 5715 hoc

288 5723 587 5802 quidem...
616 5737 840 5802 constat,
862 5723 1190 5802 'ut'iopinor,
1223 5731 1365 5787 bouis
1397 5723 1530 5787 inter
1558 5732 1734 5798 bonos,
1763 5743 1870 5788 etc.

291 5793 418 5853 Item
452 5811 569 5869 pag.
616 5796 744 5865 429,
778 5793 871 5856 lin.
918 5793 1153 5859 l9:'Par
1178 5793 1260 5863 est
1306 5813 1472 5859 autem
1518 5793 1740 5877 primum
1768 5819 1875 5860 esse

1976 4673 2123 4738 parte
2169 4661 2944 4738 clementifastigationenlicet
2991 4666 3068 4717 uti
3096 4707 3110 4725 ,
3157 4661 3266 4721 Z-tc.
3316 4669 3447 4725 ltctn
3495 4672 3564 4729 de

1974 4735 2150 4789 Amic.
2181 4751 2303 4814 pag.
2340 4733 2595 4814 s50.__linI
2626 4734 2727 4791 b8:
2764 4733 2903 4788 Nam
2928 4744 2975 4789 et
3002 4737 3412 4797 mouendiamici
3430 4760 3567 4814 stupe

1972 4818 2090 4880 sunt
2117 4817 2163 4880 et
2191 4805 2496 4880 obiurgandi
2518 4848 2533 4872 ,
2559 4819 2665 4864 etc.

2054 4876 2068 4914 ί
2104 4876 2219 4934 Cic.
2246 4876 2323 4933 'de
2354 4878 2531 4933 Amic.
2583 4894 2704 4950 pag.
2740 4876 2875 4943 429,
2926 4876 3020 4933 litt.
3067 4880 3128 4935 Η
3159 4898 3171 4935 :
3222 4881 3316 4938 Est
3354 4885 3488 4940 enim
3519 4889 3564 4941 is

1975 4949 2173 5023 amicus
2212 4951 2452 5023 quidem,
2501 4954 2587 5020 qui
2637 4949 2710 5005 est
2744 4960 3011 5023 tamquam
3058 4952 3190 5006 alter
3238 4954 3468 5011 idem...
3497 4956 3565 5012 Et

1973 5022 2193 5075 alterum
2221 5021 2442 5093 acquirit
2481 5024 2633 5096 cujus
2667 5021 2895 5076 animum
2940 5021 3014 5074 ita
3050 5038 3165 5077 cum
3194 5041 3287 5080 suo
3327 5029 3563 5084 contritis-

1971 5107 2082 5147 ceat
2096 5133 2111 5159 ,
2147 5106 2254 5149 etc.

2050 5164 2063 5215 i
2118 5165 2278 5240 Ibid,
2309 5163 2593 5240 pag._425_,
2627 5164 2724 5240 lin.
2760 5163 2856 5219 50:
2887 5163 3051 5240 Atque
3090 5166 3254 5240 etiam,
3288 5170 3414 5224 mihi
3442 5172 3561 5240 qui-

1975 5238 2090 5291 dem
2116 5238 2337 5305 videtur,
2368 5237 2452 5306 qui
2484 5236 2721 5289 utilitatis
2748 5252 2904 5288 eoum
2922 5236 3122 5307 fingunt
3152 5238 3428 5306 amicitias,
3453 5236 3559 5298 etc.

2049 5316 2071 5346 κ
2116 5309 2259 5363 Edit.
2295 5324 2357 5363 ac
2387 5321 2516 5361 mss.
2554 5310 2779 5379 aliquot,
2814 5324 2913 5379 non
2947 5311 3162 5379 pecunia
3187 5311 3453 5379 quwritur.

2056 5379 2071 5419 ι
2101 5380 2482 5436 Cic.deAmic.
2506 5393 2558 5447 p.
2574 5378 2801 5443 426,lin.
2821 5377 2889 5451 l2
2911 5396 2922 5430 :
2942 5376 3564 5451 chenimesttyranno-

1980 5469 2092 5507 rum
2124 5453 2249 5520 vita,
2280 5451 2521 5508 nimirum
2544 5451 2597 5504 in
2623 5467 2723 5519 quo
2745 5449 2890 5503 nulla
2919 5448 3070 5516 ﬁdes,
3094 5452 3240 5505 nulla
3267 5448 3565 5511 charitas...

1978 5519 2242 5580 Coluntur'
2282 5533 2448 5578 tamen
2492 5522 2821 5575 simulatione
2868 5519 3143 5585 amicitiae,
3189 5530 3370 5578 etc,,,,
3419 5526 3566 5582 Μαι.

1979 5608 2147 5720 tyrant
2203 5612 2324 5667 opes
2375 5593 2771 5665 prmpoteutium
2824 5589 3106 5644 excludunt
3156 5592 3335 5661 ﬁdeles
3390 5599 3571 5655 amici-

1979 5676 2077 5720 tas
2098 5707 2113 5720 .
2141 5674 2247 5720 etc.

1978 5674 2077 5721 tias
2098 5707 2113 5733 ,
2141 5674 2247 5721 etc.

2050 5746 2089 5774 ιη
2133 5736 2260 5794 Gill.
2295 5751 2359 5794 ac
2385 5732 2882 5800 Bom.edit.,nemo
2898 5739 3184 5788 assentator
3211 5746 3305 5793 est.
