4054 6306
447 285 556 340 185

1789 277 2037 336 SANCTI
2077 277 2402 336 AMBROSII

3657 271 3762 329 18b

439 399 756 471 aperiamus
809 409 1028 456 secreta
1089 411 1280 457 nostra
1335 398 1517 454 amico
1574 411 1936 469 quaecumque
1987 398 2044 454 in
2074 398 2550 461 Aabsconderem
2603 413 2712 454 me.
2748 397 3006 455 lnimicus
3058 396 3212 452 vitari
3271 405 3488 467 potest,
3542 396 3761 452 amicus

432 503 662 567 pectore
695 493 965 552 habemus
989 537 1004 562 ,
1040 503 1098 551 et
1127 494 1274 550 illius
1313 507 1512 550 arcana
1560 507 1670 548 non
1700 493 2037 563 ignoremus.

436 586 806 644 Ostendamus
837 587 924 642 illi
965 601 1066 644 nos
1097 599 1288 658 pectus
1340 596 1588 643 nostrum
1613 626 1628 652 ,
1660 595 1716 642 et
1742 585 1835 641 ille
1883 584 2046 641 nobis

433 681 649 753 aperiat
678 697 858 736 suum.
901 679 1054 746 Ideo,
1107 680 1316 752 inquit,
1347 697 1436 735 vos
1481 681 1594 735 dixi
1642 679 1870 747 amicos,
1921 681 2044 747 quia

435 775 611 830 omnia
657 791 1000 846 quaecumque
1038 775 1220 829 audivi
1239 791 1271 828 a
1295 773 1454 830 Patre
1481 789 1612 838 meo,
1640 782 1764 828 nata
1781 771 1882 842 feci
1903 771 2044 827 vobis

433 868 631 942 (Joan.
662 887 755 936 xv,
787 870 904 942 Η).
931 869 1082 925 Nihil
1107 884 1243 942 ergo
1267 869 1502 926 occultat
1529 867 1741 923 amicus
1760 910 1776 935 ,
1799 867 1848 922 si
1878 881 2045 923 verus

434 977 557 1025 est:
587 968 818 1025 cll'undit
863 969 1108 1026 animum
1147 986 1308 1026 suum
1331 1011 1348 1038 ,
1381 969 1527 1026 sicut
1558 968 1870 1027 effundebat
1900 985 2048 1042 mys-

439 1063 578 1118 teria
603 1061 785 1119 Patris
815 1065 1076 1120 Dominus
1104 1063 1284 1120 lesus.

506 1157 632 1213 156.
676 1157 822 1230 Ergo
841 1159 932 1229 qui
980 1158 1112 1214 facit
1153 1156 1410 1215 mandata
1435 1158 1530 1215 Dei
1551 1201 1565 1224 ,
1597 1159 1808 1214 amicus
1835 1167 1956 1224 est;
1990 1167 2049 1215 et

442 1250 550 1306 hoc
609 1249 914 1307 honoratur
979 1251 1222 1306 nomine.
1265 1250 1368 1320 Qui
1425 1259 1512 1308 est
1565 1251 1879 1318 unanimis,
1930 1251 2046 1321 ipse

441 1344 653 1400 amicus
701 1352 818 1401 est:
864 1345 1009 1416 quod
1034 1346 1220 1401 unitas
1267 1347 1578 1402 animorum
1635 1346 1688 1401 in
1720 1346 1912 1402 amicis
1941 1347 2043 1402 sil:

435 1451 613 1508 neque
651 1438 938 1510 quisquam
985 1438 1393 1506 detestabilior,
1421 1454 1584 1510 quam
1629 1441 1722 1512 qui
1747 1441 2046 1498 amicitiam

434 1530 659 1586 laeserit.
684 1530 839 1588 Unde
871 1532 923 1586 in
945 1531 1231 1604 proditore
1255 1532 1520 1589 Dominus
1539 1534 1642 1588 hoc
1667 1533 2046 1605 gravissimum

437 1623 674 1687 invenit,
725 1623 874 1687 quod
921 1624 1040 1695 ejus
1089 1623 1488 1681 condemnaret
1533 1625 1850 1696 perﬁdiam,
1902 1626 2046 1698 quod

431 1717 619 1785 gratiae
649 1715 826 1772 vicem
860 1733 967 1772 non
991 1718 1475 1788 repraesentaverit
1494 1760 1510 1784 ,
1534 1729 1588 1775 ct
1608 1718 1878 1775 conviviis
1907 1719 2046 1774 ami-

2148 506 2257 548 non
2283 500 2492 563 potest,
2525 490 2572 547 si
2601 491 2844 547 insidiari
2869 491 3021 546 velit.
3053 489 3208 546 Illum
3237 502 3495 545 cavemus
3527 489 3620 546 cui
3649 504 3762 546 non

2143 583 2536 640 committimus
2549 584 2776 638 consilia
2795 591 2987 639 nostra
3008 600 3022 636 :
3050 581 3195 638 hunc
3216 595 3414 637 cavere
3435 595 3547 636 non
3567 594 3768 651 possu-

2145 691 2297 745 mus,
2321 677 2408 733 cui
2431 676 2829 733 commisimus.
2847 677 3038 749 itaque
3065 674 3132 731 ad
3152 672 3516 730 acervsudant
3553 671 3764 742 peccati

2143 771 2402 827 invidiam
2427 788 2534 827 non
2564 770 2739 827 dixit:
2770 771 2854 827 'l‘u
2877 785 3009 826 vero
3037 783 3230 826 servus
3250 783 3409 825 meus
3427 809 3441 832 ,
3475 766 3762 838 apostolus

2145 879 2332 930 meus;
2365 863 2461 920 sed
2481 881 2495 917 :
2515 862 2797 920 Uitaliimis
2825 878 3012 928 meus;
3055 861 3159 917 boc
3181 867 3287 927 est,
3318 873 3425 914 non
3449 873 3628 920 meus.
3661 856 3762 914 sed

2146 959 2311 1014 etiam
2367 966 2491 1012 tuus
2531 955 2777 1026 proditor
2805 969 2897 1022 es,
2945 955 3039 1024 qui
3086 955 3400 1009 unanimem
3442 949 3756 1022 prodidisti.

2221 1049 2346 1105 l37.
2391 1047 2651 1104 Dominus
2683 1049 2802 1117 ipse
2826 1063 2949 1102 cum
2994 1061 3027 1101 a
3063 1045 3236 1102 tribus
3265 1045 3488 1115 regibus
3517 1041 3762 1099 oﬂ‘ensns

2147 1149 2333 1208 esset,
2363 1141 2456 1213 qui
2480 1149 2672 1196 sancto
2692 1139 2797 1196 Job
2821 1154 2930 1196 non
2960 1137 3294 1195 detulissent
3312 1179 3328 1203 ,
3361 1138 3648 1209 ignoscere
3675 1135 3766 1191 liis

2150 1251 2247 1308 per
2266 1237 2504 1291 amicum
2535 1233 2756 1302 maluit,
2787 1243 2846 1289 ut
2872 1231 3128 1288 amicitia:
3154 1229 3473 1302 sullragintn
3503 1226 3762 1284 remissio

2147 1332 2308 1389 lieret
2334 1339 2708 1402 peccatorum.
2746 1329 2936 1400 Itaque
2965 1326 3179 1398 rogavit
3201 1325 3336 1394 Job,
3386 1333 3445 1380 et
3490 1323 3764 1379 Dominus

2149 1427 2378 1497 ignovit.
2410 1425 2624 1481 Proluit
2651 1424 2759 1482 illis
2789 1422 3030 1479 amicitia
3049 1464 3064 1490 ,
3097 1420 3295 1492 quibus
3325 1417 3586 1476 obliterat
3609 1416 3766 1472 inso-

2155 1515 2319 1572 lentia
2342 1513 2478 1588 (Job
2497 1556 2512 1581 ,
2536 1529 2648 1570 χιιι
2667 1555 2684 1582 ,
2709 1515 2741 1571 7
2765 1524 2811 1568 et
2840 1511 3000 1586 seq.).

2746 1603 3156 1664 CONCLUSIO.

2223 1702 2350 1760 l58.
2391 1701 2519 1759 Hmc
2543 1699 2687 1773 apud
2709 1715 2805 1755 vos
2835 1699 3092 1770 deposui,
3120 1697 3216 1753 lilii
3241 1739 3257 1764 ,
3287 1710 3410 1766 qua:
3434 1691 3762 1751 custodiatis

431 1809 576 1864 citius
621 1824 896 1866 venenum
927 1787 1151 1866 malitiae
1199 1811 1506 1868 miscuerit.
1537 1821 1564 1849 ιι
1595 1811 1781 1882 Itaque
1819 1812 1900 1867 sic
1928 1813 2042 1867 ait:
2073 1812 2124 1874 B
2151 1798 2208 1855 in
2229 1797 2426 1854 animis
2451 1798 2649 1852 νθειτίδ
2669 1813 2684 1850 ³
2708 1810 2830 1867 (lim
2873 1802 3056 1850 "imm
3095 1791 3297 1865 aliquid
3347 1789 3628 1862 promtus
3656 1787 3761 1842 ιη’

439 1898 518 1956 Tu
546 1918 666 1958 vero
712 1904 866 1960 homo
893 1905 1190 1972 unanimis,
1223 1905 1334 1960 dua:
1378 1921 1523 1961 meus
1575 1916 1624 1960 et
1673 1917 1826 1962 notus
1867 1922 2044 1976 meus,

436 1995 524 2064 qui
560 2011 764 2062 semper
803 2011 1002 2050 mecum
1040 1996 1222 2052 dulces
1249 1996 1491 2069 cupiebas
1519 1997 1659 2053 cibos
1689 1997 1872 2070 (Psal.
1923 2015 2048 2063 Liv,

437 2085 507 2140 M
530 2084 584 2158 )l
621 2087 732 2144 Hoc
757 2099 872 2156 est,
903 2105 1012 2146 non
1037 2101 1223 2162 potest
1251 2093 1515 2148 sustineri
1561 2093 1738 2161 istud,
1768 2093 1894 2166 quia
1920 2109 2054 2148 una-

437 2177 603 2234 nimis
647 2180 903 2249 appetisti
957 2197 1082 2238 eum
1109 2224 1124 2250 ,
1177 2183 1269 2252 qui
1301 2183 1400 2239 tibi
1442 2183 1743 2240 donaverat
1785 2185 2048 2256 gratiam:

442 2270 582 2326 Nam
609 2274 656 2326 si
688 2271 930 2328 inimicus
975 2291 1120 2332 meus
1163 2276 1518 2332 maledixisset
1569 2275 1732 2343 mihi,
1765 2278 2047 2334 sustinuis-

439 2376 543 2417 sem
573 2363 748 2434 utique
771 2363 964 2436 (Ibid.,
995 2364 1126 2440 15);
1154 2377 1212 2425 et
1237 2367 1308 2424 ab
1333 2383 1400 2426 eo
1428 2367 1586 2444 142
1607 2369 1699 2442 qui
1721 2385 1809 2428 me
1834 2371 2046 2440 oderat,

2151 1894 2351 1959 beant,
2407 1906 2502 1947 vos
2564 1887 2898 1962 probabitis;
2970 1887 3188 1944 interim
3254 1885 3470 1956 coniam
3529 1882 3762 1938 multam

2149 1987 2532 2058 exemplorum
2561 1983 2834 2040 oli'erunt:
2869 1998 2991 2038 nam
3039 1995 3212 2054 prope
3257 1979 3440 2036 omnia
3488 1975 3764 2049 Maiorum

2151 2079 2401 2151 exempla
2420 2119 2435 2144 ,
2463 2077 2698 2148 plurima
2723 2089 2939 2148 quoque
2965 2073 3111 2130 dicta
3133 2073 3221 2130 bis
3249 2073 3425 2128 tribus
3446 2069 3658 2126 inclusa
3693 2069 3732 2124 li
3750 2099 3766 2109 -

2115 2249 2120 2254 ν
2155 2172 2271 2229 bris
2297 2179 2588 2238 tenentur;
2623 2177 2762 2226 utet
2798 2170 2844 2225 si
2889 2182 3073 2225 sermo
3102 2166 3236 2223 nihil
3280 2165 3491 2221 deierat
3530 2162 3764 2234 gratim,

2157 2268 2332 2324 series
2356 2277 2536 2322 tamen
2566 2263 2854 2322 vetustatis
2880 2261 3122 2336 quodam.
3137 2257 3468 2332 compendio
3488 2269 3768 2330 expressa

2155 2360 2454 2432 plurimum
2494 2357 2870 2416 instructionis
2913 2355 3188 2413 conferat.

511 2529 538 2558 ⁸
577 2518 714 2578 Cod.
746 2521 960 2597 Bcnig.,
1012 2527 1077 2582 de
1110 2543 1211 2600 quo
1251 2528 1397 2597 loco,
1435 2540 1495 2585 ut
1565 2545 1729 2602 supra
1780 2529 2040 2598 diximus,
2071 2529 2199 2586 bene
2220 2529 2295 2585 ait
2323 2537 2533 2585 sanctus
2559 2523 2734 2584 David
2753 2541 2772 2582 :
2808 2533 2863 2582 tu
2897 2539 3052 2591 vero,
3087 2529 3198 2578 etc.

439 2663 3754 2696 Μ

882 2796 1648 2884 ADMONITIO
1724 2799 1867 2883 IN
1939 2795 2405 2882 LIBROS
2481 2784 3270 2903 SEQUENTES,

1104 2957 1217 3016 UB]
1253 2958 1346 3016 ET
1383 2958 1476 3017 DE
1514 2959 1852 3018 VIRGINUM
1892 2959 2271 3019 SACRARUM
2307 2957 2592 3017 ORlGlNE
2635 2955 3077 3014 DISSERITUB.

517 3197 842 3276 Virginitatis
861 3204 1152 3262 institutum
1176 3223 1294 3263 cum
1322 3209 1376 3264 in
1405 3209 1538 3282 ipsis
1556 3208 1752 3268 Christi
1777 3208 1995 3265 Domini
2019 3210 2217 3278 verbis,
2247 3208 2591 3283 Doctorisque
2616 3211 2845 3282 gentium
2887 3210 3124 3267 consiliis
3159 3210 3448 3266 stabilitum
3476 3209 3577 3272 sit,
3608 3218 3772 3281 atque

438 3291 492 3348 in
517 3291 759 3352 Ecclesia
786 3300 1014 3355 maximo
1041 3317 1245 3374 semper
1273 3303 1432 3375 fuerit
1457 3303 1514 3357 in
1543 3303 1750 3373 pretio;
1773 3319 1876 3357 non
1907 3301 2300 3358 immorabimur
2329 3303 2386 3357 in
2433 3301 2736 3375 refellendis
2775 3303 2884 3358 illis
2912 3303 3172 3359 hereticis
3199 3302 3289 3369 qui
3319 3311 3500 3357 contra
3529 3301 3772 3374 manife-

439 3399 571 3444 stam
597 3391 889 3464 Scripturte
913 3413 976 3450 ac
1002 3397 1255 3452 universa:
1279 3397 1576 3452 traditionis
1605 3398 1990 3461 auctoritatem,
2007 3397 2089 3454 uel
2115 3397 2411 3452 caelibatum
2439 3406 2774 3468 postposuere
2801 3397 3254 3463 matrimonio,rel
3275 3397 3612 3452 continentia:
3640 3406 3769 3450 uota

435 3493 700 3556 tamquam
731 3490 1008 3544 temeraria
1027 3531 1044 3557 ,
1085 3491 1250 3562 impia
1293 3499 1446 3562 atque
1499 3491 1685 3547 illicita
1719 3493 2090 3564 proscripsere.
2121 3491 2232 3546 Sed
2254 3491 2501 3564 quoniam
2527 3492 2662 3548 inter
2691 3491 2974 3548 catholicos
3001 3491 3093 3547 alii
3108 3493 3222 3564 jam
3251 3491 3314 3546 ab
3349 3491 3479 3560 ipsis
3504 3487 3772 3546 Ecclesiae

432 3577 765 3634 incunabulis
787 3583 1060 3653 afﬁrmant
1089 3585 1344 3640 exstitisse
1380 3586 1606 3660 uirgines
1625 3628 1642 3653 ,
1687 3597 1807 3658 q‘lltB
1834 3595 1942 3641 tum
1967 3586 2222 3642 solemnia
2248 3588 2580 3644 continentia:
2608 3597 2726 3644 vota
2756 3599 3150 3662 nuncuparent,
3184 3600 3292 3644 tum
3320 3589 3476 3644 etiam
3517 3604 3766 3644 commas.

433 3687 552 3725 nem
577 3672 736 3728 vitam
764 3675 820 3728 in
845 3678 1172 3732 monasteriis
1199 3679 1634 3750 amplecterentur
1657 3697 1676 3736 :
1706 3681 1802 3735 alii
1830 3691 2000 3736 autem
2026 3683 2156 3754 ipsis
2181 3683 2294 3737 sola
2335 3683 2535 3751 privata
2564 3694 2710 3752 uota,
2737 3694 2786 3740 et
2813 3685 2969 3740 vitam
2996 3695 3086 3741 aut
3112 3686 3167 3741 in
3197 3686 3480 3740 multarunt
3507 3684 3770 3740 simulari

435 3763 772 3819 contubernio
794 3809 808 3830 ,
841 3779 930 3822 aut
959 3771 1268 3844 singulatim
1312 3775 1364 3827 in
1407 3775 1636 3844 paternis
1663 3775 1906 3830 domibus
1939 3787 2106 3832 actam
2137 3777 2426 3833 concedunt
2449 3794 2469 3834 :
2496 3779 2590 3834 alii
2624 3779 2830 3834 demunt
2878 3782 2934 3835 in
2977 3781 3106 3850 ipsis
3154 3781 3376 3850 simplex
3429 3780 3771 3852 propositum

433 3856 576 3924 quod
599 3857 708 3912 illa:
735 3859 848 3914 uelo
873 3870 920 3916 et
949 3863 1168 3917 uestium
1217 3881 1434 3921 suarum
1483 3867 1734 3922 modestia
1783 3870 2134 3938 testabantur,
2177 3880 2497 3942 agnoscunt,
2543 3871 2819 3928 Ambrosio
2865 3883 3043 3930 nostro
3095 3875 3318 3944 primam
3365 3874 3768 3948 parthenonum

429 3949 813 4008 institutionem
855 3955 1223 4024 attribuentes;
1244 3975 1348 4013 non
1375 3961 1640 4032 ingratum
1664 3962 1909 4017 duximus
1935 3965 2048 4034 [ore
2065 4005 2082 4030 ,
2113 3963 2160 4018 si
2184 3963 2342 4036 paulo
2368 3962 2578 4020 uberius
2610 3967 2674 4019 de
2698 3965 2875 4020 eodem
2905 3978 3210 4038 argumento
3235 3967 3681 4039 proloqueremur.

507 4039 742 4097 Primam
781 4046 1078 4114 opinionem
1105 4059 1310 4104 constat
1335 4059 1624 4119 susceptam
1653 4069 1765 4106 esse
1789 4071 1821 4107 a
1850 4053 2122 4122 pluribus,
2153 4055 2242 4122 qui
2270 4071 2386 4108 eam
2411 4055 2866 4112 dissertationibus
2888 4067 2938 4112 et
2969 4058 3261 4129 ingentibus
3285 4058 3441 4112 etiam
3468 4057 3767 4113 columini-

433 4135 525 4189 bus
555 4151 888 4210 propugnare
912 4141 1122 4212 conati,
1159 4141 1384 4198 Patrum
1411 4153 1461 4198 et
1490 4145 1828 4200 conciliorum
1858 4147 2203 4218 quorumdam
2233 4149 2560 4215 testimonia,
2601 4153 2988 4223 multorumque
3033 4163 3325 4226 martyrum
3361 4152 3492 4208 Acta
3539 4169 3767 4226 conges-

431 4240 632 4286 serunt.
669 4231 1032 4290 Nihilominus
1071 4247 1240 4292 tamen
1272 4255 1490 4311 magnas
1530 4239 1648 4310 ipsa
1677 4241 2014 4309 difﬁcultates
2045 4242 2157 4312 pati
2186 4243 2408 4300 videtur.
2439 4243 2696 4299 Romaute
2725 4247 2860 4316 leges
2890 4245 3186 4300 ctelibatum
3213 4261 3384 4300 severe
3409 4245 3764 4316 prohibebant

429 4339 494 4377 ac
523 4325 841 4394 puniebant:
869 4325 1287 4384 Christianorum
1318 4331 1398 4385 vel
1443 4331 1685 4386 minimos
1735 4333 1850 4402 coyi
1873 4345 2157 4390 conuentus
2203 4353 2524 4408 nequaquam
2555 4337 2792 4392 sinebant
2833 4338 3161 4406 idololatria;
3189 4339 3280 4412 qui
3323 4339 3479 4394 etiam
3513 4356 3607 4410 pro
3656 4357 3761 4396 sua

431 4415 664 4473 libidinis
693 4419 998 4492 impotentia
1023 4426 1248 4477 ntazcime
1273 4425 1326 4477 in
1355 4424 1576 4496 virgines
1603 4425 2071 4483 debacchabantur.
2103 4427 2234 4484 Htec
2261 4439 2433 4486 tamen
2463 4431 2838 4500 difﬁcultatum
2877 4435 3128 4508 repagula
3165 4449 3342 4488 eorum
3381 4449 3500 4506 qua:
3523 4433 3582 4488 in
3607 4452 3762 4489 mar-

429 4518 606 4580 tyrum
631 4511 756 4566 bene
781 4511 1066 4568 multorum
1094 4515 1238 4570 Actis
1266 4516 1508 4587 leguntur
1526 4557 1542 4584 ,
1575 4519 1884 4574 auctoritate
1922 4531 2305 4576 removerentur
2324 4563 2341 4590 ,
2369 4521 2472 4576 nisi
2495 4522 2640 4576 illam
2666 4523 2885 4578 eleuarit
2915 4521 3185 4579 uehemens
3208 4525 3470 4596 suspicio,
3501 4541 3566 4580 ne
3603 4525 3763 4581 dica-

427 4618 544 4657 mus
563 4602 761 4658 indicia
785 4622 945 4677 prope
969 4607 1246 4678 manifesta
1265 4648 1281 4674 ,
1309 4609 1676 4681 corruptionis.
1715 4609 1865 4677 Quod
1889 4620 2062 4666 autent
2087 4611 2156 4666 ad
2181 4611 2372 4668 allatas
2395 4610 2623 4666 Patrum
2644 4623 2732 4668 aut
2752 4611 3110 4670 Conciliorum
3133 4615 3274 4670 locos
3289 4656 3306 4683 ,
3337 4615 3496 4688 facile
3522 4615 3647 4672 illos
3661 4617 3758 4676 .ita

427 4703 693 4765 exponunt
717 4696 848 4760 alii,
883 4705 938 4751 ut
966 4697 1022 4751 in
1049 4713 1172 4752 suas
1219 4699 1370 4753 etiam
1401 4710 1573 4770 partes
1600 4701 1898 4756 traducunt.

509 4782 748 4841 Proinde
776 4785 1008 4842 labentes
1037 4803 1156 4842 cum
1179 4785 1484 4845 Innocentio
1513 4789 1888 4864 [agnoscimus
1917 4791 2022 4850 duo
2051 4810 2316 4850 sacrarum
2343 4795 2600 4871 virginum
2627 4813 2856 4870 genera;
2883 4797 3131 4853 nimirum
3177 4799 3315 4855 alias
3361 4815 3484 4870 qua:
3526 4799 3760 4859 Christo

425 4877 744 4950 specialiter
772 4890 1074 4949 nupserunt
1112 4921 1128 4948 ,
1158 4892 1211 4936 et
1241 4881 1468 4936 velaria
1498 4883 1784 4940 sacerdote
1831 4896 2190 4942 meruerunt:
2237 4897 2296 4943 et
2330 4887 2470 4944 alias
2501 4905 2622 4960 qua!
2651 4889 2881 4945 necdum
2921 4905 3082 4946 sacro
3122 4891 3392 4948 velamine
3445 4903 3636 4962 tectae,
3670 4906 3759 4952 ta-

425 4986 552 5026 men
583 4972 636 5026 in
669 4971 952 5043 proposito
981 4973 1231 5044 virginali
1261 4990 1482 5046 semper
1521 4992 1584 5034 se
1613 4994 1836 5035 manere
1865 4981 2240 5051 promiserunt
2269 4982 2484 5058 (Epist.
2522 4985 2593 5040 ad
2630 4983 2847 5041 Victric.
2879 4984 3220 5060 Rotomag.).
3252 4990 3317 5044 At
3344 5004 3464 5044 vero
3499 4998 3756 5061 utrasque

423 5076 675 5140 perpetuo
700 5067 1016 5139 virginitatis
1039 5077 1156 5123 uoto
1192 5069 1433 5124 astrictus
1460 5073 1621 5143 fuisse
1647 5075 2023 5131 contendimus.
2063 5075 2126 5130 Et
2148 5087 2284 5134 certe
2310 5078 2448 5133 illud
2481 5078 2756 5146 Patribus,
2803 5082 3028 5138 maxime
3053 5092 3227 5138 autem
3257 5085 3550 5157 Augustino
3587 5085 3758 5157 fanti-

422 5161 556 5216 liare
584 5161 818 5216 videmus
845 5177 982 5252 esse,
1012 5171 1070 5216 ut
1093 5178 1240 5218 uoces
1270 5167 1609 5236 propositum
1638 5184 1699 5222 ac
1730 5179 1913 5224 votum
1941 5171 2120 5227 eodem
2148 5183 2397 5246 usurpent
2437 5175 2760 5248 significatu.
2798 5175 2980 5248 Neque
3005 5190 3182 5234 uotum
3211 5180 3353 5252 apud
3376 5181 3516 5251 ipsos
3543 5196 3756 5252 quoque

421 5252 760 5307 scholasticos
784 5251 934 5306 aliud
963 5262 1108 5335 sonat
1132 5269 1286 5324 quam
1313 5257 1636 5326 prapositum
1662 5275 1782 5314 voce
1807 5259 2094 5330 ﬁrmatum.
2129 5261 2284 5328 Quod
2311 5264 2487 5336 utique
2512 5282 2676 5322 sacrte
2697 5267 2808 5324 illa:
2830 5269 3056 5340 uirgines
3081 5251 3416 5342 factitabant,
3464 5287 3584 5326 cum
3608 5251 3750 5328 illud

421 5347 639 5401 uestium
665 5345 976 5410 mutatione,
1010 5363 1074 5400 ac
1103 5347 1201 5401 loci
1231 5348 1286 5402 in
1308 5347 1544 5405 Ecclesia
1570 5355 1798 5424 separati
1825 5357 2165 5424 occupatione
2195 5359 2368 5428 palam
2413 5362 2661 5431 facerent.

501 5439 655 5532 Quod
694 5440 741 5493 si
768 5438 1049 5494 obtendant
1076 5439 1328 5512 Cypriani
1377 5443 1580 5512 locum,
1632 5445 1721 5500 ubi
1764 5449 2000 5519 praecipit
2026 5467 2046 5505 :
2086 5451 2221 5520 Qua:
2253 5466 2610 5522 perseverare
2654 5456 2852 5513 nolunt
2877 5467 2969 5514 aut
2997 5474 3104 5516 non
3131 5471 3390 5532 possunt,
3415 5463 3616 5520 melius
3655 5475 3749 5522 est

424 5531 666 5630 nubant,
716 5548 875 5600 «(nam
907 5532 960 5588 in
992 5533 1170 5630 ignem
1199 5533 1416 5630 delictis
1438 5538 1555 5592 suis
1584 5537 1782 5630 cadant
1812 5540 2020 5612 (Epist.
2049 5543 2121 5598 ad
2149 5542 2408 5613 Pompon.
2433 5543 2491 5618 );
2519 5547 2576 5600 id
2613 5564 2676 5602 ea
2705 5551 2906 5604 ratione
2949 5531 3202 5607 statutum
3245 5571 3354 5610 esse
3395 5557 3749 5630 respondetur

425 5623 490 5678 ob
515 5624 718 5695 lapsum
747 5625 1091 5696 quarumdam
1115 5627 1374 5698 uirginum
1398 5671 1413 5695 ,
1459 5645 1576 5700 quae
1621 5629 1960 5698 o/fensionem
1985 5632 2243 5692 Ecclesia:
2283 5637 2560 5694 etiamnum
2588 5641 2904 5700 crudelitate
2949 5657 3287 5716 tyrannorum
3332 5623 3528 5704 uexati:

419 5718 564 5814 bant.
585 5719 854 5814 Quocirca
881 5719 999 5776 licet
1040 5721 1196 5778 istius
1219 5721 1366 5777 modi
1387 5724 1638 5796 conjugia
1667 5727 1922 5797 majorem
1964 5728 2020 5783 in
2070 5729 2285 5812 modum
2330 5733 2696 5790 condemnaret
2720 5754 2830 5803 ,τα
2857 5749 3028 5814 tamen
3059 5750 3322 5814 tamquam
3367 5718 3744 5814 ntinotfa'ntald

416 5811 643 5868 vitandis
672 5814 962 5886 majoribus
990 5815 1259 5872 toleranda
1285 5815 1486 5871 censuit
1506 5816 1680 5872 uerius
1704 5855 1718 5884 ,
1747 5833 1902 5887 quam
1950 5808 2202 5891 probarit.
2237 5823 2377 5890 Quin
2405 5826 2563 5883 etiam
2610 5837 2824 5886 sanctus
2883 5805 3216 5904 Epiphanius
3259 5814 3496 5906 (ﬁdem.
3527 5805 3590 5890 lii
3615 5831 3636 5906 )
3678 5805 3743 5896 ai?

3723 5958 3885 6150 ί
