4054 6306
244 311 356 366 185
1366 304 1455 361 DE
1495 302 1845 364 VIRGINIBU

1971 304 2110 363 IBRI
2152 302 2355 361 TRES.
3463 297 3569 358 186

242 437 364 494 post
385 444 509 485 eum
537 432 864 507 Augustinus
891 430 1043 505 (Lib.
1076 429 1139 487 de
1164 425 1521 485 BonoViduit.
1547 442 1667 496 cap.
1700 426 1767 483 10
1791 435 1840 482 et
1869 424 1970 500 11)
2010 442 2235 499 quorum
2280 424 2595 497 temporibus
2641 423 2898 494 virginum
2940 424 3159 480 illarum
3202 433 3321 478 uota
3376 422 3572 477 usitata

243 522 414 593 fuisse
438 539 545 578 non
568 524 863 595 difﬁtentur
885 523 1202 589 aduersarii,
1229 520 1622 578 matrimonium
1662 529 1778 592 post
1810 522 1999 576 emissa
2042 529 2162 576 uota
2209 529 2535 575 contractum
2579 527 2749 575 vetant
2798 516 3009 573 dissolui
3056 526 3269 592 propter
3318 515 3572 585 maritos,

243 616 332 685 qui
360 618 577 687 quidem
601 620 647 673 si
671 620 805 675 alias
830 635 1019 674 uxores
1040 617 1310 673 duxissent
1335 616 1547 671 dontum
1567 658 1582 682 ,
1612 615 1804 686 majori
1831 614 2024 670 scelere
2049 630 2103 669 se
2130 613 2469 690 obligassent.
2521 609 2694 667 Iidem
2720 627 2839 666 vero
2864 611 3151 665 maximum
3174 618 3414 665 asserunt
3437 608 3578 677 ipsa—

243 729 361 767 rum
388 729 502 769 esse
527 718 762 783 crimen,
790 734 853 773 ac
878 718 1040 791 panis
1061 716 1421 772 ecclesiasticis
1465 715 1701 787 dignum.
1738 714 2031 782 Quwnam,
2075 714 2438 779 obsecramus,
2473 711 2580 766 alia
2625 725 2768 765 mens
2797 709 2898 780 fuit
2948 706 3255 780 Cyprianol
3298 702 3576 774 Numquid

245 810 382 862 enim
410 826 519 865 non
547 811 674 866 dicit
698 824 974 885 corruptas
1008 823 1053 867 et
1078 812 1305 882 pollutas
1328 811 1449 866 illas
1472 812 1695 883 uirgines
1723 810 1951 867 ﬁrmiter
1980 810 2265 865 continere
2295 805 2642 872 decrevisse,
2670 816 2834 875 atque
2880 802 3102 859 Christo
3147 816 3208 858 se
3250 799 3575 863 devovisse;

245 916 410 967 quove
436 914 593 971 pacto
620 915 790 959 uotum
809 905 866 960 in
892 904 973 961 his
1000 906 1224 977 positum
1255 920 1366 959 esse
1392 904 1574 976 negari
1597 912 1751 973 queat
1775 901 1800 956 .9
1828 898 1897 956 Et
1925 900 2047 957 hinc
2073 912 2146 956 est
2193 903 2428 971 profecto
2452 895 2592 970 quod
2622 894 2757 951 idem
2786 893 2948 949 Pater
2971 910 3085 949 cum
3113 891 3405 964 Augustino
3432 905 3575 945 asse-

243 1004 386 1049 verat
415 994 708 1067 (Enarrat.
740 998 795 1053 in
822 999 959 1071 psal.
993 1013 1207 1055 unm
1235 1007 1284 1054 et
1309 997 1489 1069 uxr)
1516 996 1773 1052 adulterio
1802 996 1962 1051 teneri
2006 996 2227 1068 feminas
2249 993 2374 1049 illas
2396 1034 2411 1060 ,
2442 992 2633 1064 quippe
2660 1004 2776 1063 qua
2802 989 2981 1044 datam
3011 985 3220 1043 Christo
3255 984 3477 1041 Domino
3507 984 3575 1055 fi-

245 1086 362 1143 dem
396 1090 698 1161 fregissent.

317 1179 534 1237 Maneat
564 1184 726 1257 igitur
750 1183 1009 1257 uirginum
1035 1193 1085 1241 et
1115 1184 1490 1240 continentium
1519 1183 1723 1239 uiuendi
1746 1182 2001 1239 rationent
2044 1180 2146 1250 ipsi
2190 1178 2503 1239 Christiana:
2553 1178 2795 1251 religioni
2846 1184 2998 1231 (etate
3043 1190 3147 1229 non
3196 1188 3307 1228 esse
3349 1171 3568 1235 inferio-

244 1287 352 1326 rem
376 1287 396 1327 :
418 1273 536 1344 jam
560 1272 681 1328 inde
708 1273 773 1328 ab
801 1275 1117 1347 Apostolicis
1144 1275 1457 1348 temporibus
1485 1273 1688 1349 puellas
1717 1274 1979 1330 exstitisse
2000 1315 2015 1341 ,
2047 1288 2165 1344 qute
2195 1271 2303 1328 Deo
2323 1272 2671 1343 uirginitatem
2703 1286 2789 1324 seu
2819 1277 2935 1323 voto
2981 1282 3074 1321 seu
3120 1266 3272 1336 firmo
3312 1273 3576 1336 perpetuet

245 1365 584 1421 continentia:
610 1368 865 1438 promisso
895 1380 1253 1425 consecrarent
1274 1386 1295 1425 :
1323 1380 1583 1440 postremo
1614 1370 1724 1425 lucc
1752 1378 1868 1424 uota
1897 1384 2077 1424 coram
2115 1368 2369 1441 episcopis
2392 1409 2407 1434 ,
2435 1375 2527 1421 aut
2569 1364 2873 1436 presbyteris
2896 1404 2912 1431 ,
2960 1372 3049 1417 aut
3095 1357 3394 1433 parentibus
3413 1401 3430 1424 ,
3478 1368 3572 1412 aut

243 1456 453 1512 tandem
482 1459 720 1514 omnibus
749 1459 1048 1516 christianis
1075 1477 1165 1531 per
1191 1474 1403 1517 externa
1431 1462 1525 1518 illa
1552 1462 1781 1530 indicia,
1814 1476 1929 1532 qute
1946 1464 2066 1536 jam
2094 1468 2216 1514 ante
2245 1458 2677 1519 memoravimus,
2708 1452 2969 1508 declarari
3016 1450 3361 1506 consuevisse.
3406 1446 3570 1518 Difﬁ-

241 1548 456 1604 cillimis
481 1558 652 1604 autem
680 1560 891 1607 vastati:
917 1563 1069 1625 atque
1094 1555 1188 1608 sub
1213 1554 1543 1610 acerbissima
1573 1554 1849 1628 tyrannide
1876 1553 2125 1627 gementis
2151 1552 2400 1607 Ecclesia:
2425 1548 2741 1624 temporibus
2767 1545 2959 1602 eccdem
2987 1544 3208 1616 uirgines
3237 1543 3294 1597 in
3324 1552 3570 1612 paterna-

241 1659 361 1699 rum
386 1646 581 1701 mdium
605 1658 800 1704 secreto
827 1649 1096 1722 degebant.
1128 1650 1411 1723 Postquam
1441 1670 1561 1709 vero
1587 1653 1777 1707 divina:
1801 1651 2138 1725 benignitatis
2164 1666 2263 1719 ope
2308 1647 2550 1719 fidelibus
2581 1642 2937 1714 tranquillitas
2981 1639 3195 1695 concedi
3219 1647 3385 1709 coepta
3406 1677 3423 1704 ,
3464 1635 3574 1690 illa:

241 1737 374 1809 ipsa:
406 1737 649 1796 Hominis
674 1738 775 1797 Dei
801 1759 1010 1815 sponsa:
1035 1746 1350 1799 monasteria
1379 1745 1652 1800 instituere
1694 1759 1954 1819 aggressw
1996 1751 2118 1798 sunt
2147 1744 2199 1797 in
2232 1740 2481 1804 Oriente;
2508 1735 2645 1791 unde
2663 1732 2981 1789 Athanasius
3007 1730 3070 1785 ob
3099 1728 3420 1785 Arianorum
3449 1741 3573 1798 per-

242 1834 560 1890 secutionem
588 1834 809 1891 Romans
838 1838 1115 1910 perfugere
1138 1850 1349 1894 coactus
1370 1882 1387 1908 ,
1418 1850 1473 1894 ut
1515 1840 1771 1895 nonnulla
1792 1838 1863 1894 ibi
1889 1838 2354 1900 constituerentur,
2386 1846 2603 1888 causam
2628 1827 2871 1901 pra'bnit.
2916 1823 3038 1880 Illic
3066 1821 3276 1889 quidem
3316 1822 3414 1876 hoc
3451 1819 3571 1875 citat

237 1939 403 1994 genus
432 1926 581 1982 initio
610 1929 782 1984 minus
823 1929 988 1985 ualuit
1028 1932 1172 2002 apud
1200 1932 1398 1987 nobiles
1444 1931 1701 2004 (Hieron.
1746 1931 1811 1987 de
1841 1930 2042 1985 laudib.
2073 1927 2369 1997 Mareellw)
2399 1943 2417 1981 :
2448 1934 2503 1979 at
2533 1938 2653 1978 vero
2693 1938 2812 1975 cum
2860 1919 2995 1974 illud
3048 1917 3277 1973 illustres
3324 1915 3567 1982 quadam

240 2028 496 2075 matrona:
520 2032 685 2077 essent
715 2023 1002 2095 amplexae,
1033 2026 1226 2081 sensim
1254 2026 1309 2082 in
1339 2027 1472 2081 alias
1494 2027 1771 2100 religiones
1802 2027 2019 2081 maximi
2047 2029 2300 2098 cujusque
2330 2019 2570 2094 praesulis
2599 2016 2773 2073 studio
2805 2026 3149 2087 propagatum
3177 2023 3283 2068 est.

309 2113 380 2171 In
402 2116 639 2189 juvando
669 2128 773 2173 tant
803 2130 984 2175 sancto
1012 2133 1221 2194 tamque
1249 2121 1368 2176 utili
1397 2122 1632 2178 instituto
1660 2122 1853 2177 nemini
1877 2120 2178 2195 inferiorem
2209 2135 2320 2174 sese
2343 2116 2566 2172 ostendit
2596 2128 2814 2184 magnus
2838 2110 3179 2176 Ambrosius;
3209 2106 3345 2163 illud
3372 2106 3567 2178 quippe

234 2198 343 2264 non
375 2209 529 2264 modo
558 2211 611 2264 in
640 2211 849 2267 ditzcesi
875 2215 1090 2284 propria
1117 2214 1404 2268 admissum
1428 2216 1551 2269 totis
1577 2214 1770 2268 viribus
1814 2213 1943 2283 fouit
1987 2221 2142 2282 atque
2186 2209 2373 2274 auxit;
2402 2222 2577 2263 verum
2608 2205 2764 2259 etiam
2810 2217 2899 2275 per
2925 2200 3119 2255 vicinas
3171 2197 3468 2269 provincias
3518 2206 3571 2252 et

237 2311 385 2357 trans
417 2303 586 2357 maria
611 2319 815 2376 quoque
840 2321 1003 2377 usque
1028 2305 1082 2360 in
1114 2307 1348 2379 Africam
1377 2324 1440 2360 ac
1471 2304 1849 2360 Mauritaniam
1874 2302 2234 2375 ampliﬁcavit.
2282 2298 2434 2355 Unde
2476 2311 2732 2371 agnoscas
2778 2305 2960 2347 sancto
3009 2289 3241 2346 Antistiti
3270 2288 3351 2343 sin
3401 2288 3575 2343 minus

233 2398 398 2469 primi
426 2399 571 2471 apud
600 2396 626 2453 l
637 2401 770 2454 talos
800 2401 1275 2456 sanctimonialium
1306 2402 1537 2472 parentis
1569 2402 1684 2455 laus
1715 2400 1999 2465 debeatur,
2030 2398 2323 2469 proximam
2349 2407 2523 2450 tamen
2552 2392 2715 2446 eidem
2749 2406 2853 2444 non
2879 2403 3030 2462 posse
3055 2387 3158 2441 nisi
3184 2385 3381 2459 injuria
3411 2400 3570 2458 nega-

230 2489 289 2545 τί
305 2530 321 2556 ι
353 2493 565 2561 Patroni
611 2492 809 2547 scilicet
835 2509 896 2548 ac
924 2497 1289 2568 propagatoris
1316 2537 1327 2548 .
1368 2494 1436 2551 Ut
1464 2503 1635 2550 autem
1663 2510 1767 2566 qua
1795 2494 2001 2549 ratione
2032 2490 2345 2563 virginitatis
2368 2485 2625 2560 professio
2653 2484 2877 2539 dilatata
2902 2492 3016 2549 est,
3048 2481 3373 2552 manifestius
3400 2496 3571 2551 appa-

233 2593 353 2640 reat
371 2628 386 2652 ,
420 2584 678 2641 librorum
693 2629 709 2655 ,
726 2603 856 2658 quos
880 2588 965 2644 hic
985 2590 1188 2645 edimus
1203 2632 1217 2655 ,
1242 2591 1502 2661 analysim
1525 2589 1917 2662 aggrediamur.

311 2674 445 2730 Cum
474 2676 607 2732 nihil
633 2679 899 2749 antiquius
929 2678 1137 2734 haberet
1180 2680 1256 2733 uir
1284 2690 1493 2735 sanctus
1512 2720 1528 2747 ,
1560 2696 1718 2751 quam
1744 2689 1799 2734 ut
1830 2678 2081 2750 populum
2111 2677 2209 2732 sibi
2225 2675 2476 2731 creditum
2501 2674 2724 2730 salutari
2754 2672 2989 2727 doctrina
3015 2669 3325 2741 informaret
3345 2708 3361 2735 ,
3394 2682 3569 2735 opera:

232 2768 464 2840 pretium
493 2771 827 2843 episcopatus
863 2774 945 2827 sui
974 2772 1124 2828 initio
1152 2773 1412 2843 facturum
1437 2790 1491 2828 se
1520 2774 1669 2829 duxit
1688 2815 1704 2841 ,
1751 2774 1795 2829 si
1824 2773 2178 2829 demonstrata
2206 2769 2517 2842 virginitatis
2545 2765 2892 2824 sanctitudine
2933 2764 3004 2820 ad
3049 2780 3163 2819 eam
3216 2762 3562 2834 proﬁtendam

232 2862 555 2920 christianas
584 2866 788 2937 puellas
818 2883 912 2939 pro
935 2884 1031 2922 sua
1058 2868 1197 2922 virili
1219 2869 1536 2923 accenderet.
1575 2867 1770 2923 Habuit
1798 2868 1958 2941 igitur
1979 2868 2044 2923 de
2072 2867 2170 2921 hoc
2197 2874 2504 2939 argumento
2530 2877 2789 2918 sermones
2838 2869 2982 2914 tanta
3027 2874 3143 2912 cum
3185 2857 3479 2929 eloquentia
3515 2864 3566 2912 et

231 2956 586 3026 uehementia,
615 2969 670 3013 ttt
691 2960 859 3015 maria
891 2961 1009 3031 ipsa
1045 2962 1402 3033 pervaderent.
1436 2960 1641 3017 Horum
1669 2962 1837 3018 excita
1866 2979 2075 3018 rumore
2095 2964 2242 3018 beata
2279 2961 2443 3034 ipsius
2469 2949 2999 3022 soror‘llarcellina,
3032 2954 3198 3009 eidem
3229 2968 3321 3023 per
3363 2952 3563 3007 litteras

234 3058 345 3105 tam
366 3051 545 3107 laetum
569 3068 979 3125 prosperumque
1003 3072 1295 3111 successum
1319 3057 1587 3131 gratulata
1629 3068 1738 3113 est:
1768 3074 1917 3124 quem
1940 3059 2096 3113 etiam
2126 3068 2180 3113 ut
2208 3073 2326 3131 qute
2350 3057 2461 3111 uitta
2489 3071 2611 3111 voce
2651 3053 3021 3127 pronuntiabat
3041 3093 3056 3117 ,
3096 3051 3303 3122 quando
3330 3049 3427 3104 sibi
3468 3063 3558 3101 co-

231 3157 349 3197 ram
373 3144 562 3202 audire
582 3146 796 3201 minime
817 3147 1034 3218 liceret,
1076 3150 1261 3205 saltem
1289 3153 1657 3207 transmitteret
1680 3151 1876 3222 scripto
1905 3152 2153 3207 mandata
2174 3193 2190 3219 ,
2216 3150 2523 3208 obsecravit.
2556 3149 2733 3217 Quare
2758 3157 2811 3201 ut
2837 3157 2943 3202 tam
2963 3149 3127 3220 justas
3157 3144 3391 3212 petitioni
3417 3141 3561 3197 obse-

231 3249 511 3310 queretur,
531 3242 803 3297 conciones
830 3260 957 3298 suas
983 3245 1037 3301 in
1070 3254 1174 3301 tres
1200 3246 1321 3300 illos
1351 3245 1540 3311 libros,
1572 3262 1699 3318 quos
1729 3246 1883 3301 etiam
1912 3261 2047 3300 nunc
2074 3244 2353 3310 habemus,
2384 3244 2620 3315 digerere
2634 3242 2861 3296 animum
2893 3239 3120 3294 induxit.

312 3333 379 3388 In
406 3336 573 3406 priuso
599 3337 730 3392 libro
752 3340 1060 3410 uirginitatis
1083 3340 1386 3412 dignitatem
1411 3342 1673 3414 expendit,
1690 3359 1753 3397 ac
1779 3351 1895 3413 post
1919 3339 2237 3413 singularent
2256 3339 2339 3393 sui
2354 3339 2715 3393 dentisst'onem
2732 3340 2905 3391 statim
2926 3334 2980 3389 in
3001 3333 3213 3387 exordio
3229 3331 3555 3385 demonstra-

237 3440 371 3499 tam,
399 3447 628 3500 quamam
656 3432 726 3488 ad
753 3435 1077 3491 scribendum
1109 3438 1276 3509 ipsum
1304 3436 1640 3507 impulerint,
1676 3438 1863 3509 aperit.
1891 3436 2025 3491 Tum
2046 3436 2206 3490 beatte
2235 3435 2444 3506 Agnetis
2470 3437 2623 3508 cujus
2656 3432 2848 3488 natalis
2881 3431 3137 3486 inciderat
3164 3430 3217 3483 in
3248 3445 3361 3486 eum
3388 3426 3558 3494 diem,

235 3525 510 3594 pramissa
536 3525 861 3592 laudatione,
883 3528 1226 3600 uirginitatem
1254 3547 1286 3583 a
1311 3528 1422 3584 Deo
1451 3527 1612 3584 Patre
1637 3529 1707 3583 ad
1733 3546 1827 3585 nos
1856 3545 1962 3583 una
1988 3544 2107 3583 cum
2143 3526 2307 3582 Verbo
2337 3526 2660 3581 descendisse
2686 3525 2939 3597 afﬁrmat.
2970 3520 3103 3578 Inde
3127 3522 3327 3596 colligit
3357 3521 3557 3576 nullam

233 3615 388 3686 apud
416 3615 659 3673 Ethnicos
682 3659 697 3685 ,
742 3620 881 3692 apud
913 3619 1161 3676 Hebrteos
1209 3632 1382 3676 autent
1412 3622 1778 3677 adumbratam
1816 3622 1984 3677 solum
2014 3621 2272 3676 exstitisse
2322 3618 2558 3674 uirtutem
2591 3619 2770 3673 illaut:
2818 3634 2975 3689 quant
3007 3617 3212 3671 tametsi
3260 3616 3558 3687 neutiquam

226 3709 552 3778 imperetur,
577 3720 746 3766 tamen
778 3714 1108 3767 matrimonio
1136 3714 1289 3785 longe
1318 3724 1568 3784 praestare
1595 3715 1891 3788 comwsitis
1919 3714 2054 3769 inter
2081 3731 2136 3769 se
2162 3713 2409 3768 ambobus
2428 3754 2445 3781 ,
2474 3712 2650 3785 palam
2677 3712 2826 3783 facit.
2863 3710 3001 3766 Ilinc
3031 3722 3238 3784 arrepta
3286 3711 3559 3766 occasione

230 3811 474 3872 parentes
503 3818 568 3856 ac
596 3803 921 3872 potissimum
946 3805 1128 3860 viduas
1157 3814 1392 3861 amanter
1436 3806 1637 3877 arguit,
1670 3806 1808 3875 quod
1832 3804 1974 3875 filias
2002 3820 2066 3858 ne
2091 3806 2170 3859 vel
2201 3806 2368 3876 ipsum
2395 3803 2459 3857 de
2484 3801 2585 3857 hac
2612 3804 2832 3858 materia
2859 3801 3104 3857 audirent
3134 3802 3555 3872 conciouantem,

229 3891 592 3961 prohiberent.
628 3892 703 3949 Ut
732 3903 902 3950 autem
929 3906 1241 3969 quantopere
1268 3896 1367 3952 hac
1395 3897 1446 3951 in
1473 3913 1530 3951 re
1560 3906 1765 3967 peccent
1785 3939 1798 3961 ,
1833 3894 2042 3967 planius
2073 3895 2196 3963 ﬁat,
2246 3894 2354 3949 illis
2385 3894 2447 3949 ob
2481 3895 2662 3948 oculos
2689 3893 2986 3964 puellarum
3028 3908 3145 3963 qute
3193 3891 3466 3947 Placentia
3510 3902 3558 3948 et

225 3987 511 4054 Bononia,
541 3988 704 4042 immo
734 3989 886 4043 etiant
911 4004 940 4042 e
986 3991 1351 4044 transmarinis
1398 3989 1569 4063 plagis
1614 3986 1975 4043 Mediolanum
2021 3986 2228 4063 Christo
2273 3995 2517 4059 nuptura:
2560 3984 2868 4051 veniebant,
2924 3986 3214 4056 exemmum
3258 3986 3423 4057 ponit.
3478 3987 3559 4039 Ad

225 4088 549 4150 postremum
580 4088 793 4133 narrato
822 4078 1172 4149 pulcherrimo
1216 4080 1448 4151 facinore
1476 4080 1752 4148 cujusdam
1797 4078 2012 4151 virginis
2034 4120 2049 4146 ,
2081 4094 2198 4149 qua:
2242 4078 2306 4133 ab
2344 4077 2534 4145 altari,
2562 4078 2866 4149 priusquam
2914 4078 3243 4149 proﬁteretur
3290 4079 3552 4133 continen-

226 4171 395 4239 tiam,
426 4190 460 4226 a
484 4174 593 4227 suis
623 4173 781 4229 avelli
808 4191 911 4229 non
939 4177 1129 4242 potuit,
1166 4176 1297 4231 liber
1322 4176 1607 4231 clauditur.

305 4262 375 4319 In
405 4264 634 4321 secundo
663 4267 922 4339 uirginum
950 4268 1213 4323 instituere
1242 4286 1409 4324 mores
1439 4285 1713 4341 aggressus
1731 4312 1745 4335 ,
1793 4268 1849 4323 id
1875 4288 1907 4324 a
1959 4285 2013 4323 se
2041 4277 2195 4339 negat
2239 4268 2559 4323 commodius
2606 4266 2846 4338 praestari
2887 4283 3039 4337 posse
3085 4284 3235 4338 quant
3262 4268 3516 4338 exemplis
3538 4308 3554 4333 ,

222 4374 453 4427 quorum
482 4359 708 4430 primum
735 4378 797 4415 ac
819 4362 1142 4434 praecipuum
1169 4378 1203 4415 a
1231 4361 1332 4416 Dei
1371 4374 1537 4417 matre
1575 4363 1829 4436 uirginum
1883 4362 2110 4416 ontniunt
2160 4362 2499 4435 antesignana
2542 4372 2828 4416 mutuatur.
2880 4360 3052 4436 Hujus
3091 4366 3304 4418 virtutes
3345 4362 3560 4418 breviter

221 4452 473 4521 quidem,
503 4452 596 4506 sed
624 4468 828 4507 summo
857 4469 973 4508 cum
1005 4463 1193 4507 ornatu
1222 4462 1270 4507 et
1296 4453 1588 4525 eloquentia
1619 4453 1883 4509 describit.
1923 4451 2041 4507 Huc
2064 4451 2108 4507 Τ
2112 4451 2314 4507 heelant
2341 4454 2490 4510 addit
2525 4453 2683 4508 Pauli
2710 4452 3048 4524 discipulam,
3073 4471 3135 4507 ac
3150 4452 3558 4509 llediolaneusis

226 4541 493 4599 Ecclesite
516 4553 825 4613 patronam,
854 4561 1008 4616 quam
1037 4544 1145 4599 illa:
1186 4545 1322 4599 velut
1350 4545 1644 4600 absolutum
1676 4544 1942 4614 exemplar
1983 4545 2038 4599 in
2066 4561 2121 4600 se
2171 4554 2422 4600 conentur
2465 4547 2776 4617 exprimere.
2829 4545 3022 4601 Verum
3066 4563 3128 4601 ne
3177 4547 3415 4618 exempla
3459 4547 3557 4602 illa

222 4634 429 4691 viribus
452 4636 564 4690 suis
588 4636 793 4709 majora
814 4644 1173 4704 causarentur,
1204 4637 1413 4691 tertium
1452 4637 1724 4707 ipsumque
1763 4637 2024 4690 mentorite
2051 4637 2353 4692 recentioris
2394 4638 2467 4691 eis
2511 4638 2711 4709 objicit.
2748 4635 2874 4693 Erat
2903 4636 3014 4694 haec
3043 4639 3188 4711 virgo
3235 4639 3558 4706 christiana,

221 4745 352 4802 quc
376 4730 505 4784 dum
532 4747 588 4786 se
614 4742 799 4802 sponte
824 4731 1035 4802 exponit
1065 4731 1316 4801 martyrio
1335 4772 1350 4795 ,
1396 4732 1469 4784 ad
1508 4728 1736 4798 lupanar
1761 4745 1795 4783 a
1841 4739 2065 4800 tyranno
2112 4729 2432 4795 damnatur;
2472 4731 2608 4785 unde
2651 4732 2922 4788 christiani
2973 4731 3154 4787 militis
3181 4747 3279 4805 ope
3306 4732 3556 4787 diuinitus

221 4826 413 4896 elapsa
432 4868 447 4891 ,
469 4842 589 4880 cum
612 4842 671 4882 eo
696 4826 919 4882 tantdetn
962 4826 1197 4896 martyrii
1229 4826 1460 4897 palntam
1485 4835 1760 4880 consecuta
1785 4834 1881 4880 est.
1911 4823 2115 4879 Deinde
2152 4833 2362 4880 sanctus
2393 4824 2596 4882 Prtesul
2633 4829 2701 4881 ad
2725 4828 3044 4884 idololatria:
3086 4829 3552 4885 considerationem

226 4929 456 4973 mentem
481 4922 773 4991 reﬂectens,
803 4922 859 4974 in
880 4919 1241 4974 laudatissima
1269 4917 1522 4974 Damonis
1562 4929 1713 4990 atque
1741 4916 1953 4990 Pythia:
1982 4919 2202 4973 historia
2222 4961 2236 4986 ,
2267 4919 2404 4974 nihil
2450 4920 2710 4975 observari
2753 4938 2904 4993 posse
2927 4922 3241 4993 (contendit,
3272 4923 3414 4993 quod
3432 4925 3559 4997 jure

226 5028 355 5067 cum
382 5028 648 5083 generosae
670 5012 818 5068 illius
848 5012 1065 5085 virginis
1093 5013 1383 5067 constantia
1414 5013 1577 5078 possit
1604 5013 1850 5083 conferri.
1884 5012 2117 5085 Denique
2156 5023 2400 5069 excusata
2434 5014 2527 5068 ista
2571 5015 2706 5084 forte
2733 5016 2891 5087 paulo
2941 5017 3129 5083 nimia,
3162 5033 3315 5088 quam
3358 5018 3411 5071 in
3437 5032 3560 5070 ora-

226 5105 372 5159 tione
395 5104 739 5171 adhibuerat,
766 5113 876 5159 arte
903 5120 966 5159 ac
994 5103 1278 5175 facundia,
1306 5105 1364 5159 id
1387 5119 1448 5159 eo
1473 5103 1693 5159 consilio
1722 5108 1920 5176 factum
1951 5107 2169 5171 asserit,
2203 5117 2258 5161 ut
2296 5107 2347 5161 vi
2394 5107 2585 5181 ntajori
2632 5117 2680 5163 et
2724 5109 2975 5164 suavitate
3026 5108 3095 5162 ad
3143 5108 3309 5163 Deum
3354 5109 3555 5163 animos

227 5199 522 5271 pelliceret.

302 5296 540 5352 Tertium
566 5294 757 5349 librum
778 5294 980 5348 orditur
999 5293 1064 5348 ab
1091 5308 1152 5348 ea
1180 5293 1534 5349 exhortatione
1553 5336 1567 5354 .
1598 5309 1753 5362 quam
1786 5292 2024 5350 Liberius
2050 5304 2195 5369 pont.
2222 5311 2364 5350 max.
2396 5295 2464 5349 ad
2499 5294 2857 5352 Mareellinam
2880 5313 2999 5350 cum
3026 5296 3202 5351 Romae
3224 5298 3278 5351 in
3309 5296 3539 5351 Basilica

226 5393 642 5465 Apostolorum,
672 5389 786 5462 ipso
816 5385 1074 5443 Dominici
1101 5389 1291 5443 natalis
1320 5390 1454 5461 festo
1477 5429 1491 5454 ,
1525 5398 1786 5462 spectante
1810 5389 2046 5461 fidelium
2075 5391 2348 5445 innumera
2374 5390 2738 5457 multitudine,
2768 5392 3023 5444 velaretur
3044 5432 3058 5453 ,
3087 5389 3282 5444 habuit.
3325 5388 3404 5444 Ea
3430 5407 3550 5447 cum

228 5491 398 5560 fratre
424 5489 615 5562 saepius
642 5486 707 5541 de
730 5486 824 5540 hoc
865 5486 978 5556 ipso
1004 5499 1239 5539 sermone
1270 5485 1441 5553 fuerat
1475 5483 1764 5547 collocuta,
1796 5485 1881 5539 cui
1906 5483 2125 5557 proinde
2151 5485 2301 5539 illum
2328 5484 2588 5556 integrum
2617 5482 2716 5538 hoc
2743 5485 2854 5538 loco
2882 5482 2973 5552 qui
3018 5481 3285 5537 uidebatur
3331 5485 3553 5540 maxime

230 5594 591 5653 Opportunus,
619 5581 758 5645 suis,
784 5596 887 5633 non
915 5579 1154 5634 Auctoris
1184 5577 1349 5634 verbis
1380 5593 1705 5650 expressum,
1736 5577 1893 5633 misit.
1928 5576 1986 5632 Is
2005 5586 2174 5632 autem
2201 5588 2308 5631 erat
2338 5578 2499 5632 animi
2528 5579 2699 5649 [error
2728 5578 2781 5631 in
2819 5578 2915 5630 hac
2951 5575 3174 5645 virgine,
3211 5587 3265 5631 ut
3294 5577 3431 5633 intra
3458 5580 3548 5636 Li.

231 5681 367 5739 bes-ii
389 5689 763 5753 praeceptorum
791 5681 1044 5736 cancellos
1071 5693 1175 5732 non
1205 5674 1790 5745 clauderetur.£Snadet
1815 5675 1985 5747 itaque
2008 5676 2394 5731 amantissimus
2412 5678 2574 5749 juxta
2596 5692 2656 5729 ac
2678 5673 3115 5745 prudentissimus
3154 5677 3318 5745 frater
3337 5717 3352 5744 ,
3392 5690 3447 5733 ut
3474 5696 3556 5734 re-

231 5779 416 5849 missis
440 5776 701 5847 tantisper.
718 5774 969 5847 jejuniis,
996 5771 1563 5846 impensiuslorationi,
1584 5779 1734 5841 atque
1760 5771 1963 5828 interno
1989 5770 2309 5840 reliquarum
2346 5770 2595 5825 uirtutum
2641 5768 2817 5819 studio
2862 5774 3025 5819 vacet.
3075 5763 3353 5847 Cuntuero
3383 5771 3566 5826 istluec

234 5879 343 5927 non
371 5866 537 5927 sorori
568 5875 771 5923 tantum
797 5863 943 5919 vellet
971 5861 1215 5935 prodesse
1236 5905 1249 5931 ,
1282 5878 1454 5918 verum
1483 5861 1640 5917 etiam
1672 5859 1895 5916 aliarum
1942 5860 2199 5929 uirginum
2239 5857 2581 5921 institutioni,
2625 5855 2752 5923 quid
2795 5853 2939 5924 sequi
2957 5892 2969 5919 ,
2999 5853 3187 5920 attulre
3217 5858 3395 5929 fugere
3419 5859 3559 5929 ipsas
