4054 6306
469 311 570 370 187
1821 303 2068 366 SANCTI
2109 303 2436 364 AMBROSII
3664 295 3774 352 188

469 441 738 504 oporteat,
773 433 1060 509 praescribit
1085 448 1104 490 :
1134 443 1287 508 atque
1309 431 1562 506 imprimis
1589 445 1621 485 a
1651 428 1998 485 conviviorum
2018 441 2080 482 ae
2107 425 2401 482 saltationis
2427 441 2524 480 usu
2560 423 2802 478 deterret.
2832 417 3104 477 Postremo
3133 420 3218 475 ubi
3259 417 3580 475 Marcelline:
3604 433 3636 470 a
3664 430 3776 486 qua

464 529 817 605 interrogatus
845 531 1013 603 fuerat
1037 531 1104 588 de
1129 527 1234 586 illis
1256 527 1537 602 virginibus
1564 541 1679 599 quae
1701 534 1917 580 mortem
1944 522 2043 578 sibi
2072 521 2426 578 consciverant
2456 518 2826 584 uoluntariam,
2857 517 2976 588 fecit
3004 517 3162 582 satis,
3193 514 3501 586 martyrium
3529 510 3776 568 Sotlseris

465 626 793 700 cognationis
837 627 1044 684 vinculo
1085 626 1182 682 sibi
1220 629 1512 700 conjuncta:
1540 627 1752 686 narrat,
1783 637 1846 675 ac
1875 621 2083 676 demum
2105 616 2238 673 libro
2264 614 2564 672 coronidem
2591 613 2838 683 imponit.
2873 611 3144 682 Quidquid
3171 610 3304 664 enim
3354 609 3592 677 deinceps
3642 605 3778 675 legi-

464 733 550 782 tur
572 727 626 782 in
652 727 804 783 editis
829 743 948 782 cum
972 726 1026 782 in
1063 722 1302 782 omnibus
1329 737 1451 778 mss.
1485 728 1758 776 tractatum
1789 717 2092 772 distinctum
2116 712 2436 779 constituat;
2465 710 2520 765 id
2546 718 2659 782 post
2689 707 2880 764 librum
2906 707 2970 762 de
2995 704 3184 762 Viduis
3213 705 3378 760 visum
3408 711 3483 758 est
3529 701 3784 775 rejicien-

465 820 649 971 dﬂigi»
677 913 886 988 quidem
914 911 1074 970 libros
1099 911 1162 966 ab
1192 926 1246 966 se
1276 909 1428 965 tertio
1453 907 1784 980 episcopatus
1822 905 1906 961 sui
1951 917 2120 970 anno,
2160 901 2218 958 id
2244 909 2350 966 est,
2383 915 2416 953 ο
2455 907 2699 970 reparata
2740 897 2910 952 salute
2943 894 3048 950 577
3073 891 3386 964 compositos
3415 891 3526 988 ipse
3553 895 3780 988 testatur

457 1007 618 1081 (Lib.
646 984 719 1076 ul,
748 1025 869 1080 cap.
900 1009 1004 1081 7):
1035 1019 1298 1064 sermones
1330 1013 1502 1059 tamen
1528 1001 1716 1074 quibus
1741 1015 1830 1056 eos
1856 1009 2098 1054 constare
2119 1013 2282 1067 supra
2309 995 2572 1063 diximus,
2599 1002 2718 1048 ante
2746 992 2960 1062 aliquod
2985 999 3190 1058 tempus
3215 986 3578 1058 pronuntiatus
3607 984 3779 1056 fuisse

458 1121 720 1160 necessum
747 1112 856 1172 est;
880 1119 996 1158 cum
1023 1117 1202 1158 eorum
1225 1103 1366 1172 fama
1399 1098 1513 1153 loca
1541 1107 1648 1150 tam
1673 1095 1832 1150 vastis
1861 1093 2021 1148 maris
2052 1091 2299 1147 tractibus
2329 1092 2562 1162 sejuncta
2590 1095 2934 1160 peragrasset.
2970 1083 3037 1139 In
3059 1099 3158 1155 quo
3181 1098 3309 1136 sane
3333 1081 3470 1136 illud
3497 1095 3602 1134 non
3648 1094 3776 1148 pos-

459 1215 637 1254 sumus
663 1215 768 1254 non
796 1196 1082 1262 admirari,
1131 1191 1387 1248 hominem
1435 1189 1651 1246 uixdum
1697 1202 1729 1242 η
1774 1186 2054 1259 provisu-ite
2091 1184 2550 1240 administratione
2577 1181 3014 1251 saecularibusque
3065 1175 3406 1232 tribunalibus
3453 1173 3772 1239 abductum,

461 1293 622 1350 sacris
651 1292 834 1348 litteris
861 1300 908 1347 et
935 1289 1234 1346 Christiana
1263 1285 1515 1360 facundia
1541 1295 1646 1340 tam
1675 1283 1927 1352 exquisite
1968 1283 2277 1338 instructum
2323 1296 2377 1335 se
2409 1277 2719 1350 prwbuisse,
2762 1283 2821 1330 ut
2869 1273 3030 1329 libros
3069 1270 3436 1336 conscriberet,
3461 1267 3780 1339 Hieronymi

464 1381 672 1460 (Epist.
703 1383 773 1442 ad
802 1384 1066 1454 Eustoclt,
1107 1393 1156 1440 et
1207 1382 1434 1455 Apolog.
1463 1381 1666 1436 advers.
1716 1376 2050 1451 Iovinian.),
2099 1374 2379 1447 Augustini
2431 1372 2582 1446 (Lib.
2617 1385 2674 1426 tv
2701 1369 2766 1424 de
2793 1367 2979 1460 Doctr.
3013 1365 3208 1422 Christ.
3259 1381 3375 1434 cap.
3423 1363 3528 1433 2!)
3553 1405 3568 1430 ,
3620 1369 3784 1433 atque

459 1459 688 1534 omnium
705 1495 882 1534 eorum
901 1520 915 1546 ,
947 1479 1034 1551 qui
1063 1473 1390 1549 sequentibus
1419 1472 1624 1530 saeculis
1647 1471 1703 1526 in
1734 1469 1971 1526 Ecclesia
1995 1468 2290 1540 floruerunt
2309 1507 2324 1532 ,
2355 1463 2598 1520 laudibus
2636 1459 2994 1516 cuntulandos.

469 1689 493 1698 μ
825 1829 1850 1998 SANCTI
1993 1817 3372 1987 AMBROSI]

1614 2099 2194 2190 MEDIOLANENSIS
2260 2095 2592 2180 EPISGOPI

1315 2271 1590 2416 DE
1691 2257 2880 2420 VIRGINIBUS

1013 2553 1171 2641 AD
1244 2551 2104 2642 MARCELLINAM
2175 2552 2754 2639 SOROBEM
2829 2553 3154 2638 SUAM

1741 2761 2050 2835 LIBRI
2125 2765 2408 2840 TBES
2447 2751 2510 2842 to

1585 2909 2629 2946 Ἠ.

1717 3021 2064 3106 LIBER
2134 3020 2614 3106 PRIMUS.

915 3289 1073 3366 155
1109 3288 1338 3349 CAPUT
1381 3287 1670 3347 PRIMUM.

475 3388 780 3446 Ambrosius
825 3389 890 3444 ab
957 3403 1258 3460 unoquoque
1324 3385 1596 3442 verborum
1669 3383 2080 3449 talentorumque

547 3499 761 3542 suorum
809 3481 1130 3540 reddendam
1188 3478 1301 3537 Deo
1343 3479 1600 3535 rationem
1648 3477 1964 3550 intelligens,
2011 3473 2081 3529 ad

2107 3289 2163 3348 Α
2188 3285 2472 3354 Dominus,
2507 3301 2611 3344 non
2646 3289 2946 3360 protectum
2992 3292 3255 3364 requirat.
3307 3291 3462 3350 Unde
3499 3295 3806 3354 scribenti!

2185 3380 2394 3453 aliquid
2425 3385 2698 3438 sententia
2752 3383 2871 3438 fuit.
2903 3385 3111 3456 Maiore
3142 3385 3408 3458 siquidem
3439 3387 3668 3458 pudoris
3699 3405 3804 3460 ρεη-

2185 3472 2358 3530 riculo
2401 3475 2622 3532 auditur
2665 3491 2772 3534 vox
2807 3488 2990 3535 nostra
3023 3495 3184 3552 quam
3215 3480 3442 3553 legitur;
3475 3481 3616 3540 liber
3647 3483 3803 3542 enim

544 3573 872 3632 scribendum
897 3583 1116 3628 mentem
1144 3572 1396 3644 appellit;
1445 3581 1552 3626 tum
1585 3569 1850 3625 recensitis
1885 3568 2082 3638 aliquot

546 3667 734 3724 divinat
759 3667 1134 3724 misericordia:
1161 3664 1433 3735 exemplis,
1459 3671 1707 3746 prouocat
1720 3677 1829 3718 sese
1857 3659 1927 3714 ad
1955 3659 2082 3714 bene

546 3759 899 3836 sperandum:
922 3759 1012 3814 sed
1038 3775 1161 3814 mea:
1181 3757 1261 3813 illi
1287 3757 1451 3829 officio
1476 3757 1730 3826 imparem
1757 3769 1811 3808 se
1834 3768 1940 3808 esse
1958 3767 2082 3806 con-

547 3858 734 3930 fessus,
751 3864 808 3912 ut
825 3872 997 3912 secum
1020 3864 1282 3927 tamquam
1294 3869 1408 3909 cum
1423 3851 1718 3926 euangelica
1747 3850 1850 3919 ficu
1871 3857 2078 3922 agatur,

550 3961 729 4024 optat;
755 3967 856 4024 quo
887 3961 1056 4006 tamen
1087 3967 1146 4006 os
1173 3949 1468 4006 censoribus
1497 3947 1758 4020 opprimat
1783 3945 1913 4012 suis,
1961 3957 2080 4016 spe-

545 4063 666 4102 rare
689 4061 744 4102 se
791 4053 1006 4102 testatur
1048 4044 1206 4101 uerba
1243 4043 1340 4100 sibi
1394 4059 1498 4099 non
1551 4041 1818 4115 defutura,
1865 4037 1955 4111 qui
2003 4039 2081 4092 lo-

547 4148 738 4208 quatur
763 4136 1051 4195 Christum.

583 4231 636 4286 t.
683 4230 780 4297 Si,
852 4230 1005 4302 juxta
1091 4228 1338 4286 caelestis
1405 4229 1737 4286 sententiam
1830 4227 2080 4286 veritatis

477 4324 706 4398 (Multis.
737 4340 836 4393 xu,
863 4325 992 4398 56),
1032 4325 1186 4382 verbi
1219 4325 1408 4390 totius,
1441 4324 1822 4396 quodcumque
1841 4323 2078 4380 otiosum

473 4419 739 4476 luet-imus
776 4420 966 4487 locuti,
999 4417 1315 4477 habemush
1349 4427 1610 4490 praestare
1651 4419 1918 4476 rationem
1954 4417 2078 4476 :vel

471 4513 520 4571 si
559 4513 933 4585 unusquisque
980 4527 1174 4570 servus
1218 4511 1426 4570 credita
1474 4511 1578 4568 sibi
1629 4511 1834 4570 talenta
1887 4513 2078 4586 gratiae

475 4606 762 4677 spiritalis,
815 4621 941 4678 quae
993 4603 1373 4662 nummulariis
1418 4603 1708 4662 dividenda
1762 4603 1961 4672 forent,
2020 4615 2079 4662 ut

2185 3580 2291 3621 non
2321 3568 2614 3625 erubescit.

2253 3661 2309 3716 2.
2352 3663 2419 3718 Et
2443 3665 2664 3732 quidem
2691 3665 2909 3738 ingenio
2936 3666 3172 3737 difﬁsus,
3201 3669 3298 3726 sed
3329 3669 3531 3726 divinae
3577 3673 3803 3728 miscri-

2183 3759 2385 3814 cortlire
2416 3757 2578 3832 146
2614 3772 2942 3832 provocatus
2986 3763 3278 3835 exemplis,
3329 3779 3647 3820 sermonem
3679 3781 3804 3822 rue-

2183 3847 2339 3904 ditari
2372 3852 2579 3918 audeo;
2617 3869 2763 3921 nam,
2799 3855 3022 3912 volente
3052 3857 3184 3920 Deo,
3212 3859 3375 3912 etiam
3421 3857 3575 3912 asina
3611 3860 3798 3915 locuta

2183 3951 2267 3998 est
2296 3941 2496 4016 (Num.
2527 3961 2660 4013 χιιι,
2692 3947 2814 4020 28).
2841 3947 2999 4017 Quod
3033 3948 3079 4003 si
3111 3949 3246 4004 mihi
3287 3949 3388 4005 sub
3415 3951 3573 4008 istius
3603 3953 3800 4009 sazcuii

2183 4039 2442 4094 oneribus
2498 4038 2797 4096 constituto
2861 4041 3082 4098 assistat
3145 4042 3394 4112 angelus,
3443 4058 3546 4114 ego
3573 4061 3802 4117 quoque

2182 4139 2328 4184 nmta
2359 4132 2452 4186 diu
2481 4145 2578 4187 ora
2629 4133 2852 4199 laxabo;
2895 4142 3076 4204 potest
3102 4135 3250 4191 enim
3296 4135 3514 4194 solvere
3562 4139 3804 4210 impedi-

2182 4234 2360 4285 menta
2393 4225 2704 4297 imperitize,
2731 4227 2822 4298 qui
2859 4229 2912 4282 in
2944 4228 3037 4284 illa
3075 4231 3231 4288 asina
3255 4230 3417 4288 solvit
3445 4242 3690 4288 naturae.
3731 4233 3797 4290 lu
3889 4228 3902 4236 ’

2181 4333 2305 4374 arca
2375 4319 2573 4375 veteris
2635 4318 2970 4376 Testamenti
3033 4321 3179 4394 virga
3229 4323 3413 4380 ilorttit
3475 4327 3798 4385 sacerdotis

2183 4414 2391 4490 (Nam.
2443 4429 2576 4480 xvu,
2615 4415 2682 4486 8)
2711 4433 2726 4471 :
2753 4415 2912 4472 facile
2940 4415 3054 4471 Deo
3082 4426 3144 4474 ut
3193 4418 3247 4474 in
3299 4428 3488 4474 sancta
3534 4419 3796 4478 Ecclesia

2185 4519 2206 4549 ο
2227 4510 2294 4568 de
2319 4510 2524 4568 nostris
2561 4527 2779 4584 quoque
2818 4513 2978 4571 nodis
3008 4515 3109 4570 llos
3145 4514 3434 4587 germinet.
3457 4513 3574 4570 Cur
3601 4526 3798 4573 autem

2181 4603 2581 4676 desperandum
2611 4605 2755 4676 quod
2781 4606 3050 4664 Dominus
3081 4607 3335 4680 loquatur
3363 4608 3416 4664 in
3445 4607 3794 4677 hominibus,

473 4701 851 4758 crescentibus
890 4700 1389 4773 multiplicarentur
1435 4702 1638 4770 usuris,
1687 4703 1828 4758 intra
1878 4711 2080 4757 terram
2112 4697 2161 4759 B
2185 4700 2274 4772 qui
2322 4709 2410 4757 est
2457 4702 2671 4755 locutus
2712 4701 2766 4756 in
2803 4703 3052 4759 sentibus
3093 4701 3294 4770 (Exod.
3346 4718 3428 4768 Ill,
3463 4703 3498 4758 6
3538 4714 3588 4758 et
3620 4705 3798 4774 seq.)?

473 4807 630 4851 suam
663 4793 747 4851 vel
771 4795 927 4866 quasi
961 4793 1184 4852 timidus
1225 4793 1524 4861 fenerator,
1573 4795 1654 4851 vel
1687 4798 1840 4867 quasi
1885 4809 2082 4851 avarus

481 4902 776 4959 possessor
799 4887 1156 4946 absconderit
1184 4886 1410 4962 (Manli.
1446 4903 1579 4958 xxv,
1612 4887 1682 4945 M
1704 4899 1752 4945 et
1767 4907 1876 4960 seq.
1899 4889 1941 4964 ),
1972 4905 2080 4946 non

479 4982 836 5052 mediocrem,
885 4981 1112 5038 domino
1153 4989 1491 5052 revertente,
1537 4982 2078 5049 oﬂ‘ensam'incidet;

471 5075 601 5149 jure
644 5078 807 5134 nobis
867 5076 1172 5134 verendum
1215 5087 1320 5146 est,
1371 5078 1568 5150 quibus
1622 5079 1750 5136 licet
1801 5077 2080 5150 ingenium

477 5177 669 5238 tenue,
701 5171 1001 5227 necessitas
1037 5179 1214 5226 tamen
1245 5172 1481 5230 maxima
1509 5171 1722 5242 eloquia
1751 5171 1850 5228 Dei
1875 5171 2081 5228 credita

481 5263 666 5334 populi
687 5262 941 5319 fenerare
985 5263 1281 5331 mentibus,
1315 5279 1386 5320 ne
1414 5264 1569 5320 vocis
1611 5279 1830 5335 quoque
1878 5273 2082 5320 nostrai

476 5366 731 5426 poscatur
779 5371 942 5414 usura
979 5373 993 5410 :
1034 5357 1337 5428 prtesertim
1380 5370 1506 5414 cum
1567 5357 1810 5416 studium
1847 5374 1878 5414 a
1925 5357 2082 5415 nobis

549 5529 576 5589 ξι
613 5517 815 5589 Scripti
847 5534 940 5575 au.
967 5519 1096 5577 577.

548 5581 579 5628 δ
620 5581 753 5668 Mss:
777 5591 1004 5668 aliquot,
1037 5603 1348 5668 praesentare
1376 5593 1651 5649 rationem.

556 5672 580 5701 ο
621 5664 698 5718 lla
729 5665 862 5720 edit.
913 5664 1128 5734 omnes,
1176 5681 1242 5724 ac
1285 5681 1424 5725 mss.
1459 5678 1568 5720 non
1599 5667 1754 5736 pauet
1783 5681 1796 5718 :
1821 5664 1916 5720 alii
1955 5679 2089 5720 vero

491 5735 720 5812 aliquot,
768 5739 831 5794 de
861 5741 1054 5812 nostris
1093 5756 1291 5812 quoque
1319 5737 1544 5804 nucleis,
1586 5735 1694 5792 non
1745 5737 1879 5794 satis
1902 5748 2086 5802 reete;

489 5807 833 5871 manifestum
863 5811 1011 5870 enim
1042 5819 1128 5869 est
1157 5807 1507 5872 Ambrosium
1536 5815 1806 5880 nostrum,
1830 5824 1949 5881 qua!
1985 5823 2086 5867 sua

2193 4796 2334 4850 Deus
2357 4809 2458 4850 nec
2488 4793 2684 4848 rubum
2713 4801 2800 4850 est
2823 4793 3168 4866 dedignatus.
3197 4794 3375 4866 Atque
3398 4795 3610 4850 utinam
3636 4812 3798 4854 meas

2189 4904 2405 4963 quoque
2435 4889 2706 4945 illumiuel
2745 4889 2930 4960 Spiuas
2957 4890 2972 4945 ι
3006 4889 3181 4946 Erunt
3223 4889 3470 4944 fortassis
3499 4891 3592 4960 qui
3623 4891 3798 4948 etiam

2185 4988 2238 5044 in
2271 4987 2472 5042 nostris
2502 4984 2751 5042 sentibus
2775 4983 3012 5055 aliquem
3035 4980 3062 5021 ἀ
3093 4984 3360 5039 inirentur
3399 4982 3590 5039 lucere
3619 4983 3804 5055 fulgo-

2186 5095 2324 5148 rem,
2350 5088 2508 5135 erunt
2529 5093 2668 5148 riuos
2693 5077 2850 5148 spina
2873 5086 3060 5132 nostra
3087 5091 3196 5132 non
3229 5085 3367 5141 ttt‘ul;
3395 5085 3562 5130 erunt
3591 5079 3803 5147 quibus

2185 5172 2254 5230 de
2284 5172 2421 5227 rnbo
2443 5170 2621 5226 auditi
2647 5186 2751 5224 vox
2779 5178 2966 5224 nostra
2997 5169 3172 5224 solvat
3197 5169 3265 5224 de
3299 5167 3529 5240 pedibus
3576 5169 3806 5226 calces-

2187 5277 2456 5332 mentum,
2516 5270 2575 5319 ut.
2633 5259 3038 5334 impedimentis
3109 5261 3488 5333 corporalibus
3551 5273 3806 5320 exuatnr

2187 5359 2389 5418 mentis
2415 5358 2678 5414 incessus.

2197 5533 2316 5579 erat
2347 5523 2662 5592 humilitas,
2705 5523 2948 5596 seipsum
2997 5537 3121 5580 cum
3173 5521 3320 5592 virga
3375 5519 3497 5576 rudi
3526 5535 3594 5576 ac
3637 5521 3804 5580 nodis

2193 5607 2389 5662 asliera
2417 5610 2754 5663 comparare.

2265 5664 2293 5706 ά
2331 5665 2461 5724 Mss.
2489 5668 2881 5738 aliqnatnmulti
2914 5709 2929 5736 ,
2980 5675 3272 5724 mereantur
3299 5665 3486 5720 ducere
3506 5665 3802 5741 fulgorem,

2192 5755 2320 5809 quos
2347 5741 2500 5810 spina
2530 5748 2728 5808 nostra,
2753 5748 2860 5802 etc.
