4054 6306
244 303 344 360 189

1499 297 1587 354 DE
1628 297 2022 356 VIRGINIBUS
2063 297 2191 354 LIB.
2237 297 2276 354 Ι.

3433 294 3538 352 190

306 421 358 474 3.
400 417 506 474 Sed
542 416 662 474 haec
702 425 1008 473 sanctorum
1054 416 1246 471 merita
1295 416 1557 471 virorum.
1605 415 1829 472 Utinam
1861 420 1906 478 A
1938 417 2062 483 viri,
2096 433 2202 472 non
2231 416 2524 487 desperent
2548 417 2793 487 parvuli;
2833 412 2860 452 ἀ
2891 424 3146 486 stupeant
3177 426 3378 486 nuptm,
3413 417 3536 470 iml-

239 528 321 568 me
349 513 452 568 sub
482 512 574 566 illa
614 512 942 568 infructuosa
977 509 1162 583 (Joan.
1196 527 1233 578 ι,
1256 511 1359 582 48)
1392 511 1571 566 adhuc
1616 510 1719 566 ﬁcu
1745 513 1830 581 ja-

235 614 444 662 centem
476 619 542 658 ex
565 604 746 675 aliqua
777 604 932 660 Jesus
963 613 1111 673 parte
1137 603 1465 674 respiceret!
1509 603 1834 674 ferretquo-

236 714 340 769 que
362 705 484 767 post
503 697 795 752 triennium
819 696 1027 752 fruetus
1044 703 1099 752 et
1117 706 1298 751 nostra
1323 695 1456 752 ﬁcus
1476 693 1641 767 (Luc.
1666 693 1832 762 xttt,6

234 802 282 848 et
307 790 462 862 ιαμ).
494 789 605 845 Sed
634 789 776 845 unde
798 799 1002 845 tantum
1029 789 1406 860 peccatoribus
1426 787 1580 859 spei?
1612 787 1830 844 Utinam

235 888 422 944 saltem
472 885 566 941 ille
599 883 959 950 Evangelicus
991 885 1285 939 Dominicai
1335 883 1518 940 cultor
1560 883 1732 937 viuere
1764 883 1828 937 ﬁ-

233 998 354 1038 cum
386 988 634 1035 nostram
666 978 897 1035 fortasse
919 978 1028 1048 jam
1053 977 1236 1048 jussus
1265 976 1548 1044 excidere,
1588 977 1833 1032 remittat

233 1075 378 1128 illam
407 1070 594 1127 ethoc
617 1085 782 1136 anno,
832 1085 999 1141 usque
1033 1069 1160 1125 dum
1194 1069 1384 1136 fodiat,
1417 1077 1473 1123 et
1517 1069 1695 1123 mittat
1738 1083 1834 1124 co-

233 1167 456 1238 pliinum
480 1163 743 1220 stereoris
763 1181 777 1229 ;
800 1163 826 1192 ⁸
850 1179 917 1219 ne
941 1161 1077 1218 forte
1099 1162 1166 1218 de
1183 1173 1321 1218 terra
1348 1163 1574 1217 suscitet
1592 1163 1829 1232 inopem,

231 1269 284 1316 et
307 1261 374 1314 de
421 1267 664 1314 stercore
693 1258 867 1328 erigat
897 1257 1232 1329 pauperem!
1268 1257 1419 1312 Beati
1453 1255 1548 1328 qui
1589 1257 1691 1311 sub
1723 1258 1833 1312 vite

230 1366 284 1411 et
303 1355 422 1410 olea
445 1368 616 1423 equos
634 1365 762 1406 suos
784 1351 1005 1420 alligant
1025 1350 1188 1423 (Gen.
1211 1365 1352 1412 xux.
1379 1350 1440 1406 ll
1462 1351 1502 1418 ),
1529 1348 1557 1388 δ
1583 1349 1828 1406 laborum

228 1460 422 1503 cursus
442 1459 667 1502 suorum
690 1443 794 1499 luci
826 1444 1102 1499 etlantitiae
1128 1455 1519 1500 consecrantes
1548 1462 1560 1498 :
1586 1459 1671 1500 me
1697 1443 1833 1500 ﬁcus

228 1542 425 1605 adhuc,
473 1541 528 1596 id
557 1550 661 1604 est,
693 1540 1014 1596 illecebrosa
1035 1541 1355 1597 deliciarum
1383 1542 1671 1598 obumbrat
1705 1556 1834 1610 pru-

228 1637 342 1707 rigo
361 1632 578 1700 mundi,
607 1631 827 1688 humilis
849 1633 915 1688 ad
941 1633 1309 1702 altitudinem,
1343 1634 1550 1705 fragilis
1585 1632 1740 1707 157
1765 1631 1833 1688 ad

227 1730 494 1797 laborem,
529 1727 710 1785 mollis
741 1728 807 1783 ad
839 1743 1015 1790 usum,
1051 1729 1252 1785 sterilis
1283 1728 1350 1783 ad
1393 1727 1656 1784 fructum.

1939 521 2122 568 tentur
2151 514 2412 583 innuptae.
2448 511 2555 567 Sed
2589 511 2719 581 quid
2751 509 2975 582 digntttu
3007 510 3076 565 de
3119 525 3180 564 ea
3215 511 3360 581 loqui
3404 523 3534 578 pos-

1935 619 2148 672 sumus,
2206 605 2364 676 cujus
2416 620 2482 660 ne
2545 621 2744 660 nomen
2809 604 3087 674 quidetn°
3122 618 3350 659 raetmm
3415 603 3535 658 luce

1937 699 2114 755 laudis
2138 699 2284 755 fuit?
2314 700 2540 755 Devotio
2568 714 2732 769 supra
2764 707 3006 762 aetatem,
3043 698 3214 752 virtus
3243 712 3403 767 supra
3439 710 3536 748 ua-

1936 804 2146 861 turam;
2200 805 2257 849 ιιι
2329 793 2460 850 mihi
2510 793 2756 849 videatur
2809 808 2914 848 non
2974 793 3211 847 hominis
3277 791 3535 847 habuisse

1937 902 2160 955 nomen,
2199 888 2296 944 sed
2327 888 2608 944 oraculum
2641 887 2918 958 martyris,
2950 901 3057 956 quo
3089 885 3350 941 indicavit
3394 883 3528 957 quid

1934 991 2079 1036 esset
2112 981 2310 1036 futura.
2392 989 2402 1008 '

2006 1074 2059 1130 6.
2105 1074 2289 1130 llabeo
2309 1083 2486 1130 tamen
2513 1073 2660 1130 unde
2685 1072 2814 1128 mihi
2833 1071 3135 1128 subsidium
3161 1079 3532 1141 comparetur.

1935 1167 2146 1224 Nomen
2191 1169 2418 1240 virginis
2475 1168 2662 1223 titulus
2713 1178 2797 1222 est
2853 1165 3095 1236 pudoris.
3155 1163 3174 1204 ί
3226 1164 3534 1236 Appeliabo

1937 1274 2257 1336 martyrem,
2291 1262 2605 1331 prmdicabo
2638 1262 2927 1332 virginem.
2974 1260 3122 1317 Satis
3153 1261 3360 1330 prolixa
3417 1259 3534 1314 lau—

1935 1357 2084 1412 datio
2122 1365 2226 1422 est,
2274 1372 2395 1427 qua:
2423 1371 2530 1411 non
2577 1357 2864 1426 quaeritur,
2912 1355 3005 1410 sed
3042 1363 3275 1409 tenetur.
3334 1352 3538 1408 Faces-

1935 1459 2060 1505 sant
2086 1450 2255 1520 igitur
2285 1450 2526 1518 ingenia,
2560 1449 2873 1520 eloquentia
2901 1448 3267 1512 conticcscat,
3291 1462 3395 1501 vox
3427 1460 3533 1501 una

1937 1541 2272 1614 praeconium
2304 1551 2410 1598 est.
2469 1541 2619 1598 llane
2671 1555 2855 1608 senes,
2909 1544 3051 1595 hanc
3096 1541 3348 1612 juvenes,
3391 1539 3536 1594 haue

1939 1635 2089 1706 pueri
2135 1644 2355 1691 canant.
2389 1635 2558 1692 Nemo
2585 1643 2672 1690 est
2720 1633 3066 1697 laudabilior.
3117 1647 3279 1704 quant
3323 1633 3418 1704 qui
3467 1632 3537 1685 ab

1938 1729 2248 1785 hominibus
2303 1728 2509 1784 laudari
2562 1735 2763 1800 potest.
2817 1728 2961 1795 Quot
3002 1727 3275 1792 homines,
3307 1735 3386 1780 tot
3409 1738 3540 1794 prte-

293 1822 348 1878 4.
390 1823 472 1880 Ac
500 1822 734 1880 fortasse
758 1824 986 1879 miretur
1010 1821 1210 1893 aliquis
1232 1835 1328 1877 cur
1352 1822 1593 1876 scribere
1624 1820 1822 1888 audeo,
1859 1825 1906 1885 Β
1932 1840 2122 1892 cones,
2156 1825 2248 1895 qui
2277 1832 2576 1896 martyrem
2612 1823 2933 1894 praedicant,
2967 1821 3095 1877 dum
3126 1823 3440 1892 loquuntur.

224 1920 311 1990 qui
344 1920 496 1990 loqui
531 1934 764 1992 nequeo.
811 1920 875 1974 Et
923 1927 1105 1973 tamen
1147 1917 1195 1973 si
1223 1927 1534 1988 repetamus
1575 1933 1694 1988 quae
1751 1919 1832 1972 le—

222 2013 399 2085 gimus
430 2014 484 2070 in
525 2015 861 2087 Evangelicis
907 2015 1205 2085 Scripturis
1255 2013 1420 2085 (Luc.
1456 2031 1493 2080 ι,
1538 2012 1747 2085 65,64)
1778 2021 1836 2069 et

225 2108 662 2166 sacerdotalibus
726 2111 904 2178 factis,
965 2125 1030 2164 ac
1070 2109 1228 2165 nobis
1264 2117 1486 2163 sanctus
1537 2107 1833 2162 Zacharias

223 2201 492 2274 propheta
529 2204 858 2260 documento
881 2204 973 2270 sit,
1002 2202 1242 2258 inveniet
1268 2216 1393 2256 esse
1421 2200 1565 2272 quod
1589 2215 1697 2255 vox
1724 2217 1832 2255 non

225 2295 483 2366 explicet,
529 2305 586 2351 et
615 2298 788 2370 stylus
823 2298 1023 2369 signet.
1077 2295 1234 2364 Quod
1283 2296 1329 2350 si
1376 2310 1574 2350 nomen
1605 2293 1835 2350 Joannis

227 2389 463 2444 reddidit
519 2391 659 2460 patri
694 2404 909 2458 vocem,
957 2405 1060 2461 ego
1105 2406 1324 2462 quoque
1363 2389 1670 2460 desperare
1724 2404 1832 2444 non

225 2484 395 2540 debeo
439 2487 593 2556 quod
627 2501 814 2541 vocem
847 2487 976 2542 licet
1021 2495 1202 2541 mutus
1230 2487 1518 2556 accipiam,
1559 2485 1608 2540 si
1642 2484 1835 2556 loquar

224 2578 503 2635 Christum
545 2580 745 2648 :cujus
789 2579 1008 2650 quidem
1057 2581 1473 2650 generationem
1502 2579 1661 2650 juxta
1704 2593 1833 2648 pro-

228 2673 504 2744 phetieum
557 2673 763 2729 dictum
809 2674 933 2744 quis
969 2673 1248 2730 enarrabit
1295 2672 1479 2747 (Emi.
1511 2672 1738 2742 Ltn,8)?
1769 2673 1837 2726 Et

228 2766 347 2824 ideo
394 2767 556 2838 quasi
606 2782 820 2834 servus,
854 2778 876 2806 ε
913 2766 1129 2822 Domini
1181 2766 1440 2822 familiam
1491 2767 1831 2837 praedicabo;

228 2862 617 2918 immaculatus
645 2863 794 2917 enim
821 2862 1085 2918 Dominus
1113 2862 1514 2918 immaculatam
1553 2863 1654 2918 sibi
1680 2864 1837 2917 tami-

229 2955 351 3009 liam
379 2954 552 3010 etiam
583 2957 635 3008 iu
673 2955 776 3011 hoc
804 2955 970 3026 pleno
994 2955 1364 3012 colluvionum
1393 2954 1710 3028 fragilitatis
1735 2953 1835 3011 hu-

231 3065 402 3107 manm
432 3066 674 3122 corpore
712 3053 1076 3108 consecravit.

862 3145 1092 3202 CAPUT
1132 3145 1194 3201 ll.

2009 1921 2062 1974 7.
2108 1918 2598 1975 Hicesduodecim
2651 1932 2920 1973 annorum
2971 1917 3292 1989 martyrium
3345 1913 3542 1969 fecisse

1945 2010 2104 2086 ιω
2155 2011 2406 2067 traditur.
2448 2011 2568 2080 Quo
2604 2010 2985 2067 detestabilior
3033 2008 3354 2072 crudelitas,
3416 2020 3540 2077 qum

1939 2121 2039 2161 nec
2089 2104 2411 2160 minusculae
2468 2104 2713 2174 pepercit
2763 2103 2910 2159 ωιςιιί
2954 2101 3168 2156 :immo
3218 2113 3415 2171 magna
3453 2098 3541 2154 vis

1936 2199 2089 2268 ﬁdei,
2130 2215 2252 2270 qua:
2276 2199 2439 2255 etiam
2467 2199 2536 2253 ab
2560 2199 2649 2253 illa
2684 2195 3058 2254 testimonium
3105 2197 3312 2252 invenit
3356 2204 3538 2250 mtate.

1935 2294 2133 2350 Fuitne
2164 2297 2218 2350 in
2252 2294 2348 2349 illo
2374 2294 2708 2364 corpusculo
2730 2292 2942 2348 vulneri
2975 2292 3164 2346 locus?
3191 2292 3256 2346 Et
3280 2305 3400 2360 quae
3430 2303 3538 2344 non

1938 2387 2128 2443 habuit
2175 2401 2286 2457 quo
2325 2384 2532 2442 ferrum
2581 2387 2878 2456 reciperet,
2932 2384 3124 2438 habuit
3171 2397 3279 2453 quo
3331 2380 3536 2437 ferrum

1939 2484 2202 2539 vinceret.
2234 2483 2305 2537 At
2328 2480 2485 2536 istius
2515 2480 2696 2536 aetatis
2723 2478 2919 2551 puellae
2947 2488 3136 2533 torvos
3159 2478 3327 2533 etiam
3357 2475 3540 2531 vultus

1936 2589 2222 2649 parentum
2255 2577 2400 2634 ferre
2428 2591 2534 2631 non
2567 2585 2820 2647 possunt,
2851 2583 2908 2630 et
2939 2588 3040 2629 acu
3078 2572 3328 2628 districta
3361 2573 3542 2627 solent

1939 2681 2135 2742 puncta
2162 2672 2318 2739 ﬁere,
2350 2671 2503 2743 quasi
2529 2671 2784 2725 vulnera.
2807 2669 2934 2724 Harc
2964 2670 3106 2724 inter
3135 2676 3396 2723 cruentas
3417 2681 3540 2722 car-

1937 2768 2156 2824 niﬁcum
2187 2765 2464 2837 impavida
2496 2779 2715 2833 manus,
2747 2763 2864 2819 hazc
2903 2761 3252 2818 stridentium
3283 2761 3539 2832 gravibus

1937 2862 2240 2919 immobilis
2268 2861 2532 2916 tractibus
2575 2869 2919 2925 catenarum,
2955 2871 3099 2913 nunc
3142 2856 3374 2912 furentis
3415 2870 3539 2910 mtt-

1938 2956 2093 3014 croni
2126 2957 2316 3012 militis
2342 2963 2516 3010 totum
2546 2953 2748 3010 offerre
2776 2966 3002 3022 corpus,
3037 2950 3176 3006 mori
3225 2949 3404 3004 adhuc
3443 2963 3540 3002 ne-

1938 3050 2073 3118 scia,
2114 3048 2208 3106 sed
2239 3058 2422 3120 parata
2458 3065 2470 3102 :
2501 3047 2586 3103 vel
2631 3046 2704 3115 si;
2731 3045 2797 3100 ad
2840 3058 2965 3099 aras
3007 3042 3174 3098 invita
3225 3051 3538 3112 raperetur,

1939 3144 2163 3200 tendere
2202 3142 2424 3200 Christo
2473 3142 2616 3197 inter
2665 3141 2824 3211 ignes
2873 3153 3090 3203 manus,
3121 3136 3364 3207 atquein
3399 3135 3534 3206 ipsis

233 3235 389 3293 Docet
413 3239 539 3294 libri
569 3239 652 3293 sui
681 3239 951 3311 auspicato
983 3239 1210 3308 proferri
1250 3239 1544 3308 exordium,
1587 3257 1704 3295 cum
1732 3256 1829 3294 na-
1859 3233 1907 3300 C
1937 3238 2224 3308 sacrilegis
2253 3234 2280 3274 δ
2314 3235 2449 3291 focis
2473 3247 2734 3306 tropaeum
2769 3232 2987 3287 Domini
3008 3233 3226 3301 signare
3256 3229 3482 3284 victoris
3511 3245 3523 3281 :

301 3333 420 3386 talis
477 3334 593 3388 dies
637 3343 768 3387 esset
829 3333 1067 3405 virginis,
1099 3334 1262 3388 beatae
1291 3335 1504 3408 Agnetis
1548 3334 1834 3390 videlicet:

1935 3347 2079 3388 nunc
2109 3331 2325 3388 ferratis
2356 3330 2499 3386 colla
2521 3343 2820 3398 manusque
2851 3326 3039 3381 ambas
3080 3326 3326 3380 inserere
3370 3323 3530 3378 nexi—

302 3444 455 3498 quam
483 3445 514 3481 η
549 3428 778 3494 nomine,
807 3446 839 3483 a
865 3429 1084 3501 pudore,
1114 3447 1147 3484 a
1176 3432 1426 3501 utortgrio
1456 3431 1835 3502 elegantissime
1933 3429 2036 3485 bus
2062 3447 2074 3482 :
2105 3427 2198 3484 sed
2226 3426 2413 3482 nullus
2452 3437 2559 3482 tam
2593 3425 2773 3481 tenuia
2819 3422 3061 3479 membra
3096 3429 3306 3492 poterat
3356 3433 3536 3475 nexus

305 3524 623 3579 commendat
648 3541 666 3579 :
694 3528 785 3579 sed
817 3526 1146 3595 potissimum
1193 3527 1259 3581 ab
1286 3536 1434 3582 wtate
1457 3544 1475 3591 ;
1503 3529 1698 3598 quippe
1717 3543 1832 3596 quin

304 3631 466 3671 annos
537 3616 809 3671 duodecim
883 3628 1027 3686 nata,
1081 3627 1322 3685 terrores,
1383 3620 1653 3690 promissa,
1707 3635 1831 3673 cru-

301 3710 482 3778 ciatus,
507 3719 728 3765 mortem
754 3711 972 3782 denique
999 3712 1166 3782 ipsam
1192 3711 1330 3766 virili
1350 3726 1566 3784 prorsus
1589 3721 1834 3766 constan-

299 3803 369 3858 tia
399 3804 666 3858 devicerit.

1935 3524 2236 3580 includere.

2007 3620 2060 3675 8.
2103 3617 2311 3674 Novum
2342 3616 2587 3688 martyrii
2613 3611 3090 3686 gt-nus?Noudum
3121 3611 3312 3666 idonea
3341 3621 3537 3680 plnum,

1941 3721 1995 3768 et
2031 3712 2141 3783 jam
2181 3719 2388 3767 matura
2442 3712 2688 3765 victorim
2740 3725 2752 3761 :
2802 3716 3017 3762 certare
3067 3703 3323 3769 difﬁcilis,
3365 3701 3539 3756 facilis

1940 3809 2192 3864 eorouari
2221 3826 2232 3862 :
2261 3805 2630 3878 magisterium
2670 3805 2886 3858 virtutis
2931 3801 3192 3872 implevit,
3243 3813 3362 3868 qua:
3401 3811 3541 3868 prte-

299 3897 353 3953 5.
396 3898 463 3953 Et
495 3899 640 3954 bene
687 3898 954 3969 procedit,
1009 3908 1069 3954 ut
1117 3899 1376 3970 quoniam
1428 3898 1591 3955 hodie
1636 3899 1833 3955 natalis
1931 3901 2196 3972 judicium
2227 3897 2675 3954 vehebata-tatis.
2707 3896 2824 3951 Non
2853 3896 2930 3950 sic
2959 3894 3022 3948 ad
3055 3893 3346 3948 thalamum
3375 3897 3540 3959 nupta

231 4003 309 4046 εει
339 3993 595 4063 virginis,
626 3991 697 4048 de
727 3993 1029 4064 virginibus
1069 3996 1138 4048 sit
1167 3995 1519 4064 loquendum,
1553 4004 1608 4052 et
1637 4011 1666 4049 a
1697 4010 1837 4065 prte-

229 4084 504 4143 dicatione
529 4087 669 4142 liber
690 4096 871 4143 sumat
897 4087 1205 4144 exordium.
1237 4087 1448 4144 Natalis
1479 4099 1564 4144 est
1586 4091 1836 4162 virginis,

137 4240 140 4243 _
231 4180 603 4251 integritatem
627 4194 945 4251 sequamur.
973 4180 1182 4236 Natalis
1203 4192 1285 4238 est
1311 4183 1594 4255 martyris,
1630 4181 1838 4240 hostias

231 4273 599 4332 immolemus.
657 4274 867 4331 Natalis
920 4285 1005 4332 est
1053 4286 1259 4332 sancta:
1302 4277 1518 4348 Agnes,
1571 4277 1841 4332 mirentur

300 4451 325 4479 ει
367 4437 544 4502 Edit.,
573 4452 694 4492 nam
715 4439 847 4508 forte
873 4438 935 4492 de
952 4447 1110 4504 terra;
1130 4437 1398 4506 quaedam,
1422 4454 1541 4492 nam
1575 4442 1840 4508 forte.etc.

1941 4000 2284 4068 properaret,
2331 4003 2388 4048 ut
2429 3993 2494 4048 ad
2542 3990 2794 4064 supplicii
2846 3990 3027 4045 locum
3084 3989 3203 4041 laita
3262 3997 3536 4047 successu,

1939 4088 2112 4160 gradu
2137 4086 2328 4143 festina
2353 4087 2505 4159 virgo
2524 4086 2816 4159 processit,
2847 4098 2952 4138 non
2978 4081 3182 4136 intorto
3204 4079 3355 4134 crine
3380 4085 3543 4146 caput

1940 4189 2180 4253 compta,
2225 4181 2319 4236 sed
2367 4179 2589 4236 Christo
2625 4197 2637 4233 :
2669 4193 2776 4232 non
2824 4176 3066 4232 flosculis
3118 4173 3390 4235 redimita,
3445 4169 3540 4225 sed

1943 4274 2213 4331 moribus.
2253 4273 2267 4312 ί
2307 4273 2465 4331 Flere
2495 4287 2704 4338 omnes,
2740 4274 2854 4342 ipsa
2878 4271 2996 4326 sine
3027 4269 3173 4326 ﬁetu.
3205 4265 3386 4321 Mirari
3428 4263 3543 4334 ple-

1953 4452 2142 4493 versus
2164 4453 2303 4494 rom.
2332 4436 2465 4493 edit.
2490 4435 2624 4502 sola,
2663 4435 2780 4491 Vox
2805 4452 2909 4491 una
2933 4449 3224 4506 praeconum
3246 4441 3338 4500 est,
3366 4430 3545 4486 minus

297 4514 326 4555 δ
365 4509 740 4594 υιηηεεβάίι.
773 4525 893 4591 cum
923 4511 1106 4580 paucis
1148 4526 1307 4575 mss.,
1333 4510 1558 4594 laborem
1587 4526 1832 4594 cursuum
1862 4533 1917 4594 Ι)
1943 4525 2201 4594 αοηεευε.

233 4597 442 4636 suorum
471 4581 590 4649 paci
619 4589 665 4634 et
695 4581 891 4636 laetitia:
914 4593 1296 4644 censen-antes,
1316 4599 1379 4635 ne
1408 4581 1631 4651 ﬁcus....
1656 4582 1837 4635 obum-

231 4651 362 4711 bret:
383 4655 474 4707 alii
491 4668 625 4708 mss.
644 4653 834 4723 majori
853 4667 1080 4710 numero
1095 4663 1150 4712 et
1164 4655 1502 4723 auctoritate,
1524 4663 1579 4708 ut
1595 4655 1643 4708 iu
1665 4662 1832 4708 textu.

304 4736 324 4763 ε
368 4724 532 4780 Rom.
591 4722 821 4780 editae
880 4741 1017 4781 mss.
1072 4726 1340 4791 notmulli,
1400 4722 1614 4780 Domini
1669 4729 1838 4796 [amu-

233 4795 426 4852 lam....
471 4797 861 4852 immaculatum
890 4798 987 4852 sibi
1019 4799 1273 4868 [annulum
1299 4798 1524 4852 :melius
1552 4795 1674 4853 vet.
1698 4798 1833 4852 edit.

232 4883 352 4943 cum
379 4870 612 4943 reliquis
643 4883 774 4943 mss.
801 4867 1130 4943 utrobique,
1164 4870 1471 4943 fantiliam.’
1493 4869 1705 4924 Etenim
1750 4867 1839 4926 hic

233 4941 532 4998 universitn
565 4940 634 4994 de
672 4941 942 5011 virginum
975 4953 1118 4997 statu
1164 4940 1327 5012 atque
1359 4941 1551 4996 ordine
1577 4943 1725 5011 prius
1759 4943 1837 4994 lo-

233 5011 434 5082 quitnr,
469 5028 538 5068 ac
562 5013 762 5068 deinde
789 5013 856 5068 ad
884 5013 1119 5085 aliquam
1158 5011 1474 5085 singillatim
1509 5013 1834 5068 laudandam

237 5085 604 5154 progreditur.

302 5157 329 5197 ίι
369 5156 500 5229 Mss.
534 5157 762 5228 aliquot,
795 5159 1044 5213 orirentur
1073 5159 1328 5229 innupta,
1356 5167 1407 5212 et
1444 5158 1723 5212 imitentur.

309 5235 332 5263 ⁸
371 5227 580 5283 Eadem
612 5227 751 5284 rom.
783 5231 913 5286 edit.
957 5231 1095 5297 sola,
1123 5227 1342 5285 vacuum
1375 5230 1550 5284 laudis
1581 5241 1653 5283 est
1688 5249 1700 5284 :
1737 5230 1834 5285 sed

235 5313 420 5354 vocem
451 5302 568 5354 luce
599 5316 666 5355 ex
695 5311 808 5356 aut.
845 5301 958 5357 edit
987 5315 1039 5357 et
1069 5303 1282 5357 cunctis
1310 5317 1442 5357 mss.
1474 5302 1834 5358 restituimus.

237 5369 442 5425 Dicitur
473 5380 654 5427 autem
682 5373 951 5429 laudabile
983 5374 1084 5428 hoc
1117 5391 1310 5429 nomen
1345 5390 1490 5440 esse,
1523 5377 1668 5444 quod
1700 5388 1836 5444 agna

237 5444 782 5520 sive_Ag_nes,Gra‘ce
803 5448 950 5520 ἁγνὴ,
984 5447 1033 5500 id
1056 5457 1160 5512 est,
1189 5461 1344 5517 pura,
1375 5455 1485 5520 tum
1509 5446 1838 5520 innocentiae

239 5515 546 5583 symbolum
577 5518 669 5578 sit,
712 5525 822 5571 tum
846 5515 1164 5587 religionis;
1191 5515 1336 5573 ﬁcum
1387 5518 1453 5572 ad
1507 5517 1835 5572 sacrificium

241 5588 511 5655 quondam
538 5589 770 5643 maxime
799 5589 1128 5644 destinatum
1164 5589 1324 5645 fuerit
1358 5589 1488 5643 illud
1517 5589 1740 5643 animal.

321 5656 339 5696 ί
385 5657 534 5733 Edit.
583 5675 775 5715 omnes
823 5675 945 5715 eum
979 5661 1182 5733 Teller.
1217 5660 1669 5733 cod.,Appeilabo
1701 5677 1840 5715 utar-

251 5728 760 5805 tgrcm._Prazdicaui
799 5733 946 5787 satis.
983 5731 1220 5800 Proiixa,
1252 5744 1358 5788 etc.
1399 5728 1714 5805 Elegantius
1737 5745 1837 5787 au-

257 5812 362 5858 tem
379 5803 572 5880 reliqui
593 5820 726 5880 ίιιιεε.
757 5816 811 5860 ιιι
834 5806 884 5860 lu
916 5815 1086 5880 textu,
1107 5809 1209 5880 nisi
1230 5807 1372 5879 quod
1403 5803 1836 5880 pro'prwdicabo,

265 5888 368 5930 non
404 5877 558 5949 pauci
589 5879 772 5950 legunt
798 5878 1091 5954 pradicavi.
1128 5877 1332 5937 Rursus
1373 5893 1499 5934 vero
1523 5877 1657 5952 post
1701 5879 1838 5936 duos

2019 4575 2244 4637 B'Rom.
2293 4581 2452 4648 edit.,
2507 4579 2634 4634 lltrc
2681 4579 2920 4635 tredecim
2968 4594 3246 4635 annorum.
3295 4586 3400 4630 ctc.
3452 4575 3541 4629 Sic

1944 4653 2106 4709 etiam
2132 4669 2238 4708 non
2264 4654 2438 4707 solum
2459 4652 2701 4722 ejusdem
2727 4663 2928 4707 sancttc
2953 4650 3206 4722 martyris
3228 4652 3356 4704 Acta
3384 4649 3543 4722 beato

1942 4727 2228 4780 Ambrosio
2253 4726 2394 4780 inter
2411 4721 2529 4792 ejus
2551 4725 2807 4794 epistolas
2828 4721 3202 4794 nequicquam,
3219 4733 3273 4775 ttt
3293 4735 3390 4775 suo
3423 4721 3545 4794 loco

1941 4797 2313 4861 ostendi-mus,
2357 4793 2650 4865 inscripta,
2693 4796 2786 4850 sed
2839 4793 3163 4865 et’tuagnus
3211 4793 3542 4862 Augustinus

1941 4884 2106 4924 serui.
2132 4870 2200 4924 de
2227 4869 2483 4936 Diversis,
2510 4869 2632 4929 101.
2658 4871 2707 4920 iu
2735 4869 2863 4923 edit.
2895 4883 3030 4920 nova
3059 4867 3187 4932 “2.75,
3215 4879 3539 4936 quamquam

1943 4942 1994 4995 in
2039 4940 2370 4996 Floriuceusi
2433 4955 2566 4994 mss.
2617 4939 2736 4995 haec
2783 4939 2945 4994 verba
2997 4940 3234 4992 trrderim
3290 4951 3541 4990 annorum

1940 5016 2164 5069 omnino
2234 5013 2433 5067 desint.
2490 5011 2687 5067 Verum
2763 5020 2940 5066 tatnen
3002 5011 3224 5065 minime
3287 5007 3538 5062 mutanda

1942 5098 2074 5140 mss.
2108 5090 2376 5144 omnium.
2410 5097 2473 5138 ac
2520 5094 2626 5138 vet.
2659 5083 2791 5140 edit.
2838 5084 3019 5138 lectio.
3055 5084 3307 5139 Solemus
3343 5079 3542 5148 quippe

1941 5171 2036 5212 eos
2094 5159 2185 5228 qui
2229 5156 2447 5211 tertium
2496 5157 2763 5211 decimum
2816 5171 3025 5228 annum
3065 5155 3293 5228 necdum
3341 5151 3535 5220 imple-

1942 5225 2142 5293 veriut,
2178 5230 2481 5299 promiscue
2513 5230 2596 5282 vel
2623 5229 2908 5284 duodecim
2943 5226 3029 5280 vel
3061 5225 3342 5299 tredecim_
3365 5236 3538 5299 atmo-

1944 5317 2062 5355 rum
2097 5291 2358 5355 vocitare.
2395 5299 2545 5354 lllam
2575 5311 2757 5355 autem
2801 5301 3095 5367 scriptorcs
3138 5311 3258 5351 cum
3308 5291 3541 5348 Baroniu

1942 5374 2076 5427 Satis
2103 5373 2434 5426 conveniunt
2464 5373 2516 5426 in
2552 5373 2740 5427 ultima
2785 5370 3165 5442 persecutione
3186 5368 3381 5442 “fuisse
3413 5380 3536 5442 pas:

1942 5460 2079 5514 sam.
2105 5443 2272 5514 Cujus
2297 5443 2514 5513 quidem
2542 5445 2737 5499 festum
2764 5434 2900 5514 apud
2928 5442 3146 5496 Gta'cos
3168 5437 3356 5514 die_l_4
3389 5444 3444 5514 et
3466 5434 3533 5488 21

1941 5508 2211 5580 Januarii,
2243 5508 2342 5570 nec
2385 5532 2492 5569 non
2524 5515 2591 5570 l5
2619 5515 2744 5570 Julii
2778 5508 3106 5577 celebratur,
3139 5508 3278 5580 apud
3313 5508 3536 5563 Latinos

1943 5602 2072 5642 vero
2095 5588 2158 5641 21
2187 5596 2240 5640 et
2265 5587 2336 5640 28
2367 5585 2627 5641 Januarii.

2019 5661 2041 5698 δ
2083 5658 2359 5729 Tropamm
2406 5658 2614 5713 Domini
2643 5660 2847 5729 signare
2869 5697 2883 5718 ,
2913 5655 2961 5729 id
2984 5661 3085 5713 est.
3105 5653 3532 5729 crucis‘tiguram

1945 5733 2172 5788 sublatis
2191 5723 2258 5786 'iu
2309 5733 2472 5785 altum
2520 5723 2753 5786 brachiis
2785 5727 3111 5797 exprimere,
3160 5723 3300 5796 quod
3345 5724 3535 5794 primis

1949 5805 2263 5860 christianis
2290 5803 2555 5859 familiare
2589 5805 2688 5859 fuit
2723 5806 2864 5858 inter
2891 5799 3173 5855 orandum.

2023 5874 2038 5912 ί
2083 5875 2332 5933 Nonnulli
2362 5874 2699 5944 mss.,Flcre
2744 5889 2915 5930 omnes
2969 5872 3242 5945 prapinqui
3281 5879 3534 5945 poterant.
