4054 6306
433 281 534 342 191

1809 278 2058 340 SANC'I'I
2099 278 2428 341 AMBROSII

3633 277 3737 336 192

431 403 592 475 rique
614 400 762 476 quod
795 410 905 460 tam
937 401 1096 461 facile
1119 402 1243 460 vitae
1267 415 1384 460 sua;
1412 402 1660 475 prodiga,
1685 415 1848 474 quam
1897 415 2034 456 non-
2057 401 2114 464 Α
2135 403 2486 472 copulantur.
2511 399 2646 470 Quis
2674 400 2842 472 igitur
2867 409 3028 474 neget
3055 401 3200 457 hanc
3226 398 3392 456 vitam
3415 398 3643 456 ﬂuxisse
3669 397 3742 454 de

437 494 566 552 dum
593 495 875 564 hauserat,
899 496 1012 568 jam
1035 497 1189 569 quasi
1214 496 1496 569 perfuncta
1521 497 1770 553 donaret.
1801 495 2038 565 Stupere

438 587 704 657 universi,
736 588 881 660 quod
907 588 1020 660 jam
1051 589 1354 645 divinitatis
1401 589 1554 646 testis
1598 589 1880 654 existeret,
1917 601 2040 658 qua:

441 683 641 751 adhuc,
671 692 699 722 ιι
735 683 942 740 arbitra
989 683 1072 740 sui
1114 700 1212 756 per
1239 691 1454 739 :etatem
1502 697 1626 740 esse
1673 698 1783 738 non
1827 691 2037 754 posset.

447 776 642 834 Ell‘ecit
667 775 907 849 denique
935 786 994 832 ut
1013 776 1064 834 ei
1089 776 1158 833 de
1187 776 1300 834 Deo
1329 776 1666 842 crederetur,
1698 775 1788 831 cui
1828 775 1897 831 de
1937 773 2039 830 bo-

443 872 592 930 mine
620 871 800 928 adhuc
831 888 939 928 non
968 871 1305 929 crederetur.
1335 871 1476 942 Quia
1515 871 1657 943 quod
1703 871 1844 927 ultra
1883 879 2044 926 natu~

442 980 560 1023 ram
587 973 692 1030 est,
724 963 793 1021 de
819 975 1045 1022 auctore
1073 974 1281 1021 natura:
1307 973 1410 1022 est.

515 1061 571 1117 9.
612 1059 828 1130 Quanto
875 1069 1084 1116 terrore
1143 1059 1252 1131 egit
1314 1059 1558 1117 carnifex
1621 1067 1686 1115 ut
1738 1060 2039 1130 timeretur,

445 1155 666 1228 quantis
710 1153 993 1210 blanditiis
1020 1162 1080 1209 ut
1105 1152 1400 1210 suaderet!
1447 1161 1776 1225 quantorum
1827 1163 1954 1208 vota
1986 1162 2048 1210 ut

445 1249 549 1306 sibi
578 1247 648 1306 ad
693 1249 910 1320 nuptias
937 1247 1264 1319 perveniret!
1294 1245 1366 1303 At
1396 1247 1488 1302 illa
1521 1264 1536 1302 ε
1564 1246 1633 1302 Et
1658 1245 1823 1302 haeclt
1847 1247 2047 1318 Sponsi

449 1339 646 1414 injuria
671 1351 756 1398 est
780 1349 1102 1412 exspectare
1125 1341 1473 1411 placiturum.
1493 1340 1599 1410 Qui
1623 1355 1709 1396 me
1727 1341 1828 1396 sibi
1856 1351 1878 1380 ο
1900 1340 2049 1411 prior

447 1433 635 1506 elegit,
686 1433 938 1504 accipiet.
977 1432 1141 1503 Quid,
1190 1447 1504 1504 percussor,
1538 1432 1816 1488 moraris?
1856 1433 2051 1490 Pereat

449 1542 649 1600 corpus
689 1526 834 1599 quod
865 1526 1036 1582 amari
1065 1535 1246 1596 potest
1270 1525 1446 1583 oculis
1467 1525 1667 1597 quibus
1690 1525 1839 1582 nolo.
1861 1525 2047 1592 Stetit,

448 1623 644 1685 oravit.
673 1621 946 1678 cervicem
979 1619 1213 1676 inﬂexit.
1259 1617 1528 1676 Cerneres
1556 1617 1833 1690 trepilare
1872 1619 2053 1674 carni-

449 1713 631 1782 licem,
671 1714 826 1786 quasi
865 1715 983 1785 ipse
1007 1712 1259 1770 addictus
1293 1711 1524 1768 luisset:
1559 1721 1798 1768 tremere
1831 1726 2052 1784 percus-

2139 495 2315 562 cmlo,
2347 509 2510 568 quam
2557 511 2667 550 non
2720 494 2880 551 facile
2929 494 3242 551 invenimus
3287 492 3341 548 in
3385 491 3592 560 terris,
3635 491 3742 546 nisi

2141 598 2427 661 postquam
2479 588 2628 645 Deus
2671 589 2726 644 in
2776 588 2893 643 haec
2937 589 3141 644 terreni
3198 583 3452 657 corporis
3497 583 3745 640 membra

2142 683 2428 740 descendit
2469 682 2561 756 (IV
2611 683 2742 754 lleg.
2773 698 2846 748 ιι,
2880 682 3011 752 ll)?
3039 681 3196 738 Tunc
3241 681 3298 736 in
3346 689 3502 737 utero
3533 687 3558 716 θ
3587 677 3748 748 virgo

2143 777 2417 848 concepit,
2443 785 2499 832 et
2534 775 2777 832 Verbum
2819 789 2950 831 caro
2986 774 3188 831 factum
3219 781 3326 842 est,
3351 781 3412 828 ut
3433 785 3566 828 caro
3592 769 3750 826 ﬂeret

2144 875 2291 930 Deus
2318 873 2536 947 (Matth.
2569 889 2702 938 xvn,
2732 873 2814 945 5).

2221 967 2309 1024 12.
2353 966 2510 1023 Dicet
2559 965 2801 1037 aliquis:
2835 964 2944 1022 Sed
2995 965 3162 1020 etiam
3215 963 3364 1020 Elias
3411 959 3584 1018 nullis
3623 974 3751 1016 cor-

2145 1061 2300 1135 porei
2321 1060 2498 1115 coitus
2521 1058 2544 1114 l
2545 1059 2690 1115 uisse
2713 1057 3015 1130 permixtus
3035 1055 3428 1130 cupiditatibus
3453 1053 3749 1110 invenitur.

2147 1153 2277 1210 Ideo
2303 1167 2436 1225 ergo
2461 1167 2626 1208 curru
2657 1160 2846 1222 raptus
2872 1151 2940 1206 ad
2969 1151 3193 1216 cmlum,
3217 1150 3340 1206 ideo
3363 1163 3489 1204 cum
3517 1147 3753 1202 Domino

2148 1257 2380 1320 apparet
2420 1246 2474 1302 in
2511 1247 2682 1315 gloria
2705 1288 2720 1312 ,
2751 1245 2874 1300 ideo
2903 1243 3174 1300 Dominici
3203 1252 3467 1299 venturus
3497 1250 3586 1298 est
3614 1256 3757 1311 pra:-

2149 1357 2341 1398 cnrsor
2367 1339 2640 1395 adventus
2673 1338 2897 1412 (Malae.
2922 1355 2997 1406 tv,
3027 1340 3106 1407 5).
3141 1339 3210 1394 Et
3235 1338 3402 1393 Maria
3432 1344 3754 1409 tympanum

2151 1450 2377 1492 sumens
2421 1433 2630 1506 pudore
2676 1433 2926 1505 virgineo
2973 1433 3171 1489 choros
3214 1431 3373 1488 duxit
3419 1429 3622 1503 (Exod.
3651 1446 3749 1494 xv,

2150 1528 2268 1604 20).
2311 1529 2420 1585 Sed
2464 1528 2815 1584 considerate
2855 1528 3012 1596 cuius
3044 1528 3138 1583 illa
3167 1526 3406 1596 speciem
3439 1535 3570 1581 tunc
3595 1540 3760 1597 gere-

2152 1622 2264 1678 bat.
2297 1621 2490 1678 Nonne
2518 1621 2804 1688 Ecclesia},
2834 1637 2958 1692 qua:
3005 1621 3297 1693 religiosos
3346 1619 3532 1690 populi
3581 1627 3758 1674 emtas

2154 1714 2245 1785 qui
2280 1713 2524 1770 carmina
2561 1712 2744 1768 divina
2791 1713 3189 1779 concinerent,
3222 1711 3574 1767 immaculato
3601 1711 3759 1781 virgo

449 1808 592 1863 seris
617 1806 897 1872 dextram,
931 1805 1136 1877 pallere
1165 1820 1260 1862 ora
1287 1805 1468 1861 alieno
1499 1803 1746 1860 timentis
1777 1803 2046 1874 periculo,
2077 1806 2128 1868 B
2153 1806 2348 1876 spiritu
2392 1805 2708 1878 copulavit?
2735 1804 2869 1862 Nam
2917 1806 3081 1862 etiam
3122 1805 3332 1875 templo
3361 1805 3761 1878 Hierosolymis

449 1913 570 1957 cum
606 1899 785 1972 puella
825 1915 933 1956 non
965 1900 1184 1956 timeret
1215 1913 1336 1956 suo.
1377 1897 1604 1955 Habetis
1633 1897 1799 1970 igitur
1843 1897 1896 1953 in
1943 1912 2051 1953 una

448 1992 626 2052 hostia
671 1994 870 2068 duplex
901 1995 1242 2068 martyrium,
1276 1991 1500 2065 pudoris
1543 2001 1598 2048 et
1639 1990 1943 2062 religionis.
1983 1990 2054 2047 Et

448 2089 603 2162 virgo
631 2088 955 2161 permansit,
983 2095 1042 2144 ct
1072 2088 1395 2160 martyrium
1425 2085 1684 2142 obtinuit.

972 2179 1132 2253 ιω
1158 2177 1390 2238 CAPUT
1433 2177 1520 2234 ιιι.

463 2274 640 2332 Variis
685 2291 714 2331 e
757 2275 1012 2346 capitibus
1049 2274 1364 2348 uirginitatis
1407 2272 1591 2328 laudes
1641 2279 1888 2344 petuntur
1911 2311 1924 2338 ,
1965 2270 2057 2327 sed

527 2368 653 2424 hinc
679 2369 934 2442 imprimis
957 2366 1099 2440 quod
1123 2383 1150 2424 e
1175 2366 1305 2424 creto
1336 2364 1564 2423 Verbum
1587 2365 1772 2421 elicere
1793 2365 1849 2419 in
1869 2374 2059 2420 terram

529 2465 646 2539 ipsa
688 2463 974 2532 meruerit;
999 2463 1137 2519 unde
1178 2472 1356 2534 postea
1379 2463 1496 2534 ejus
1535 2461 1768 2518 studium
1796 2459 1934 2533 quod
1963 2460 2059 2516 sub

531 2559 748 2631 antiquo
775 2562 968 2632 {cedere
1009 2558 1066 2613 in
1095 2557 1278 2630 paucis
1301 2557 1580 2628 ﬂoruerat,
1613 2566 1956 2631 propagatura
1983 2563 2060 2612 est

534 2653 591 2708 in
616 2653 925 2709 innumeris.

537 2745 625 2803 10.
666 2745 862 2802 Invitat
907 2759 1050 2802 nunc
1094 2744 1426 2817 integritatis
1471 2759 1661 2812 amor,
1691 2751 1749 2800 et
1779 2752 1872 2812 tu,
1901 2757 2064 2800 soror

461 2851 684 2904 sancta.
712 2835 740 2876 ἀ
770 2838 854 2896 vel
898 2841 1066 2896 mutis
1110 2841 1273 2896 tacita
1317 2838 1598 2907 moribus,
1642 2849 1701 2896 ut
1747 2839 1952 2910 aliquid
1995 2839 2064 2896 de

465 2933 778 3004 virginitate
802 2934 1082 3000 dicamus;
1112 2948 1180 2989 ne
1206 2933 1379 2990 veluti
1409 2933 1641 2990 transitu
1667 2933 1903 3004 quodam
1936 2948 2062 3002 per-

467 3026 656 3085 SIricta
707 3024 997 3094 videatur,
1046 3040 1172 3098 quae
1215 3027 1534 3098 principalis
1575 3035 1661 3084 est
1701 3028 1900 3083 virtus.
1944 3026 2064 3084 Non

467 3118 616 3176 enim
657 3119 782 3176 ideo
822 3119 1115 3177 laudabilis
1153 3120 1478 3192 virginitas,
1519 3120 1647 3193 quia
1676 3122 1816 3178 etin
1858 3133 2065 3195 marty-

465 3211 615 3268 ribus
641 3213 932 3284 reperitur,
957 3212 1053 3270 sed
1079 3212 1204 3285 quia
1235 3214 1348 3284 ipsa
1375 3221 1643 3286 martyres
1671 3214 1852 3271 iaciat.

538 3308 628 3365 11.
667 3307 802 3379 Quis
831 3319 1018 3366 autem
1049 3309 1287 3365 humano
1314 3325 1434 3367 eam
1469 3312 1644 3381 possit
1673 3311 1892 3383 ingenio
1917 3325 2068 3368 com-

466 3403 811 3475 prehendere
833 3445 848 3472 ,
876 3419 1039 3476 quam
1069 3419 1172 3461 nec
1199 3412 1394 3460 natura
1420 3405 1536 3460 suis
1565 3404 1787 3462 inclusit
1822 3405 2070 3480 legibus?

465 3496 580 3554 Aut
604 3498 728 3570 quis
756 3497 994 3554 naturali
1020 3513 1156 3554 voce
1181 3499 1513 3570 complecti,
1535 3500 1681 3572 quod
1711 3515 1876 3572 supra
1907 3517 2066 3559 usum

469 3600 680 3648 naturae
724 3591 838 3649 sit?
867 3593 909 3648 E
951 3592 1096 3648 caelo
1141 3594 1436 3650 accersivit
1475 3595 1618 3666 quod
1661 3596 1971 3654 imitaretur
2013 3597 2068 3654 in

469 3683 656 3740 terris.
697 3683 808 3742 Nec
846 3685 1120 3742 immerito
1149 3686 1366 3742 vivendi
1411 3687 1517 3744 sibi
1561 3703 1718 3744 usum
1762 3691 2010 3760 qumsivit
2037 3707 2069 3748 e

469 3779 634 3846 etelo,
657 3794 779 3851 quae
807 3794 1072 3851 sponsum
1103 3779 1208 3836 sibi
1237 3781 1444 3838 invenit
1465 3781 1520 3837 in
1541 3783 1704 3840 catlo.
1727 3782 1856 3840 Haec
1874 3785 2069 3854 nubes,

467 3887 636 3941 aera,
682 3874 944 3945 angelos,
989 3871 1284 3946 sideraque
1332 3877 1776 3948 transgrediens,
1831 3877 2070 3935 Verbum

473 3964 571 4022 Dei
603 3965 656 4022 in
687 3966 810 4037 ipso
849 3966 972 4024 sinu
1015 3965 1195 4023 Patris
1234 3968 1470 4038 invenit,
1503 3977 1560 4026 et
1606 3977 1722 4026 toto
1758 3969 1942 4027 hausit
1977 3987 2073 4042 pe-

470 4068 645 4116 ctore.
693 4058 830 4116 Nam
873 4061 999 4133 quis
1045 4070 1254 4117 tantum
1301 4076 1427 4118 eum
1454 4051 2074 4138 invenerit,relinquat

472 4149 641 4208 boni?
686 4151 1015 4224 Unguentum
1043 4154 1190 4211 enim
1221 4155 1538 4212 exinanitum
1566 4167 1642 4212 est
1668 4175 1852 4214 nomen
1880 4169 2026 4215 tuum
2048 4177 2068 4215 :

470 4257 744 4321 propterea
782 4247 1186 4306 adolescentulo
1229 4251 1522 4307 dilexerunt
1549 4261 1630 4318 te,
1653 4260 1706 4310 ct
1747 4262 2070 4310 attraxerant

473 4347 524 4396 te
550 4339 724 4414 (Cant.
771 4357 809 4408 t,
844 4339 924 4414 1).
957 4340 1248 4399 Postremo
1284 4358 1393 4398 non
1423 4358 1607 4400 meum
1636 4353 1721 4400 est
1751 4343 1908 4413 illud,
1935 4361 2108 4418 quo...

473 4435 620 4492 niam
647 4448 774 4505 qua:
815 4449 925 4490 non
959 4435 1188 4501 nubent.
1219 4451 1397 4508 neque
1424 4436 1722 4506 uubentur,
1751 4447 1914 4496 erunt
1937 4441 2080 4497 sicut

474 4528 650 4600 angeli
680 4527 734 4583 in
764 4528 905 4585 coelo
937 4528 1154 4601 (Matth.
1186 4529 1458 4602 xxu,50).
1489 4527 1666 4588 Nemo
1688 4547 1821 4603 ergo
1848 4535 2080 4592 miretur

473 4621 520 4679 si
565 4621 778 4693 angelis
824 4629 1252 4695 comparentur,
1299 4639 1424 4696 quae
1471 4623 1791 4696 angelorum
1845 4626 2080 4686 Domino

2156 1902 2324 1958 fuisse
2353 1901 2588 1972 legimus
2612 1901 2853 1971 virgines
2881 1901 3192 1971 deputatas.
3225 1899 3334 1956 Sed
3365 1899 3494 1971 quid
3523 1902 3762 1970 Aposto-

2155 1997 2241 2054 lus
2269 1995 2444 2053 dicit?
2466 1993 2598 2050 Haec
2627 2005 2802 2050 autem
2835 1995 2890 2049 in
2919 1993 3092 2065 ﬁgura
3133 1993 3492 2065 contingebant
3534 1993 3673 2058 illis,
3706 2003 3762 2048 ut

2157 2099 2322 2147 essent
2351 2090 2548 2146 indicia
2574 2089 2871 2160 futurorum
2901 2085 3157 2162 (lCor.x,
3175 2089 3298 2162 il);
3325 2085 3498 2159 ﬁgura
3527 2087 3675 2142 enim
3707 2087 3762 2143 in

2159 2185 2346 2258 paucis
2371 2192 2478 2251 est,
2509 2184 2617 2240 vita
2651 2183 2704 2240 in
2739 2183 3014 2254 pluribus.

2234 2280 2322 2335 15.
2364 2278 2435 2334 At
2465 2292 2598 2334 vero
2625 2287 2982 2348 posteaquam
3017 2273 3288 2330 Dominus
3329 2275 3384 2330 io
3419 2287 3620 2346 corpus
3657 2271 3764 2329 hoc

2159 2374 2390 2430 veniens
2409 2415 2426 2440 ,
2453 2371 2870 2429 contubernium
2897 2369 3202 2426 divinitatis
3232 2365 3252 2407 τ
3285 2377 3339 2424 et
3367 2369 3620 2440 corporis
3643 2367 3765 2424 sine

2163 2467 2271 2522 ulla
2321 2475 2594 2522 concreta:
2638 2462 2983 2522 confusiOnis
3029 2461 3156 2518 labe
3203 2461 3456 2528 sociavit,
3488 2471 3620 2518 tunc
3646 2469 3768 2517 toto

2163 2561 2298 2618 orbe
2321 2559 2552 2617 diﬂ‘usus
2575 2559 2900 2631 corporibus
2923 2557 3178 2614 humanis
3204 2557 3333 2612 vitae
3361 2555 3608 2612 caelestis
3635 2569 3771 2610 usus

2164 2655 2412 2713 inolevit.
2455 2654 2571 2710 Hoc
2616 2653 2748 2710 illud
2786 2662 2872 2709 est
2900 2651 3042 2724 quod
3081 2650 3459 2708 ministrantes
3506 2650 3561 2706 in
3603 2651 3772 2706 terris

2165 2750 2349 2822 angeli
2396 2749 2615 2821 (Matth.
2659 2763 2745 2813 tv,
2797 2746 2891 2819 11)
2919 2747 3272 2802 declararunt
3316 2745 3556 2800 futurum
3609 2742 3775 2817 150

2165 2856 2360 2916 genus,
2375 2841 2520 2914 quod
2551 2840 2920 2896 ministerium
2941 2838 3176 2895 Domino
3204 2837 3544 2894 immaculati
3565 2851 3776 2907 corpo-

2167 2936 2241 2992 ris
2269 2935 2552 3006 obsequiis
2576 2933 2890 2990 exhiberet.
2937 2933 3063 2989 llmc
3107 2941 3193 2988 est
3235 2931 3478 2988 celestis
3500 2930 3592 2986 illa
3620 2931 3774 2986 mili-

2169 3031 2265 3098 tia,
2298 3047 2460 3104 quam
2492 3030 2829 3086 laudantium
2877 3029 3153 3086 exercitus
3181 3028 3498 3102 angelorum
3543 3026 3782 3100 promit-

2173 3127 2320 3184 tebat
2373 3128 2426 3184 in
2485 3127 2670 3184 terris.
2737 3125 3016 3182 Habemus
3068 3139 3200 3196 ergo
3246 3123 3628 3181 auctoritatem
3682 3138 3782 3178 ve-

2093 3207 2140 3274 C
2171 3221 2643 3280 tnstatisasaculo
2659 3263 2676 3290 ,
2695 3219 3090 3292 plenitudinem
3113 3217 3466 3290 professionis
3480 3233 3510 3272 a
3525 3216 3777 3275 Christo.

2777 3313 3011 3372 CAPUT
3057 3313 3148 3372 IV.

2173 3409 2412 3482 Negatur
2455 3409 2771 3480 virginitatis
2813 3408 2970 3463 decus
3015 3408 3072 3462 in
3111 3407 3326 3462 ethnicis
3366 3405 3489 3462 ullis
3533 3422 3784 3480 tunguant

2241 3503 2522 3580 exstitisse,
2555 3512 2679 3574 puta
2723 3503 2778 3558 in
2827 3501 3124 3558 Vestalibus
3174 3502 3341 3556 sacris
3371 3501 3482 3557 dcte
3523 3499 3788 3576 Phrygia:

2245 3613 2306 3652 ac
2329 3595 2504 3652 Liberi
2534 3596 2700 3667 patris
2717 3637 2732 3662 ,
2760 3604 2914 3666 atque
2951 3595 3184 3650 etiamin
3212 3591 3539 3666 philosophis
3566 3609 3588 3650 :
3614 3595 3707 3650 ubi
3738 3603 3789 3650 et

2249 3691 2316 3748 de
2364 3691 2696 3764 Pythagorea
2738 3691 2938 3764 uirgine
2962 3731 2978 3756 ,
3039 3690 3096 3745 in
3136 3706 3241 3760 qua
3291 3689 3492 3744 tametsi
3534 3689 3790 3745 laudatur

2249 3785 2412 3840 animi
2458 3784 2784 3858 magnitudo,
2823 3784 3140 3840 continentia
3191 3793 3358 3839 tamen
3407 3782 3791 3849 desideratur;

2251 3896 2367 3934 cum
2404 3888 2618 3950 utraque
2639 3879 2693 3932 in
2723 3877 2912 3932 nostris
2937 3877 3224 3948 virginibus
3250 3876 3491 3932 emineat.

2253 3975 2342 4032 14.
2380 3974 2544 4030 Certe
2573 3989 2680 4028 non
2713 3983 2795 4029 est
2824 3972 2931 4028 hoc
2955 3971 3089 4027 mibi
3131 3985 3423 4028 commune
3448 3986 3574 4027 cum
3603 3972 3798 4043 genti-

2179 4073 2304 4140 btts,
2338 4087 2444 4129 non
2494 4071 2760 4143 populare
2793 4085 2918 4126 cum
2963 4067 3238 4134 barbaris,
3273 4082 3380 4122 non
3411 4083 3538 4122 cum
3565 4068 3797 4124 caneris

2177 4167 2547 4224 animantibus
2578 4166 2838 4221 usitatum
2872 4182 2887 4219 :
2919 4178 3042 4219 cum
3075 4163 3274 4234 quibus
3299 4162 3401 4219 etsi
3433 4177 3601 4218 unum
3632 4177 3802 4220 eum-

2178 4259 2413 4332 demque
2442 4259 2663 4316 vitalem
2693 4259 2838 4315 aeris
2868 4256 3033 4327 hujus
3060 4257 3340 4328 carpimus
3363 4256 3640 4327 Spiritum,
3664 4261 3801 4314 vul-

2178 4368 2366 4426 garem
2419 4353 2618 4409 terreni
2669 4350 2917 4422 corporis
2971 4349 3364 4422 partieipamus
3409 4358 3610 4404 statum
3639 4391 3656 4421 ,
3696 4367 3801 4422 ge-

2179 4449 2410 4508 nerandi
2459 4465 2678 4522 quoque
2732 4463 2845 4505 non
2904 4447 3283 4518 discrepamus
3330 4461 3468 4513 usu;
3512 4445 3620 4502 hoc
3668 4446 3802 4503 solo

2182 4551 2366 4600 tamen
2420 4550 2631 4599 naturae
2682 4540 2870 4614 parilis
2917 4540 3164 4598 convicia
3213 4538 3590 4606 declinamus,
3640 4538 3800 4611 quod

2185 4637 2472 4708 virginitas
2533 4635 2821 4693 aﬂectatur
2875 4650 2906 4690 a
2953 4633 3250 4709 gentibus,
3311 4631 3410 4690 sed
3467 4640 3802 4690 consecrata

552 4777 578 4806 ἰ
617 4767 852 4840 Rogabit
876 4768 1017 4844 forte
1047 4765 1386 4844 aliquis_cur
1428 4768 1634 4844 Agnem
1665 4770 1930 4844 tredecim
1977 4787 2074 4829 an-
2101 4778 2156 4840 D
2249 4774 2280 4817 δ
2318 4775 2522 4833 Omnes
2551 4775 2684 4832 edit.
2713 4791 2778 4832 ac
2815 4791 2951 4832 mss.
2990 4774 3220 4843 aliquot,
3253 4773 3453 4844 injuria
3495 4780 3594 4838 est,
3623 4772 3805 4843 inquit

475 4855 578 4898 nos
623 4852 828 4906 natam,
883 4840 1143 4896 arbitram
1191 4841 1276 4896 sui
1319 4851 1413 4896 aut
1459 4841 1525 4896 ad
1582 4841 1862 4900 ferendum
1921 4848 2074 4902 testi-

475 4915 721 4970 monium
747 4913 985 4969 habilem
1001 4912 1293 4984 exstitisse
1315 4925 1475 4984 neget
1499 4914 1849 4981 Ambrosius,
1867 4931 1991 4972 cum
2009 4934 2076 4974 ex

477 4985 818 5042 ’l‘crtulliaoo
850 4986 946 5040 lib.
979 4983 1048 5038 de
1078 4983 1284 5054 Virgiu.
1316 4983 1564 5042 velandis
1589 5001 1711 5054 cap.
1746 4989 1834 5049 11.
1863 4997 2078 5045 constet

480 5003 818 5042 ἰίιξι-ιιιιιιιιιιο
850 5003 946 5040 Ill).
979 5003 1048 5038 σε
1084 5003 1284 5054 Vll’glll.
1316 5003 1564 5042 γειειιιαιε
1589 5003 1649 5042 (33
1699 5029 1711 5042 .
1746 5003 1834 5049 11.
1863 5003 2074 5045 εοιιειοῑ

480 5059 651 5113 moris
699 5055 868 5112 luisse
917 5055 1060 5129 apud
1106 5055 1392 5123 Etltnicos,
1437 5065 1496 5114 ut
1547 5003 1740 5128 pneﬁae
1794 5058 1862 5114 12
1908 5076 2074 5129 anno,

478 5129 706 5186 masculi
729 5139 912 5201 autem
933 5127 1026 5194 14,
1049 5129 1118 5182 ad
1135 5144 1232 5182 sua
1259 5129 1464 5201 negotia
1487 5131 1854 5187 mitterentur.
1874 5127 2076 5189 Verum

480 5203 779 5274 observant
821 5199 942 5274 ejus
990 5199 1455 5274 commentatures
1503 5201 1738 5274 pupillas
1779 5205 1878 5259 etsi
1911 5222 1937 5256 a
1986 5221 2081 5260 ne-

481 5273 756 5346 gotiorum
787 5271 954 5346 tutela
978 5271 1298 5346 liberatas.”
1326 5271 1775 5330 nondum—tamen
1809 5275 2019 5331 absolvi
2049 5291 2080 5332 a

483 5342 652 5400 (mela
682 5343 1043 5400 auctoritatis.
1081 5342 1238 5402 Unde
1267 5343 1393 5418 licet
1425 5346 1642 5418 propria
1675 5349 1888 5418 negotia
1919 5362 2083 5418 agere

484 5418 950 5487 permitterentur,
985 5417 1326 5487 tamenquia
1367 5417 1652 5473 etiamtum
1683 5419 1786 5474 sub
1827 5417 2081 5475 muliebri

490 5485 658 5544 tutela
679 5497 860 5553 erant,
887 5488 1055 5560 multa
1085 5485 1290 5544 eisdem
1320 5489 1767 5558 prohibebantur.
1797 5506 1918 5560 qua:
1938 5491 2081 5560 apud

487 5561 636 5632 ipsos
670 5560 934 5630 reperias.
979 5557 1177 5632 Postea
1207 5557 1339 5615 vero
1381 5561 1555 5632 legem
1597 5561 1660 5616 de
1718 5557 1870 5632 uenia
1915 5557 2084 5618 (etatis

491 5631 752 5688 masculis
809 5646 954 5687 anno
993 5631 1091 5697 20,
1133 5631 1326 5701 puellis
1358 5631 1456 5698 l8,
1478 5632 1652 5689 edidit
1690 5631 2083 5690 Constantinus

488 5702 735 5775 Magnus.
789 5703 924 5775 Vide
979 5703 1130 5775 cod.
1163 5701 1374 5775 Theod.
1419 5705 1487 5760 ad
1549 5705 1693 5759 bune
1747 5704 1984 5767 titulum,
2029 5714 2088 5762 et

491 5772 867 5848 Qaésiodﬂib.
896 5791 977 5848 Jll
1003 5773 1530 5848 (Varianlormall,
1561 5785 1728 5848 atque
1776 5777 1829 5831 in
1859 5775 2081 5834 eosdem

487 5837 762 5903 Godelridi
802 5847 867 5902 ac
895 5837 1141 5902 Pot-tierii
1168 5837 1604 5901 observationes:

2188 4849 2346 4918 (mss.
2391 4849 2652 4904 omittunt
2699 4845 2912 4919 inquit),
2935 4855 3238 4916 exspectare
3284 4846 3600 4919 placituram
3639 4845 3801 4919 g‘alii

2185 4915 2394 4978 mss....
2446 4931 2743 4989 exspectare
2767 4915 3122 4990 placiturum.
3153 4920 3366 4990 Aptius.
3401 4915 3520 4990 (Sed
3561 4915 3692 4990 quid
3744 4918 3798 4972 si

2185 4991 2432 5064 legamus
2466 4987 2699 5062 spectare
2719 4987 2820 5064 pro
2850 4989 3188 5064 exspectare?
3207 4991 3368 5046 Certe
3399 4989 3503 5044 hoc
3533 4987 3798 5044 ultimum

2184 5063 2310 5120 loco
2339 5065 2562 5133 prioris,
2595 5063 2858 5136 perpetuo
2881 5063 3146 5136 exhibent
3172 5075 3300 5118 mss.

2263 5146 2286 5176 ε
2331 5137 2521 5192 Plures
2550 5130 2707 5192 mss.
2729 5137 2954 5202 priorem
2978 5135 3131 5206 elegit
3159 5149 3179 5188 :
3211 5133 3408 5188 melius
3451 5139 3630 5186 tamen
3659 5130 3800 5201 falii,

2187 5215 2244 5264 et
2269 5217 2484 5278 cuncta:
2510 5209 2670 5275 edit.,
2707 5208 2863 5262 Prior
2888 5206 3059 5278 elegit.

2255 5277 2283 5318 ἀ
2324 5280 2456 5336 Mss.
2495 5281 2626 5344 duo,
2657 5273 2736 5336 uel
2775 5273 2985 5334 mitibui
3012 5278 3172 5332 tacita
3207 5274 3476 5346 moribus;
3504 5273 3713 5346 reliqui
3741 5285 3808 5330 et

2183 5365 2379 5408 omnes
2404 5351 2563 5413 edit..
2591 5353 2668 5406 uel
2709 5353 2886 5419 mutis,
2910 5360 3017 5406 etc.
3043 5349 3206 5404 Rom.
3241 5349 3376 5403 edit.
3409 5345 3586 5409 addit,
3617 5345 3756 5418 petis
3781 5363 3806 5411 ;

2186 5432 2246 5478 at
2286 5423 2434 5478 nulla
2465 5439 2629 5479 causa
2653 5465 2668 5488 ,
2703 5438 2827 5479 cum
2859 5429 3048 5490 aperto
3078 5419 3520 5486 subiutelligatur
3561 5419 3757 5472 inuitas
3783 5435 3807 5484 ,-

2192 5495 2285 5550 ubi
2315 5495 2686 5578 blarcelliuam
2718 5509 2964 5551 sororem
2995 5492 3295 5564 alloquitur
3315 5531 3330 5558 ,
3360 5490 3430 5547 de
3459 5503 3566 5560 qua
3599 5491 3652 5545 in
3682 5491 3806 5545 Ad-

2189 5577 2517 5622 monitione.
3664 5611 3676 5616 -

2265 5647 2290 5676 θ
2331 5635 2535 5694 Vocem
2565 5638 2710 5710 uirgo
2732 5635 2866 5694 edit.
2909 5637 3068 5710 Rom.
3094 5636 3432 5700 detraxerat,
3465 5631 3566 5690 sed
3594 5639 3804 5690 contra

2189 5709 2424 5767 aliarum
2451 5710 2947 5778 ac_mss.,omnium
2981 5709 3164 5764 (idem.
3203 5777 3206 5778 ν
3396 5776 3409 5778 νγ
3447 5752 3468 5778 ._.
3647 5743 3670 5778 _.

2267 5779 2287 5818 ¹
2331 5780 2493 5836 Pauci
2521 5775 2654 5838 mss.
2683 5773 2735 5839 et
2776 5781 3010 5850 corporis
3043 5778 3107 5836 ne
3153 5773 3798 5838 ulla....tlabesouciaoit.
