4054 6306
586 282 687 346 llis

1934 272 2181 337 SANCTI
2219 272 2545 337 AllBllOSll
3773 276 3864 335 ιεθ

583 417 691 457 non
718 406 805 456 est
832 404 1061 469 experta
1104 393 1525 468 contagionem?
1558 392 1751 451 Videte
1781 393 1945 466 igitur
1984 404 2185 463 quanta
2213 390 2266 454 Α
2293 395 2502 450 tionem.
2543 393 2759 451 Solutus
2803 409 2858 449 es
2896 394 2961 448 ab
3001 392 3199 449 uxore?
3242 392 3325 449 Ne
3365 393 3625 465 quaesieris
3671 408 3865 450 uxorem

581 490 914 565 virginitatis
960 489 1158 546 merita
1211 488 1343 546 sint.
1397 485 1649 544 Christus
1697 496 1830 543 ante
1879 487 2183 560 vii-ginem,

581 584 836 642 Christus
865 599 935 640 ex
968 581 1220 653 virgine;
1247 595 1277 637 a
1307 580 1468 637 Patre
1496 578 1716 650 quidem
1746 588 1906 636 natus
1930 590 2059 637 ante
2084 593 2188 637 sas-

581 678 727 744 cula,
756 676 854 734 sed
881 692 945 732 es
981 675 1190 745 virgine
1219 682 1245 711 ει
1272 682 1430 728 natus
1458 673 1530 729 ob
1555 669 1774 727 sarcula.
1810 671 1944 729 illud
1973 680 2189 730 natura:

581 790 717 839 suae,
745 771 850 828 hoc
893 778 1095 827 nostra;
1134 768 1385 826 utilitatis
1430 776 1535 823 est.
1602 765 1740 823 Illud
1781 775 1904 824 erat
1941 783 2184 838 semper,

584 872 612 911 ιι
643 871 746 927 hoc
774 869 966 926 voluit.

655 962 745 1019 22.
789 962 1048 1034 Spectate
1090 970 1148 1017 et
1168 958 1316 1015 aliud
1346 957 1677 1029 virginitatis
1707 956 1962 1013 meritum
1990 954 2190 1013 :Chri-

583 1067 702 1114 stus
736 1055 966 1128 virginis
1007 1068 1263 1125 sponsus,
1293 1063 1347 1109 ct
1374 1052 1418 1107 si
1445 1051 1553 1107 dici
1581 1059 1782 1124 potest,
1803 1049 2055 1108 Christus
2083 1050 2192 1106 vir-

584 1151 760 1220 ginem
788 1146 1094 1214 casutalis;
1123 1144 1403 1219 virginitas
1446 1145 1593 1201 enim
1624 1144 1859 1210 Christi,
1894 1160 2001 1199 non
2027 1144 2193 1216 virgi-

586 1242 774 1298 nitatis
804 1249 889 1297 est
911 1239 1179 1296 Christus.
1209 1238 1373 1310 Virgo
1395 1247 1480 1294 est
1504 1253 1637 1309 ergo
1662 1253 1785 1308 qua:
1813 1237 2017 1309 nupsit,
2039 1237 2191 1307 virgo

584 1351 707 1406 qua:
738 1349 839 1390 nos
865 1349 966 1390 suo
991 1342 1143 1389 utero
1172 1331 1444 1403 portavit,
1476 1331 1629 1402 virgo
1653 1346 1774 1400 qum
1797 1331 2009 1401 genuit,
2042 1330 2192 1400 virgo

584 1446 704 1500 qua:
735 1426 954 1499 proprio
986 1425 1128 1481 lacte
1151 1424 1398 1491 nutrivit,
1425 1423 1495 1480 de
1515 1438 1620 1494 qua
1650 1422 1914 1494 legimus:
1934 1431 1956 1460 ο
1984 1421 2193 1490 Quanta

581 1522 702 1594 fecit
729 1520 874 1592 uirgo
904 1517 1278 1574 Hierusalem!
1322 1514 1446 1571 Non
1472 1516 1715 1587 deﬁcient
1750 1514 1814 1569 de
1835 1525 1982 1587 petra
2013 1513 2190 1583 ubera,

585 1630 744 1684 neque
768 1613 862 1668 uia:
892 1628 924 1667 a
950 1610 1175 1678 Libano,
1218 1619 1306 1664 aut
1353 1608 1635 1665 declinabit
1668 1624 1807 1677 aqua
1844 1607 2016 1663 ualido
2044 1615 2193 1662 uento

582 1724 698 1780 quae
741 1716 976 1778 portatur
1021 1704 1241 1779 (Jerem.
1284 1718 1436 1770 xvttt,
1485 1702 1554 1760 i3
1584 1711 1632 1758 et
1669 1701 1827 1773 seq.).
1879 1701 2066 1771 Qualis
2109 1710 2195 1755 est

2288 487 2335 560 (l
2359 487 2481 543 Cor.
2512 502 2621 555 vn,
2646 485 2765 560 27).
2811 486 2928 544 lloc
2977 496 3309 559 pratceptum
3361 496 3445 543 est
3485 486 3772 559 copulatis.
3803 488 3867 545 De

2290 579 2594 651 virginibus
2634 590 2818 635 autem
2845 578 2975 650 quid
3000 580 3075 634 ait
3098 580 3124 634 ἲ
3155 578 3334 649 thui
3360 580 3687 635 matrimonio
3708 582 3868 653 jungit

2293 672 2543 743 uirginem
2567 688 2740 739 suam,
2780 672 2908 727 bene
2934 672 3060 743 facit
3102 688 3123 728 :
3157 682 3205 727 et
3241 673 3329 745 qui
3354 687 3457 729 non
3472 674 3674 747 jungit,
3706 676 3871 731 melius

2293 768 2422 840 fuit
2446 767 2639 843 (lbid.,
2687 768 2803 842 58).
2834 767 2932 824 illa
2976 782 3087 824 non
3117 778 3301 840 peccat
3332 809 3348 836 ,
3391 768 3438 825 sl
3480 768 3646 825 nubat
3674 784 3690 822 :
3717 765 3745 806 δ
3773 769 3871 826 hac

2293 864 2338 919 si
2392 879 2499 918 non
2549 864 2752 930 nubat,
2797 870 3001 920 aeterna
3046 872 3149 920 est.
3197 861 3274 919 ibi
3314 862 3612 919 remedium
3663 863 3871 918 inﬁrmi-

2293 958 2422 1013 tatis
2456 999 2471 1025 ,
2508 959 2666 1033 153
2697 957 2786 1014 hic
2807 959 2981 1031 gloria
3012 958 3301 1016 castitatis.
3330 956 3427 1014 Illa
3457 971 3564 1014 non
3591 956 3872 1029 reprehen-

2293 1051 2467 1116 ditttr,
2502 1052 2604 1108 ista
2636 1052 2914 1110 laudatur.

2365 1144 2458 1202 25.
2485 1144 2865 1214 Conferamus,
2905 1148 2951 1202 si
2983 1147 3186 1218 placet,
3216 1146 3357 1204 bona
3389 1147 3681 1203 mulierum
3716 1157 3741 1186 ε
3766 1161 3870 1202 rum

2296 1238 2507 1296 ultimis
2547 1238 2843 1311 virginum.
2881 1238 3058 1296 iactet
3101 1238 3226 1296 licet
3275 1237 3295 1278 ι
3344 1238 3580 1296 fecundo
3614 1254 3675 1293 se
3702 1241 3874 1296 mulier

2296 1333 2497 1388 nobilis
2528 1342 2683 1405 partu
2717 1350 2731 1388 :
2763 1347 2871 1405 quo
2898 1332 3081 1404 plures
3115 1333 3476 1403 generaverit,
3509 1335 3633 1404 plus
3657 1334 3870 1390 laborat.

2295 1425 2558 1483 Numeret
2605 1426 2801 1482 solatia
2850 1426 3127 1494 filiorum,
3171 1427 3269 1483 sed
3316 1428 3570 1507 numeret
3608 1428 3809 1497 pariter
3830 1438 3875 1483 rt

2295 1521 2598 1577 molestias.
2646 1520 2813 1576 Nuhit
2857 1530 2915 1577 et
2959 1521 3159 1593 plorat.
3192 1520 3380 1590 Qualia
3411 1531 3539 1578 sunt
3578 1532 3736 1591 veta,
3773 1538 3874 1593 qua:

2296 1612 2531 1669 nentur!
2560 1613 2809 1693 Concipit
2842 1623 2898 1671 et
2929 1615 3221 1686 gravescit.
3269 1615 3427 1671 Prius
3453 1616 3642 1688 utique
3668 1617 3875 1688 impedi-

2298 1718 2543 1764 mentum
2591 1708 2897 1765 fecundttas
2937 1706 3127 1779 incipit
3164 1707 3393 1773 alferre,
3426 1725 3590 1780 quam
3637 1710 3871 1765 intctum.

583 1802 703 1860 hinc
727 1804 881 1873 virgo
911 1816 1033 1872 quae
1062 1799 1349 1856 Trinitatis
1395 1797 1635 1853 fontibus
1672 1796 1934 1867 irrigatur
1966 1812 1980 1849 :
2008 1795 2096 1850 eui
2123 1793 2193 1849 de
2222 1815 2269 1876 Β
2297 1800 2560 1868 Partum,
2587 1811 2642 1858 et
2669 1809 2914 1872 migrarat.
2946 1800 3121 1870 Quam
3150 1799 3313 1857 dulce
3348 1802 3544 1873 pignus
3567 1802 3717 1873 quod
3739 1816 3768 1857 a
3796 1817 3873 1873 pe-

582 1906 738 1969 pctra
786 1898 961 1952 lluunt
1005 1911 1183 1966 aquae,
1219 1911 1328 1948 non
1374 1892 1635 1949 deiiciunt
1662 1891 1853 1957 ubera,
1886 1889 2048 1944 mella
2075 1887 2192 1943 fust-

583 1992 834 2049 duntur?
865 1991 1028 2046 Petra
1056 1999 1239 2045 autem
1278 1994 1365 2043 est
1383 1987 1539 2056 juxta
1566 1984 1889 2055 Apostolum
1916 1980 2189 2038 Christus.

586 2087 732 2159 Ergo
761 2102 792 2141 a
821 2084 1047 2140 Christo
1076 2097 1182 2138 non
1231 2080 1497 2138 deﬁciunt
1524 2079 1718 2145 ubera,
1749 2077 1968 2133 claritas
1993 2091 2024 2130 a
2056 2075 2191 2142 Deo,

586 2181 794 2238 ilumen
821 2179 891 2236 ab
920 2178 1150 2249 Spiritu.
1199 2176 1330 2232 Haec
1353 2185 1437 2231 est
1463 2173 1707 2230 Trinitas
1737 2187 1859 2244 qua:
1890 2170 2192 2227 Ecclesium

583 2293 739 2335 suam
768 2275 979 2346 irrigat,
1012 2274 1196 2339 Pater,
1225 2271 1497 2339 Christus,
1527 2280 1582 2325 et
1606 2267 1866 2339 Spiritus.
2146 2280 2153 2283 τ

655 2369 747 2425 25.
790 2367 900 2425 Sed
944 2376 1001 2423 et
1045 2365 1156 2437 jam
1186 2379 1217 2420 a
1246 2371 1424 2420 matre
1471 2360 1870 2419 descendamus
1915 2357 1982 2415 ad
2029 2356 2190 2413 tilias.

589 2464 669 2520 De
710 2463 996 2538 uirginibus
1021 2502 1038 2529 ,
1067 2461 1244 2532 inquit
1272 2468 1495 2516 sanctus
1522 2456 1845 2527 Apostolus,
1878 2464 2197 2527 praeceptum

590 2562 805 2618 Domini
852 2576 955 2615 non
1004 2558 1167 2614 habeo
1196 2557 1241 2632 (l
1270 2555 1391 2613 Cor.
1426 2571 1459 2611 ι
1479 2595 1496 2624 ,
1523 2552 1605 2627 4).
1635 2553 1693 2611 Si
1724 2552 1927 2609 Doctor
1949 2550 2194 2623 gentium

591 2670 702 2711 nou
730 2653 941 2722 habuit,
973 2651 1182 2708 habere
1210 2651 1334 2721 quis
1366 2647 1574 2719 potuit?
1620 2648 1687 2703 Et
1714 2655 2047 2718 praeceptum
2075 2646 2198 2715 qui-

586 2749 713 2805 dem
755 2763 866 2804 non
910 2745 1137 2811 habuit,
1165 2743 1266 2800 sed
1308 2743 1499 2800 habuit
1543 2742 1878 2813 exemtslum.
1903 2739 2022 2797 Non
2048 2739 2194 2794 enim

586 2842 843 2914 imperari
877 2849 1059 2911 potest
1088 2837 1405 2909 virginitas,
1436 2836 1535 2892 sed
1562 2834 1776 2907 optari;
1801 2848 1926 2890 nam
1955 2848 2076 2906 quae
2101 2846 2194 2887 su-

585 2954 678 3011 pra
728 2951 829 2993 nos
872 2943 1034 3003 sunt,
1064 2935 1117 2990 in
1160 2943 1288 2988 voto
1340 2932 1514 3003 magis
1560 2946 1722 3002 quam
1774 2931 1826 2985 in
1876 2926 2195 3000 magisterio

586 3038 738 3088 sunt.
771 3027 877 3085 Sed
902 3027 1016 3083 uolo
1038 3041 1148 3093 vos,
1174 3024 1369 3096 inquit,
1393 3027 1504 3079 sine
1523 3021 1873 3078 sollicitudine
1898 3036 2026 3075 esse.
2055 3018 2196 3074 Nam

583 3125 673 3194 qui
715 3122 831 3178 sine
878 3134 1039 3175 uxore
1083 3128 1190 3183 est,
1234 3116 1486 3173 sollicitus
1530 3123 1606 3171 est
1646 3128 1763 3186 qua:
1793 3111 2003 3168 Domini
2049 3119 2191 3178 sunt,

2294 1894 2468 1950 riculo
2510 1893 2734 1966 incipit,
2772 1901 2830 1950 et
2865 1893 2920 1949 in
2956 1893 3212 1962 periculis
3249 1893 3485 1962 desinit,
3527 1894 3686 1966 prius
3722 1895 3873 1950 dolori

2293 1986 2571 2052 futurum,
2618 2000 2782 2058 quam
2845 1984 3151 2057 voluptati!
3198 1986 3463 2043 Periculis
3511 1988 3751 2058 emitur,
3796 2002 3874 2043 nec

2296 2096 2395 2153 pro
2424 2080 2654 2137 arbitrio
2678 2079 3010 2152 possidetur.

2365 2174 2460 2231 26.
2508 2174 2652 2244 Quid
2699 2189 3019 2232 recenseam
3060 2175 3333 2232 nutrieudi
3383 2175 3701 2242 molestias,
3746 2176 3875 2234 insti-

2298 2268 2482 2324 tuendi
2516 2278 2542 2318 κ
2584 2277 2639 2325 ει
2666 2268 2996 2340 capulandi‘l
3025 2267 3289 2326 Felicium
3324 2277 3455 2326 sunt
3482 2269 3607 2326 ista:
3642 2270 3872 2327 miseria.

2298 2363 2472 2420 Habet
2511 2372 2685 2420 mater
2731 2362 3009 2429 hmredes,
3043 2364 3138 2421 sed
3173 2373 3338 2437 auget
3375 2364 3619 2421 dolores.
3666 2365 3793 2422 Nam
3819 2364 3873 2419 de

2296 2456 2541 2515 adversis
2578 2472 2688 2513 non
2715 2465 2937 2529 oportet
2960 2456 3174 2528 dicere,
3209 2475 3279 2516 ne
3302 2460 3774 2516 sanetissimornm
3794 2474 3870 2529 pa-

2298 2560 2513 2607 rentum
2547 2550 2715 2607 animl
2745 2552 3192 2609 contremiscunt.
3234 2552 3389 2622 Vide,
3422 2554 3496 2609 mi
3527 2558 3712 2620 θοι-δι’,
3737 2567 3871 2624 quam

2295 2658 2461 2715 grave
2506 2644 2580 2699 sit
2618 2642 2761 2715 pati,
2791 2643 2936 2715 quod
2978 2660 3087 2701 non
3114 2654 3335 2716 Oportet
3359 2631 3559 2703 audiri.
3602 2648 3677 2704 Et
3700 2647 3806 2703 huc
3831 2646 3869 2700 in

2296 2737 2550 2808 praseati
2601 2737 2824 2794 saeculo.
2881 2737 3118 2795 Venicut
3145 2752 3326 2797 autem
3373 2740 3493 2797 dies
3518 2782 3534 2808 ,
3564 2742 3782 2813 quando
3804 2740 3870 2795 dio

2297 2842 2425 2889 cant
2457 2850 2470 2888 :
2518 2830 2699 2889 Beutte
2741 2835 2981 2903 steriles,
3024 2844 3073 2890 et
3113 2845 3313 2892 ventres
3353 2837 3445 2909 qui
3471 2853 3576 2892 non
3614 2844 3874 2912 genuerunt

2297 2923 2452 2998 (Luc.
2481 2941 2633 2993 sant,
2662 2926 2781 2999 29).
2801 2926 2953 2984 Filia:
2978 2929 3124 2985 enim
3146 2928 3311 3002 hujus
3329 2932 3516 2987 saculi
3543 2940 3871 3003 generantur,

2297 3026 2353 3073 et
2378 3027 2643 3089 generant
2675 3038 2689 3075 :
2715 3018 2744 3058 ιι
2773 3019 2882 3077 ﬁlia
2909 3031 3089 3078 autem
3116 3024 3267 3094 regni
3293 3022 3534 3082 abstinet
3560 3039 3593 3081 a
3624 3026 3873 3097 voluptate

2299 3111 2435 3182 viri,
2476 3123 2533 3171 et
2557 3129 2591 3171 a
2620 3114 2902 3186 voluptate
2927 3117 3149 3185 carnis;
3186 3127 3247 3174 ut
3270 3116 3343 3174 sit
3369 3127 3563 3177 sancta
3590 3134 3816 3193 corpore
3831 3125 3873 3174 et

583 3214 844 3289 quomodo
879 3213 1081 3287 placeat
1120 3209 1302 3266 Deo...
1352 3220 1396 3265 et
1426 3209 1576 3283 uirgo
1605 3207 1796 3280 cogitat
1834 3219 1951 3277 qua:
1978 3201 2196 3260 Domini
2216 3217 2266 3283 ο
2297 3206 2511 3277 spiritu.

582 3321 727 3376 sunt,
759 3319 816 3368 ut
845 3310 912 3366 sit
938 3316 1120 3364 sancta
1141 3320 1357 3378 corpore
1396 3314 1444 3359 et
1469 3303 1679 3376 spiritu.
1714 3299 1857 3356 Nam
1882 3316 1999 3371 quas
2028 3307 2195 3371 nupta

583 3415 682 3474 est,
707 3406 897 3479 cogitat
920 3418 1035 3475 qua:
1064 3400 1246 3456 mundi
1274 3409 1415 3469 sunt,
1443 3397 1701 3471 quomodo
1729 3398 1935 3470 placeat
1964 3396 2074 3452 viro
2098 3410 2194 3451 suo

590 3503 639 3575 (l
659 3502 782 3559 Cor.
804 3517 901 3569 ut,
930 3496 1143 3571 52-34).

1212 3586 1443 3646 CAPUT
1486 3587 1572 3644 Vl.

590 3687 816 3746 Sanctus
847 3685 923 3741 uir
948 3702 983 3739 a
1015 3700 1070 3741 se
1111 3682 1323 3738 minime
1360 3681 1599 3736 dantnari
1635 3679 2022 3735 matrimonium
2071 3693 2198 3732 con-

664 3789 902 3846 testatus,
934 3788 1104 3832 tamen
1136 3784 1194 3831 ut
1222 3775 1354 3830 bona
1382 3773 1659 3829 mulierum
1688 3790 1750 3828 ac
1777 3774 2035 3847 virginum
2060 3774 2197 3827 inter

665 3892 720 3931 se
742 3883 1055 3945 componat,
1088 3872 1256 3944 primo
1282 3885 1395 3942 qua:
1440 3870 1580 3925 mala
1619 3868 1991 3939 fecunditatem
2034 3867 2199 3923 consi-

661 3982 864 4037 tentur,
900 3978 1026 4039 puta
1052 3967 1256 4023 dolores
1294 3965 1565 4038 pariendi,
1611 3964 1874 4021 molestias
1903 3963 2193 4030 educandi,

660 4063 924 4118 addictam
943 4061 1052 4116 uiro
1077 4059 1391 4127 servitutem,
1414 4059 1628 4114 nimiam
1654 4059 1839 4130 forma:
1865 4068 2019 4129 atque
2044 4073 2198 4111 orna-

656 4166 951 4213 mentorum
992 4172 1173 4212 curam
1194 4198 1210 4223 ,
1245 4155 1490 4226 proponit
1519 4169 1538 4209 :
1567 4162 1674 4208 tum
1702 4152 1810 4208 illis
1840 4153 2057 4224 apponit
2085 4169 2193 4206 mu-

652 4257 826 4328 jorem
854 4253 1111 4327 virginum
1138 4256 1322 4323 forma:
1350 4250 1572 4322 gratiam
1602 4250 1987 4321 felicioremque
2017 4252 2197 4320 fecun-

664 4350 912 4415 ditatem;
939 4347 1124 4418 quibus
1171 4361 1258 4401 eas
1299 4343 1547 4401 Ecclesia:
1583 4358 1831 4416 perquam
1861 4342 2056 4398 similes
2083 4340 2198 4414 fieri

667 4452 947 4498 asseverat.

655 4536 750 4593 24.
790 4535 908 4593 Non
942 4550 1045 4606 ego
1070 4533 1291 4607 quidem
1324 4532 1619 4591 dissuadeo
1642 4532 2075 4597 matrimonium,
2099 4530 2194 4588 sed

2369 3299 2462 3356 27.
2508 3300 2650 3370 Quid
2695 3317 2826 3376 ergo
2870 3303 3164 3362 famulatus
3196 3321 3395 3378 graves
3431 3318 3488 3364 et
3515 3308 3737 3366 addicta
3767 3309 3872 3365 viris

2297 3395 2524 3451 servitia
2553 3397 2817 3467 replicem
2857 3398 3183 3456 feminarum
3203 3443 3217 3468 ,
3244 3417 3384 3473 quas
3411 3411 3539 3460 ante
3569 3404 3735 3476 jussit
3760 3406 3874 3461 Deus

2297 3491 2512 3546 servire
2554 3505 2716 3562 quam
2756 3507 2943 3549 servos
2988 3491 3144 3566 (Gen.
3193 3510 3251 3550 ιιι
3267 3535 3281 3559 ,
3302 3494 3438 3568 ιον
3463 3496 3597 3566 Qute
3619 3513 3691 3555 eo
3713 3511 3873 3570 prosc-

2298 3601 2468 3655 quor,
2514 3594 2571 3641 ut
2609 3586 2975 3659 indulgentius
3024 3589 3426 3661 obsequantur;
3458 3592 3670 3662 quibus
3712 3594 3806 3648 hor.
3837 3593 3872 3646 si

2300 3681 2723 3753 prohae,merces
2739 3693 2822 3739 est
2836 3682 3147 3742 charitatis:
3163 3687 3207 3740 si
3222 3685 3503 3756 improbae,
3521 3702 3685 3756 poena
3697 3687 3870 3744 delicti.

2369 3779 2460 3836 28.
2494 3778 2630 3835 llinc
2675 3777 2785 3852 (Cf.
2833 3778 2896 3835 S.
2936 3781 3074 3852 Aug.
3120 3780 3211 3837 lib.
3254 3794 3326 3849 tv,
3371 3782 3437 3836 de
3481 3782 3671 3839 Doctr.
3712 3781 3872 3840 Christ.

2299 3888 2417 3945 cap.
2453 3871 2549 3946 2i)
2578 3872 2670 3928 illa
2700 3880 2998 3930 nascuntur
3038 3875 3305 3930 incentiva
3348 3874 3629 3941 vitiorum,
3667 3886 3725 3932 ut
3749 3889 3873 3948 qua:-

2297 3966 2417 4021 sitis
2453 3966 2729 4023 coloribus
2775 3980 2869 4022 ora
2910 3966 3240 4040 depingunt,
3282 3967 3409 4024 dum
3446 3969 3580 4026 viris
3609 3970 3875 4042 displicere

2301 4058 2627 4125 formidant,
2654 4069 2709 4117 et
2732 4059 2800 4116 de
2824 4059 3095 4117 adulterio
3124 4060 3305 4117 vultus
3333 4059 3674 4120 meditantur
3698 4060 3876 4118 adunco

2301 4154 2447 4209 rium
2480 4152 2767 4210 castitatis.
2790 4153 3001 4222 Quanta
3031 4154 3117 4209 hic
3138 4154 3398 4222 amentia,
3423 4154 3666 4225 efﬁgiem
3695 4167 3877 4212 mutare

2300 4258 2539 4315 naturae,
2575 4248 2841 4319 picturam
2886 4263 3163 4320 quaerere;
3196 4259 3251 4306 et
3281 4249 3410 4307 dum
3440 4261 3703 4310 verentur
3738 4251 3753 4289 ί
3785 4263 3878 4306 ma-

2300 4341 2461 4397 ritale
2496 4341 2759 4412 judicium
2782 4383 2797 4411 ,
2841 4341 3077 4414 prodere
3122 4344 3317 4401 suum!
3349 4342 3503 4401 Prior
3543 4344 3694 4401 enim
3731 4343 3793 4401 de
3830 4355 3876 4396 sc

2300 4437 2635 4508 pronuntiat,
2668 4452 2792 4509 quae
2816 4437 2965 4508 cupit
2987 4447 3197 4494 mutare
3223 4437 3365 4510 quod
3388 4447 3516 4495 nata
3538 4448 3646 4497 est.
3679 4439 3751 4496 lla
3770 4438 3873 4493 dum

2299 4534 2421 4590 aliis
2465 4534 2649 4590 studet
2680 4532 2927 4605 placere,
2955 4534 3106 4606 prius
3146 4535 3247 4592 sibi
3278 4536 3394 4608 ipsa
3424 4535 3703 4609 displicet.
3730 4538 3877 4604 Quem

584 4628 914 4702 virginitatis
942 4638 1129 4684 atteso
1157 4625 1512 4684 beneficium.
1565 4624 1668 4693 Qui
1709 4625 1951 4696 inﬁrmus
1980 4634 2076 4689 est,
2110 4623 2194 4679 in—
2218 4622 2275 4684 D
2294 4625 2532 4697 jutlicem
2556 4670 2572 4694 ,
2606 4627 2831 4696 mulier,
2862 4629 3132 4685 veriorem
3176 4629 3512 4701 requirimus
3539 4625 3878 4688 deformitatis

585 4724 724 4796 quit,
757 4725 899 4780 olera
949 4723 1219 4779 manducet
1264 4720 1445 4797 (Rom.
1501 4738 1610 4789 xnv,
1658 4720 1741 4779 2i.
1794 4720 1956 4779 Aliud
1997 4722 2189 4793 exigo,

584 4817 733 4876 aliud
764 4818 1028 4876 admiror.
1059 4818 1324 4890 Alligatus
1344 4834 1400 4874 es
1428 4817 1618 4874 uxori?
1640 4815 1772 4874 Noli
1796 4833 2030 4888 quaerere
2048 4817 2195 4873 solu-

656 4996 683 5023 ει
726 4983 857 5039 Mss.
891 4982 1120 5053 aliquot,
1149 4990 1361 5037 renatus
1386 4980 1448 5053 ob
1478 4980 1693 5036 stecula.

653 5055 682 5096 ιι
724 5056 854 5111 Mss.
900 5065 1171 5125 quatuor.
1219 5054 1316 5109 hoc
1358 5052 1518 5108 uoluit
1562 5053 1703 5108 circa
1747 5052 1905 5125 tinem
1939 5069 1953 5106 :
1986 5052 2189 5125 reliqui

583 5130 718 5196 (uno
764 5123 1021 5197 excepto,
1048 5126 1146 5182 ubi
1192 5127 1369 5193 legas,
1401 5128 1498 5180 hoc
1548 5126 1665 5197 ﬁeri
1708 5123 1893 5196 coluit)
1923 5124 2189 5181 exhibent

586 5191 827 5268 tantum,
853 5191 950 5253 hoc
997 5191 1178 5254 uoluit.
1227 5191 1319 5255 Sic
1362 5191 1704 5255 etiarn'edit.
1750 5191 1961 5253 cuncta
1989 5204 2190 5268 praeter

584 5275 744 5330 Rom.
779 5273 833 5328 in
863 5287 971 5343 qua
1000 5271 1217 5343 legitur,
1260 5271 1357 5325 hoc
1385 5286 1497 5325 esse
1524 5270 1701 5327 voluit.
1737 5268 1940 5324 Eadem
1973 5283 2191 5343 quoque

584 5346 745 5402 Rom.
775 5340 902 5416 post
929 5340 1117 5399 vocem
1150 5340 1386 5398 Christus
1412 5383 1427 5407 ,
1462 5342 1712 5416 proxime
1736 5351 2063 5416 sequentem
2095 5340 2194 5397 ad—

576 5418 734 5490 jecit,
763 5413 929 5488 uirgo,
976 5432 1099 5484 qua:
1145 5430 1320 5486 neque
1350 5416 1402 5470 in
1431 5422 1546 5470 ant.
1591 5413 1722 5472 edit.
1758 5427 1938 5486 neque
1969 5414 2022 5469 in
2055 5427 2188 5469 mss.

587 5490 715 5546 ullis
737 5489 1029 5558 reperitur.

660 5573 682 5601 α
727 5555 884 5618 Rom.
916 5559 1048 5616 edit.
1082 5559 1225 5625 sola,
1262 5559 1468 5626 Quanta
1497 5557 1617 5629 fecit
1647 5557 1791 5629 uirgo
1820 5555 2009 5611 Israel.

655 5630 685 5670 ἀ
727 5635 853 5688 Mss.
879 5643 1147 5702 quatuor,
1172 5630 1286 5687 hac
1309 5631 1356 5684 si
1383 5626 1941 5702 nodpeccahteterna
1969 5637 2042 5682 est
2063 5643 2081 5683 :
2099 5626 2193 5683 alii

589 5703 847 5771 totidem,
893 5706 1000 5759 hinc
1029 5705 1074 5759 si
1105 5720 1211 5760 non
1244 5703 1439 5765 nubat,
1478 5718 1584 5756 non
1621 5709 1833 5771 peccat,
1860 5709 2054 5755 aeterna
2093 5709 2187 5757 est.

591 5776 781 5832 Melius
810 5775 1005 5846 reliqui
1031 5782 1090 5831 et
1111 5774 1246 5831 edit.
1277 5787 1334 5846 ut
1366 5774 1422 5846 in
1451 5780 1626 5846 textu.

665 5857 688 5885 ο
728 5848 854 5903 Mss.
886 5842 1014 5915 duo,
1042 5862 1161 5902 cum
1184 5845 1361 5902 multis
1384 5844 1532 5903 bonis
1550 5842 1826 5917 virginum.

2299 4725 2633 4794 tntn,'quam
2674 4732 2725 4779 te
2765 4722 2975 4794 ipsam,
3005 4739 3126 4795 quae
3153 4722 3324 4789 videri
3352 4723 3549 4783 times!
3580 4725 3637 4783 Si
3680 4721 3875 4797 pulchra

2298 4831 2378 4885 es,
2409 4814 2534 4888 quid
2556 4815 2960 4874 absconderis?
2986 4817 3045 4875 Si
3065 4816 3352 4888 deformis,
3387 4832 3488 4876 cur
3517 4828 3572 4877 te
3599 4818 3876 4877 formosam

2364 4977 2384 5018 ¹
2417 4978 2674 5036 Nonnulli
2718 4994 2878 5046 mss.,
2908 4978 3193 5051 fecundasa
3219 4978 3408 5037 mulier
3432 4978 3623 5039 nobilis
3650 4993 3814 5051 partu.

2367 5060 2392 5100 8
2424 5052 2498 5110 lta
2524 5052 2659 5109 edit.
2687 5067 2810 5126 cum
2844 5059 3003 5126 parte
3019 5066 3184 5126 _mss.;
3205 5059 3262 5126 at
3283 5052 3388 5109 alia
3418 5068 3544 5126 pars
3571 5053 3715 5109 haud
3732 5052 3877 5126 multo

2293 5123 2506 5192 minor,
2556 5134 2604 5181 et
2644 5124 2926 5196 copulnndi
2968 5123 3158 5195 ﬁlium.
3190 5123 3329 5182 Sunt
3355 5123 3466 5184 ista:
3496 5127 3739 5184 miseriis.
3777 5123 3875 5183 Non

2292 5198 2603 5270 satisqapte.

2369 5265 2397 5342 1³
2436 5265 2599 5324 llam.
2634 5269 2797 5339 edit.,
2832 5270 3167 5342 ﬁtiagutem.
3201 5310 3216 5325 .
3252 5309 3268 5326 .
3297 5270 3615 5329 avaluntate
3637 5273 3756 5337 uiri,
3790 5279 3881 5327 eta

2293 5341 2558 5398 uoluntate
2591 5349 2783 5412 carnis,
2814 5339 2919 5399 etc.
2949 5339 3073 5399 νει.
3107 5352 3161 5409 ει
3188 5358 3321 5401 mss.
3350 5346 3483 5401 satis
3512 5342 3655 5402 inter
3684 5359 3743 5401 se
3767 5357 3878 5400 con-

2295 5415 2561 5491 sentiunt,
2582 5415 2689 5471 nisi
2717 5413 2863 5491 quod
2904 5414 3098 5491 ltot'um
3133 5432 3244 5474 non
3268 5420 3567 5491 paneipraa
3601 5432 3662 5473 se
3689 5415 3874 5475 ferunt.

2294 5485 2421 5562 tilia:
2461 5497 2632 5562 autem
2680 5484 2826 5562 regni
2863 5484 3150 5554 abstinent,
3184 5484 3317 5553 etei;
3350 5484 3570 5562 quidam
3605 5492 3765 5546 etiam
3793 5498 3877 5559 pro

2294 5557 2451 5626 ﬁlim.
2500 5559 2683 5631 legunt
2718 5560 2850 5631 ﬁlii,
2894 5565 3059 5631 utque
3098 5562 3204 5618 loci
3239 5557 3406 5618 totius
3432 5557 3875 5631 constructionem

2295 5631 2609 5707 Ipstituant,
2633 5630 2704 5687 ita
2720 5629 3090 5707 concludunt,
3124 5642 3182 5689 ut
3209 5634 3276 5689 sit
3300 5636 3437 5707 quod
3463 5631 3691 5707 Joannes
3719 5629 3835 5707 dicit
3859 5639 3877 5679 :

2298 5698 2403 5780 Qui
2437 5718 2549 5780 non
2586 5719 2651 5759 ea:
2688 5705 2949 5780 voluptate
2972 5706 3072 5760 viri
3094 5748 3108 5775 ,
3139 5698 3394 5780 neque'ea:
3411 5704 3671 5779 uoluptate
3697 5700 3873 5762 carnis,

2301 5773 2392 5828 sed
2413 5790 2477 5829 ea:
2504 5770 2617 5830 Deo
2638 5778 2746 5830 nati
2776 5770 2915 5832 sunt.

2380 5844 2395 5883 ί
2423 5845 2655 5916 Quidam
2685 5862 2843 5919 mss.,
2868 5849 3106 5907 maritale
3120 5849 3401 5924 judicium,
3429 5847 3694 5924 perdidere
3719 5856 3871 5905 suum.
