4054 6306
230 263 326 322 197

223 477 347 530 tiam
393 473 600 528 erroris
645 472 928 527 habitura?
962 470 1053 525 llle
1084 470 1227 525 enim
1255 467 1481 524 alteram
1509 467 1718 538 diligit,
1759 478 1811 522 ιιι

225 567 374 623 alteri
417 567 499 620 vis
552 566 786 636 placere.
835 565 902 619 Et
941 563 1190 618 irasceris
1225 562 1271 618 si
1307 571 1453 617 amet
1489 563 1650 617 aliam
1679 604 1693 625 ,
1722 563 1812 632 qui

225 660 529 714 adulterare
573 659 620 712 in
670 667 718 712 te
753 657 1023 712 docetur?
1053 656 1188 710 Mala
1232 656 1485 726 magistra
1515 671 1573 710 es
1604 654 1813 724 injurire

227 761 347 806 tua).
388 751 706 805 Lcnncinari
747 749 886 803 enim
940 749 1166 818 refugit,
1197 749 1358 802 etiam
1392 763 1512 816 qua!
1544 762 1700 817 passa
1734 747 1814 801 le-

224 860 416 900 nonem
461 853 578 908 est;
620 859 682 896 ac
726 843 850 897 licet
878 841 1000 896 vilis
1030 841 1250 908 mulier,
1283 856 1390 894 non
1421 841 1576 894 alteri
1607 850 1808 908 tamen,

221 937 312 993 sed
351 936 451 990 sibi
503 943 689 1006 peccat
721 951 734 990 :
771 934 1247 1004 tolerabilioraque
1315 931 1708 1002 propemodum
1759 934 1810 987 in

220 1028 246 1068 δ
275 1030 446 1084 altero
485 1028 712 1083 crimina
746 1036 901 1091 sunt;
929 1026 1001 1082 ibi
1029 1029 1172 1082 enim
1199 1026 1477 1098 pudicitia,
1501 1026 1587 1082 hic
1619 1039 1810 1082 natura

218 1121 576 1178 adulteratur.

283 1219 374 1276 29.
407 1221 522 1275 Jam
551 1227 753 1290 quanto
786 1217 960 1287 pretio
986 1232 1124 1289 opus
1157 1225 1263 1282 est,
1296 1232 1361 1272 ne
1391 1218 1556 1272 etiam
1581 1218 1806 1289 pulchra

215 1315 492 1385 displiceat
521 1316 534 1368 !
579 1314 713 1368 Hinc
751 1313 989 1385 pretiosa
1037 1313 1180 1368 collo
1211 1311 1524 1381 dependent
1551 1313 1771 1368 monilia
1796 1353 1810 1378 ,

215 1410 338 1464 inde
393 1424 488 1478 per
519 1408 738 1462 lmmum
765 1407 931 1462 vestis
965 1407 1197 1462 trahitur
1223 1418 1432 1462 aurata.
1464 1407 1676 1462 Eruitur
1706 1407 1808 1479 igi-

215 1511 298 1556 tur
324 1503 438 1556 haec
478 1501 712 1571 species,
740 1515 805 1553 an
837 1501 1098 1554 habetur?
1123 1500 1284 1566 Quid,
1316 1500 1461 1571 quod
1500 1512 1520 1539 ο
1553 1501 1717 1555 etiam
1744 1501 1809 1556 ad

211 1595 432 1651 odorem
472 1595 635 1649 varia:
671 1593 998 1649 adhibentur
1041 1595 1344 1650 illecehrtc!
1387 1593 1545 1666 154
1570 1594 1812 1651 Geminis

211 1701 504 1746 onerantur
533 1705 717 1756 aures,
743 1689 918 1745 oculis
943 1689 1097 1744 color
1129 1689 1268 1744 alter
1308 1688 1629 1744 infunditur.
1670 1688 1810 1756 Quid

1487 248 1575 315 DE
1617 251 2010 316 VIRGINIBUS
2046 256 2178 314 LIB.
2225 257 2263 313 Ι.

224 397 338 441 esse
366 380 634 446 mentiris,
664 393 764 434 nec
789 386 891 434 tuae
917 376 1292 440 conscientiae,
1319 384 1343 412 ει
1375 389 1475 431 nec
1503 374 1661 431 alieni
1685 391 1807 447 gra-
1837 374 1888 434 Α

3423 255 3528 316 198

2528 367 2756 427 CAPUT
2800 369 2912 426 Vll.
2937 367 2946 377 “

1921 463 2170 517 Parentes
2204 471 2256 516 ut
2288 463 2355 516 ad
2382 463 2727 531 virginitatem
2755 462 2894 531 ﬁlias
2924 462 3219 528 instituant,
3251 463 3514 531 hortatur,

1989 557 2162 626 eisque
2205 568 2328 625 quot
2372 555 2618 608 molestia!
2665 564 2944 607 nascantur
2985 569 3049 608 ea:
3077 554 3337 626 voluptate
3366 573 3522 626 quam

1989 649 2068 702 illi
2108 661 2344 716 quterunt
2397 650 2450 702 in
2499 647 2791 718 nepotibus,
2838 648 2981 718 ponit
3013 646 3072 702 ob
3101 647 3303 702 oculos.
3349 649 3526 719 Negat

1993 751 2166 796 tamen
2206 759 2238 796 α
2264 758 2320 797 se
2348 743 2608 812 prohiberi
2651 743 2897 812 nuptias;
2921 743 3042 810 quin
3072 743 3229 798 immo
3257 743 3374 799 illas
3403 762 3524 800 ron-

1987 845 2069 889 tra
2114 835 2390 891 hwreticos
2435 837 2732 891 earumdem
2763 837 3093 892 adversarios
3130 847 3299 893 tuetur
3332 852 3527 897 :cwte-

1987 945 2103 983 rum
2145 931 2272 998 ipsis
2318 932 2668 999 virginitatem
2721 940 3056 1002 anteponens,
3101 943 3295 996 quanta
3323 933 3388 988 sit
3415 934 3523 990 vir—

1987 1025 2164 1094 ginum
2194 1026 2372 1096 sponsi
2402 1025 2764 1094 pulchritudo,
2791 1025 3035 1095 quibusve
3055 1024 3119 1078 ab
3146 1041 3204 1080 eo
3227 1027 3524 1082 muneribus

1984 1119 2093 1173 illa:
2141 1119 2417 1185 donentur,
2466 1120 2734 1190 explicat:
2765 1128 2872 1174 tum
2901 1120 3150 1191 expositis
3184 1120 3241 1174 in
3274 1137 3390 1175 eam
3417 1137 3523 1175 rem

1986 1212 2325 1270 Canticorum
2366 1215 2496 1269 locis
2531 1215 2752 1286 aliquot,
2791 1215 2914 1268 inde
2956 1230 3158 1272 morum
3190 1231 3250 1269 ac
3281 1215 3522 1269 virtutum

1989 1316 2248 1375 praecepta
2263 1306 2506 1378 exprimit
2535 1307 2787 1379 virginum
2801 1307 3086 1362 conditioni
3113 1307 3519 1362 accommodata.

1986 1401 2078 1455 52.
2110 1401 2380 1466 Audistis,
2414 1410 2701 1470 parentes,
2730 1401 2926 1472 quibus
2951 1400 3177 1456 erudire
3208 1399 3524 1466 virtutibus,

1915 1493 2110 1564 quibus
2150 1493 2439 1549 instituere
2485 1493 2794 1563 disciplinis
2842 1495 2982 1548 ﬁlias
3023 1493 3301 1560 debeatis;
3345 1505 3401 1550 ut
3433 1495 3528 1549 ha-

1912 1585 2047 1642 bere
2074 1588 2298 1657 possitis
2320 1604 2548 1660 quarum
2582 1588 2790 1645 meritis
2811 1599 2991 1644 vestra
3024 1590 3220 1645 delicta
3255 1591 3530 1646 rediman-

1916 1689 2022 1736 tur.
2059 1680 2226 1751 Virgo
2264 1681 2359 1737 Dei
2393 1683 2596 1738 donum
2645 1691 2729 1738 est
2751 1725 2766 1751 ,
2797 1699 2995 1739 munus
3029 1685 3276 1754 parentis
3298 1727 3312 1751 ,
3344 1700 3527 1739 sacer-

209 1783 277 1840 ibi
319 1793 567 1838 remanet
597 1797 774 1850 Situm,
810 1781 897 1836 ubi
929 1791 1038 1837 tam
1063 1781 1232 1836 multa
1265 1782 1810 1839 mutantur?Sensus
1840 1779 1884 1840 B
1915 1774 2122 1830 (Ῐοῑίιιηὶ
2174 1777 2467 1832 cumulis.
2514 1777 2683 1848 Virgo
2730 1777 2921 1832 militis
2974 1778 3149 1833 ltOStia
3202 1787 3318 1843 est.
3370 1779 3526 1849 Cujus

208 1891 332 1932 suos
352 1879 554 1932 amittit
575 1876 788 1943 mulier,
813 1886 867 1930 et
889 1877 1072 1930 vivere
1103 1890 1262 1943 posse
1284 1891 1342 1930 se
1373 1876 1579 1931 credit?

275 1971 362 2027 50.
399 1969 506 2026 Vos
539 1985 687 2036 vero,
724 1972 897 2027 beata:
934 1970 1334 2041 virgines,qua:
1377 1972 1503 2024 talia
1539 1978 1809 2027 tormenta

207 2066 386 2136 petitis
413 2081 578 2135 quam
611 2075 932 2120 ornamenta
958 2064 1214 2119 nescitis:
1247 2065 1444 2135 quibus
1484 2063 1658 2134 pudor
1684 2080 1812 2118 san-

207 2170 320 2214 ctus
355 2159 670 2214 verecunda
702 2158 936 2213 suﬂ'usus
961 2174 1054 2212 ora
1073 2166 1158 2226 ,et
1185 2158 1328 2212 bona
1351 2160 1575 2213 castitas
1599 2167 1681 2213 est
1711 2158 1808 2212 de-

205 2255 312 2309 cori
349 2273 360 2306 :
395 2269 508 2308 non
533 2253 786 2307 humanis
813 2252 1044 2308 addicta:
1075 2251 1270 2318 oculis,
1297 2251 1476 2306 alieno
1490 2268 1676 2306 errore
1698 2268 1812 2305 me-

206 2348 302 2402 rita
347 2358 532 2402 vestra
561 2345 826 2416 pensatis.
863 2345 1087 2401 llabetis
1117 2360 1249 2400 sane
1271 2354 1324 2399 et
1354 2359 1448 2398 vos
1480 2354 1678 2400 vostra:
1709 2345 1808 2398 mi-

207 2442 370 2496 litiam
404 2439 860 2512 pulchritudinis,
891 2441 974 2493 cui
1003 2438 1220 2492 virtutis
1252 2438 1446 2492 militat
1479 2438 1673 2502 forma,
1704 2453 1809 2493 non

204 2535 450 2607 corporis
482 2554 496 2590 :
533 2549 694 2603 imam
727 2533 875 2588 nulla
913 2531 1216 2602 exstinguit
1243 2539 1398 2598 aetas,
1424 2530 1569 2586 nulla
1597 2531 1810 2600 eripere

207 2646 355 2686 mors
400 2641 637 2701 potest,
690 2629 838 2683 nulla
891 2626 1159 2698 a-gritudo
1213 2640 1589 2696 corrumpere.
1651 2624 1810 2680 Solus

207 2725 389 2780 forma:
416 2721 444 2761 ά
477 2723 691 2776 arbiter
723 2729 939 2792 petatur
968 2719 1148 2787 Deus,
1181 2719 1271 2790 qui
1304 2721 1465 2774 etiam
1496 2717 1548 2772 iu
1581 2733 1810 2787 corpore

206 2819 382 2875 minus
410 2816 647 2890 pulchro
673 2815 868 2886 diligat
891 2815 1100 2869 animas
1126 2813 1490 2884 pulchriores.
1521 2812 1641 2868 Non
1671 2811 1807 2867 uteri

207 2931 341 2971 onus
373 2922 591 2979 notum,
636 2926 744 2966 non
785 2909 944 2965 dolor
974 2917 1198 2980 partus;
1245 2918 1300 2963 et
1342 2917 1524 2963 tamen
1554 2921 1809 2962 numero-

208 3007 316 3062 sior
343 3005 569 3061 soboles
601 3004 702 3074 pia:
736 3003 954 3067 mentis,
997 3017 1119 3073 qure
1149 3016 1340 3057 onlnes
1371 3018 1470 3071 pro
1499 3000 1688 3055 liberis
1715 3000 1811 3054 Ita-

208 3099 297 3156 bet
340 3119 353 3154 :
404 3097 640 3155 fecunda
685 3096 1133 3162 successoribus,
1187 3095 1396 3150 sterilis
1441 3095 1802 3162 orbitatibus,

215 3205 236 3232 ε
268 3195 436 3250 nescit
463 3195 684 3259 funera,
720 3193 874 3248 novit
904 3191 1176 3248 hzrredes.

282 3289 370 3343 51.
402 3286 496 3344 Sic
533 3297 718 3342 sancta
745 3284 983 3341 Ecclesia
1013 3285 1358 3340 immaculata
1387 3285 1556 3352 coitu,
1582 3283 1809 3340 fecunda

218 3393 398 3451 partu,
437 3383 590 3452 virgo
614 3391 698 3436 est
725 3379 1000 3446 castitate,
1031 3390 1206 3434 mater
1235 3389 1317 3434 est
1350 3379 1525 3449 prole.
1563 3376 1580 3415 ί
1617 3378 1812 3434 Partu-

221 3475 290 3528 rit
316 3475 496 3547 itaque
526 3490 626 3530 nos
655 3475 808 3545 virgo
832 3489 939 3529 non
973 3473 1094 3528 viro
1125 3473 1308 3543 plena,
1337 3472 1432 3528 sed
1463 3471 1679 3541 Spiritu.
1709 3472 1813 3527 Pa-

221 3569 292 3622 rit
321 3585 416 3622 nos
445 3569 602 3638 virgo
631 3584 740 3623 non
772 3583 894 3622 cum
928 3566 1121 3622 dolore
1144 3566 1538 3634 membrorum,
1566 3565 1663 3620 sed
1689 3581 1810 3620 cum

217 3661 426 3732 gaudiis
465 3661 812 3732 angelorum.
855 3658 1034 3714 Nutrit
1076 3673 1175 3714 nos
1212 3659 1362 3729 virgo
1405 3673 1514 3713 non
1565 3658 1813 3727 corporis

218 3755 385 3821 laete,
428 3756 528 3812 sed
587 3755 837 3826 Apostoli
892 3754 936 3825 (l
985 3752 1109 3807 Cor.
1150 3768 1230 3817 Ill,
1269 3752 1351 3821 Ξ).
1399 3767 1508 3823 quo
1543 3751 1812 3807 inﬁrmam

218 3848 389 3904 adhuc
418 3850 726 3904 crescentis
753 3847 938 3918 pOpuli
969 3847 1196 3902 lactavit
1217 3854 1460 3902 aetatem.
1489 3845 1621 3914 Quae
1652 3845 1815 3916 igitur

215 3953 377 4012 nupta
400 3943 590 4012 plures
609 3942 808 3997 liberos
831 3939 994 3996 habet
1011 3955 1170 4010 quam
1195 3949 1380 3995 sancta
1409 3939 1670 4006 Ecclesia,
1692 3954 1814 4010 qua:

215 4035 364 4107 virgo
399 4048 480 4093 est
509 4036 872 4092 sacramentis
893 4077 907 4100 ,
943 4045 1118 4090 mater
1159 4045 1243 4090 est
1275 4034 1493 4104 populis
1514 4074 1530 4099 ,
1553 4033 1712 4103 cujus
1738 4032 1818 4088 fc-

212 4131 542 4186 cunditatcm
587 4130 750 4185 etiam
797 4128 1082 4198 Scriptura
1127 4135 1356 4182 testatur
1402 4125 1636 4182 dicens:
1672 4126 1816 4192 Quo-

214 4223 348 4277 niam
391 4224 574 4295 plures
603 4223 704 4292 ﬁlii
736 4222 950 4275 desertae
980 4220 1144 4292 magis
1171 4236 1327 4291 quam
1364 4223 1480 4283 eius
1513 4235 1628 4289 qua:
1664 4217 1815 4274 habet

211 4317 370 4370 virum
415 4315 594 4388 (Esai.
629 4331 739 4381 ιιν,
772 4315 867 4387 l)?
895 4314 1093 4370 Nostra
1136 4314 1309 4369 virum
1349 4327 1457 4368 non
1491 4311 1683 4381 habet,
1715 4313 1813 4370 sed

211 4407 371 4465 habet
409 4424 680 4481 sponsum
709 4427 722 4473 ;
761 4423 829 4464 eo
857 4408 1003 4479 quod
1049 4409 1166 4464 sive
1199 4408 1446 4463 Ecclesia
1482 4407 1534 4463 in
1560 4408 1774 4479 populis
1797 4451 1810 4474 ,

167 4511 180 4520 ‘
208 4504 317 4558 sive
347 4505 532 4560 auium
565 4504 618 4558 in
664 4502 897 4574 singulis
920 4544 935 4566 ,
962 4502 1071 4573 Dei
1101 4501 1294 4568 verbo,
1324 4503 1445 4558 sine
1474 4501 1585 4558 ullo
1616 4512 1640 4550 ε
1670 4503 1814 4559 flexu

1915 1869 2236 1938 quotidiana
2265 1871 2536 1926 sacriﬁcio
2569 1872 2652 1927 vis
2679 1871 2858 1928 divina
2891 1873 3156 1942 placatur.
3192 1872 3354 1944 Virgo
3384 1873 3528 1930 indi-

1915 1960 2133 2017 viduum
2164 1962 2362 2033 pignus
2403 1947 2894 2036 parentum/,qua:
2934 1981 3040 2022 non
3073 1966 3204 2024 dote
3233 1967 3523 2032 sollicitet,

1915 2051 1942 2091 ιι
1976 2071 2083 2110 non
2127 2057 2488 2127 emigrationc
2521 2057 2816 2126 destituat,
2861 2075 2971 2114 non
3014 2059 3251 2116 offendat
3286 2060 3522 2130 injuriis.

1991 2146 2148 2219 155
2180 2149 2266 2203 55.
2317 2148 2425 2204 Sed
2469 2159 2701 2220 nepotes
2735 2150 2932 2220 aliquis
2977 2150 3179 2207 habere
3211 2151 3522 2217 desiderat,

1909 2250 1962 2295 .et
2009 2243 2094 2294 avi
2140 2257 2340 2297 nomen
2370 2243 2676 2314 acquirere.
2721 2243 2960 2298 Primum
2990 2258 3119 2299 suos
3148 2245 3351 2310 tradit,
3395 2245 3522 2300 dum

1912 2335 2107 2403 quan-it
2155 2335 2365 2391 alienos
2415 2354 2428 2390 :
2477 2337 2676 2393 deinde
2715 2338 2884 2394 certis
2930 2336 3244 2394 defraudari
3294 2337 3525 2408 incipit,

1912 2427 2041 2483 dum
2094 2440 2280 2500 sperat
2335 2431 2580 2486 incertos
2626 2447 2642 2490 :
2695 2431 2910 2488 confert
2956 2446 3090 2502 opes
3140 2431 3423 2503 proprias,
3472 2440 3528 2488 et

1911 2523 2090 2580 adhuc
2124 2525 2405 2592 poscitur;
2437 2524 2542 2581 nisi
2585 2525 2770 2581 dotem
2796 2527 3002 2595 solvat,
3031 2527 3270 2598 exigitur
3303 2543 3318 2583 :
3357 2528 3400 2583 si
3431 2528 3521 2583 diu

1915 2615 2095 2681 vivat,
2140 2631 2411 2674 onerosus
2455 2627 2562 2674 est.
2621 2616 2635 2654 ί
2682 2618 2882 2674 Emere
2931 2619 3072 2675 istud
3103 2630 3186 2675 est
3216 2637 3516 2691 generum,

1913 2722 2019 2762 non
2054 2711 2363 2779 acquirere,
2394 2712 2484 2782 qui
2517 2713 2838 2781 parentibus
2863 2713 2988 2768 lilia:
3013 2713 3209 2768 vendat
3237 2726 3521 2786 aspectus.

1912 2801 2117 2858 ldeonc
2164 2813 2240 2859 tot
2271 2805 2556 2861 mensibus
2600 2816 2848 2877 gestatur
2877 2815 3035 2862 utero
3059 2849 3072 2872 ,
3108 2817 3164 2862 ut
3196 2807 3250 2863 in
3284 2807 3522 2866 alienum

1915 2906 2158 2954 transeat
2199 2901 2566 2969 potestatem?
2600 2901 2724 2956 Ideo
2755 2900 2768 2950 i
2811 2901 3266 2957 commendanda:
3296 2899 3522 2973 virginis

1912 3008 2039 3051 cura
2083 2993 2409 3064 suscipitur,
2441 3004 2498 3048 ut
2524 2995 2687 3050 citius
2717 2995 3030 3064 parentibus
3057 2994 3340 3050 auferatur
3369 2995 3392 3050 ‘i

1986 3093 2074 3148 5L
2121 3091 2273 3148 Dicet
2309 3089 2508 3160 aliquis
2541 3105 2552 3141 :
2598 3088 2741 3158 Ergo
2777 3086 3068 3143 dissuades
3117 3086 3375 3158 nuptias?
3409 3085 3523 3158 Ego

1833 3173 1880 3238 C
1916 3200 2045 3241 vero
2083 3183 2322 3249 suadeo,
2356 3191 2411 3238 et
2440 3196 2537 3252 eos
2572 3182 2770 3236 damno
2813 3182 2903 3251 qui
2938 3180 3259 3237 dissuadere
3287 3195 3522 3236 consue-

1913 3291 2072 3345 runt;
2107 3291 2164 3334 ut
2207 3287 2334 3350 pote
2359 3278 2451 3349 qui
2480 3277 2633 3334 Sara:
2664 3294 2730 3335 ac
2759 3278 3022 3334 Rebecczc
3051 3287 3105 3334 et
3136 3278 3384 3347 Rachel,
3417 3295 3522 3335 ca:-

1913 3386 2262 3444 terarumque
2291 3381 2538 3429 veterum
2572 3372 2825 3444 conjugia
2865 3371 3190 3428 feminarum
3224 3388 3323 3442 pro
3353 3373 3521 3430 docu-

1915 3468 2114 3524 mentis
2144 3466 2503 3538 singularium
2536 3466 2797 3521 virtutum
2828 3481 3120 3522 recensere
3159 3465 3386 3522 soleam.
3419 3466 3522 3535 Qui

1913 3561 2060 3617 enim
2092 3561 2345 3630 copulam
2378 3559 2624 3624 damnat,
2657 3558 2878 3613 damnat
2909 3568 2963 3615 et
2996 3557 3137 3615 ﬁlios
3173 3577 3184 3612 :
3218 3569 3274 3614 et
3300 3557 3518 3614 ductam

1914 3653 1939 3692 li
1982 3669 2077 3723 per
2102 3652 2514 3708 successiman
2545 3652 2742 3708 seriem
2769 3653 2987 3723 generis
3018 3652 3336 3708 societatem
3365 3653 3522 3710 dam-

1915 3757 2008 3803 nat
2035 3747 2279 3803 humani.
2318 3745 2452 3801 Nam
2482 3745 2941 3818 quemadmodum
2970 3745 3232 3802 duratura
3262 3747 3316 3801 iu
3343 3761 3520 3803 szecu-

1913 3842 2025 3897 lum
2056 3851 2188 3896 aetas
2214 3839 2513 3896 succedere
2543 3849 2732 3910 posset
2759 3840 2931 3907 aetati,
2966 3838 3072 3896 nisi
3098 3843 3269 3912 gratia
3302 3843 3522 3914 nuptia-

1915 3954 2034 3993 rum
2065 3934 2411 4008 procreanda:
2439 3934 2679 3990 studium
2709 3934 2917 3991 sobolis
2948 3935 3234 3992 incitaret?
3256 3937 3361 3993 Aut
3385 3954 3523 4008 quo-

1917 4030 2082 4087 modo
2127 4027 2412 4099 praedicari
2458 4037 2636 4098 potest
2674 4028 2820 4097 quod
2871 4029 3251 4085 immaculatus
3280 4030 3426 4086 lsaac
3454 4032 3521 4086 ad

1911 4125 2102 4180 altaria
2135 4122 2232 4178 Dei
2278 4121 2501 4177 victima
2545 4129 2788 4192 paternze
2830 4123 3052 4192 pietatis
3081 4124 3319 4178 accessit
3354 4122 3514 4194 (Gen.

1914 4234 2006 4274 xx:
2031 4260 2047 4286 ,
2079 4217 2159 4284 2),
2191 4215 2334 4287 quod
2368 4213 2535 4270 Israel
2565 4214 2804 4271 humano
2831 4215 2976 4271 situs
3003 4216 3056 4271 in
3087 4231 3320 4286 corpore
3350 4216 3520 4274 Deum

1917 4310 2052 4365 vidit
2097 4309 2254 4382 (Gen.
2296 4325 2477 4379 xxxii,
2509 4308 2641 4381 27),
2677 4319 2733 4366 et
2777 4309 3096 4382 religiosum
3145 4310 3346 4382 popqu
3373 4311 3526 4368 dedit

1917 4419 2117 4461 nomen
2145 4446 2158 4470 ,
2199 4419 2428 4474 quorum
2473 4404 2740 4476 originem
2774 4404 3032 4460 damnat?
3059 4403 3238 4462 Unum
3270 4419 3402 4460 sane
3428 4405 3526 4462 ha-

1917 4500 2047 4556 bent
2099 4498 2114 4536 1
2149 4498 2398 4555 homines
2429 4498 2561 4556 licet
2595 4499 2883 4571 sacrilegi,
2913 4499 3060 4570 quod
3101 4500 3154 4555 in
3185 4498 3271 4555 his
3298 4501 3461 4556 etiam
3492 4517 3524 4557 a

208 4597 452 4667 pudoris,
475 4597 634 4670 quasi
657 4611 862 4667 Sponso
893 4596 1111 4652 ianubit
1140 4605 1374 4663 aeterno,
1396 4594 1556 4651 eﬂ‘eta
1577 4595 1810 4666 injuriar,
1838 4575 1890 4637 Ῑ)
1917 4593 2340 4663 sapientissimis
2379 4592 2669 4662 probetur;
2713 4592 2844 4663 quia
2892 4591 3139 4664 coniugia
3171 4593 3484 4650 damnando
3506 4635 3523 4666 ,

206 4688 311 4747 feta
339 4693 600 4748 rationis.

277 4817 300 4845 ⁸
331 4809 461 4865 Mss.
512 4809 758 4880 plerique
783 4850 797 4874 ,
826 4824 916 4862 nec
947 4807 1104 4862 alieni
1131 4807 1352 4878 gratiam
1390 4804 1495 4859 oris
1538 4805 1796 4860 habitura.

209 4880 423 4938 Minime
448 4882 614 4936 male.

274 4952 300 4991 δ
328 4956 538 5010 Omnes
578 4952 711 5008 edit.
759 4968 880 5009 cum
927 4951 1113 5022 paucis
1144 4964 1303 5022 mss.,
1335 4949 1389 5003 in
1420 4948 1671 5022 adulterio
1704 4950 1804 5022 cri-

207 5027 342 5079 mina
369 5036 490 5081 sunt
516 5043 534 5080 :
568 5026 638 5080 ita
668 5025 831 5080 etiam
859 5021 1002 5093 apud
1034 5027 1262 5092 August.
1293 5021 1412 5075 loco
1436 5021 1489 5074 in
1521 5037 1690 5093 marg.
1720 5021 1801 5074 ci-

207 5104 344 5166 tato,
383 5101 474 5168 qui
530 5097 718 5152 isthmc
767 5097 839 5153 ibi
883 5092 1070 5168 retulit
1108 5096 1160 5148 in
1193 5094 1515 5162 praeclarum
1545 5092 1804 5168 dictionis

205 5163 420 5236 grandis
472 5170 792 5239 exemplum
843 5187 856 5221 :
916 5167 1005 5221 alii
1059 5181 1254 5236 magno
1301 5180 1567 5239 numero,
1599 5167 1686 5239 _in_
1725 5163 1807 5239 al-

207 5235 331 5308 tero,
360 5255 495 5307 etc,
531 5235 784 5296 nimirum
821 5242 870 5294 in
903 5255 969 5294 eo
995 5240 1137 5304 quod
1158 5235 1288 5292 hazc
1318 5237 1517 5292 mulier
1546 5235 1804 5302 admittit,

209 5325 324 5382 quae
350 5314 452 5368 sibi
487 5323 694 5383 peccat,
733 5327 836 5366 nou
869 5311 1044 5366 alteri.

279 5396 299 5424 ε
327 5381 569 5441 Εςιίιίλα
603 5387 753 5454 pauci
792 5398 953 5448 mss.,
978 5384 1130 5436 etiam
1151 5382 1367 5454 odorum
1388 5381 1563 5454 varice,
1588 5388 1696 5454 etc.

274 5454 299 5493 δ
327 5457 586 5513 Νοηηιιιιί
605 5451 962 5522 mss.,arbiter
973 5456 1156 5528 petitur
1179 5453 1385 5510 Deus...
1404 5451 1807 5524 diligitanimas.

282 5537 304 5599 εἴ
327 5530 458 5584 Mss.
491 5531 721 5596 aliquot,
752 5529 909 5582 nescit
930 5526 1113 5599 funera
1130 5526 1373 5582 hwredis.

282 5598 299 5636 ί
336 5605 463 5657 Mss.
518 5603 747 5669 aliquot,
797 5598 1030 5654 Parturit
1067 5601 1240 5669 itaque
1281 5616 1373 5654 nos
1401 5599 1544 5669 virgo
1568 5613 1669 5651 non
1699 5613 1811 5669 cum

212 5670 382 5727 dolore
417 5689 434 5728 :
484 5673 578 5727 alii
613 5667 758 5728 vero
786 5680 843 5727 et
869 5671 1000 5728 edit.
1036 5667 1260 5742 prorsus
1301 5667 1672 5734 conveniunt,
1705 5667 1812 5722 nisi

211 5746 346 5825 quod
379 5761 477 5815 pro
510 5747 752 5814 parturit,
789 5744 840 5801 in
874 5741 1045 5798 Rom.
1068 5741 1197 5798 edit.
1234 5743 1530 5813 repositum
1554 5752 1659 5806 est,
1689 5756 1811 5792 con-

213 5818 347 5884 cipit.

1917 4687 2243 4758 proﬁtentur
2269 4701 2330 4741 se
2361 4701 2471 4740 non
2503 4683 2760 4740 debuisse
2787 4686 2959 4740 nasci.

1983 4812 2008 4850 ε
2037 4801 2112 4857 lta
2127 4811 2234 4857 vet.
2261 4799 2394 4857 edit.
2418 4801 2712 4872 cunctique
2739 4815 2909 4870 prope
2935 4816 3094 4870 mss;
3123 4812 3178 4858 at
3199 4803 3359 4862 Rom.
3384 4807 3518 4863 edit.

1913 4889 2035 4944 cum
2070 4889 2177 4928 uno
2205 4875 2288 4929 vel
2316 4875 2494 4930 altero
2527 4887 2686 4938 mss.,
2717 4874 2867 4944 ﬂuxu
2892 4874 3126 4944 pudoris.

1984 4943 2174 5002 hNihil
2206 4946 2452 5014 apertius
2497 4943 2730 5017 probare
2763 4947 2934 5016 possit
2970 4948 3200 5003 necdum
3247 4960 3519 5005 monaste-

1913 5018 1991 5072 ria
2045 5019 2314 5088 virginum
2358 5017 2644 5073 Mediolani
2693 5018 2864 5073 fuisse
2897 5018 3166 5086 instituta,
3199 5036 3360 5075 secus
3387 5037 3521 5078 vero

1907 5089 2190 5155 Bononiae,
2221 5100 2278 5144 ut
2311 5090 2536 5145 docetur
2559 5089 2722 5156 infra,
2755 5104 2876 5159 cap.
2907 5091 2996 5157 10,
3025 5107 3176 5146 num.
3209 5093 3300 5148 b7.

1986 5161 2001 5199 ί
2037 5161 2269 5231 Quidam
2301 5178 2458 5228 mss.,
2494 5162 2731 5218 Emereri
2753 5163 2924 5216 studet
2950 5180 3215 5234 generum.

1985 5234 1998 5283 i
2041 5235 2197 5289 lium.
2242 5234 2375 5289 edit.
2413 5249 2536 5289 cum
2569 5234 2755 5305 paucis
2785 5249 2941 5306 mss.,
2977 5234 3235 5306 comendo:
3261 5237 3473 5306 virginis
3505 5258 3518 5294 :

1910 5305 2032 5360 alia:
2083 5321 2205 5362 cum
2256 5307 2504 5377 reliquis,
2549 5305 3011 5372 commendandw;
3043 5305 3151 5362 duo
3197 5305 3356 5373 mss.,
3383 5326 3523 5363 coin-

1912 5377 2188 5445 mendatw,
2219 5378 2454 5451 virginis.

1991 5451 2016 5487 κ
2051 5451 2209 5504 Pauci
2243 5449 2401 5514 is.,
2431 5449 2536 5505 Per
2563 5466 2912 5506 successorum
2936 5450 3140 5505 seriem.

1993 5519 2011 5558 ι
2041 5521 2324 5578 Manicbrei
2370 5523 2601 5588 scilicet,
2634 5521 2700 5577 de
2737 5520 2936 5593 quibus
2965 5521 3304 5593 Agugustinus
3334 5523 3386 5580 in
3421 5524 3522 5582 lib.

1916 5592 1984 5648 de
2018 5593 2221 5649 Haeres.
2264 5609 2387 5662 cap.
2428 5593 2519 5656 46,
2565 5586 2636 5648 ita
2680 5586 2960 5661 loquitur:
2999 5586 3148 5664 Unde
3176 5593 3385 5664 nuptias
3415 5599 3527 5652 sine

1916 5665 2235 5738 dubitatione
2278 5665 2619 5738 condemnant
2645 5705 2660 5728 ,
2692 5672 3018 5738 ethquantum
3052 5663 3106 5716 in
3128 5663 3258 5735 ipsis
3273 5677 3371 5738 est,
3402 5686 3527 5738 pro-

1919 5737 2089 5791 hibent
2112 5754 2130 5803 ;
2157 5736 2363 5806 quando
2409 5751 2652 5806 generare
2677 5732 2968 5805 prohibent,
2999 5732 3208 5806 propter
3234 5732 3373 5805 quod
3398 5732 3524 5798 eon-

1907 5809 2058 5880 jugt'a
2086 5808 2379 5877 copulanda
2405 5816 2547 5862 sunt.
