4054 6306
568 246 671 304 199

1913 239 2163 299 SANCTI
2189 237 2520 298 AMBROSII

632 365 723 422 55.
753 363 874 420 Non
902 361 1089 435 itaque
1128 358 1424 417 dissuadeo
1453 357 1694 429 nuptias,
1724 355 1821 413 sed
1849 356 2059 413 fruetus
2080 371 2166 410 sa-
2199 357 2252 418 Α
2276 356 2528 426 corporis
2554 363 2765 422 motus,
2806 351 3290 425 membrorumque
3324 352 3536 411 redolet
3555 352 3754 412 obiisse
3771 356 3852 411 de-

564 466 730 516 cratzc
773 455 1104 529 virginitatis
1138 467 1422 510 enumero.
1468 451 1770 508 Paucarum
1820 450 2023 520 quippe
2066 449 2170 505 hoc

566 570 766 610 munus
788 559 897 619 est,
925 550 1057 607 illud
1086 550 1354 606 omnium.
1379 547 1490 604 Nec
1518 552 1695 617 potest
1723 558 1847 601 esse
1867 543 2169 614 virginitas,

567 646 672 706 nisi
701 645 900 701 habeat
924 643 1072 700 unde
1094 650 1373 699 nascatur.
1396 639 1543 696 Bona
1567 653 1688 695 cum
1708 638 1863 693 bonis
1884 650 2167 707 comparo,

568 755 677 813 quo
705 736 917 795 facilius
943 736 1075 809 quid
1105 741 1351 807 praestet,
1388 732 1623 790 eluceat.
1661 731 1848 803 Neque
1877 746 2057 789 meam
2088 730 2173 787 ul-

569 832 677 889 lam
707 830 1043 889 scutentiam
1074 828 1269 898 aﬂ'ero,
1298 828 1394 885 sed
1421 843 1541 885 eam
1570 837 1781 899 repeto,
1815 842 1979 897 quam
2001 824 2174 881 edidit

568 927 809 999 Spiritus
836 934 1057 982 sanctus
1088 939 1184 994 per
1217 922 1536 995 prophetam
1566 938 1582 976 :
1614 919 1806 977 Melior
1835 930 1935 989 est,
1972 919 2169 992 inquit,

565 1021 811 1077 sterilitas
851 1035 972 1074 cum
999 1016 1189 1072 virtute
1215 1016 1373 1088 (Sap.
1405 1031 1482 1080 tv,
1510 1015 1577 1085 ι).

638 1115 731 1172 56.
764 1114 1010 1171 Primum
1038 1112 1184 1169 enim
1211 1110 1358 1184 quod
1390 1122 1640 1183 nuptura:
1660 1124 1777 1182 prae
1800 1107 2016 1165 caeteris
2036 1120 2171 1164 con-

565 1210 882 1282 cupiscunt,
904 1218 962 1263 ut
980 1206 1166 1279 sponsi
1193 1205 1397 1262 decore
1422 1219 1483 1261 se
1495 1204 1811 1275 jactent,eo
1834 1216 2064 1259 necesse
2088 1208 2173 1256 est

567 1304 808 1376 impares
836 1303 1009 1358 sacris
1051 1315 1113 1357 se
1142 1300 1415 1356 fateantur
1443 1314 1567 1355 esse
1606 1296 1909 1369 virginibus
1928 1337 1945 1362 ,
1974 1294 2173 1364 quibus

569 1401 707 1458 solis
754 1397 1022 1469 contingit
1069 1396 1257 1452 dicere
1308 1412 1324 1450 :
1377 1393 1664 1464 Speciosus
1707 1394 1880 1464 forma
1909 1405 2019 1461 prce
2044 1388 2173 1460 ﬁliis

567 1496 866 1559 hominum,
910 1490 1108 1560 diffusa
1144 1499 1220 1546 est
1245 1490 1419 1562 gratia
1445 1488 1497 1542 in
1529 1485 1682 1542 labiis
1702 1485 1802 1539 tuis
1822 1481 1997 1558 (Psal.
2023 1497 2171 1548 xntv,

567 1589 646 1664 5).
677 1590 811 1659 Quis
844 1596 932 1645 est
958 1586 1065 1643 iste
1092 1584 1365 1657 sponsus?
1395 1582 1514 1639 Non
1552 1580 1753 1637 vilibus
1792 1577 2043 1635 addictus
2069 1576 2171 1633 ob-

565 1682 772 1753 sequiis
798 1724 814 1749 ,
858 1696 972 1737 non
1011 1678 1236 1736 caducis
1277 1676 1550 1748 superbus
1586 1673 1791 1729 divitiis
1823 1690 1837 1725 ς
1874 1671 1970 1728 sed
2016 1668 2173 1741 cujus

2273 446 2324 502 li.
2344 445 2447 502 ias.
2476 444 2763 503 Secundus
2788 446 2927 501 odor
2948 455 3078 503 tuus
3103 445 3249 503 sicut
3282 445 3421 502 odor
3452 445 3669 513 Libani,
3696 446 3855 502 Domi-

2273 539 2385 595 nici
2408 539 2653 613 corporis
2683 538 3074 612 integritatem,
3097 538 3361 612 virginea:
3388 537 3581 596 ﬂorem
3608 538 3854 596 castitatis

2270 633 2514 691 exhalat.

2877 727 3109 787 CAPUT
3146 729 3285 786 Vill.

2270 819 2469 878 Locum
2502 833 2794 895 sequentem
2815 820 3173 892 Canticorum,
3196 824 3376 881 Favus
3402 822 3711 889 distillans,
3737 831 3851 891 etc.,

2342 917 2420 973 sic
2456 915 2716 984 edisserit,
2746 926 2799 971 ut
2820 917 2942 973 inde
2967 934 3148 975 ansam
3178 919 3399 992 arripiat
3428 934 3547 974 cum
3575 917 3754 990 apibus
3784 934 3854 973 sa-

2343 1025 2462 1064 cras
2490 1010 2716 1082 virgines
2746 1012 3111 1083 comparandi.

2343 1102 2438 1160 40.
2469 1100 2497 1140 ά
2539 1100 2745 1159 Favum
2794 1103 2981 1175 itaque
3013 1103 3192 1161 mellis
3232 1113 3323 1160 tua
3352 1118 3520 1176 opera
3544 1111 3854 1175 componant

2273 1191 2452 1265 (Cant.
2502 1211 2578 1261 tv,
2608 1196 2730 1265 il);
2779 1195 2939 1268 digna
2988 1198 3135 1254 enim
3185 1197 3473 1270 virginitas
3513 1213 3642 1269 qua:
3688 1196 3854 1268 apibus

2271 1301 2619 1360 comparetur
2645 1307 2661 1345 :
2686 1289 2770 1346 sic
2797 1289 3097 1358 laboriosa,
3119 1290 3199 1348 sic
3223 1291 3442 1367 pudica,
3463 1290 3548 1347 sic
3569 1289 3853 1347 continens.

2274 1379 2420 1438 Rore
2467 1381 2712 1454 pascitur
2757 1384 2898 1455 apis,
2943 1384 3120 1440 nescit
3142 1385 3498 1451 concubitus,
3529 1383 3695 1440 mella
3722 1398 3853 1439 eom-

2276 1477 2447 1545 ponit.
2478 1476 2592 1534 Ros
2616 1491 2834 1549 quoque
2875 1478 3104 1550 virginis
3133 1490 3220 1534 est
3248 1493 3433 1534 sermo
3458 1477 3679 1534 divinus
3703 1494 3720 1544 ;
3750 1477 3852 1548 quia

2273 1569 2416 1625 sicut
2455 1585 2573 1637 ros,
2608 1571 2701 1627 Dei
2734 1571 2900 1627 verba
2931 1570 3296 1629 descendunt.
3332 1571 3516 1630 Pudor
3545 1572 3767 1645 virginis
3787 1581 3855 1627 est

2273 1661 2600 1719 intemerata
2633 1674 2848 1719 natura.
2878 1665 3073 1721 Partus
3106 1665 3335 1737 virginis
3364 1666 3506 1723 fetus
3532 1675 3625 1724 est
3656 1677 3681 1706 ο
3710 1666 3855 1722 labio-

566 1777 729 1835 sedes
772 1776 828 1833 in
875 1774 1138 1831 smeulum
1189 1771 1398 1828 saeculi.
1436 1768 1589 1825 Filize
1636 1781 1825 1839 regum
1869 1767 1924 1821 iu
1957 1763 2169 1819 honore
2198 1763 2247 1825 B
2274 1770 2638 1828 rum,expers
2667 1757 3067 1825 amaritudinis,
3092 1758 3289 1816 fertilis
3311 1758 3628 1816 suavitatis.
3649 1757 3709 1815 lu
3728 1773 3854 1816 com-

564 1873 705 1945 ejus.
740 1872 920 1928 Astitit
946 1870 1124 1942 regina
1161 1885 1194 1922 a
1232 1865 1429 1922 dextris
1456 1864 1559 1920 tuis
1582 1863 1637 1918 in
1674 1861 1858 1918 uestitu
1886 1861 2173 1928 deaurato,

564 1967 814 2022 uarietate
841 1962 1230 2019 circumamicta
1259 1960 1542 2015 virtutum.
1575 1956 1714 2013 Audi
1738 1955 1928 2026 igitur,
1958 1954 2094 2024 ﬁlia,
2126 1961 2175 2007 et

564 2059 683 2116 uide
704 2101 719 2127 ,
749 2070 799 2114 et
839 2057 1039 2112 inclina
1080 2072 1259 2111 aurem
1303 2063 1467 2122 tuam,
1507 2061 1557 2107 et
1587 2051 1888 2107 obliviscere
1915 2047 2173 2119 populum

566 2165 716 2209 tuum
752 2160 800 2207 et
829 2151 1041 2205 domum
1083 2148 1249 2219 patris
1280 2149 1395 2215 tui;
1435 2146 1683 2219 quoniam
1718 2142 2012 2214 concupivit
2056 2140 2174 2197 Rea:

565 2247 786 2321 speciem
805 2254 965 2311 tuam,
980 2243 1103 2316 quia
1121 2242 1233 2309 ipse
1253 2251 1325 2298 est
1346 2238 1488 2296 Deus
1510 2249 1632 2295 tuus
1654 2236 1849 2308 (lbid.,
1863 2235 1935 2292 50
1951 2246 1999 2291 et
2010 2234 2168 2307 seq.).

638 2342 731 2399 57.
748 2339 820 2396 Et
846 2339 1073 2395 adverte
1101 2344 1363 2408 quantum
1390 2336 1486 2391 tibi
1510 2334 1753 2405 Spiritus
1777 2340 2003 2388 sanctus
2022 2330 2173 2389 Scri-

568 2445 743 2510 plura:
764 2434 963 2490 divinae
978 2430 1365 2489 testiﬁcatione
1384 2428 1662 2493 detulerit,
1682 2442 1938 2498 regnum,
1954 2441 2165 2494 aurum,

567 2527 1027 2604 pulchritudinem
1060 2543 1075 2579 :
1104 2538 1354 2596 regnum,
1378 2531 1407 2560 ι
1435 2521 1523 2579 vel
1549 2521 1679 2593 quia
1706 2534 1908 2592 sponsa
1933 2535 1994 2576 es
2020 2520 2168 2592 regis

566 2622 781 2691 salerni,
807 2620 892 2677 vel
929 2618 1055 2691 quia
1084 2616 1343 2674 invictum
1370 2615 1610 2670 animum
1640 2629 1839 2686 gerens
1856 2654 1871 2680 ,
1894 2611 1964 2669 ab
1985 2612 2169 2670 illece-

568 2719 687 2776 bris
732 2718 1069 2789 voluptatum
1105 2714 1135 2756 ιο
1177 2731 1285 2772 nou
1322 2714 1536 2785 captiva
1581 2709 1835 2780 haberis,
1875 2707 1973 2765 sed
2013 2707 2167 2780 quasi

564 2815 752 2888 regina
801 2810 1106 2871 dominaris
1136 2829 1151 2867 :
1191 2825 1405 2879 aurum,
1453 2808 1580 2881 quia
1612 2806 1751 2863 sicut
1787 2805 1882 2861 illa
1905 2803 2166 2860 materies

562 2908 877 2964 examinata
924 2905 1048 2977 igne
1094 2902 1386 2977 pretiosior
1425 2910 1538 2971 est,
1590 2898 1751 2972 156
1799 2897 1872 2953 ita
1896 2894 2165 2988 corporis

560 3001 776 3071 species
805 2997 1087 3070 virginalis
1110 2994 1337 3066 Spiritui
1368 3001 1689 3051 consecrata
1713 2987 1906 3046 divino
1924 3031 1939 3057 ,
1975 2987 2168 3044 forma:

554 3105 669 3148 sure
696 3090 933 3164 acquirit
955 3096 1309 3163 augmentum
1336 3104 1351 3142 :
1392 3084 1859 3158 pulchritudinem
1888 3097 2022 3139 vero
2044 3082 2168 3154 quis

2278 1864 2444 1905 mune
2472 1850 2648 1919 labor,
2676 1854 2981 1909 communis
3008 1863 3095 1911 est
3116 1854 3348 1912 fructus.

2346 1945 2438 2001 41.
2465 1945 2640 2015 Quam
2673 1958 2724 2004 te
2759 1948 2944 2017 velim,
2978 1950 3118 2017 lilia,
3150 1949 3528 2007 imitratricem
3569 1965 3694 2008 esse
3718 1948 3851 2021 hujus

2275 2038 2507 2111 apiculze
2543 2038 2562 2078 ί
2595 2042 2681 2096 cui
2707 2042 2864 2098 cibus
2890 2041 2992 2099 llos
3016 2052 3124 2112 est,
3154 2059 3253 2101 ore
3283 2044 3506 2102 soboles
3536 2045 3755 2117 legitur,
3774 2059 3852 2100 ore

2274 2134 2650 2204 componitur!
2670 2134 2822 2193 lianc
2847 2136 3068 2194 imitare
3096 2148 3179 2203 tu,
3204 2138 3334 2194 lilia.
3360 2137 3546 2195 Verba
3565 2148 3654 2196 tua
3675 2139 3848 2195 nullum

2273 2226 2389 2285 doli
2417 2228 2668 2285 velamen
2694 2229 3017 2297 obtendant,
3049 2231 3261 2288 nullum
3292 2231 3532 2288 habeant
3561 2232 3762 2289 fraudis
3786 2232 3851 2286 iu-

2274 2326 2586 2395 volucrum;
2633 2337 2692 2383 ut
2739 2336 2794 2384 et
2839 2329 3139 2399 puritatem
3184 2329 3461 2400 habeant,
3487 2338 3552 2387 et
3593 2329 3847 2403 gravitatis

2270 2422 2431 2495 plena
2460 2424 2595 2481 sint.

2340 2515 2433 2572 42.
2480 2517 2796 2576 Meritorum
2837 2535 3058 2593 quoque
3086 2530 3305 2577 tuorum
3333 2519 3433 2577 tibi
3454 2529 3667 2578 aeterna
3696 2527 3847 2591 poste-

2269 2610 2407 2666 ritas
2436 2620 2462 2659 ες
2492 2618 2587 2667 tuo
2612 2628 2709 2669 ore
2736 2614 3004 2684 pariatur.
3030 2612 3144 2670 Nec
3169 2614 3277 2670 soli
3300 2614 3419 2683 tibi,
3447 2616 3551 2671 sed
3572 2615 3731 2671 etiam
3752 2613 3847 2686 plu-

2268 2703 2423 2760 ribus
2457 2720 2776 2778 congreges,
2810 2705 2927 2781 (qui
2968 2708 3079 2763 scis
3115 2708 3264 2764 enim
3299 2707 3522 2780 quando
3556 2724 3587 2762 a
3616 2717 3669 2765 te
3692 2706 3842 2763 anima

2270 2806 2360 2855 tua
2386 2800 2764 2874 reposcatur?)
2779 2815 2849 2858 ne
2864 2801 3204 2874 receptacula
3232 2802 3560 2859 horreorum
3592 2797 3846 2858 frumentis

2268 2904 2585 2952 coacervata
2623 2896 2929 2964 dimittens,
2962 2912 3068 2953 nec
3097 2898 3222 2953 vita:
3253 2906 3364 2953 tute
3403 2896 3526 2953 usui
3564 2895 3840 2970 profutura,

2271 3004 2372 3045 nec
2420 2989 2663 3058 meritis,
2708 2990 2940 3061 rapiaris
2966 3006 3034 3047 eo
3062 3007 3170 3062 quo
3199 2990 3515 3048 thesaurum
3553 3000 3703 3047 tuum
3730 2988 3842 3045 ferre

2272 3098 2380 3139 non
2427 3084 2624 3154 possis.
2671 3084 2833 3141 Dives
2869 3084 3035 3158 igitur
3075 3095 3218 3154 esto,
3269 3085 3366 3142 sed
3407 3086 3767 3158 pauperibus;
3798 3088 3843 3137 ut

556 3196 740 3259 petest
766 3185 1029 3257 majorem
1059 3183 1381 3240 existimare
1417 3180 1621 3236 decore
1648 3177 1788 3247 ejus,
1812 3191 1934 3249 quae
1947 3184 2161 3231 amatur
2188 3168 2236 3234 C
2267 3187 2476 3234 naturte
2523 3177 2819 3250 participes
2858 3188 2993 3248 tuae,
3027 3179 3322 3252 participes
3359 3180 3471 3237 sint
3500 3180 3673 3238 etiam
3702 3175 3843 3236 facul-

552 3298 584 3339 a
626 3281 806 3355 Rege,
841 3280 1107 3351 probatur
1140 3294 1169 3333 a
1189 3275 1407 3346 Iudice,
1438 3274 1655 3332 dicatur
1683 3273 1940 3341 Domino,
1967 3287 2162 3329 conse-

549 3386 738 3433 cratur
766 3374 880 3431 Deo
914 3388 1162 3444 :semper
1181 3386 1407 3443 sponsa,
1437 3384 1657 3441 semper
1682 3366 1948 3441 innupta;
1978 3375 2039 3423 ut
2059 3382 2159 3424 nec

551 3484 709 3526 amor
737 3467 903 3524 linem
925 3467 1148 3533 habeat,
1181 3479 1286 3522 nec
1311 3464 1572 3521 damnum
1601 3463 1795 3533 pudor.
1918 3460 1924 3465 ’

620 3560 713 3619 58.
745 3559 875 3616 ﬂare
918 3558 1165 3630 profecto
1209 3574 1335 3614 vera
1377 3558 1733 3629 pulchritudo
1761 3564 1873 3625 est,
1904 3557 1990 3614 cui
2023 3557 2160 3613 nihil

550 3652 743 3721 deest,
770 3668 893 3725 quae
932 3653 1049 3709 sola
1086 3660 1332 3709 meretur
1361 3651 1554 3709 audire
1580 3667 1609 3706 a
1635 3651 1866 3707 Domino
1895 3669 1909 3705 :
1940 3649 2072 3706 Tota
2106 3666 2160 3705 es

553 3750 787 3820 formosa
806 3786 824 3815 ,
855 3747 1099 3816 proxima
1135 3760 1251 3801 mea
1273 3787 1291 3814 ,
1332 3753 1380 3800 et
1406 3746 1741 3818 reprehensio
1778 3760 1883 3800 non
1910 3754 1986 3799 est
2010 3745 2155 3799 inte.

553 3839 790 3909 Sponsa,
816 3838 933 3894 aeni
955 3836 1058 3893 huc
1087 3854 1121 3893 a
1146 3834 1370 3904 Libano,
1403 3838 1519 3892 veni
1546 3837 1647 3892 huc
1668 3854 1698 3890 a
1714 3835 1938 3901 Libano,
1964 3836 2161 3891 transi-

548 3934 626 3990 bis
660 3943 709 3990 et
738 3933 1079 4008 pertransibis
1113 3951 1147 3988 a
1187 3932 1449 4004 principio
1484 3933 1627 4001 ﬁdei,
1660 3948 1692 3987 a
1718 3932 1887 4005 capite
1922 3932 2083 3988 Sanir
2111 3941 2158 3987 et

545 4024 816 4093 Hermon,
868 4043 903 4082 a
945 4025 1178 4083 latibulis
1227 4025 1454 4095 leonum,
1500 4041 1534 4080 a
1563 4025 1823 4080 montibus
1872 4024 2156 4095 pardorum

547 4117 727 4195 (Cant.
763 4133 843 4186 tv,
876 4120 932 4190 7,
963 4120 1043 4191 8).
1073 4119 1284 4189 Quibus
1310 4118 1527 4176 indiciis
1550 4117 1860 4175 ostenditur
1888 4118 2153 4189 perfecta,

543 4222 601 4270 et
646 4211 1141 4284 irreprehensibilis
1189 4210 1472 4283 virginalis
1523 4211 1719 4266 animae
1767 4208 2152 4281 pulchritudo,

546 4304 814 4363 altaribus
843 4312 1165 4362 consecrata
1205 4302 1440 4371 divinis,
1477 4302 1624 4359 inter
1652 4316 1914 4359 occursus
1939 4312 1994 4359 et
2033 4302 2157 4358 lati-

547 4397 675 4454 bula
702 4398 1033 4469 spiritalium
1066 4396 1366 4454 bestiarum
1404 4408 1427 4436 ο
1457 4411 1566 4453 non
1590 4395 1789 4452 inﬂexa
1808 4395 2150 4464 mortalibus,

544 4491 642 4551 sed
675 4494 882 4550 intenta
921 4491 1196 4565 mysteriis
1230 4491 1327 4547 Dei
1365 4490 1636 4547 meruisse
1669 4489 1928 4547 dilectum
1949 4531 1965 4555 ,
1995 4489 2153 4562 cujus

539 4588 710 4647 ubera
752 4589 912 4659 plena
951 4587 1158 4644 ltetitite
1199 4605 1214 4643 :
1264 4585 1461 4642 Vinum
1502 4586 1647 4643 enim
1682 4585 1915 4657 lcetiﬁcat
1937 4601 2028 4641 cor
2052 4586 2149 4642 Ito-
2178 4567 2233 4629 ἶ)

546 4683 701 4739 minis
728 4680 902 4755 (Psal.
926 4697 1040 4750 cut,
1072 4680 1185 4753 15).

614 4777 710 4835 59.
754 4775 924 4845 Odor,
952 4776 1149 4848 inquit,
1181 4775 1595 4831 uestimentorum
1626 4784 1834 4830 tuorum
1856 4791 2014 4848 super
2037 4792 2146 4830 om—

544 4871 633 4927 nia
665 4879 901 4926 aromata
936 4867 1114 4942 (Cant.
1159 4884 1234 4935 tv,
1270 4867 1382 4941 10).
1409 4867 1479 4924 Et
1508 4866 1649 4924 infra
1686 4883 1701 4922 :
1732 4867 1803 4923 Et
1830 4868 1959 4924 odor
1985 4869 2113 4923 vesti
2126 4896 2145 4909 -

541 4970 828 5021 mentorum
858 4971 1064 5018 tuorum
1092 4962 1226 5017 sicut
1251 4961 1381 5018 odor
1422 4960 1611 5017 Libani
1636 4961 1826 5034 (lbid.,
1858 4960 1969 5034 ll).
2006 4960 2144 5019 Vide

536 5071 701 5129 quem
726 5055 888 5112 nobis
918 5053 1149 5121 tribuas,
1175 5055 1356 5128 virgo,
1384 5070 1726 5127 processum.
1752 5054 1971 5112 Primus
1997 5056 2143 5112 enim

536 5149 675 5206 odor
718 5156 845 5206 tuus
883 5163 1054 5220 super
1081 5147 1264 5205 omnia
1309 5157 1589 5217 aromata,
1618 5163 1740 5220 quae
1770 5147 1825 5205 iu
1847 5148 2143 5206 Salvatoris

534 5242 699 5301 missa
726 5250 858 5300 sunt
895 5241 1234 5315 sepulturam
1263 5239 1445 5313 (Joan.
1481 5256 1594 5311 χιι,
1615 5241 1749 5314 59);
1784 5250 1839 5300 et
1865 5252 2147 5301 emortuos

607 5388 635 5418 ι
670 5378 766 5437 Vel
812 5379 936 5452 quia
975 5394 1166 5451 sponsa
1210 5383 1279 5435 es?
1298 5379 1436 5452 regis
1483 5380 1661 5435 (sterni
1684 5423 1701 5450 ,
1736 5379 1856 5437 lttec
1904 5380 1958 5437 iu
1998 5395 2133 5437 mss.

536 5453 707 5507 ntulto
730 5452 973 5521 pluribus
1001 5452 1492 5522 prtetermittuntur

604 5522 634 5597 β
662 5523 756 5581 Sic
779 5538 973 5580 omnes
998 5523 1164 5592 edit.;
1190 5530 1248 5579 at
1270 5538 1401 5597 mss.
1434 5524 1671 5597 aliquot:
1700 5525 1790 5581 alii
1809 5533 1991 5582 autem
2019 5540 2136 5581 ma-

530 5594 639 5665 jori
675 5611 928 5668 numero.
951 5611 1054 5651 non
1075 5597 1281 5668 captiva
1311 5595 1519 5651 laberis.

610 5677 636 5707 ο
657 5667 800 5793 ξω.
829 5667 991 5740 longe
1014 5667 1253 5739 plurimi,
1285 5684 1385 5723 non
1411 5669 1606 5740 inﬂexa
1633 5670 1915 5726 moralibus
1929 5684 1951 5736 ,'
1971 5682 2134 5738 unus,

610 5754 668 5793 ιη
706 5755 785 5793 us.

535 5753 785 5794 mortuus.

606 5808 635 5851 ἀ
665 5812 798 5869 Mss.
829 5811 1072 5885 aliquot,
1110 5810 1283 5872 Favus
1314 5814 1486 5887 itaque
1521 5815 1689 5873 mellis
1708 5823 1800 5870 tua
1825 5827 1985 5885 opera
2005 5827 2139 5869 com-

2267 3279 2459 3327 latum.

2341 3365 2498 3439 157
2524 3364 2617 3423 45.
2646 3365 2865 3423 Florem
2902 3380 3121 3439 quoque
3146 3366 3245 3423 tibi
3280 3366 3603 3425 demonstro
3638 3380 3838 3438 carpen-

2263 3459 2417 3534 dum,
2451 3460 2602 3516 illum
2648 3462 2834 3533 utique
2862 3460 2959 3532 qui
2996 3460 3134 3517 dixit
3163 3477 3179 3516 :
3213 3460 3327 3533 Ego
3354 3463 3454 3533 flos
3481 3462 3679 3535 campi,
3719 3470 3763 3516 et
3787 3459 3840 3513 li-

2262 3555 2389 3609 lium
2427 3554 2761 3610 convallium.
2798 3552 3081 3623 Tamquam
3112 3553 3280 3609 lilium
3307 3556 3363 3610 in
3397 3555 3573 3611 medio
3601 3556 3839 3627 spinarum

2262 3646 2437 3719 (Cant.
2468 3663 2528 3716 ιι,
2552 3648 2606 3716 1,
2636 3645 2728 3717 2),
2754 3646 2898 3719 quod
2914 3655 3000 3702 est
3017 3646 3287 3703 evidentis
3311 3645 3517 3714 indicii,
3543 3645 3836 3720 spiritalium

2258 3741 2644 3813 nequitiarium
2672 3741 2919 3797 sentibus
2946 3741 3175 3798 virtutes
3201 3740 3475 3809 obsideri;
3526 3742 3677 3799 unde
3702 3751 3836 3797 nemo

2259 3836 2494 3893 fructum
2527 3837 2750 3905 referat,
2786 3837 2887 3892 nisi
2918 3836 3011 3906 qui
3035 3844 3227 3893 cautus
3257 3835 3504 3894 accedat.

2831 3930 3061 3988 CAPUT
3091 3930 3278 4001 Vlllj'.

2258 4024 2440 4101 Pergit
2459 4025 2591 4082 alios
2612 4042 2640 4081 e
2664 4024 2896 4081 Canticis
2915 4024 3239 4079 canticorum
3260 4023 3400 4079 locos
3421 4032 3610 4094 aptare
3631 4021 3833 4096 subjecto

2328 4128 2650 4192 argumento,
2667 4128 2713 4174 et
2730 4119 2956 4191 primum
2968 4117 3218 4190 uirginem
3232 4117 3302 4172 ad
3315 4116 3583 4174 Christum
3602 4115 3836 4187 inquiren-

2328 4212 2453 4268 dum
2500 4210 2824 4279 exhortatus,
2868 4210 3080 4266 ubinam
3107 4209 3199 4266 ille
3237 4210 3549 4277 inueniatur,
3598 4206 3831 4281 exponit:

2328 4315 2437 4361 tum
2460 4305 2717 4379 descripta
2745 4305 2976 4381 ejusdem
3001 4305 3286 4361 secundum
3314 4314 3590 4377 utramque
3619 4313 3831 4359 naturam

2328 4399 2653 4471 praestantia,
2675 4398 2859 4471 quibus
2880 4398 2944 4454 ab
2964 4415 3024 4455 eo
3050 4398 3448 4472 perfectionibus
3479 4398 3687 4468 Spuma
3704 4406 3831 4451 exor-

2326 4501 2497 4558 netur,
2518 4491 2758 4563 quibusve
2775 4491 3043 4546 muniatur
3068 4490 3347 4563 praesidiis,
3365 4490 3568 4562 aperit:
3594 4498 3826 4561 postremo

2327 4585 2558 4641 eamdem
2587 4602 2705 4640 cum
2732 4585 2932 4659 angelis
2960 4585 3024 4641 ob
3061 4585 3351 4642 castitatem
3375 4588 3602 4658 confert,
3632 4600 3718 4640 nec
3743 4593 3828 4635 non

2326 4680 2405 4735 illi
2428 4695 2606 4734 eorum
2631 4679 2769 4752 parti
2795 4694 2924 4750 quos
2960 4695 2989 4734 e
3014 4679 3141 4733 coelo
3176 4678 3574 4750 intemperantia
3612 4672 3826 4733 deturba-

2325 4772 2417 4840 vit,
2438 4776 2669 4846 praefert.

2322 4863 2415 4921 ιιι.
2443 4864 2608 4922 Sume
2637 4865 2800 4937 igitur
2827 4865 2965 4932 alas,
2983 4864 3274 4938 virgo,sed
3301 4865 3559 4936 spiritus;
3583 4872 3643 4921 ut
3660 4874 3826 4933 super-

2251 4960 2404 5017 voles
2442 4961 2595 5025 vitia,
2628 4960 2676 5015 si
2715 4961 3038 5031 contingere
3075 4959 3231 5031 cupis
3275 4958 3554 5016 Christum
3587 4976 3602 5014 :
3633 4956 3697 5013 ln
3721 4952 3822 5009 aliis

2254 5056 2471 5121 habitat,
2506 5064 2556 5111 et
2582 5056 2800 5111 humilia
2828 5056 3036 5125 respicit
3065 5054 3246 5129 (Psal.
3277 5072 3410 5123 catt,
3441 5056 3530 5129 5);
3558 5066 3615 5113 et
3638 5049 3823 5125 species

2251 5150 2368 5222 ejus
2394 5150 2535 5206 sicut
2568 5149 2765 5206 cedrus
2794 5148 3004 5218 Libani,
3039 5149 3132 5223 qui
3160 5164 3372 5207 comam
3413 5150 3666 5213 nubibus,
3696 5140 3822 5201 radi-

2253 5258 2373 5300 cem
2422 5243 2585 5301 terris
2624 5242 2837 5301 inserit.
2884 5242 3221 5316 Principium
3267 5244 3415 5301 enim
3451 5242 3573 5316 ejus
3611 5257 3642 5299 e
3679 5237 3819 5298 (telo,

2244 5390 2423 5459 ponat.
2451 5421 2465 5436 .
2498 5423 2511 5438 .
2541 5420 2555 5436 .
2587 5379 2697 5459 Res
2725 5398 2927 5455 quoque
2952 5383 3231 5459 virgineus.
3256 5383 3418 5440 Rom.
3450 5383 3606 5459 edin,
3630 5372 3818 5459 oirgiitf-

2313 5463 2337 5491 ο
2369 5452 2529 5509 Rom.
2559 5454 2690 5529 edit.
2722 5448 2853 5511 cum'
2879 5470 3011 5512 mss.
3031 5448 3271 5528 'aliquot,
3303 5461 3438 5529 fetus
3461 5448 3821 5510 laborumJlF

2241 5540 2345 5602 nus
2369 5526 2679 5602 commode.
3137 5526 3180 5602 ξ-
3303 5526 3313 5529 ’
3591 5597 3648 5602 __

2318 5594 2337 5674 ξ
2374 5597 2612 5674 υἱοληᾳιι
2641 5613 2800 5656 secus
2842 5614 2906 5655 ac
2935 5599 3030 5657 lib.
3072 5600 3399 5674 viﬂexaem.
3437 5614 3559 5674 cap.
3589 5597 3680 5663 5i,
3712 5590 3814 5674 Vit:-

2240 5669 2425 5741 gilium
2474 5668 2715 5726 imitatus
2751 5680 2836 5727 est
2860 5681 3082 5729 sanctus
3122 5673 3350 5738 Doctor,
3384 5679 3442 5728 ut
3482 5663 3591 5728 illic
3616 5685 3648 5725 a
3675 5663 3817 5722 nobis

2242 5742 2591 5798 observatum
2623 5752 2729 5798 est.

2317 5823 2343 5861 ε
2369 5813 2499 5872 Mss.
2529 5830 2638 5873 non
2666 5814 2847 5887 pauci,
2875 5824 2964 5873 tuo
2990 5832 3143 5890 opere
3161 5817 3417 5889 pariatur.
3444 5886 3449 5889 τ

3700 5974 3775 5999 Λκὲ-
3794 5972 3800 5977 ⁴
