4054 6306
226 285 331 343 ΞΜ
1509 286 1595 342 DE
1642 288 2030 346 \lliGlNlBUS
2068 289 2201 345 LIB.
2243 289 2282 344 Ι.
3427 289 3535 349 ’ὶοὲ

227 402 537 471 posteriora
561 402 681 471 ejus
709 403 764 459 in
793 401 974 470 terris,
1011 400 1216 457 fructus
1237 400 1376 455 coelo
1399 401 1675 469 proximos
1701 402 1832 456 edit.
1864 407 1914 464 Α
1944 414 2088 458 runt.
2120 403 2376 458 Formosa
2399 419 2475 470 es,
2502 402 2738 474 proxima
2761 418 2893 469 mea,
2920 411 2974 457 ut
3004 401 3136 457 bona
3165 404 3341 475 apinio
3375 421 3392 459 :
3420 407 3542 475 put-

231 492 494 552 Scrutare
523 495 844 568 diligentius
873 505 979 552 tam
1011 495 1212 551 bonum
1242 493 1452 560 ﬂorem,
1485 493 1678 549 necubi
1711 510 1836 550 eum
1938 496 2086 563 chra,
2113 505 2168 550 ut
2197 495 2527 551 Hierusalem
2557 494 2734 566 (Cant.
2762 512 2838 564 v1,
2874 493 2952 567 3).
2977 495 3095 551 Non
3127 496 3322 551 caduci
3355 497 3543 568 itaque

233 587 286 642 in
329 589 570 657 pectoris
618 589 696 646 tui
745 589 992 646 convalle
1029 589 1300 659 reperias;
1345 587 1642 643 humilibus
1682 586 1830 642 enim

234 681 556 750 frequenter
584 683 880 740 inhalatur.

306 775 403 832 45.
447 777 615 834 Amat
639 779 892 849 generari
927 779 980 835 in
1013 777 1209 844 hortis,
1243 776 1296 833 in
1333 777 1531 849 quibus
1574 791 1696 834 eum
1739 777 1843 834 Su-

235 885 406 928 sanna
439 869 568 927 dum
591 870 990 940 deambularet,
1018 871 1227 928 invenit
1256 887 1271 926 :
1303 872 1443 926 mori
1475 871 1648 941 prius,
1680 887 1842 943 quam

239 965 433 1021 violari
481 973 669 1036 parata
702 965 866 1040 (Dan.
895 967 1012 1036 xin,
1043 964 1121 1038 'i).
1164 966 1265 1035 Qui
1297 967 1407 1021 sint
1454 973 1639 1022 autem
1673 965 1840 1034 horti,

238 1057 356 1128 ipsc
381 1056 722 1114 demonstrat
747 1058 939 1115 dicens
963 1075 976 1113 :
1013 1058 1208 1113 llortus
1228 1059 1525 1124 conclusus,
1550 1075 1702 1114 soror
1726 1074 1842 1113 mea

238 1148 467 1220 Sponsa,
495 1150 676 1206 hortus
695 1154 991 1211 conclusus.
1012 1151 1128 1220 fons
1153 1151 1575 1222 signatus(Cant.
1602 1168 1679 1218 IV,
1713 1151 1826 1222 12);

239 1258 306 1300 eo
327 1243 468 1314 quod
493 1244 546 1299 in
574 1245 745 1300 hortis
771 1243 1080 1315 hujusmodi
1103 1245 1367 1315 impressa
1386 1245 1682 1316 signaculis
1704 1245 1842 1300 ima.

239 1339 367 1411 gine
415 1339 533 1404 Dei,
564 1338 764 1395 sinceri
804 1339 969 1395 fontis
1000 1339 1142 1394 unda
1174 1340 1560 1411 reSplendeat;
1596 1356 1664 1396 ne
1691 1339 1848 1396 volu-

243 1431 414 1487 tabris
431 1431 756 1501 spiritalium
785 1431 1084 1488 bestiarum
1109 1447 1296 1504 Sparsa
1320 1447 1481 1488 coeno
1508 1433 1709 1489 ﬂuenta
1735 1441 1849 1488 tur-

215 1515 463 1580 'bcntur.
488 1523 625 1580 Hinc
652 1523 743 1581 ille
775 1535 801 1561 ει
832 1525 1029 1581 murali
1057 1535 1244 1597 septns
1271 1525 1468 1597 spiritu
1498 1526 1673 1596 pudor
1697 1525 1845 1581 clau-

244 1618 414 1686 ditur,
446 1635 514 1676 ne
543 1627 726 1690 pateat
755 1620 822 1676 ad
853 1621 1121 1692 rapinam.
1154 1622 1338 1692 Itaque
1385 1620 1527 1677 sicut
1556 1621 1743 1676 hortus
1768 1619 1851 1674 fu-

243 1712 396 1771 ribus
425 1712 738 1770 inaccessus
758 1713 922 1770 vitem
951 1713 1192 1778 redolet,
1237 1713 1644 1785 ﬂagratoleam,
1669 1727 1848 1768 rosam

1941 590 2189 660 corporis
2219 588 2568 659 pulchritudo
2594 589 2679 645 vel
2709 589 2902 645 morbo
2935 589 3198 659 peritura,
3221 589 3308 646 vel
3346 589 3539 655 senio;

1939 682 2035 738 sed
2061 681 2224 737 nullis
2246 682 2480 738 obnoxia
2503 682 2726 738 casibus
2749 682 2936 752 opinio
2957 683 3224 738 bonorum
3246 696 3544 753 numquam

1943 778 2209 834 moritura
2236 779 2580 846 meritorum,
2613 777 2918 850 virginibus
2939 787 3022 834 est
3050 777 3259 833 decori.

2014 871 2104 928 48.
2130 871 2197 928 Et
2227 872 2482 944 quoniam
2509 887 2617 928 non
2645 871 3053 942 humanisjam,
3076 871 3176 927 sed
3205 871 3546 940 coelestibus,

1944 979 2178 1036 quorum
2209 965 2376 1023 vitam
2409 965 2545 1021 vivis
2589 965 2642 1019 in
2676 963 2857 1031 terris,
2891 963 3054 1036 digna
3095 980 3154 1020 es
3187 966 3498 1036 comparari
3531 981 3546 1018 :

1945 1059 2136 1127 accipe
2164 1073 2193 1112 a
2225 1058 2454 1112 Domino
2486 1066 2758 1128 praecepta
2797 1073 2919 1128 qua:
2959 1071 3172 1113 serves.
3207 1055 3351 1112 Pone
3381 1074 3462 1112 me
3490 1065 3548 1110 ut

1946 1152 2198 1224 sigillum,
2220 1152 2418 1222 inquit,
2448 1153 2498 1205 in
2529 1168 2618 1206 cor
2656 1161 2823 1218 tuum,
2857 1161 2903 1205 et
2937 1151 3073 1206 velut
3103 1150 3431 1224 signaculum
3460 1167 3550 1204 su-

1949 1261 2041 1314 per
2080 1244 2348 1298 brachium
2388 1254 2531 1299 tuum
2580 1243 2756 1317 (Cant.
2788 1261 2904 1310 vm,
2949 1244 3006 1315 6)
3047 1263 3058 1298 :
3103 1260 3212 1315 quo
3249 1244 3546 1315 signatiora

1949 1337 2254 1408 prudentia:
2290 1347 2395 1392 tuac
2425 1338 2804 1407 factorumque
2838 1337 3167 1394 documenta
3203 1347 3549 1408 promantur,

1949 1431 2005 1485 in
2047 1430 2243 1502 quibus
2280 1431 2455 1502 ﬁgura
2486 1431 2584 1488 Dei
2616 1429 2867 1487 Christus
2906 1432 3142 1500 eluceat,
3182 1433 3274 1502 qui
3303 1416 3555 1502 paternae

1949 1524 2214 1580 ambitum
2246 1539 2540 1596 exceqttans
2569 1535 2801 1593 natura),
2835 1536 3008 1582 totum
3039 1525 3300 1597 quidquid
3329 1541 3358 1581 a
3391 1527 3558 1582 Patre

1952 1619 2254 1674 divinitatis
2281 1619 2597 1691 assumpsit,
2621 1621 2920 1690 expressit.
2948 1620 3103 1676 Unde
3131 1621 3295 1675 etiam
3325 1631 3554 1691 aposto-

1953 1714 2038 1769 lus
2071 1714 2268 1770 Paulus
2301 1716 2352 1770 in
2381 1714 2590 1784 Spiritu
2625 1729 2724 1770 nos
2751 1713 2884 1769 dicit
2910 1729 3034 1770 esse
3062 1715 3306 1786 signatos
3333 1713 3556 1785 (Ephes.

245 1805 495 1872 renidet;
527 1815 587 1862 ut
624 1805 678 1862 in
709 1806 820 1862 vite
847 1806 1064 1878 religio,
1108 1808 1161 1862 in
1203 1807 1323 1863 olea
1353 1823 1476 1876 pax,
1513 1807 1564 1862 in
1599 1822 1722 1863 rosa
1755 1822 1853 1877 pu-
1883 1811 1928 1873 Β
1957 1825 1996 1875 r,
2025 1807 2150 1879 l3);
2184 1810 2439 1880 quoniam
2468 1809 2646 1864 Patris
2685 1807 2980 1879 imaginem
3010 1808 3275 1864 habemus
3303 1808 3356 1862 in
3388 1807 3556 1876 Filio,

248 1900 351 1957 dor
377 1910 606 1958 sacrata:
629 1901 952 1973 virginitatis
977 1902 1262 1958 inolescat.
1290 1902 1389 1959 llic
1417 1912 1502 1959 est
1529 1901 1667 1958 odor
1691 1917 1852 1974 quem

244 1995 420 2053 Jacob
463 1995 768 2066 patriarcha
798 1996 1043 2067 ﬂagravit
1067 2037 1082 2062 ,
1129 1995 1348 2067 quando
1379 1997 1578 2052 meruit
1620 1996 1811 2052 audire
1843 2013 1858 2049 :

252 2087 392 2144 Ecce
417 2089 549 2144 odor
575 2089 674 2159 ﬁlii
709 2090 809 2144 mei
847 2090 979 2144 sicut
1017 2088 1148 2144 odor
1175 2090 1292 2162 agri
1323 2089 1460 2160 pleni
1493 2089 1648 2160 (Cen.
1683 2105 1859 2156 xxvu,

244 2180 366 2252 27).
385 2179 518 2236 Nam
545 2181 678 2238 licet
699 2182 896 2250 plenus
913 2182 1167 2237 omnibus
1194 2181 1306 2237 lere
1330 2180 1602 2236 fructibus
1629 2182 1860 2252 patriar-

250 2273 372 2331 cbae
402 2275 578 2332 sancti
607 2275 767 2331 luerit
791 2290 951 2347 ager;
977 2275 1072 2330 ille
1098 2284 1281 2331 tamen
1310 2274 1490 2346 fruges
1516 2274 1723 2346 majore
1748 2274 1862 2330 vir-

253 2367 388 2425 tutis
417 2368 604 2424 labore
630 2371 932 2439 generavit,
965 2368 1051 2423 hic
1072 2368 1258 2424 liores.

329 2461 420 2520 46.
455 2463 753 2534 Accingere
781 2461 985 2532 itaque,
1009 2461 1184 2534 virgo,
1210 2469 1267 2517 et
1297 2461 1344 2517 si
1369 2461 1450 2516 vis
1475 2458 1857 2531 hujuscemodi

257 2555 358 2612 tibi
389 2564 446 2611 ut
496 2553 685 2610 hortus
714 2553 918 2626 aspiret
939 2596 954 2621 ,
981 2553 1313 2626 propheticis
1343 2569 1467 2610 eum
1496 2553 1687 2609 claude
1721 2569 1866 2624 prie-

258 2650 457 2722 ceptis.
508 2651 658 2706 Pone
698 2649 1001 2706 custodiam
1028 2650 1110 2705 ori
1158 2657 1276 2717 tuo,
1313 2659 1370 2706 et
1400 2649 1600 2706 ostium
1635 2649 1869 2705 circum-

260 2745 481 2802 stantia:
523 2744 683 2800 labiis
709 2745 819 2800 tuis
849 2743 1025 2818 (Psal.
1054 2761 1178 2809 CIL,
1209 2747 1299 2814 5);
1330 2753 1390 2801 ut
1415 2745 1578 2801 etiam
1607 2753 1660 2800 tu
1693 2745 1869 2816 possis

261 2842 450 2900 dicere
487 2861 502 2898 :
532 2842 820 2914 Tamquam
848 2844 1020 2897 malus
1045 2841 1074 2880 ι)
1111 2843 1166 2898 in
1195 2841 1353 2914 lignis
1383 2841 1631 2907 nemoris,
1663 2842 1736 2896 ita
1761 2845 1870 2913 {ra-

265 2948 446 2994 ternus
468 2955 611 2992 meus
635 2939 688 2992 in
709 2936 881 2991 medio
901 2936 1156 3007 ﬁliorum.
1175 2935 1241 2991 In
1259 2936 1443 2991 umbra
1459 2937 1576 3006 ejus
1597 2936 1872 3005 concupiui

263 3041 314 3085 et
338 3031 472 3095 sedi,
519 3041 567 3084 et
608 3033 810 3101 fructus
840 3031 952 3102 ejus
981 3029 1149 3086 dulcis
1173 3031 1229 3085 in
1261 3029 1499 3103 faucibus
1528 3030 1657 3085 meis
1687 3029 1868 3103 (Cant.

268 3139 332 3189 ιι,
364 3122 446 3193 5).
480 3121 662 3177 Inveni
689 3139 839 3194 quem
875 3124 1056 3179 dilexit
1080 3125 1258 3180 anima
1285 3143 1420 3194 mea,
1463 3127 1607 3180 tenui
1643 3142 1782 3194 eum,
1827 3135 1875 3180 et

1963 1903 2206 1974 sigillum
2237 1903 2364 1958 Filii
2393 1903 2657 1959 habemus
2688 1904 2739 1958 in
2769 1904 2994 1974 Spiritu.
3027 1903 3140 1959 Hac
3181 1904 3449 1959 Trinitate
3489 1904 3565 1958 si-

1962 1997 2111 2067 gnati
2141 2011 2432 2052 caveamus
2470 1997 2813 2067 diligentius,
2858 2013 2928 2052 ne
2959 1997 3104 2067 quod
3139 1998 3449 2067 accepimus
3477 1999 3559 2066 pi~

1963 2106 2102 2162 gnus
2131 2091 2184 2145 in
2207 2090 2461 2146 cordibus
2493 2090 2718 2158 nostris,
2750 2100 2841 2147 aut
2875 2105 3088 2147 morum
3115 2091 3332 2158 levitas,
3360 2099 3454 2146 aut
3478 2090 3570 2145 ul-

1963 2184 2068 2240 lius
2096 2183 2352 2240 adulterii
2382 2184 2529 2239 l'raus
2557 2185 2822 2255 resignet.

2036 2274 2129 2331 49.
2161 2274 2270 2330 Sed
2300 2274 2535 2332 facessat.
2567 2275 2656 2332 hic
2677 2277 2853 2331 sacris
2882 2274 3188 2347 virginibus
3213 2285 3410 2344 metus,
3441 2277 3566 2348 qui.~

1966 2367 2069 2425 bus
2101 2377 2246 2424 tanta
2280 2368 2535 2440 prmsidia
2570 2368 2758 2425 tribuit
2781 2371 3017 2439 primum
3050 2369 3460 2441 Ecclesia,qu:e
3493 2380 3572 2425 te-

1967 2476 2117 2517 nera:
2164 2462 2337 2533 prolis
2383 2462 2618 2518 sollicita
2666 2477 2962 2527 successu,
3013 2463 3126 2533 ipsa
3175 2464 3330 2534 quasi
3378 2479 3574 2519 murus

1969 2556 2374 2613 abundantibus
2406 2557 2459 2612 in
2483 2557 2703 2612 modum
2735 2557 2967 2612 turrium
2992 2557 3254 2614 increscit
3283 2556 3573 2621 uberibus,

1971 2652 2147 2709 donec
2169 2653 2352 2708 soluto
2373 2653 2676 2708 obsidionis
2701 2652 2915 2707 hostilis
2941 2653 3185 2714 incursu,
3212 2667 3400 2722 pacem
3428 2651 3571 2706 vali-

1971 2745 2056 2802 dre
2084 2747 2378 2818 juventuti,
2432 2757 2694 2802 maternae
2727 2745 2988 2816 prtesidio
3034 2746 3286 2811 virtutis,
3324 2746 3576 2816 acquirat

1973 2836 2149 2910 (Cant.
2182 2855 2300 2904 vtn,
2334 2839 2441 2908 l0).
2480 2838 2634 2894 Unde
2661 2846 2716 2893 et
2761 2838 3035 2908 Propheta
3078 2839 3156 2893 ait
3197 2855 3210 2892 :
3244 2835 3370 2891 Fiat
3394 2854 3497 2908 pax
3523 2840 3577 2891 in

1973 2932 2159 2987 virtute
2209 2943 2328 3000 tua,
2376 2941 2424 2987 et
2474 2932 2797 2986 abundantia
2845 2931 2899 2986 in
2959 2930 3187 2986 turribus
3236 2932 3338 2986 tuis
3389 2930 3573 3001 (Psal.

1975 3041 2120 3096 cxxt,
2148 3028 2223 3098 7).

2049 3121 2139 3177 50.
2171 3121 2307 3176 Tum
2339 3121 2455 3192 ipse
2498 3122 2647 3192 pacis
2687 3122 2953 3177 Dominus
2985 3132 3271 3194 postquam
3303 3122 3580 3178 validiori-

269 3233 378 3271 non
399 3218 682 3285 relinquam
701 3216 874 3288 (Cant.
899 3216 1074 3289 ttt,4).
1099 3229 1122 3257 ο
1146 3218 1422 3275 Descendit
1445 3224 1707 3291 fraternus
1727 3236 1872 3276 meus
1899 3216 1945 3281 C
1977 3215 2078 3272 bus
2110 3216 2349 3271 brachiis
2382 3217 2673 3272 commissa
2713 3216 2816 3272 sibi
2851 3215 3039 3270 vineta
3079 3215 3420 3284 complexus,
3465 3216 3583 3284 pal-

268 3307 328 3364 in
355 3313 566 3364 hortum
594 3327 766 3376 suum,
795 3319 851 3364 ut
880 3311 1153 3366 manducet
1181 3316 1410 3385 fructum
1450 3331 1722 3382 pontorum
1751 3331 1874 3368 suo-

274 3416 395 3454 rum
414 3399 586 3472 (Cant.
613 3417 670 3469 v,
694 3401 774 3475 1).
803 3401 955 3469 Veni,
985 3406 1212 3475 fraterne
1231 3406 1325 3472 mi,
1352 3423 1592 3461 exeamus
1614 3407 1668 3460 in
1690 3424 1879 3478 agrum

279 3491 460 3564 (Cant.
497 3510 586 3564 vn,
618 3496 730 3568 11).
777 3495 924 3552 Pone
950 3514 1028 3553 me
1062 3509 1118 3553 ut
1149 3499 1382 3573 sigillum
1406 3502 1462 3555 in
1504 3517 1593 3555 cor
1634 3511 1801 3568 tuum,
1831 3510 1881 3556 et

279 3587 424 3642 velut
452 3588 775 3662 signaculum
801 3607 958 3662 super
979 3591 1248 3646 brachium
1271 3602 1418 3647 tuum
1441 3591 1616 3666 (Cant.
1651 3610 1766 3659 Vlll,
1797 3593 1876 3664 6).

272 3677 568 3737 Fraternas
591 3699 732 3740 meus
761 3684 1013 3740 candidus
1042 3694 1090 3740 et
1117 3685 1307 3741 rubens
1333 3683 1508 3758 (Cant.
1545 3701 1602 3753 v,
1627 3683 1742 3758 10).
1777 3686 1882 3741 υθ-

273 3782 370 3830 cet
394 3774 540 3830 enim
571 3786 627 3832 ut
655 3777 816 3848 plene
835 3779 1078 3844 noveris,
1107 3779 1283 3850 virgo,
1307 3796 1468 3852 quem
1497 3779 1697 3852 diligis,
1718 3789 1882 3852 atque

271 3882 442 3924 omne
469 3870 524 3924 in
549 3885 616 3926 eo
645 3880 700 3927 et
729 3871 984 3943 ingenitae
1005 3871 1309 3928 divinitatis
1334 3882 1390 3929 et
1411 3883 1706 3944 assumptze
1734 3889 1882 3945 mys-

272 3961 474 4017 terium
520 3962 982 4035 incorporationis
1017 3981 1304 4037 agnoscas.
1337 3967 1612 4024 Candidus
1657 3968 1879 4034 merito,

271 4055 400 4127 quia
435 4055 606 4126 patris
635 4056 894 4127 splendor
934 4075 948 4114 :
993 4058 1152 4132 158
1177 4060 1400 4125 rubens,
1431 4060 1554 4130 quia
1584 4069 1773 4130 partus
1799 4067 1885 4115 est

270 4148 530 4219 virginis.
565 4150 734 4206 Color
772 4152 826 4207 in
869 4166 937 4208 eo
979 4152 1148 4222 fulget
1173 4163 1228 4209 et
1259 4155 1446 4208 rutilat
1473 4155 1756 4224 utriusque
1786 4169 1883 4208 na-

274 4248 444 4298 turai.
491 4241 766 4300 Memento
803 4253 985 4301 tamen
1028 4246 1333 4316 antiquiora
1366 4247 1419 4301 in
1465 4261 1532 4302 eo
1581 4245 1884 4301 divinitatis

275 4334 536 4406 insignia,
582 4353 744 4408 quam
773 4338 1025 4409 corporis
1054 4347 1430 4406 sacramenta;
1465 4339 1590 4408 quia
1632 4353 1740 4394 non
1773 4353 1884 4394 caa-

274 4428 359 4500 pit
385 4444 415 4482 a
443 4428 674 4500 virgine,
708 4431 802 4486 sed
829 4433 919 4503 qui
953 4441 1092 4500 erat,
1124 4433 1270 4489 venit
1301 4433 1354 4488 in
1382 4432 1670 4504 virginem.

351 4521 444 4576 47.
474 4520 502 4560 ἀ
535 4521 630 4580 llle
655 4523 924 4580 discretus
954 4541 984 4580 a
1012 4525 1298 4592 militibus,
1339 4526 1435 4582 ille
1475 4526 1662 4582 lancea
1693 4523 1884 4582 vulne-

1981 3309 2142 3366 mites
2197 3324 2327 3366 suos
2368 3326 2647 3382 gemmare
2694 3311 3064 3383 conspexerit,
3118 3311 3270 3366 vultu
3322 3311 3579 3382 prmsulc,

1983 3403 2334 3460 nascentibus
2360 3403 2625 3460 fructibus
2652 3419 2814 3459 auras
2842 3413 3129 3474 temperat,
3157 3405 3298 3459 sicut
3325 3404 3442 3475 ipse
3467 3414 3578 3459 tes-

1983 3504 2126 3551 tatur
2151 3496 2339 3552 dicens
2375 3515 2389 3551 :
2433 3497 2589 3552 Vinea
2612 3514 2724 3552 mea
2746 3507 2820 3553 est
2846 3498 2898 3552 in
2918 3507 3195 3568 conspectu
3225 3514 3360 3563 meo,
3387 3494 3406 3534 ί
3436 3497 3581 3552 mille

1985 3589 2278 3658 Salomoni,
2305 3600 2354 3646 et
2381 3590 2589 3646 ducenti
2625 3590 2714 3662 qui
2755 3601 2959 3646 servant
3003 3595 3233 3664 fructum
3260 3594 3373 3664 ejus
3403 3589 3580 3664 (Cant.

1982 3700 2101 3752 vm,
2137 3683 2248 3757 12).

2057 3780 2148 3836 51.
2173 3779 2351 3850 Supra
2377 3779 2454 3835 ait
2479 3797 2492 3834 :
2518 3779 2807 3850 Sexaginta
2837 3788 3067 3850 potentes
3092 3779 3146 3833 in
3169 3780 3440 3834 circumitu
3464 3797 3583 3851 pro-

1984 3873 2189 3945 paginis
2237 3875 2370 3945 ejus,
2415 3882 2440 3920 κ
2482 3872 2672 3926 strictis
2711 3881 2942 3926 armatos
2991 3873 3230 3941 ensibus,
3269 3883 3318 3927 et
3359 3873 3588 3928 eruditos

1988 3965 2316 4035 prteliaribus
2350 3965 2642 4035 disciplinis
2688 3963 2862 4035 (Cant.
2891 3979 2973 4028 ιιι,
3004 3965 3059 4032 7,
3097 3965 3188 4034 8);
3237 3965 3324 4020 hic
3355 3966 3504 4020 mille
3532 3976 3589 4020 et

1985 4056 2474 4113 ducentos.Crevit
2497 4071 2782 4120 numerus,
2807 4056 2896 4110 ubi
2919 4056 3095 4111 crevit
3117 4067 3173 4112 et
3196 4058 3439 4122 fructus;
3460 4058 3587 4128 quia

1987 4168 2095 4223 quo
2125 4153 2366 4209 sanctior
2391 4153 2642 4223 quisque,
2676 4167 2743 4206 eo
2773 4152 3184 4207 communitior.
3218 4153 3310 4208 Sic
3357 4155 3588 4209 Elisreus

1987 4247 2257 4317 propheta
2291 4246 2567 4302 exercitus
2605 4245 2926 4316 angelorum
2969 4245 3224 4316 prtesidia
3257 4245 3364 4300 sibi
3395 4245 3593 4303 adesse

1987 4341 2316 4396 monstravit
2348 4339 2435 4407 (IV
2471 4340 2602 4410 Reg.
2630 4355 2704 4407 vi,
2740 4339 2830 4410 17)
2858 4357 2871 4394 :
2904 4340 2985 4395 sic
3027 4339 3190 4396 Jesus
3226 4338 3371 4394 Nave
3401 4339 3594 4395 ducem

1989 4436 2199 4491 militia:
2224 4435 2464 4491 caelestis
2489 4435 2713 4506 agnovit
2740 4434 2924 4506 (Josue
2952 4451 3004 4501 v,
3054 4435 3166 4506 M).
3223 4435 3462 4491 Possunt
3494 4435 3596 4506 igi-

1989 4539 2077 4586 tur
2107 4532 2342 4587 l'ructum
2382 4530 2439 4585 in
2487 4531 2647 4587 nobis
2695 4529 2992 4598 custodire,
3029 4532 3120 4602 qui
3167 4540 3396 4601 possunt
3425 4531 3589 4586 etiam

277 4625 434 4674 ratus
459 4616 679 4688 (Matth.
713 4635 882 4686 xxv",
906 4620 977 4677 29
1006 4630 1054 4676 et
1074 4620 1230 4694 seq.),
1254 4629 1315 4677 ut.
1343 4636 1442 4678 nos
1472 4621 1614 4678 sacri
1642 4622 1886 4677 vulneris
1912 4636 1967 4697 Ι)
1992 4627 2226 4682 militare
2271 4640 2369 4696 pro
2401 4624 2578 4680 nobis.
2627 4624 2788 4680 Vobis
2819 4633 3026 4693 autem,
3067 4625 3309 4697 virgines
3349 4637 3553 4682 sanctae
3574 4671 3588 4693 ,

276 4724 480 4767 cruore
511 4721 754 4779 sanaret,
791 4715 1147 4786 respondebit
1176 4716 1274 4772 tibi
1306 4715 1555 4788 profecto
1586 4715 1698 4789 (est
1737 4716 1884 4770 enim

1991 4719 2230 4792 speciale
2261 4716 2575 4789 praesidium
2603 4723 2708 4782 est,
2739 4731 2860 4786 qua:
2893 4717 3220 4773 intemerato
3259 4717 3470 4788 pudore
3506 4733 3594 4774 sa-

277 4805 434 4862 mitis
465 4817 520 4861 et
566 4807 790 4864 humilis
820 4809 988 4865 corde
1030 4807 1210 4882 (Joan.
1245 4826 1359 4876 xix,
1385 4807 1500 4882 54),
1533 4808 1770 4866 blandus
1799 4823 1890 4863 as-
1989 4824 2144 4866 crum
2194 4807 2403 4863 Domini
2446 4804 2680 4862 servatis
2707 4804 2905 4860 cubile.
2942 4805 3129 4878 Neque
3173 4808 3370 4861 mirum
3403 4807 3448 4861 si
3491 4823 3594 4878 pro

277 4901 473 4972 pectu)
505 4919 518 4954 :
563 4899 819 4974 Exsurge,
841 4903 1051 4974 Aquilo,
1076 4913 1124 4959 et
1154 4906 1289 4972 veni,
1325 4906 1529 4970 Auster,
1552 4905 1734 4975 aspira
1765 4904 1886 4958 hor-

282 5001 390 5048 tum
432 5009 625 5061 meum,
658 5003 707 5049 et
731 4997 898 5066 ﬂuant
925 5005 1160 5050 aromata
1195 5013 1308 5051 mea
1335 4995 1510 5067 (Cant.
1543 5013 1618 5062 Iv,
1659 4997 1772 5065 16).
1803 4997 1885 5050 Ex

280 5087 544 5142 omnibus
569 5089 714 5143 enim
747 5091 992 5159 partibus
1019 5091 1209 5146 mundi
1239 5090 1378 5146 odor
1408 5101 1638 5146 sacratae
1668 5089 1890 5159 religio-

283 5183 374 5240 nis
423 5185 447 5214 θ
480 5184 732 5253 inolevit,
785 5185 1112 5261 dilectaque
1139 5187 1367 5260 virginis
1411 5187 1657 5243 membra
1691 5183 1888 5256 ﬂagra-

364 5382 390 5444 ξι
418 5372 643 5444 Aliquot
666 5386 826 5440 mss.,
853 5371 1039 5428 morali
1068 5379 1244 5444 septas
1277 5369 1488 5442 spiritu.

364 5441 392 5482 δ
428 5441 593 5512 Edit.,
627 5445 682 5498 in
707 5445 862 5516 lignis
889 5441 1194 5500 nemorosis.

370 5526 392 5554 ο
420 5516 494 5570 lta
525 5509 654 5572 mss.
675 5509 918 5588 plErique
938 5537 952 5572 :
975 5517 1215 5572 nonnulli
1236 5527 1416 5588 tamen
1440 5521 1496 5588 et
1513 5523 1703 5567 omnes
1723 5509 1883 5588 edit.,

293 5583 590 5643 Descendat
633 5629 645 5642 .
659 5583 698 5643 ,ἶ
713 5633 725 5645 .

295 5673 419 5716 cum
445 5675 604 5715 sacro
642 5671 811 5718 textu.

370 5730 395 5768 ἀ
432 5732 589 5810 ljorn.
622 5734 751 5810 edit.
779 5735 916 5801 sola,
946 5733 1049 5790 Ille
1067 5742 1271 5810 spretus
1298 5749 1329 5785 a
1358 5730 1626 5810 militibus.

375 5813 399 5840 ε
428 5803 630 5862 Omnes
656 5804 790 5860 edit.
832 5798 1280 5876 et'pauci'mssq
1309 5802 1529 5858 adoleuit
1559 5798 1764 5854 dilectae
1787 5810 1888 5866 quo

709 5901 983 5964 Ps'rnon.
1021 5902 1195 5964 XVI.

775 5581 1135 5644 et'manducet
1168 5605 1187 5643 :
1227 5587 1371 5660 quod
1405 5587 1569 5642 etiam
1614 5581 1892 5639 consentit

1992 4901 2150 4956 vobis
2180 4898 2362 4969 angeli
2384 4897 2645 4963 militant,
2669 4911 2788 4966 qua:
2811 4895 3130 4966 angelorum
3161 4897 3408 4953 moribus
3445 4899 3592 4953 mili-

1994 4993 2137 5048 tatis.
2176 4992 2336 5066 159
2371 4989 2610 5044 Meretur
2649 5002 2840 5043 eorum
2884 4987 3196 5056 prarsidium
3223 4990 3448 5044 castitas
3480 4989 3594 5044 vir-

1995 5088 2216 5160 ginalis,
2249 5099 2477 5157 quorum
2508 5082 2674 5138 vitam
2707 5090 2972 5136 meretur.

2069 5179 2160 5236 52.
2203 5178 2272 5235 Et
2297 5176 2428 5249 quid
2459 5174 2706 5247 pluribus
2741 5186 3012 5243 exsequar
3037 5171 3253 5229 laudem
3283 5170 3597 5227 castitatis?

1987 5359 2201 5430 (Rom.,
2224 5372 2332 5430 quo
2351 5351 2573 5430 dilectat)
2599 5351 2813 5430 virginis
2837 5350 3382 5430 membrafragrqm,"
3408 5369 3428 5406 _.
3456 5369 3591 5430 mss.

1991 5421 2126 5489 vero
2153 5421 2338 5485 cieieri
2382 5421 2932 5486 nobiseum‘taciuut,
2971 5421 3075 5476 nisi
3106 5421 3252 5490 quod
3285 5423 3473 5492 plures
3502 5427 3586 5482 le-

1990 5513 2129 5577 gunt
2144 5500 2474 5577 ﬂagrabunt;
2500 5512 2664 5577 unus,
2695 5492 3008 5577 flagrabant.

2069 5573 2087 5613 ῖ
2113 5563 2242 5629 Μδεῖ
2267 5563 2494 5640 aliquot,
2533 5567 2674 5622 mille
2696 5563 2991 5631 Salomon;
3018 5563 3287 5633 nonnulli,
3317 5567 3480 5640 mille,
3510 5572 3594 5628 in-

1991 5647 2102 5717 quit
2119 5687 2150 5717 ,ί
2167 5643 2440 5717 Salomon.

2065 5726 2088 5768 ε
2119 5707 2322 5775 Omnes
2353 5714 2514 5780 edit.,
2543 5709 2735 5767 strictis
2762 5713 2990 5762 armatos
3020 5707 3158 5765 telis.

3165 5878 3203 5940 7
