4054 6306
197 6102 271 6136 ,τί

465 285 573 343 9,03
1810 272 2058 334 SANCTI
2095 269 2420 330 AMBROSII
3673 271 3786 332 204

457 401 694 458 (institas
735 399 903 456 etiam
947 397 1170 470 angelos
1209 395 1357 454 fecit.
1389 395 1492 464 Qui
1524 408 1645 450 eam
1676 393 1931 456 servavit,
1971 406 2069 446 an-
2096 389 2145 454 Α
2172 403 2332 454 cere;
2367 386 2624 459 perfecta:
2653 386 2800 442 enim
2845 385 3065 443 virtutis
3103 402 3234 444 usus
3262 389 3640 461 magisterium
3674 407 3787 446 non

460 493 618 564 gelus
667 499 754 548 est
805 508 818 544 :
867 490 963 562 qui
1011 489 1268 562 perdidit,
1300 487 1574 544 diabolus.
1626 486 1764 542 llinc
1810 493 1836 521 ιι
1869 483 2064 554 religio

467 588 631 646 etiam
659 601 861 642 nomen
885 583 1293 657 accepit.Virgo
1316 590 1420 648 est,
1449 595 1569 652 quae
1589 579 1704 636 Deo
1732 577 1888 636 nubit
1914 595 1928 632 :
1951 591 2068 633 me—

467 679 662 746 retrix,
693 694 816 750 qua:
850 677 988 734 deos
1029 675 1180 734 iecit.
1211 673 1344 737 Nam
1376 671 1445 728 de
1488 670 1894 730 resurrectione
1937 664 2065 738 quid

468 772 668 837 dicam,
709 769 870 842 cujus
901 769 1120 842 praemia
1145 765 1257 838 jam
1303 762 1538 822 tenetis?
1585 759 1651 818 In
1694 757 2069 824 resurrectione

470 876 639 922 autem
671 881 832 937 neque
861 863 1072 931 nubent,
1103 877 1263 933 neque
1289 860 1476 924 ducent
1506 873 1692 916 uxores
1732 871 1752 910 :
1782 855 1874 910 sed
1917 861 2068 910 erunt

471 963 604 1020 sicut
643 960 836 1033 angeli,
880 957 1073 1031 inquit,
1102 957 1156 1015 in
1185 955 1312 1011 caelo
1343 952 1557 1027 (Matth.
1605 965 1740 1016 χιιι,
1764 949 1880 1018 50).
1911 946 2066 1015 Quod

470 1056 625 1119 nobis
645 1055 1004 1127 promittitur,
1028 1051 1185 1109 vobis
1208 1057 1409 1120 prmsto
1430 1056 1535 1110 est,
1553 1054 1920 1116 votorumque
1939 1057 2067 1100 uos-

470 1159 677 1206 trorutn
708 1163 838 1206 usus
865 1145 1008 1218 apud
1035 1159 1152 1202 vos.
1185 1143 1265 1200 De
1301 1144 1404 1198 hoc
1437 1139 1642 1198 mundo
1673 1139 1834 1204 estis,
1867 1146 1922 1194 et
1953 1151 2062 1196 non

467 1244 600 1303 estis
651 1243 706 1300 in
754 1243 857 1299 hoc
896 1239 1119 1298 mundo.
1159 1238 1432 1298 Saeculum
1463 1250 1565 1294 vos
1605 1234 1808 1296 habere
1839 1233 2063 1300 meruit,

468 1345 655 1395 tenere
678 1351 784 1392 non
817 1334 1010 1406 potuit.

535 1430 624 1486 55.
655 1429 826 1498 Quam
859 1427 1180 1499 prteclarum
1211 1433 1396 1492 autem
1421 1421 1449 1466 ι»
1477 1421 1705 1494 angelos
1724 1428 1949 1494 propter
1983 1420 2066 1476 in-

463 1525 883 1596 temperantiam
911 1537 1068 1580 suam
1101 1521 1157 1584 in
1189 1519 1452 1576 steculom
1482 1516 1754 1574 cecidisse
1785 1514 1854 1574 de
1891 1513 2061 1579 coelo,

458 1618 698 1690 virgines
723 1623 948 1689 propter
977 1613 1357 1672 castimOniam
1389 1611 1445 1680 in
1477 1609 1676 1668 ctelnm
1702 1607 1970 1666 transisse
1993 1605 2063 1662 de

459 1710 692 1770 satcnlo?
715 1708 896 1768 Beata:
921 1708 1182 1780 virgines.
1207 1721 1344 1778 quas
1375 1719 1484 1765 non
1517 1701 1774 1766 illecebra
1800 1699 2062 1761 sollicitat

2168 481 2468 547 desiderat,
2491 480 2588 538 sed
2621 479 3112 538 intorntat.Cernis
3140 491 3534 555 ntpomparnm
3555 485 3788 540 ferculis

2169 575 2368 632 similis
2389 573 2627 641 incedat,
2655 589 2778 647 quas
2799 589 2859 632 se
2881 576 3166 647 componit
3185 586 3244 632 nt
3274 578 3506 648 placeat,
3531 579 3784 633 omnium

2169 671 2221 726 in
2269 687 2328 728 sc
2365 671 2546 727 vultus
2588 679 2643 726 et
2675 685 2772 726 ora
2808 679 3164 739 convertens,
3201 686 3268 727 eo
3309 671 3428 742 ipso
3450 687 3562 744 quo
3597 671 3791 728 studet

2168 764 2418 835 placere,
2457 761 2788 829 deformior;
2837 762 2999 836 ιω
3025 762 3191 833 prius
3226 764 3372 822 enim
3413 765 3620 834 populo
3666 765 3788 820 dis—

2168 859 2355 931 plicet,
2397 874 2558 932 quam
2591 859 2803 929 placeat
2842 859 2983 914 viro.
3017 859 3086 916 At
3121 860 3173 914 in
3203 858 3364 914 vobis
3393 855 3422 900 δ
3449 858 3656 929 reiecta
3685 857 3788 915 de-

2168 954 2314 1020 coris
2344 968 2475 1010 cura
2503 952 2625 1023 plus
2652 952 2813 1009 decet
2845 970 2860 1009 :
2894 962 2950 1010 et
2980 951 3085 1012 hoc
3125 953 3304 1025 ipsum
3339 952 3486 1025 quod
3527 969 3629 1010 vos
3669 969 3785 1009 non

2170 1047 2406 1114 ornatis,
2439 1057 2665 1106 ornatus
2691 1057 2797 1104 est.

2240 1140 2332 1198 55.
2362 1149 2385 1180 ε
2411 1137 2589 1196 Cerne
2610 1140 2824 1197 laceras
2858 1139 3176 1196 vulneribus
3207 1155 3390 1208 aures,
3416 1149 3471 1197 et
3499 1141 3784 1214 depressa:

2165 1247 2335 1289 onera
2379 1232 2643 1289 miserare
2669 1233 2925 1289 cervicis.
2958 1231 3078 1288 Non
3107 1243 3236 1290 sunt
3266 1233 3627 1290 allevameuta
3659 1249 3782 1306 pa:—

2171 1341 2364 1382 narum
2400 1325 2722 1384 discrimina
2750 1325 3124 1382 metallorum.
3168 1325 3307 1382 lliue
3333 1327 3538 1383 collum
3581 1338 3784 1385 catena

2168 1417 2520 1490 constringit,
2555 1417 2687 1476 inde
2727 1418 2921 1487 pedem
2951 1433 3177 1491 compos
3217 1419 3464 1476 includit.
3500 1419 3648 1476 Nihil
3691 1437 3784 1478 re-

2165 1512 2271 1570 l'ert
2290 1528 2424 1570 auro
2445 1528 2646 1585 corpus
2671 1523 2936 1571 oneretur
2961 1529 3028 1569 an
3055 1513 3226 1569 ferro.
3263 1512 3281 1552 τ
3314 1512 3408 1570 Sic
3433 1515 3622 1570 cervix
3651 1530 3778 1586 pre-

2165 1604 2351 1670 mitur,
2380 1606 2462 1662 sic
2480 1615 2738 1676 gravatur
2765 1606 3034 1662 incessus.
3054 1605 3140 1664 Nil
3166 1607 3404 1678 pretium
3438 1607 3627 1678 juvat;
3671 1607 3782 1664 nisi

2164 1699 2310 1769 quod
2338 1715 2433 1760 vos
2463 1702 2744 1769 mulieres,
2777 1717 2846 1757 ne
2871 1712 3061 1772 pereat
3085 1701 3238 1757 vobis
3261 1717 3441 1774 paena,
3468 1701 3780 1774 lrepidatis.

453 1817 771 1886 corporum,
803 1817 912 1860 non
951 1799 1190 1860 colluvio
1218 1797 1524 1869 prmcipitat
1555 1795 1895 1866 voluptatum
1925 1793 1940 1850 ε
1969 1788 2060 1854 Ci-
2086 1802 2137 1864 Β
2162 1794 2304 1865 Quid
2331 1796 2581 1860 interest,
2615 1806 2798 1853 utrum
2829 1797 3010 1854 aliena
3055 1798 3352 1865 sententia,
3377 1811 3446 1853 an
3466 1805 3648 1854 vestra
3676 1812 3781 1854 vos

453 1893 555 1950 bus
587 1892 964 1973 parcimoniae,
999 1903 1159 1964 potus
1189 1891 1540 1957 abstinentia:
1588 1889 1750 1962 docet
1789 1886 1922 1954 vitia
1965 1902 2063 1944 ne—

450 1987 616 2056 scire,
639 1989 728 2058 qui
755 1987 913 2044 docet
949 1999 1146 2049 causas
1173 1984 1389 2044 nescire
1407 1981 1694 2052 vitiorum.
1723 1979 1898 2036 Causa
1935 1993 2062 2050 pec-

455 2079 616 2136 candi
642 2078 805 2138 etiam
841 2079 1021 2150 jnsxos
1066 2093 1215 2148 saepe
1244 2076 1482 2150 decepit.
1527 2074 1665 2130 Hinc
1695 2072 1930 2146 populus
1963 2069 2059 2126 Dei

457 2181 744 2244 postquam
775 2173 918 2228 sedit
949 2172 1283 2232 manducare
1311 2180 1364 2228 et
1402 2169 1609 2236 bibere,
1640 2168 1812 2224 Deum
1840 2164 2064 2238 negavit

457 2262 654 2337 (Exod.
683 2279 857 2331 χχιιι,
881 2263 960 2335 6).
983 2263 1120 2320 Ilinc
1143 2262 1278 2319 Loth
1307 2260 1636 2332 concubitus
1661 2259 2061 2330 ﬁliarumigpo-

455 2356 615 2421 ravit,
651 2363 708 2412 et
731 2353 952 2429 pertulit
981 2351 1138 2426 (Gen.
1168 2369 1288 2420 ιιι,
1319 2353 1436 2423 '55).
1470 2351 1610 2426 Πίος
1637 2350 1874 2408 inversis
1895 2348 2062 2407 vesti-

456 2448 560 2522 giis
585 2447 679 2504 lilii
700 2445 816 2504 Noe
843 2449 1015 2519 patris
1037 2445 1310 2518 quondam
1338 2445 1592 2520 pudenda
1621 2452 1878 2506 texerunt
1901 2441 2056 2515 (Gen.

454 2558 532 2610 ιι,
578 2541 673 2614 2:2)
707 2559 722 2596 :
755 2559 876 2614 quae
919 2558 1124 2614 procax
1151 2542 1308 2610 vidit,
1342 2541 1624 2601 modestus
1665 2537 1908 2606 erubuit,
1937 2539 2060 2610 pius

457 2639 616 2702 texit,
635 2635 944 2692 oli'ensurus
983 2636 1026 2692 si
1057 2643 1114 2692 et
1145 2635 1263 2708 ipse
1302 2635 1548 2690 vidisset.
1580 2633 1792 2704 Quanta
1823 2631 1932 2688 viui
1974 2637 2061 2690 est

447 2731 555 2799 vis,
577 2741 640 2788 ut
658 2743 819 2806 quem
841 2728 1044 2786 diluvia
1069 2744 1176 2784 non
1204 2727 1576 2804 nudaveruqt,
1609 2725 1736 2782 vina
1759 2721 2056 2788 nudarent!

1073 2841 1304 2900 CAPUT
1352 2842 1448 2900 1X.

459 2939 654 3002 Ultima
683 2939 997 3010 uirginitatis
1039 2939 1157 2995 laus
1182 2939 1510 3012 proponitur,
1539 2937 1775 2994 avaritia:
1814 2937 2060 2991 nimirum

523 3031 846 3088 immunitas.
885 3030 1062 3101 Hujus
1089 3031 1360 3086 occasione
1399 3039 1610 3085 sanctus
1645 3027 1856 3083 Prwsul
1886 3025 2059 3082 sorori

529 3125 582 3180 in
603 3131 821 3180 utentem
841 3132 1069 3188 revocat,
1097 3131 1290 3194 quanta
1312 3123 1378 3180 sit
1403 3122 1549 3178 illius
1576 3121 1799 3192 felicitas
1819 3134 1935 3190 qua:
1955 3135 2059 3174 non

2162 1887 2420 1948 damnet?
2441 1887 2580 1946 Hinc
2601 1904 2698 1946 vos
2721 1889 2888 1947 etiam
2911 1890 3344 1948 miserabiliores
3359 1905 3520 1962 quam
3549 1891 3640 1963 qui
3671 1904 3778 1962 pn-

2165 1979 2439 2052 blicojure
2457 1979 2810 2050 damnantur,
2829 1982 2972 2054 quod
2989 1982 3073 2038 illi
3098 1984 3450 2055 optantesni.
3469 1997 3569 2040 vos
3589 1983 3775 2056 ligari.

2235 2073 2325 2132 56.
2366 2074 2542 2142 Quam
2597 2089 2730 2133 vero
2783 2077 3114 2140 miserabilis
3166 2077 3255 2132 illa
3305 2076 3574 2139 conditio.
3627 2075 3776 2148 quod

2165 2175 2439 2236 tamquam
2469 2167 2734 2237 mancipii
2757 2165 2930 2224 forma
2957 2167 3188 2234 venalis,
3221 2179 3459 2238 nuptura
3493 2169 3773 2234 licitatnr;

2162 2267 2224 2318 ut
2249 2259 2340 2330 qui
2381 2261 2558 2331 pretio
2584 2261 2796 2330 vicerit,
2825 2271 2988 2318 emat.
3014 2261 3384 2319 Tolerabilius
3407 2272 3587 2319 tamen
3617 2278 3778 2318 mane

2161 2353 2303 2424 cipia
2327 2362 2584 2423 veneunt,
2617 2370 2736 2425 qua:
2763 2369 2912 2426 sa-pe
2934 2354 3038 2410 sibi
3061 2355 3314 2411 dominos
3337 2354 3547 2427 eligunt
3575 2372 3589 2408 :
3617 2355 3776 2426 virgo

2161 2447 2208 2506 si
2237 2449 2426 2520 eligat,
2444 2450 2656 2506 crimen
2687 2459 2808 2516 est;
2841 2449 2888 2506 si
2914 2466 3022 2506 non
3045 2450 3232 2520 eligat,
3255 2450 3606 2511 contumelia.
3635 2450 3777 2517 Qut:

2159 2544 2408 2614 quamvis
2448 2542 2677 2614 pulchra
2703 2545 2774 2600 sit
2811 2553 2868 2600 et
2893 2544 3118 2609 decora,
3152 2553 3210 2600 et
3245 2544 3403 2600 timet
3433 2551 3492 2600 et
3516 2542 3672 2613 cupit
3698 2541 3778 2598 vi.

2159 2635 2278 2696 deri
2309 2655 2326 2694 :
2358 2636 2529 2708 cupit,
2555 2645 2614 2694 ut
2643 2652 2705 2695 se
2725 2637 2946 2695 charlns
2975 2637 3176 2695 vendat
3207 2656 3220 2692 :
3249 2639 3427 2704 timet,
3458 2653 3528 2694 ne
3553 2638 3659 2693 hoc
3693 2637 3775 2708 ip-

2160 2745 2283 2788 sum
2313 2729 2577 2792 dedeceat
2611 2731 2756 2803 quod
2797 2731 3038 2789 videtur.
3067 2732 3276 2802 Quanta
3305 2742 3491 2788 autem
3517 2743 3777 2788 votorum

2161 2825 2421 2893 ludibria,
2449 2838 2506 2886 et
2531 2828 2599 2886 ad
2628 2845 2918 2900 procorum
2943 2840 3174 2888 eventus
3205 2829 3446 2902 suspecti
3473 2840 3677 2897 metus,
3706 2845 3779 2888 ne

2160 2937 2368 2994 pauper
2411 2923 2625 2992 illudat,
2667 2939 2736 2980 ne
2772 2924 2930 2982 dives
2973 2924 3238 2996 fastidiat,
3281 2939 3350 2982 nc
3379 2925 3609 2998 pulcher
3650 2926 3779 2982 irri-

2161 3011 2308 3081 deat,
2343 3030 2416 3072 ne
2453 3015 2654 3075 nobilis
2682 3019 2940 3090 spernat!

2803 3117 3036 3176 CARUT
3061 3117 3134 3174 Χ.

524 3225 741 3292 cogatur
765 3217 912 3272 luxui
939 3227 1089 3288 atque
1109 3193 1342 3280 bonitati,
1369 3212 1558 3286 quibus
1589 3222 1830 3284 nupturis
1857 3211 2058 3266 manci-
2087 3193 2135 3258 α
2169 3209 2551 3285 Objicientibus
2598 3213 2947 3283 frequentium
2994 3211 3256 3268 Ambrosii
3303 3213 3374 3268 ad
3419 3213 3780 3285 uirginitatem

524 3319 737 3383 pantur,
763 3324 956 3364 morem
985 3322 1183 3380 gerere.

523 3402 614 3459 5t.
636 3400 778 3470 Quid
809 3398 979 3456 illud?
1007 3400 1238 3468 Quantae
1267 3396 1548 3459 felicitatis
1598 3405 1705 3458 est.
1732 3393 1877 3468 quod
1907 3392 2054 3454 nulla

453 3511 552 3555 vos
580 3495 814 3556 habendi
848 3493 1122 3564 cupiditas
1152 3493 1494 3550 inﬂammat?
1519 3492 1736 3564 Pauper
1771 3489 1918 3563 quod
1959 3491 2058 3546 ha-

456 3591 554 3650 bes
585 3590 779 3662 poscit,
824 3587 970 3660 quod
1018 3602 1126 3647 non
1160 3587 1328 3648 babes
1373 3603 1482 3644 non
1513 3586 1768 3655 requirit.
1811 3583 2055 3642 Fructus

453 3681 660 3737 laboris
687 3683 762 3736 tui
794 3679 1083 3736 thesaurus
1113 3687 1202 3735 est
1242 3679 1416 3750 inopi,
1447 3685 1504 3735 et
1537 3677 1648 3735 duo
1694 3691 1803 3733 :era
1846 3676 1892 3732 si
1934 3672 2055 3737 sola

456 3776 590 3840 sint,
614 3789 813 3832 census
849 3784 934 3830 est
964 3773 1264 3844 largientis.

530 3866 644 3926 δι’.
671 3877 694 3909 ο
711 3865 852 3927 Audi
879 3880 1028 3938 ergo,
1057 3865 1685 3936 soror,quantiscareas.
1716 3862 1849 3920 Nam
1869 3874 2066 3920 cavere

459 3959 588 4033 quid
618 3959 842 4025 debeas,
886 3973 985 4015 nec
1029 3973 1208 4018 meum
1251 3965 1338 4016 est
1365 3957 1586 4024 docere,
1616 3971 1717 4016 nec
1765 3965 1919 4014 tuum
1946 3952 2060 4016 dis-

531 4086 559 4116 ⁸
591 4075 801 4134 Tlteod.
846 4089 911 4132 ac
941 4074 1078 4130 Tell.
1121 4073 1270 4140 cod.,
1301 4073 1438 4130 Hinc
1475 4075 1612 4146 legio
1639 4074 1796 4130 etiam
1835 4072 2048 4146 dicitur.

461 4149 616 4218 Quod
642 4151 688 4204 si
725 4149 810 4204 cui
839 4147 1106 4214 arriserit,
1139 4147 1488 4206 referendum
1515 4144 1624 4204 erit
1651 4146 1718 4202 ad
1748 4144 2052 4218 diabolum.

460 4216 621 4291 quem
649 4219 720 4276 ob
746 4219 1112 4290 impurilatem
1146 4221 1196 4274 in
1224 4219 1518 4291 Evangelio
1549 4220 1798 4289 legionem
1843 4216 2050 4291 dictum

463 4287 664 4348 indicat
708 4287 940 4347 Sanctus
985 4299 1172 4345 uoster
1211 4289 1302 4346 lib.
1336 4287 1392 4346 vi
1427 4293 1480 4344 in
1521 4287 1744 4353 Lucam,
1781 4304 1930 4344 nunt.
1956 4287 2044 4340 47.

465 4365 654 4419 Melius
690 4371 870 4418 tanien
903 4361 1118 4432 reliqui,
1147 4370 1310 4431 atque
1337 4362 1494 4427 edit.,
1533 4361 1668 4415 Hinc
1697 4361 1904 4435 religio,
1938 4367 2047 4435 etc‘.

465 4437 610 4490 Cave
637 4445 816 4492 autem
841 4442 996 4502 putes
1026 4429 1425 4504 vocem‘religio
1447 4450 1475 4488 a
1504 4435 1736 4489 castitate
1763 4429 1960 4504 deduci
1981 4429 2051 4485 ab

463 4506 776 4562 Ambrosio.
799 4505 936 4574 Quid
958 4505 1103 4580 enini
1130 4507 1270 4560 inter
1293 4503 1386 4558 llas
1411 4503 1960 4580 vocescognatiouis?
1983 4506 2054 4559 At

461 4595 593 4634 vero
621 4595 802 4632 nomen
832 4576 1049 4644 accepit.
1092 4576 1456 4645 interpretare
1499 4576 1704 4631 (itu/uin
1741 4577 1962 4646 accepit,
1993 4587 2054 4628 ut

465 4666 660 4722 nempe
681 4650 868 4718 religio
883 4650 937 4722 v_i
948 4662 1042 4718 rgo
1064 4647 1298 4722 dicatur,
1317 4648 2060 4722 quemadmodumeumittin

469 4719 729 4794 post—ipse
759 4719 1044 4794 signiﬁcat.
1071 4719 1337 4794 (Italorum
1355 4721 1672 4794 religionem
1695 4720 1924 4794 Tullius,
1959 4719 2054 4774 lib.

467 4789 502 4849 it
527 4795 594 4849 de
619 4792 740 4849 Nat.
760 4789 949 4858 Deum,
974 4806 1003 4844 a
1023 4789 1324 4860 relegendo;
1354 4789 1683 4858 Lactantius,
1711 4791 1804 4848 lib.
1832 4807 1904 4852 Iv,
1928 4806 2056 4858 cap.

467 4867 558 4929 9.8.
583 4881 613 4920 a
634 4863 937 4938 religando;
963 4863 1292 4936 Augustinus
1314 4863 1548 4936 denique
1577 4880 1606 4920 a
1635 4863 1928 4938 reeligendo
1951 4861 2058 4917 dic-

467 4949 573 4993 tam
601 4937 890 4991 afﬁrtttant.

535 5009 564 5049 b
614 5009 906 5079 Triplicem
961 5008 1031 5064 de
1076 5005 1388 5077 angelorum
1443 5015 1662 5076 peccato
1715 5007 2052 5078 opinionem,

465 5098 626 5155 quam
647 5081 786 5155 apud
813 5081 950 5155 alios
971 5080 1042 5134 Pa
1052 5079 1399 5155 tresinvenit
1410 5079 1750 5155 Ambrosius,
1775 5081 1893 5155 ipse
1918 5089 2056 5155 tam-

465 5149 624 5226 quam
667 5149 1000 5226 probabilem
1035 5152 1280 5226 admisn.
1313 5151 1548 5226 Primam
1591 5151 1794 5207 etenim
1833 5165 1956 5226 qna_
1987 5149 2058 5202 de

465 5221 622 5281 bonis
667 5221 872 5290 angelis
917 5223 1271 5295 intelligitur,
1311 5225 1454 5293 quod
1507 5225 1700 5295 legitur
1753 5221 2054 5278 secundum

465 5297 610 5354 LXX
640 5313 654 5348 :
696 5295 946 5350 Viderunt
970 5296 1139 5365 angeli
1169 5294 1262 5348 Dei
1293 5298 1429 5362 [ilias
1458 5294 1747 5360 Itoniinuot,
1773 5304 1904 5359 elc.,
1933 5302 2058 5364 post

464 5370 750 5426 Philonem
781 5379 984 5426 etcum
1013 5382 1079 5420 eo
1110 5365 1298 5423 Patres
1325 5368 1436 5422 fere
1465 5369 1532 5424 ad
1566 5384 1754 5435 unum,
1797 5365 2058 5436 proponit

466 5441 553 5496 hic
579 5450 633 5495 et
665 5441 716 5494 in
743 5437 1224 5511 ApOIogiarDavid,
1253 5456 1304 5510 p.
1331 5440 1457 5496 675.
1478 5441 1728 5496 Secunda
1754 5456 1874 5511 qum
1903 5454 2060 5492 enm-

465 5512 587 5567 dctn
621 5511 797 5583 locum
823 5511 888 5583 de
919 5510 1074 5564 malis
1092 5509 1313 5580 Angelis
1338 5511 1448 5583 jam
1483 5522 1707 5583 propter
1745 5509 2059 5583 superbiam

467 5585 532 5638 de
563 5582 704 5638 caelo
733 5581 898 5650 lapsis
933 5585 1176 5650 exponit,
1221 5600 1288 5638 ex
1331 5581 1526 5642 eodem
1567 5585 1797 5640 Philone
1832 5592 1886 5638 et
1934 5581 2059 5638 aliis

469 5655 746 5726 nonnullis
769 5653 1056 5726 exhibetur
1085 5655 1176 5709 lib.
1211 5655 1278 5710 de
1305 5655 1420 5712 Noe
1446 5669 1501 5713 et
1528 5661 1664 5711 Area
1697 5671 1819 5726 cap.
1853 5660 1906 5716 4,
1930 5668 2052 5724 pag.

465 5727 560 5782 25.
588 5724 771 5782 Tertia
807 5724 1026 5781 demum
1067 5743 1188 5797 quae
1218 5727 1287 5782 de
1321 5727 1554 5783 liliorum
1603 5725 1735 5782 Seth
1771 5724 2056 5794 coniugiis

464 5815 584 5854 cum
619 5798 829 5853 liliabus
850 5797 981 5853 Cain
1006 5800 1180 5854 locum
1210 5798 1467 5868 explicat,
1499 5797 1791 5868 prazl'ertur
1815 5799 1869 5851 in
1900 5811 2057 5852 eum-

463 5871 585 5928 dem
608 5870 800 5944 psalm.
826 5883 1023 5940 cxvttt,
1046 5867 1300 5944 senm},
1325 5885 1445 5943 pag.
1474 5869 1636 5926 1011.
1675 5867 1760 5926 Ad
1787 5882 1924 5942 quos
1943 5880 2062 5924 om-

2077 4546 2138 4610 D

2239 3303 2660 3360 exhortationum
2701 3305 2906 3360 nullum
2937 3310 3166 3378 fructum
3211 3321 3323 3360 esse
3370 3314 3426 3360 ut
3455 3307 3776 3377 satisfaciat,

2237 3395 2458 3452 adducit
2487 3398 2726 3469 exempla
2757 3414 2874 3453 cum
2910 3398 3136 3452 aliarum
3162 3398 3444 3472 uirginum,
3471 3407 3580 3451 tum
3611 3396 3779 3452 Hau-

2238 3489 2580 3546 ritanensiunt
2604 3507 2666 3545 ac
2676 3489 3090 3546 Bononiensium
3114 3503 3134 3545 :
3161 3491 3256 3546 sed-
3283 3491 3466 3544 harttm
3511 3490 3782 3563 imprimis

2237 3583 2451 3640 virtutes
2482 3601 2544 3640 ac
2569 3584 2926 3658 propaganda!
2963 3585 3278 3657 uirginitatis
3297 3584 3540 3640 ardorem
3561 3584 3780 3641 laudat.

2240 3677 2330 3734 57.
2364 3679 2518 3736 Dicet
2543 3680 2741 3751 aliquis
2771 3698 2784 3734 :
2820 3680 2901 3736 Tu
2932 3679 3090 3736 nobis
3114 3679 3359 3751 quotidie
3383 3679 3660 3748 virginum
3684 3694 3787 3736 ca-

2171 3769 2256 3829 nis
2289 3770 2501 3830 laudes.
2521 3773 2661 3841 Quid
2696 3774 2888 3831 iaciam
2920 3774 3012 3844 qui
3043 3773 3236 3829 eadem
3259 3771 3505 3844 quotidie
3539 3773 3782 3842 cantito,

2173 3874 2230 3919 et
2261 3864 2488 3934 proﬁcio
2515 3867 2692 3922 nihil?
2716 3867 2826 3924 Sed
2870 3882 2978 3922 non
3015 3879 3138 3921 mea
3165 3865 3346 3937 culpa.
3383 3864 3628 3933 Denique
3658 3872 3685 3911 8
3709 3863 3788 3922 de

2171 3955 2495 4016 Placentino
2536 3959 2823 4016 sacranda:
2867 3957 3108 4031 virgines
3147 3955 3396 4024 veniunt,
3423 3953 3454 3994 ιι
3497 3956 3567 4012 de
3597 3955 3788 4012 Bono-

2161 4087 2260 4148 n_es
2300 4076 2448 4132 locos
2475 4077 2599 4132 vide
2627 4092 2751 4148 qua:
2779 4085 2907 4131 sunt
2935 4091 2963 4128 a
3005 4074 3164 4148 nobis
3190 4072 3594 4148 animadversa.
3628 4074 3788 4132 Inte-

2160 4145 2262 4201 rim
2310 4159 2489 4205 autem
2537 4145 2862 4204 observabis
2899 4163 3021 4204 eam
3053 4145 3368 4216 opinionem
3409 4161 3533 4216 quae
3574 4158 3786 4215 quarto

2159 4220 2358 4274 sznvulo
2381 4235 2448 4280 ex
2483 4221 2780 4285 Ambrosii,
2804 4220 3122 4292 Hieronymi
3147 4228 3206 4292 et
3223 4219 3509 4292 Augustini
3531 4222 3788 4276 auctori-

2163 4295 2270 4346 tate
2304 4304 2426 4346 nata
2459 4291 2694 4354 videtur,
2723 4293 2894 4346 solam
2923 4289 3272 4361 postmodum
3299 4289 3624 4349 obtinuisse.

2235 4373 2256 4398 ο
2291 4362 2345 4416 ln
2385 4362 2620 4420 editione
2677 4363 3109 4420 Benedictiniana
3155 4361 3353 4434 duplex
3397 4377 3658 4418 numerus
3702 4363 3787 4422 54

2163 4446 2454 4506 usurpatur
2477 4454 2488 4488 :
2515 4447 2798 4506 utrumque
2821 4433 3241 4504 exscripsimus,
3257 4434 3612 4506 posteriorem
3630 4444 3788 4492 aste-

2163 4505 2305 4578 risco
2317 4507 2610 4577 signantes.
2629 4505 2774 4566 Idem
2787 4507 3051 4569 asterisci.
3073 4505 3520 4578 quotieitcumqnc
3539 4523 3668 4562 num
3680 4523 3786 4566 ero

2167 4576 2424 4646 alligitnr,
2457 4593 2664 4633 sensus.
2705 4579 2832 4636 hoc.

2241 4647 2266 4688 d
2303 4647 2471 4722 βείω,
2502 4650 2695 4722 rejecta
2725 4649 2927 4704 decoris
2949 4665 3074 4704 cura
3096 4647 3212 4719 plus
3245 4649 3430 4722 placet.

2247 4732 2271 4762 ε
2302 4719 2503 4776 Omnes
2531 4718 2662 4776 edit.
2703 4737 2826 4776 cum
2869 4737 3000 4775 mss.
3034 4718 3145 4776 uno
3177 4721 3264 4776 vel
3293 4723 3488 4784 altero,
3517 4718 3670 4776 Certe
3694 4721 3779 4777 la-

2169 4808 2300 4850 cera:
2327 4793 2620 4848 uulneribus
2642 4809 2812 4859 aures,
2841 4802 2890 4848 et
2911 4795 3170 4858 depresses
3207 4807 3358 4846 onere
3383 4793 3588 4848 miserta
3611 4800 3788 4848 cerei-

2170 4880 2252 4920 ces
2283 4882 2384 4920 non
2411 4875 2528 4920 sunt
2557 4865 2894 4920 alleuamenta
2924 4880 3210 4929 pomorum,
3229 4864 3340 4924 sed.
3365 4873 3473 4921 etc.
3501 4865 3634 4920 Mss.
3662 4882 3786 4926 non

2170 4938 2350 5003 pauci,
2396 4935 2585 4993 Carnes
2632 4935 2829 4990 laceras
2861 4934 3175 5008 rulnertbus,
3219 4951 3368 5008 aures
3412 4945 3461 4991 et
3507 4931 3788 5008 depresstc'

2171 5026 2327 5064 onera
2350 5009 2557 5064 cervicis
2580 5008 2844 5062 miserare.
2871 5007 2921 5062 Ν
2927 5026 2992 5062 οη
3017 5017 3158 5068 sunt.
3180 5014 3292 5062 etc.
3312 5007 3524 5078 Reliqui
3547 5007 3778 5065 demum

2170 5082 2387 5146 melius,
2427 5090 2486 5136 ut
2525 5081 2578 5135 in
2610 5088 2778 5135 textu.
2815 5079 2985 5135 Porro
3023 5083 3069 5134 si
3113 5087 3285 5134 totum
3321 5081 3460 5135 hunc
3497 5081 3677 5136 locum
3708 5081 3785 5135 li-

2173 5151 2295 5224 beat
2317 5168 2438 5208 cum
2461 5151 2526 5207 iis
2543 5166 2664 5224 quin
2687 5156 2738 5204 in
2752 5151 3009 5224 canitiem
3035 5151 3319 5224 materiam
3345 5151 3604 5224 leguntur
3626 5153 3786 5222 apud

2169 5221 2340 5279 Clem.
2375 5225 2528 5278 Alex.
2562 5220 2656 5277 lib.
2684 5239 2720 5276 tt
2751 5221 3030 5294 Paulagogi
3061 5223 3166 5288 sui,
3191 5237 3312 5292 cap.
3339 5220 3428 5288 ηζ
3460 5234 3514 5278 et
3535 5220 3778 5279 Tertull.

2170 5297 2239 5350 de
2265 5296 2419 5351 Cultu
2448 5295 2635 5350 fetnin.
2665 5309 2786 5359 Cap.
2816 5293 2870 5358 6,
2898 5293 3269 5366 componere;
3305 5294 3442 5349 haud
3473 5310 3618 5366 {egre
3655 5295 3781 5349 ani-

2172 5367 2480 5422 madvertes
2495 5366 2784 5422 Ambrosio
2801 5369 3010 5435 priscos
3031 5370 3198 5419 hosce
3215 5363 3406 5421 Patres
3423 5363 3776 5437 nequaquam

2173 5439 2339 5494 fuisse
2371 5440 2696 5508 incognitos.

2247 5508 2267 5548 τ
2291 5511 2364 5564 lta
2394 5507 2522 5563 mss-1
2543 5524 2738 5577 magno
2755 5524 2984 5565 numero
3010 5527 3022 5562 :
3051 5509 3298 5566 nonnulli
3325 5520 3502 5565 tamen
3525 5515 3582 5562 et
3603 5507 3778 5576 edit.,

2173 5582 2236 5638 Si
2249 5582 2418 5636 cervix
2435 5581 2707 5650 premitur,
2723 5581 2768 5634 si
2785 5583 3050 5650 grauaturi
3063 5598 3292 5647 ncessus,
3307 5581 3384 5635 nil
3395 5581 3639 5651 pretium,
3658 5590 3772 5637 etc.

2243 5662 2269 5699 8
2313 5653 2436 5708 .‘llss.
2477 5652 2706 5722 aliquot,
2753 5653 2818 5706 de
2861 5651 3230 5710 Placentinosa
3271 5655 3494 5726 grandes
3536 5654 3786 5726 virgines

2169 5726 2380 5780 veniunt
2411 5740 2430 5777 :
2473 5738 2582 5778 non
2619 5733 2784 5779 recte.

2173 5867 2208 5925 d
2244 5793 2384 5924 life
2412 5795 2726 5851 Bononiensi
2765 5796 2995 5866 veniunt,
3027 5797 3080 5852 in
3128 5812 3261 5855 mss.
3304 5809 3470 5868 prope
3515 5795 3784 5878 omnibus

2212 5882 2293 5925 εει
2330 5878 2537 5925 eratur.
2632 5923 2639 5925 _

2212 5878 2420 5926 esrdera
2432 5878 2537 5924 tur.
2632 5923 2639 5926 _

2623 5933 2652 5944 η
