4054 6306
237 294 375 352 ’265

1534 290 1624 354 DE
1661 294 2056 357 VIIIGINIBUS
2093 294 2228 357 LIB.
2267 296 2310 355 l.

3472 301 3582 360 206

264 407 454 465 niensi
474 408 725 475 veniunt,
759 406 827 465 de
859 407 1181 467 Mauritania
1211 409 1458 475 veniunt,
1491 417 1549 465 ιιι
1576 410 1666 466 hic
1689 410 1878 467 velen-
1902 423 1950 483 Α
1982 408 2151 467 ﬂabra
2194 409 2414 479 pudoris
2443 409 2687 479 asltirent
2718 422 2731 461 :
2772 404 2873 464 sed
2917 404 3050 465 illud
3078 406 3394 480 gloriosius,
3426 412 3470 466 si
3498 420 3580 467 te-

267 509 380 558 tur.
409 501 662 572 Magnam
691 518 805 559 rem
829 502 1052 559 videtis.
1078 502 1177 559 llic
1201 510 1393 565 tracto.
1417 512 1471 558 et
1495 501 1623 559 alibi
1649 518 1872 575 persua—

262 592 394 648 deo.
428 593 489 650 Si
523 592 598 651 ita
631 604 735 663 est,
779 595 907 652 alibi
935 605 1255 663 tractemus,
1287 605 1313 633 ι
1360 606 1418 652 ιιι
1456 596 1612 655 vobis
1649 612 1871 668 persua-

265 685 530 744 dcamns.

340 778 434 836 58.
467 777 634 849 Quid,
673 780 818 851 quod
862 781 1029 839 etiam
1074 782 1165 853 qui
1213 797 1300 838 me
1349 798 1459 838 non
1503 781 1752 849 audiunt,
1786 798 1876 840 se-

268 881 518 941 quuntur
547 890 560 926 z
594 872 685 944 qui
710 871 960 939 audiunt,
993 888 1101 931 non
1134 872 1475 944 sequuntur?
1501 872 1635 929 Nam
1671 873 1876 946 pleras-

270 981 380 1037 que
413 966 652 1039 virgines
680 968 910 1039 cognovi
942 966 1105 1032 velle,
1132 976 1191 1024 et
1228 965 1512 1038 prohiberi
1540 967 1705 1023 etiam
1750 982 1876 1039 pro-

269 1057 390 1114 dire
420 1073 452 1113 a
485 1059 785 1125 matribus,
827 1059 1058 1131 etquod
1105 1069 1188 1114 est
1228 1060 1471 1131 gravius,
1502 1059 1705 1129 viduis,
1749 1076 1872 1117 cum

267 1152 468 1222 quibus
502 1151 591 1207 hic
614 1151 744 1207 mihi
773 1166 957 1208 sermo
980 1162 1085 1209 est.
1111 1152 1320 1224 Nempe
1341 1152 1368 1191 δ
1389 1153 1433 1208 si
1459 1152 1733 1210 hominem
1765 1153 1878 1210 vel-

268 1244 385 1301 lent
415 1260 605 1302 amare
636 1246 764 1301 lilia:
786 1254 1005 1311 vestrm.
1029 1262 1129 1319 per
1160 1247 1311 1316 leges
1340 1246 1495 1319 161
1527 1258 1748 1316 possent
1777 1247 1876 1304 eli-

267 1354 403 1412 gere
441 1355 608 1412 quem
637 1340 861 1399 vellent.
891 1339 1105 1411 Quibus
1147 1338 1312 1411 igitur
1354 1340 1628 1395 hominem
1669 1339 1876 1412 eligere

271 1432 429 1501 licet.
457 1431 630 1495 Deum
659 1449 769 1491 non
797 1433 963 1490 licet?

340 1525 435 1582 59.
467 1526 813 1583 Contuemini
836 1541 997 1597 quam
1026 1526 1203 1583 dulcis
1231 1526 1510 1600 pudicitia:
1550 1525 1756 1584 fruetus
1780 1528 1875 1593 sit,

265 1619 357 1692 qni
381 1620 692 1689 barbaricis
717 1635 937 1691 quoque
970 1620 1198 1678 inolevit
1227 1620 1536 1677 aﬁ‘ectibns.
1561 1620 1638 1677 Ex
1671 1621 1878 1679 ultimis

268 1711 410 1769 infra
444 1713 695 1785 ultraque
716 1713 1054 1772 Mauritaniae
1079 1716 1325 1787 partibus
1359 1716 1610 1775 deductae
1636 1717 1878 1789 virgines

271 1807 361 1864 hic
416 1811 622 1865 sacrari
654 1810 927 1881 gestiunt;
963 1819 1018 1867 et
1073 1827 1195 1867 cum
1253 1812 1364 1869 sint
1419 1828 1612 1869 omnes
1655 1797 1873 1869 familia?
1904 1841 1952 1905 Β

269 1912 292 1940 ε
316 1902 370 1957 in
394 1901 651 1968 vinculis,
666 1903 921 1974 pudicitia
940 1914 1120 1961 tamen
1137 1907 1311 1962 nescit
1328 1922 1452 1963 esse
1471 1907 1709 1977 captiva.
1739 1906 1874 1963 Pro-

263 1995 451 2050 fltetur
479 2010 711 2067 regnum
740 1997 1082 2062 aternitatis,
1111 2014 1232 2069 qua:
1255 2006 1450 2054 mteret
1475 1998 1731 2083 iniuriam
1757 2013 1873 2055 ser-

265 2086 475 2142 vitutis.

332 2181 424 2239 60.
456 2181 590 2237 Nam
613 2183 741 2255 quid
766 2184 834 2241 de
862 2184 1305 2243 Bononiensibus
1325 2187 1630 2259 virginibus
1652 2189 1868 2259 loquar,

255 2274 499 2335 fecundo
532 2276 757 2347 pudoris
796 2279 1019 2350 agmine
1039 2322 1054 2346 ,
1085 2295 1208 2353 quae
1250 2282 1543 2345 mundanis
1574 2299 1636 2340 se
1663 2282 1877 2345 deliciis

255 2367 608 2433 abdicantes.
658 2371 960 2431 sacrarium
1006 2373 1338 2441 virginitatis
1375 2375 1657 2432 incolunt?
1686 2376 1818 2433 Sine
1842 2381 1874 2424 ὀ

256 2461 648 2521 contubernali
692 2478 856 2528 sexu,
907 2465 1290 2521 contubernali
1344 2466 1549 2536 pudore
1599 2477 1873 2538 provectae

253 2553 327 2610 ad
356 2555 694 2613 vicenarium
733 2571 1020 2614 numerum
1044 2599 1057 2620 .
1088 2568 1142 2614 et
1184 2559 1566 2615 centenarium
1606 2560 1868 2629 fructum,

255 2646 565 2720 relicwque
608 2656 896 2719 parentum
939 2649 1196 2722 hospitio,
1236 2651 1469 2708 tendunt
1505 2655 1557 2707 in
1607 2654 1869 2712 taberna-

255 2740 399 2799 culis
429 2738 660 2808 Christi,
680 2741 967 2800 indefessa;
997 2743 1198 2801 milites
1226 2746 1494 2805 caStitatis
1524 2763 1537 2801 :
1571 2762 1713 2802 nunc
1740 2761 1868 2803 can-

254 2834 383 2890 ticis
427 2833 771 2904 spiritalibus
804 2846 1140 2906 personant,
1173 2853 1318 2894 nunc
1361 2839 1563 2893 victum
1607 2839 1868 2909 Operibus

252 2940 540 2997 exercent,
565 2930 886 2988 liberalitati
922 2946 1138 3003 quoque
1165 2932 1470 2989 subsidium
1512 2949 1676 2988 manu
1721 2950 1871 3005 qua:-

258 3034 414 3080 1⁵11111..

327 3120 420 3178 61.
441 3121 600 3191 Quod
617 3122 664 3179 si
698 3127 722 3156 θ
742 3122 1111 3194 investigandi
1139 3124 1381 3195 virgines
1409 3125 1699 3182 ittoleverit
1731 3126 1866 3183 odor

1980 518 2128 559 uerte
2159 504 2296 573 ignis
2332 502 2510 559 aetatis
2539 503 2703 559 etiam
2734 502 2855 558 sine
2902 503 3180 561 Veteribus
3231 506 3579 562 nutrimentis

1977 606 2174 666 sponte
2205 611 2264 652 se
2288 597 2468 667 rapiat
2503 596 2557 651 in
2589 594 2833 651 fomitem
2867 595 3153 653 castitatis.
3184 596 3379 654 Dotem
3409 613 3577 669 nega-

1980 690 2112 746 bunt
2159 699 2459 762 parentes:
2492 689 2586 746 sed
2628 688 2798 746 habes
2838 689 3063 749 divitem
3115 705 3380 761 sponsum
3421 691 3579 759 cujus

1976 789 2233 839 contenta
2262 781 2550 848 thesauro,
2584 780 2774 852 patria:
2811 781 3181 841 successionis
3205 782 3578 838 emolumenta

1978 888 2084 928 non
2115 887 2351 945 quaeras.
2394 872 2607 942 Quanto
2651 872 2929 930 dotalibus
2968 883 3189 946 praestat
3237 874 3582 948 compendiis

1978 975 2126 1022 casta
2159 974 2451 1038 paupertas
2474 967 2487 1021 ι

2046 1058 2136 1114 65.
2173 1058 2239 1117 Et
2280 1070 2461 1115 tamen
2510 1075 2671 1129 quam
2724 1058 2954 1117 audistis
3003 1059 3298 1132 aliquando
3354 1073 3579 1133 propter

1975 1150 2216 1211 studium
2272 1152 2620 1223 integritatis,
2665 1152 2917 1224 legitimae
2964 1153 3161 1211 factam
3211 1153 3578 1211 successionis

1974 1245 2293 1302 extorrem?
2314 1243 2711 1303 Contradicunt
2738 1254 2989 1319 parentes
3018 1262 3032 1300 :
3059 1246 3155 1303 sed
3189 1245 3380 1303 volunt
3410 1245 3576 1303 vinci.

1976 1338 2259 1395 Resistunt
2293 1339 2490 1410 primo,
2527 1340 2651 1411 quia
2682 1340 2911 1396 credere
2943 1341 3132 1395 timent
3173 1357 3187 1395 :
3223 1340 3579 1412 indignantur

1978 1431 2312 1504 frequenter,
2346 1440 2408 1491 ut
2432 1431 2613 1491 discas
2641 1432 2858 1491 vincere
2883 1450 2896 1488 :
2927 1430 3325 1493 abdicationem
3365 1435 3578 1489 minan-

1981 1533 2088 1591 tur,
2117 1533 2177 1580 ut
2198 1533 2407 1582 tentent
2426 1526 2472 1581 si
2497 1533 2655 1597 potes
2695 1526 2952 1583 damnum
2980 1525 3168 1582 saeculi
3200 1542 3310 1582 non
3340 1527 3532 1583 timere
3559 1546 3573 1582 :

1977 1617 2222 1691 quaesitis
2274 1616 2629 1675 blandiuntur
2676 1618 2970 1687 illecebris,
3024 1627 3083 1674 ut
3124 1619 3342 1675 videant
3388 1620 3435 1675 si
3481 1635 3577 1674 va-

1976 1711 2176 1767 riarum
2210 1711 2424 1771 mollire
2457 1710 2616 1787 162
2640 1719 2692 1769 te
2718 1727 2824 1769 non
2869 1720 3033 1784 queat
3078 1711 3339 1781 blanditia
3382 1711 3571 1783 volup-

1981 1803 2511 1872 tatum.Exerceris,
2557 1805 2731 1876 virgo,
2780 1805 2907 1860 dum
2958 1804 3192 1877 cogeris.
3224 1805 3290 1859 Et
3335 1803 3453 1859 hate
3484 1804 3576 1860 tibi

1980 1899 2153 1968 prima
2182 1898 2503 1965 certamina,
2545 1898 2704 1953 anxia
2736 1907 3020 1969 parentum
3068 1907 3192 1954 vota
3237 1910 3573 1971 proponunt.

1980 1990 2148 2051 Vince
2189 1994 2361 2067 prius,
2410 1992 2612 2065 puella,
2656 1993 2937 2065 pietatem.
2996 1994 3053 2053 Si
3105 1995 3278 2052 vincis
3328 1994 3572 2060 domum,

1974 2086 2150 2142 vincis
2180 2085 2465 2143 saeculum.

2047 2178 2138 2235 64.
2166 2190 2191 2228 8
2222 2178 2329 2236 Sed
2379 2188 2499 2235 esto
2546 2188 2802 2236 maneant
2841 2194 2939 2237 vos
2969 2180 3165 2237 damna
3215 2182 3528 2253 patrimonii
3561 2198 3575 2237 :

1977 2287 2157 2329 nonne
2179 2273 2509 2330 caducarum
2539 2281 2596 2327 et
2623 2272 2894 2343 fragilium
2924 2272 3205 2345 dispendia
3258 2273 3577 2332 facultatum

1975 2367 2154 2425 futura
2181 2368 2305 2426 cteli
2337 2383 2507 2440 regna
2534 2369 2927 2439 compensant?
2950 2368 3287 2445 Quamquam
3318 2372 3361 2427 si
3390 2371 3574 2429 verbis

1973 2464 2296 2522 ctelestibus
2332 2463 2630 2529 credimus,
2685 2478 2850 2521 nemo
2888 2475 2971 2520 est
3021 2464 3111 2537 qui
3160 2466 3445 2541 reliquerit
3473 2465 3576 2522 do~

1976 2574 2147 2625 mum,
2199 2568 2294 2615 aut
2337 2568 2613 2630 parentes,
2657 2566 2752 2615 aut
2783 2558 3002 2629 fratres,
3030 2569 3121 2616 aut
3169 2575 3395 2619 uxorem
3423 2603 3439 2630 ,
3485 2569 3582 2617 aut

1974 2652 2142 2720 filios,
2170 2660 2396 2725 propter
2426 2667 2650 2724 regnum
2694 2652 2815 2717 Dei,
2863 2661 2920 2708 et
2950 2667 3056 2709 non
3104 2652 3334 2723 recipiat
3373 2654 3578 2723 septies

1974 2753 2182 2800 tantum
2222 2745 2273 2800 in
2311 2744 2417 2801 hoc
2447 2754 2694 2813 tempore
2727 2761 2740 2798 :
2773 2743 2826 2801 in
2858 2745 3066 2800 saeculo
3108 2756 3290 2802 autem
3339 2755 3576 2803 venturo

1972 2837 2138 2894 vitam
2186 2846 2445 2893 aeternam
2498 2836 2803 2907 possidebit
2844 2836 3063 2909 (Matth.
3098 2854 3209 2909 xtx,
3239 2838 3359 2910 29).
3400 2839 3579 2898 Crede

1973 2932 2134 2989 fidem
2168 2944 2312 2989 tuam
2340 2932 2495 2991 Deo:
2528 2947 2651 3003 qua:
2692 2930 2899 2991 homini
2933 2933 3217 3004 pecuniam
3250 2934 3466 3000 credis,
3502 2935 3580 2991 fe-
3648 2994 3652 2999 ,

1971 3043 2168 3085 nerare
2211 3027 2451 3085 Christo.
2481 3027 2668 3083 Bonus
2724 3025 2992 3099 deposita:
3034 3028 3150 3100 spei
3182 3037 3367 3085 custos
3395 3030 3579 3087 multi-

1971 3120 2185 3191 plicatis
2217 3119 2342 3178 fidei
2382 3130 2487 3177 ture
2534 3121 2796 3183 talentum
2844 3120 3015 3179 solvit
3059 3121 3263 3181 usuris.
3287 3122 3407 3181 Non
3439 3124 3575 3181 fallit

254 3210 528 3286 (namque
579 3230 695 3286 prae
741 3217 960 3272 caeteris
992 3216 1307 3286 speculandi
1349 3230 1602 3274 venatum
1637 3218 1862 3289 pudoris
1887 3218 1934 3282 C
1970 3216 2196 3282 veritas,
2227 3230 2337 3271 non
2367 3214 2771 3273 circumscribit
2806 3214 3040 3285 iustitia,
3074 3230 3182 3273 non
3228 3215 3432 3289 decipit
3461 3220 3572 3275 vir-

256 3308 594 3381 explorant),
618 3309 749 3364 totis
776 3324 1029 3365 curarum
1072 3310 1314 3381 vestigiis
1339 3310 1577 3381 praedam
1605 3311 1863 3369 latentem

257 3417 431 3473 usque
477 3402 543 3458 ad
586 3404 703 3475 ipsa
726 3403 926 3461 cubilia
967 3412 1372 3476 persequuntur
1405 3422 1418 3457 :
1449 3414 1539 3460 aut
1565 3406 1609 3460 si
1638 3404 1867 3461 liberior

257 3495 494 3567 alicujus
519 3498 734 3554 volatus
760 3496 1051 3565 aﬂulserit,
1080 3499 1207 3554 totis
1238 3513 1431 3553 omnes
1465 3497 1655 3553 videas
1680 3513 1865 3555 assur-

253 3606 395 3665 gere
436 3593 558 3660 alis,
595 3608 937 3665 concrepare
984 3593 1201 3666 pennis,
1248 3592 1486 3651 emicare
1534 3592 1760 3663 plausu;
1808 3599 1866 3647 ut

258 3695 422 3745 casto
450 3686 722 3757 pudicitia;
774 3688 944 3745 choro
987 3687 1211 3758 cingant
1239 3688 1535 3753 volantem,
1568 3686 1746 3743 donec
1787 3685 1865 3740 al-

249 3779 407 3839 benti
448 3778 722 3837 delectata
752 3780 1034 3845 comitatu,
1061 3779 1115 3835 in
1147 3780 1330 3852 plagas
1361 3780 1585 3849 pudoris
1620 3788 1675 3835 et
1706 3778 1860 3835 inda-

250 3873 440 3945 ginem
468 3873 738 3941 castitatis
774 3870 793 3912 ί
824 3871 1020 3931 dotnus
1050 3871 1242 3943 panis:
1272 3871 1441 3929 oblita
1464 3913 1479 3939 ,
1509 3870 1786 3928 succedat.

890 3963 1120 4023 CAPUT
1159 3965 1254 4022 XI.

256 4059 330 4117 ω
360 4060 590 4133 optabile
614 4061 682 4117 sit
701 4060 890 4133 virgini
918 4063 1089 4132 {aven
1117 4071 1354 4131 parentes
1381 4076 1523 4127 suos,
1559 4077 1668 4116 eam
1691 4067 1863 4115 tamen

331 4154 487 4211 laude
507 4155 701 4228 majori
735 4153 945 4226 dignam
968 4170 1097 4221 esse,
1129 4170 1285 4225 quam
1307 4154 1370 4209 iis
1391 4154 1760 4209 reluctantibus
1779 4153 1864 4207 di-

332 4249 485 4304 vinus
531 4264 681 4303 amor
718 4249 787 4302 ad
833 4247 930 4303 hoc
972 4250 1297 4318 propositum
1343 4248 1683 4318 instigaverit.
1736 4247 1862 4305 Non

327 4343 608 4405 timendam
634 4341 794 4413 igitur
842 4357 932 4396 nec
968 4342 1069 4405 vim
1112 4352 1384 4411 parentum
1428 4357 1519 4396 nec
1560 4342 1863 4412 patrimonii

319 4436 627 4507 facturam;
657 4433 797 4499 quod
833 4433 1153 4489 memorabili
1203 4432 1389 4489 nobilis
1416 4450 1478 4488 ac
1511 4434 1614 4506 pia:
1642 4435 1861 4509 virginis

326 4531 468 4601 facta
498 4527 864 4598 conﬁrmatur.

1970 3319 2080 3365 tus.
2113 3307 2269 3377 Quod
2295 3307 2340 3364 si
2368 3322 2477 3363 non
2506 3307 2732 3365 creditis
2756 3308 3004 3376 oraculo,
3037 3309 3126 3369 vel
3148 3311 3417 3384 exemplis
3454 3327 3576 3371 cre-

1970 3401 2104 3459 dite.

2039 3494 2130 3552 65.
2157 3492 2433 3551 Memoria:
2464 3504 2665 3551 nosme
2695 3492 2878 3565 puella
2908 3492 3110 3550 dudum
3146 3494 3346 3554 nobilis
3386 3496 3438 3553 in
3468 3513 3571 3554 str-

1967 3586 2113 3654 culo,
2144 3601 2290 3643 nunc
2329 3584 2568 3643 nobilior
2614 3585 2746 3651 Deo,
2785 3601 2909 3643 cum
2942 3597 3230 3658 urgeretur
3255 3589 3322 3647 ad
3353 3591 3571 3669 nuptias

1966 3697 1995 3737 a
2027 3681 2342 3752 parentibus
2366 3689 2423 3738 et
2453 3679 2798 3751 prOpinqttis,
2830 3680 2897 3737 ad
2941 3693 3350 3741 sacrosanctum
3394 3686 3572 3744 altare

1966 3776 2227 3847 confugit.
2256 3776 2376 3845 Quo
2401 3776 2547 3831 enim
2578 3774 2776 3832 melius
2805 3773 2828 3812 ιι
2858 3777 3032 3851 virgo,
3064 3793 3226 3849 quam
3266 3781 3357 3838 ubi
3401 3783 3573 3839 sacri-

1969 3870 2147 3925 licium
2174 3868 2498 3941 virginitatis
2528 3868 2796 3926 offertur?
2821 3870 2901 3927 Ne
2932 3871 2976 3927 is
3007 3873 3226 3943 quidem
3258 3875 3382 3933 finis
3404 3877 3573 3936 auda-

1965 3967 2083 4023 ciae.
2115 3964 2307 4022 Stabat
2327 3963 2392 4019 ad
2422 3979 2574 4023 aram
2598 3963 2694 4023 Dei
2722 3964 2946 4035 pudoris
2967 3964 3167 4035 hostia,
3194 3969 3419 4029 victima
3450 3986 3571 4029 cas-

1965 4058 2134 4115 titatis
2163 4074 2177 4112 :
2212 4071 2356 4115 nunc
2385 4056 2553 4128 capiti
2590 4056 2880 4113 dexteram
2911 4060 3214 4119 sacerdotis
3244 4062 3567 4136 imponens,

1965 4167 2182 4224 precem
2232 4166 2503 4223 poscens,
2545 4165 2691 4206 nunc
2714 4150 2879 4221 justze
2926 4151 3222 4225 impatiens
3269 4172 3458 4226 morae,
3502 4175 3568 4217 ac

1964 4260 2239 4303 summum
2289 4245 2446 4300 altari
2495 4243 2740 4315 subjecta
2776 4244 3061 4300 verticem.
3103 4244 3118 4283 ί
3154 4246 3292 4305 Νυιη
3346 4251 3565 4320 melius,

1963 4340 2162 4412 inquit,
2192 4337 2421 4395 maforte
2451 4352 2540 4405 me
2561 4353 2722 4406 quam
2754 4336 2930 4394 altare
2956 4338 3180 4409 velabit,
3219 4343 3362 4414 quod
3399 4360 3565 4404 sane.

1964 4434 2135 4491 tificat
2161 4431 2279 4505 ipsa
2320 4429 2628 4489 velamina?
2657 4428 2785 4489 Plus
2818 4430 2940 4487 talis
2967 4431 3127 4488 decet
3168 4432 3478 4508 flammeus,
3511 4441 3567 4498 in

1964 4541 2072 4597 quo
2115 4532 2281 4596 caput
2322 4524 2562 4579 omnium
2614 4521 2862 4579 Christus
2900 4525 3148 4596 quotidie
3190 4542 3565 4593 consecratur.

324 4623 644 4681 63.Bonum
677 4623 864 4694 itaque
892 4621 940 4681 si
969 4623 1165 4695 virgini
1192 4622 1368 4681 studia
1385 4632 1672 4695 parentum
1696 4621 1851 4695 quasi
1879 4627 1933 4688 1)
1957 4617 2095 4689 Quid
2139 4616 2302 4689 agitis
2331 4630 2453 4684 vos,
2485 4613 2819 4691 propinqui?
2845 4615 2976 4689 quid
3007 4620 3361 4693 exquirendis
3386 4624 3567 4685 adhuc

326 4793 352 4821 ει
382 4781 612 4910 ἓιιίιιιιιῐι
644 4794 801 4843 mss.,
826 4790 882 4834 ut
910 4780 1037 4835 alibi
1057 4782 1423 4853 persuadeam.

328 4854 358 4893 ιι
420 4853 544 4910 ‘dit.
577 4854 640 4910 Si
670 4852 929 4907 hominem
962 4864 1231 4910 amarent:
1262 4868 1395 4908 mss.

328 4854 358 4893 ιι
392 4852 544 4910 Edit.
577 4854 640 4910 Si
670 4852 929 4907 hominem
962 4852 1194 4907 amarent
1212 4870 1231 4920 ;
1262 4868 1395 4908 mss.
1428 4853 1618 4909 vellent
1653 4868 1849 4909 amare.

255 4928 374 4994 Qua
405 4938 588 4982 autem
630 4926 844 4980 ratione
884 4924 1034 4979 locus
1071 4924 1158 4980 hic
1197 4940 1321 4983 cum
1353 4926 1462 4981 alio
1490 4940 1556 4982 ex
1589 4925 1686 4982 lib.
1724 4943 1740 4980 ι
1786 4925 1856 4979 de

253 4998 555 5062 Abraham,
581 5012 701 5068 cap.
723 4997 781 5068 _9,
802 4995 1177 5053 conciliandus
1200 4997 1294 5063 sit,
1330 4997 1465 5052 infra
1493 4996 1856 5068 explicabitur

257 5072 313 5126 in
338 5069 568 5135 epistola
590 5065 659 5123 ad,
680 5065 998 5123 Sisinnittm.

328 5153 352 5183 ο
383 5140 710 5211 Designatur
758 5139 860 5194 hoc
909 5140 1028 5212 loco
1071 5138 1365 5212 Tyrannisi
1393 5153 1510 5212 non
1556 5139 1751 5204 Firmi,
1798 5147 1857 5196 nt

252 5215 474 5287 quidam
518 5210 730 5287 volunt,
764 5227 886 5265 cum
918 5210 1282 5287 ille_a_eomite
1326 5211 1640 5287 Theodosio
1679 5212 1857 5287 fl‘hfo-

252 5282 396 5341 dosii
428 5284 604 5356 Magni
638 5292 974 5356 parentean.
1008 5283 1115 5338 573
1143 5286 1323 5356 victus
1364 5283 1525 5339 fuerit
1556 5300 1571 5337 :
1597 5284 1692 5337 sed
1743 5282 1857 5339 Gil-

255 5358 415 5414 donis
458 5354 552 5427 qui
605 5358 732 5410 licet
778 5356 831 5408 in
864 5354 1100 5408 Firmum
1141 5354 1364 5412 fratrem
1419 5363 1715 5427 pugnasset
1759 5368 1856 5424 pro

258 5426 615 5490 Romanis.eo
630 5438 810 5482 tamen
829 5426 1165 5490 exstinetma
1177 5428 1362 5483 fricam
1386 5426 1612 5492 ipsemet
1630 5442 1857 5498 oppres-

257 5505 351 5569 sit,
394 5516 460 5556 ac
507 5501 921 5569 Donatistarum
955 5499 1212 5554 atrociter
1240 5499 1558 5555 Catltolicos
1594 5499 1856 5555 diVl‘Xall-

261 5568 393 5629 tinm
430 5584 611 5643 partes
640 5570 865 5641 adjuvit.
895 5568 1050 5643 Quod
1079 5579 1260 5627 autem
1286 5571 1353 5627 ad
1386 5572 1584 5641 Legem
1614 5586 1735 5638 qua:
1753 5571 1855 5625 hoc

262 5660 408 5700 anno
430 5640 555 5700 data
601 5640 834 5698 habetur
861 5643 913 5696 in
945 5640 1075 5699 Cod.
1110 5643 1317 5699 'l’heod.
1344 5656 1396 5698 et
1430 5640 1533 5714 qua
1565 5643 1857 5714 baptisma-

266 5717 333 5772 tis
361 5719 579 5787 iteratio
608 5714 959 5787 prohibetur;
990 5728 1052 5787 ea
1079 5730 1200 5769 enm
1232 5712 1507 5771 destinata
1532 5714 1705 5787 fuerit
1731 5712 1858 5787 Flag

268 5791 437 5843 viano
465 5783 666 5842 Alricle
708 5786 909 5839 vicario
947 5786 1114 5856 quiet
1142 5787 1257 5856 ipse
1298 5788 1397 5842 hac
1443 5786 1634 5843 eadem
1662 5785 1854 5840 haeresi

269 5871 384 5916 erat
413 5859 671 5923 infectus,
715 5873 822 5911 non
850 5855 1121 5911 credenda
1151 5855 1236 5913 est
1278 5858 1536 5914 Ecclesie
1577 5857 1857 5928 peperisse

1962 4777 2256 4848 quidquam
2288 4772 2747 4848 auxilii._Vid_esis
2787 4772 3015 4848 August.
3042 4774 3135 4833 lib.
3171 4793 3204 4833 ll
3232 4791 3422 4839 contra
3458 4788 3559 4847 Pe.

1963 4844 2041 4905 til.
2076 4844 2195 4918 cap.
2227 4848 2317 4910 85,
2348 4855 2401 4902 et
2433 4846 2593 4914 epist.
2629 4844 2681 4900 in
2712 4859 2845 4899 nova
2868 4847 3000 4919 edit.
3035 4849 3125 4914 87,
3158 4866 3305 4910 num.
3339 4858 3393 4914 8.
3423 4844 3556 4919 Item

1961 4917 2153 4977 Amm.
2175 4919 2415 4977 Marcell.
2448 4918 2541 4974 lib.
2575 4932 2741 4974 xsvttt
2767 4955 2783 4982 ,
2826 4927 2882 4977 et
2924 4917 3281 4983 Claudianum
3313 4929 3382 4985 de
3411 4917 3558 4990 bello

1964 4993 2183 5051 Gildon.

2034 5062 2060 5102 ἀ
2090 5064 2147 5119 Id
2179 5071 2284 5130 est,
2322 5061 2655 5125 masculino,
2688 5061 2813 5130 quia
2862 5059 3094 5118 feminas
3143 5065 3262 5123 sine
3309 5072 3550 5132 virorum

1963 5135 2325 5194 contubernio
2354 5134 2556 5204 degere
2580 5142 2708 5188 tunc
2735 5148 2919 5188 rarum
2943 5142 3084 5191 erat.

2038 5219 2061 5247 ο
2092 5206 2307 5288 Otones
2324 5204 2456 5261 edit.
2484 5214 2541 5288 et
2564 5221 2695 5288 mss.
2724 5205 2853 5288 duo,
2887 5205 3555 5288 intrestigaudw‘virginim-

1962 5282 2067 5355 iis:
2108 5279 2198 5333 alii
2240 5279 2479 5355 aliquot,
2513 5277 2884 5348 investiganda:
2913 5278 3126 5349 virginis
3154 5299 3173 5336 :
3204 5277 3394 5355 reliqtii
3436 5307 3553 5347 ma-

1956 5354 2063 5426 jori
2089 5365 2340 5416 numero,
2371 5360 2426 5402 nt
2449 5351 2503 5404 in
2531 5360 2702 5426 textu.

2039 5424 2059 5464 r
2076 5426 2309 5498 519mg?
2330 5437 2551 5498 omnes:
2576 5418 3062 5498 edit._vero,‘don_tns
3079 5424 3358 5498 patriaque
3368 5432 3549 5491 oblita.

2035 5506 2060 5543 s
2090 5496 2233 5550 Edit.
2270 5494 2427 5548 Rom.
2458 5494 2595 5555 Sola,
2625 5494 2714 5547 sed
2754 5492 2878 5557 quid
2907 5494 3061 5562 refert
3092 5503 3139 5546 te
3174 5512 3242 5549 an
3271 5492 3396 5556 'tuos
3436 5523 3553 5562 ma.

1963 5579 2116 5648 neunt
2156 5569 2346 5648 damna
2398 5564 2732 5648 patrimonii?
2762 5564 2823 5616 Et
2876 5561 3035 5648 infra,
3088 5574 3285 5648 et‘non
3331 5577 3551 5648 recipiat

1963 5641 2123 5693 multo
2164 5630 2408 5707 plura...l
2437 5638 2592 5690 vitam
2611 5645 2874 5689 wternam.
2904 5630 3083 5699 Crede,
3113 5645 3219 5693 etc.

2036 5709 2063 5749 ιι
2084 5711 2285 5766 Oznnes
2314 5707 2470 5773 edit.,
2498 5710 2643 5778 uirgo
2666 5712 3127 5778 “concrematam
3152 5710 3238 5765 ubi
3256 5755 3271 5778 ,
3297 5725 3402 5773 etc,

2042 5781 2056 5819 ί
2093 5782 2515 5862 Amenanus
2555 5773 2683 5862 Era.-
2720 5773 3126 5862 Nuuﬂmiz
3162 5773 3370 5862 εηιιάεει
3399 5808 3551 5862 quam

1966 5855 2130 5909 altare
2158 5851 2341 5908 velabit
2368 5867 2386 5905 :
2412 5843 2540 5905 (Bill.
2563 5855 2621 5902 et
2644 5847 2805 5902 Rom.
2836 5843 2982 5903 Nam
3008 5849 3207 5920 melius,
3230 5843 3559 5931 ἶηφιίίιξῖἧῆζ
