4054 6306
487 252 596 312 201

1829 248 2074 310 SANCTI
2113 249 2436 311 AMBROSII

3694 251 3805 313 208

491 369 693 442 nuptiis
718 368 1035 427 sollicitatis
1056 369 1295 425 animum
1313 368 1337 424 ἲ
1357 365 1683 425 Jamdudum
1726 368 1973 439 provisas
1998 368 2095 422 ha—
2119 370 2169 433 Α
2199 371 2399 442 pietate
2429 386 2443 424 :
2471 368 2542 425 Et
2567 368 2692 426 ideo
2734 366 2966 427 fortasse
3002 367 3222 436 defecit,
3253 377 3279 408 ι
3302 381 3372 427 ne
3396 371 3522 443 quis
3567 370 3805 443 impedi-

488 464 615 520 beu.
658 464 932 536 Sponsum
984 461 1234 518 offertis?
1289 462 1571 517 Meliorem
1626 463 1830 532 reperi.
1876 460 2090 529 Quasliv

488 555 584 613 bet
626 564 955 627 exaggerate
984 554 1221 622 divitias,
1254 555 1455 625 iactate
1501 554 1857 619 nobilitatem,
1897 551 2093 624 praedi-

487 658 609 706 cate
632 652 932 721 potentiam
963 668 977 704 :
1003 650 1181 707 habeo
1205 665 1328 706 eum
1371 649 1460 705 cui
1494 663 1653 705 nemo
1694 663 1756 705 se
1783 657 2087 719 comparet,

488 743 711 800 divitem
761 744 986 813 mundo,
1034 753 1313 817 potentem
1361 742 1619 814 imperio,
1652 743 1894 800 nobilem
1925 744 2087 798 cmlo.

489 840 545 897 Si
579 839 742 896 talem
773 839 1007 905 habetis,
1038 855 1146 896 non
1175 837 1354 895 refuto
1379 839 1655 909 cptionem
1682 853 1697 892 :
1723 838 1767 892 si
1798 852 1907 892 non
1933 850 2093 908 repe-

484 935 631 1004 ritis,
660 951 772 991 non
800 934 1102 1007 providetis
1146 934 1299 1001 mihi,
1330 946 1607 1006 parentes,
1659 932 1760 990 sed
1809 933 2090 988 invidetis.

560 1027 649 1085 66.
683 1028 984 1085 Silentibus
1008 1028 1244 1097 caeteris,
1294 1042 1434 1083 unus
1483 1027 1770 1098 abruptius
1804 1042 1817 1080 :
1848 1023 1990 1095 Quid
2020 1024 2089 1094 si,

489 1123 687 1195 inquit,
713 1132 869 1194 pater
907 1132 1032 1179 tuus
1067 1123 1295 1189 viveret,
1327 1121 1611 1193 innuptam
1649 1127 1704 1177 te
1732 1115 1958 1176 manere
1999 1134 2093 1190 pa-

481 1218 731 1275 teretur?
778 1217 915 1274 Tum
971 1218 1065 1273 illa
1115 1217 1311 1288 majori
1360 1217 1667 1290 religione,
1722 1214 2092 1273 moderatiore

487 1343 563 1390 ter
592 1344 645 1388 tu
676 1350 773 1400 me,
804 1350 958 1405 quam
1001 1334 1167 1388 altare
1214 1333 1445 1388 velabit?
1473 1331 1697 1405 optime,
1721 1348 1854 1389 vero
1902 1331 2087 1388 cuncti

485 1421 616 1462 mss.
644 1405 787 1461 Num
814 1404 1015 1471 melius,
1046 1406 1234 1476 inquit,
1264 1404 1645 1476 maforte,etc.
1674 1404 1965 1460 Dicebatur
1993 1420 2086 1458 au-

484 1487 594 1533 tem
619 1477 849 1533 maforte
879 1492 974 1533 seu
992 1474 1257 1545 mavorte,
1278 1487 1337 1532 ut
1354 1474 1678 1543 Cassianus,
1702 1476 1795 1532 lib.
1825 1493 1863 1540 ι,
1891 1491 2015 1547 cap.
2032 1476 2087 1541 7,

494 1551 671 1606 velum
698 1549 971 1620 quoddam
1002 1564 1113 1619 quo
1158 1549 1384 1621 virginis
1433 1550 1486 1603 in
1533 1548 1954 1621 consecratione
1994 1563 2092 1621 sua

494 1630 655 1689 caput
704 1618 1081 1691 operiebatur,
1138 1618 1269 1676 non'
1302 1635 1463 1677 secus
1509 1635 1574 1676 ac
1626 1619 1935 1675 ﬂammeum
1974 1618 2093 1675 sive

493 1692 777 1750 ﬂammeus
802 1707 913 1765 quo
950 1692 1171 1764 puellae,
1204 1692 1333 1748 dum
1382 1691 1734 1749 matrimonio
1761 1692 2097 1764 capulaban-

2199 478 2444 523 mentum
2473 467 2650 539 possit
2689 466 2907 524 aﬂ'erre.
2936 467 3089 537 Quod
3136 468 3225 523 ille
3254 482 3578 540 responsum
3606 465 3677 522 de
3708 481 3806 537 pa-

2201 570 2304 627 tre,
2335 559 2404 616 de
2428 575 2488 617 se
2518 562 2819 629 oraculum,
2848 570 3062 617 maturo
3106 562 3186 617 sui
3218 562 3463 633 probavit
3498 560 3694 618 exitio.
3725 558 3802 615 Ita

2197 655 2382 711 cmteri
2414 655 2603 711 eadem
2651 656 2756 711 sibi
2790 656 3021 728 quisque
3058 664 3364 713 metuentes
3386 697 3402 724 ,
3454 655 3645 712 favere
3686 669 3804 711 cte-

2199 760 2398 821 perunt
2424 792 2439 819 ,
2471 751 2563 821 qui
2595 750 2861 821 impedire
2889 751 3246 822 quaerebant:
3299 764 3402 807 nec
3447 748 3802 821 dispendium

2199 844 2503 901 debitarum
2538 844 2720 900 attulit
2762 845 3043 916 virginitas
3089 845 3403 900 facultatum
3430 885 3445 910 ,
3497 843 3595 900 sed
3635 844 3804 901 etiam

2200 941 2633 997 emolumentum
2664 940 2994 1012 integritatis
3023 938 3251 1011 accepit.
3288 938 3538 1006 Habetis,
3585 940 3801 1009 puellae,

2201 1031 2510 1088 devotionis
2550 1030 2835 1103 prtemium
2866 1040 3171 1104 :‘parentes
3193 1072 3209 1102 ,
3242 1039 3436 1089 cavete
3480 1029 3804 1088 oﬂ'easionis

2198 1125 2533 1197 exemplum.

2199 1340 2325 1404 turi,
2378 1330 2573 1389 faciem
2622 1329 2996 1399 obnubebant,
3046 1328 3192 1388 unde
3237 1330 3443 1388 nubere
3486 1333 3805 1404 nuptizeque

2198 1403 2561 1459 deducuntur.
2585 1405 2839 1459 Attamen
2876 1419 3284 1474 nonnumquam
3312 1404 3481 1460 etiam
3518 1403 3807 1462 ﬂammeus

2198 1477 2267 1548 de
2296 1476 2420 1548 velo
2440 1475 2643 1548 dicitur
2667 1475 2938 1548 virgineo,
2971 1485 3028 1548 ut
3072 1475 3176 1533 hoc
3201 1476 3323 1548 ipso
3369 1476 3515 1543 loco,
3547 1476 3695 1548 quod
3724 1478 3809 1533 in-

2201 1547 2278 1603 fra
2311 1547 2496 1602 videre
2525 1547 2630 1602 erit
2652 1546 2897 1617 pluribus
2921 1547 3077 1604 locis.

2275 1628 2300 1657 α
2330 1618 2491 1674 Rom.
2524 1619 2656 1693 ed_it.
2683 1634 2805 1675 cum
2836 1620 3021 1692 paucis
3049 1634 3187 1676 mss.
3214 1635 3277 1675 ne
3296 1618 3437 1691 quod
3465 1620 3807 1693 impeditum.

2204 1700 2312 1745 tum
2339 1699 2509 1763 posset
2531 1689 2742 1759 aﬂ'erre.

512 1847 3796 1879 W

1616 1976 1963 2064 LIBER
2035 1976 2692 2064 SECUNDUS.

1066 2245 1223 2326 133
1260 2247 1490 2307 CAPUT
1530 2246 1572 2304 ι.

481 2348 785 2410 Ambrosius
817 2347 914 2404 hoc
940 2346 1070 2402 libro
1098 2345 1358 2418 virginum
1401 2356 1570 2397 mores
1607 2336 1955 2395 instituendos
1982 2351 2093 2392 esse

549 2462 667 2501 eum
692 2449 1013 2515 agnosceret,
1042 2454 1135 2493 cur
1160 2434 1520 2506 exemplorum
1569 2432 1704 2487 viam
1752 2430 1852 2485 sibi
1893 2444 2086 2501 propo-

558 2537 743 2603 suerit,
790 2535 938 2589 docet
972 2549 991 2588 :
1020 2530 1145 2587 inde
1191 2527 1616 2603 pra’sumptionis
1654 2524 1853 2580 inuidia
1901 2523 1993 2578 abs
2039 2538 2095 2577 se

559 2646 714 2703 quam
739 2626 1111 2684 modestissime
1140 2623 1394 2691 derivata,
1415 2638 1507 2677 cur
1533 2621 1728 2691 scripto
1744 2619 1914 2691 potius
1934 2632 2090 2687 quant

481 2711 491 2740 ί
556 2742 679 2781 voce
704 2724 759 2779 id
787 2738 1059 2797 aggressus
1088 2720 1176 2787 sit,
1204 2726 1396 2773 monet.

551 2824 605 2877 Ι.
644 2817 946 2889 Superiore
992 2814 1132 2870 libro
1182 2820 1445 2885 quantttm
1502 2806 1835 2879 virginitatis
1887 2819 2087 2861 munus

479 2916 571 2984 sit,
604 2924 630 2952 α
660 2912 934 2969 voluimus
967 2911 1116 2982 (non
1144 2906 1288 2964 enim
1333 2901 1640 2977 potuimus)
1673 2902 1980 2973 explicare;
2028 2909 2087 2956 ut

476 3023 575 3081 per
604 3024 665 3065 se
691 3006 933 3064 caelestis
963 3002 1140 3075 gratia
1162 2998 1406 3056 muneris
1434 2997 1629 3052 invitet
1660 2996 1956 3067 legentem.
1987 2991 2086 3050 Se-

475 3101 657 3158 cundo
698 3100 840 3156 libro
884 3096 1151 3169 virginem
1198 3090 1412 3149 institui
1458 3090 1649 3157 decet,
1694 3098 1751 3144 et
1806 3096 2083 3159 tamquam

474 3191 905 3266 competentium
936 3197 1339 3262 praeceptorum
1361 3182 1695 3257 magisteriis
1718 3181 1945 3239 erudiri.

543 3290 601 3346 2.
626 3288 735 3346 Sed
781 3287 1040 3359 quoniam
1067 3282 1095 3324 ι)
1125 3298 1224 3341 nos
1261 3279 1461 3337 infirmi
1491 3278 1560 3336 ad
1602 3277 1935 3335 monendum
1983 3292 2079 3333 su-

474 3398 625 3450 .ous,
672 3392 727 3439 et
772 3381 1013 3452 impares
1051 3376 1121 3434 ad
1157 3374 1465 3433 docendum
1499 3371 1696 3446 (debet
1737 3371 1883 3427 enim
1914 3369 1961 3427 is
1984 3369 2079 3443 qui

473 3479 634 3533 docet
662 3489 828 3545 supra
859 3487 985 3530 cum
1010 3471 1106 3543 qui
1144 3469 1376 3526 docetur
1399 3463 1725 3535 excellere),
1742 3480 1810 3519 ne
1836 3463 1922 3521 vel
1951 3478 2077 3520 sus-

472 3576 689 3637 ceptum
712 3566 1025 3622 deseruisse
1059 3576 1277 3629 munus,
1311 3559 1401 3616 vel
1441 3558 1602 3614 nobis
1630 3572 1917 3629 arrogasse
1959 3572 2077 3613 am-

2124 2247 2175 2309 B
2201 2243 2580 2315 magisterium
2618 2244 2991 2317 quasiverunt
3028 2261 3213 2304 meum
3246 2263 3260 2303 :
3292 2258 3314 2288 ε
3343 2256 3398 2304 et
3427 2246 3693 2304 excusari
3723 2262 3819 2305 se-

2192 2336 2426 2403 dulitas;
2453 2339 2711 2408 quoniam
2743 2355 2866 2395 cum
2900 2340 3168 2398 baberent
3215 2342 3606 2398 auctoritatem
3657 2357 3813 2398 mar-

2193 2430 2330 2501 tyris
2356 2430 2423 2485 ad
2470 2431 2873 2488 observantiam
2914 2433 3253 2505 disciplinae,
3289 2448 3398 2490 non
3450 2434 3807 2506 superﬂuum

2186 2521 2448 2593 iudicavi,
2496 2525 2543 2579 si
2593 2525 2766 2581 nostri
2817 2528 3092 2583 sermonis
3128 2526 3454 2583 blanditiam
3481 2527 3807 2584 derivareut

2184 2614 2254 2670 ad
2298 2615 2655 2687 professionis
2684 2617 3023 2674 illecebram.
3055 2619 3155 2676 Ille
3201 2618 3405 2676 docere
3454 2619 3660 2689 facilis,
3703 2620 3806 2691 qui

2189 2729 2388 2771 severo
2439 2715 2570 2771 vitia
2617 2725 2838 2773 coercet
2880 2716 3119 2773 affectu:
3147 2732 3250 2774 nos
3298 2717 3390 2789 qui
3431 2716 3638 2775 docere
3685 2732 3804 2775 non

2188 2822 2506 2880 possumus,
2531 2808 2901 2866 blandiamur.

2258 2903 2311 2958 5.
2348 2902 2416 2957 Et
2444 2903 2702 2974 quoniam
2753 2904 3028 2977 pleneque
3059 2904 3317 2963 absentes
3357 2906 3531 2963 nostri
3574 2905 3803 2964 deside-

2184 2994 2385 3049 rabant
2421 2995 2695 3052 sermonis
2725 3013 2904 3065 usum,
2935 2997 3191 3056 volumen
3220 2999 3349 3069 jboc
3375 2999 3600 3057 condidi
3635 3019 3650 3055 :
3684 3016 3800 3073 quo

2183 3087 2445 3158 profecta:
2486 3088 2555 3144 ad
2583 3104 2643 3146 se
2672 3091 2821 3146 vocis
2850 3106 2985 3148 meae
3031 3108 3231 3149 munus
3275 3101 3555 3163 tenentes,
3590 3095 3803 3153 deesse

2184 3196 2295 3238 non
2323 3180 2638 3251 crederent,
2656 3200 2837 3256 quem
2889 3194 3162 3243 tenerent.
3198 3187 3306 3245 Sed
3336 3189 3620 3261 proposita
3668 3203 3800 3261 per-

2179 3290 2499 3349 sequamur.

2719 3371 2879 3446 lata
2904 3373 3134 3432 CAPUT
3173 3374 3239 3432 η.

2185 3462 2493 3537 Virginibus
2528 3467 2824 3538 exemplum
2859 3465 3048 3522 Maria:
3077 3469 3403 3538 proponitur,
3436 3470 3592 3541 cujus
3632 3470 3798 3527 caries

2250 3558 2463 3613 uirtutes
2487 3568 2880 3627 enumerantur,
2909 3561 3148 3631 castitas,
3170 3561 3459 3629 humilitas,
3487 3564 3608 3620 uiue
3636 3582 3797 3637 aspe-

472 3660 618 3732 plius
666 3660 1002 3726 videremur,
1049 3656 1313 3728 exemplis
1365 3655 1546 3726 potius
1576 3668 1740 3725 quam
1788 3652 2073 3724 praeceptis
2101 3645 2148 3709 C
2247 3651 2399 3717 ritas,
2430 3668 2659 3708 secessus
2689 3668 3004 3725 amor;qua:
3027 3654 3235 3725 quidem
3261 3656 3424 3711 virtus
3446 3656 3535 3711 ubi
3553 3659 3795 3714 testimo-

465 3753 778 3826 putavimus
829 3750 1179 3808 imbuendam
1229 3766 1243 3805 :
1283 3749 1415 3805 licet
1463 3747 1700 3818 amplius
1751 3745 2073 3815 proficiatur

467 3848 759 3921 exemplo;
790 3848 1046 3919 quoniam
1071 3859 1172 3902 nec
1188 3843 1413 3901 difficile
1442 3842 1586 3915 quod
1616 3842 1726 3914 jam
1760 3842 1957 3897 factum
1987 3846 2073 3895 est

465 3944 792 4010 aestimatur,
844 3949 901 3998 et
943 3938 1075 3997 utile
1116 3938 1261 4012 quod
1316 3937 1635 4009 probatum,
1671 3944 1728 3991 et
1750 3932 2068 4005 religiosum

461 4037 609 4109 quod
639 4034 987 4092 btereditario
1031 4031 1266 4105 quodam
1322 4041 1565 4103 paternas
1600 4027 1821 4085 virtutis
1866 4041 1970 4083 usu
2011 4025 2065 4083 in

462 4144 564 4187 nos
589 4137 671 4185 est
698 4125 1052 4183 successione
1073 4122 1431 4180 transfusum.

534 4223 581 4277 '5.
613 4221 768 4291 Quod
806 4221 851 4275 si
886 4220 1008 4290 quis
1039 4232 1143 4274 nos
1170 4213 1618 4288 praesumptionis
1646 4212 1846 4285 arguit,
1875 4221 2067 4285 arguat

465 4318 645 4390 potius
673 4313 1010 4379 sedulitatis;
1041 4312 1166 4382 quia
1192 4309 1511 4381 rogantibus
1536 4300 1841 4379 virginibus
1868 4323 1935 4362 ne
1962 4306 2066 4362 hoc

463 4410 684 4481 quidem
712 4406 899 4479 putavi
922 4404 1257 4476 negandum.
1284 4402 1448 4460 Malui
1478 4402 1624 4458 enim
1648 4415 1736 4456 me
1762 4401 1816 4456 in
1848 4397 2065 4471 pericu-

462 4505 572 4560 lum
621 4501 818 4559 deduci
864 4497 1116 4572 pudoris,
1162 4512 1327 4569 quam
1359 4511 1469 4551 non
1516 4494 1742 4566 obsequi
1791 4490 2063 4549 voluntati

458 4613 672 4665 earum,
705 4609 935 4666 quarum
969 4592 1170 4649 studiis
1207 4591 1373 4648 etiam
1419 4590 1563 4646 Deus
1612 4596 1800 4646 noster
1844 4586 2061 4660 placido

459 4708 522 4749 se
554 4689 801 4760 indulget
820 4700 1074 4744 assensu.

527 4785 585 4840 4.
611 4782 717 4841 Sed
750 4795 926 4852 neque
962 4777 1317 4850 praesumptio
1346 4775 1527 4833 notari
1571 4783 1772 4847 potest,
1796 4774 2057 4847 quoniam

454 4894 577 4937 cum
608 4876 877 4934 haberent
906 4871 1054 4929 unde
1076 4871 1376 4940 discerent,
1404 4869 1661 4927 affectum
1690 4869 1871 4941 potius
1893 4883 2056 4940 quam

2253 3744 2340 3799 nio
2368 3742 2683 3816 Erangelico
2724 3745 2943 3819 probata
2978 3756 3076 3813 est,
3103 3748 3227 3803 inde
3270 3749 3427 3803 etiam
3471 3750 3590 3820 ejus
3615 3751 3793 3823 pietas

2250 3854 2374 3912 erga
2403 3840 2745 3911 propinquas,
2777 3840 3011 3895 discendi
3047 3843 3320 3909 sedulitas,
3360 3851 3518 3915 atque
3552 3844 3793 3901 adeundi

2251 3934 2430 4006 templi
2486 3934 2718 3989 studium
2772 3934 3183 3990 commendatur.
3237 3935 3506 3992 Narratur
3559 3937 3792 4009 denique

2246 4030 2680 4101 quemadmodum
2711 4029 2808 4084 illa
2843 4039 2916 4084 tot
2962 4032 3264 4087 muneribus
3302 4041 3580 4100 exornata,
3624 4034 3791 4087 inust-

2183 4134 2191 4142 '
2246 4124 2403 4179 meris
2433 4123 2715 4196 virginibus
2739 4124 2939 4179 obviam
2956 4135 3173 4180 ventura
3193 4127 3283 4193 sit,
3313 4121 3546 4182 nec‘sine
3572 4127 3790 4200 magni-

2246 4218 2346 4288 ﬁco
2378 4217 2637 4289 triumpho
2658 4218 2729 4272 ad
2753 4218 3041 4274 thalamum
3065 4219 3283 4289 Sponsi,
3309 4229 3357 4275 et
3386 4221 3615 4277 calestta
3643 4221 3790 4277 alta—

2242 4310 2326 4364 ria
2353 4308 2537 4378 quibus
2565 4309 2629 4364 ob
2646 4310 2936 4365 castitatem
2966 4311 3165 4367 similes
3189 4312 3356 4382 fuere,
3388 4313 3701 4372 deductura.

2240 4402 2295 4458 6.
2330 4402 2415 4460 Sit
2438 4402 2603 4474 igitur
2639 4404 2798 4459 vobis
2825 4413 3104 4476 tamquam
3135 4404 3191 4460 in
3227 4406 3469 4479 imagine
3495 4407 3785 4482 descripta

2168 4491 2197 4533 ά
2225 4495 2509 4567 virginitas
2534 4497 2645 4552 vita
2687 4495 2888 4563 Marize,
2920 4496 2990 4553 de
3018 4512 3125 4568 qua
3151 4498 3305 4555 velut
3341 4501 3576 4571 speculo
3606 4501 3789 4558 reful-

2166 4596 2295 4659 geat
2321 4587 2537 4658 species
2564 4588 2832 4644 castitatis
2854 4597 2907 4644 et
2944 4587 3120 4645 forma
3149 4589 3390 4647 virtutis.
3422 4592 3562 4650 llinc
3588 4609 3785 4650 suma-

2166 4680 2239 4735 tis
2284 4680 2412 4736 licet
2461 4681 2711 4752 exempla
2751 4679 2997 4750 vivendi,
3030 4682 3124 4738 ubi
3164 4690 3439 4755 tamquam
3483 4687 3539 4743 in
3582 4700 3785 4743 exem-

2168 4771 2307 4843 plari
2338 4772 2654 4844 magisteria
2677 4788 2938 4845 expressa
2970 4773 3285 4845 probitatis,
3315 4777 3442 4849 quid
3462 4780 3777 4852 corrigere,

2166 4876 2191 4905 θ
2224 4865 2355 4939 quid
2379 4865 2662 4939 effingere,
2688 4867 2819 4940 quid
2846 4874 3038 4926 tenere
3063 4868 3336 4939 debeatis,
3370 4874 3694 4931 ostendunt.

524 5097 550 5126 ³
577 5085 779 5143 Omnes
801 5079 958 5157 edit.,
978 5075 1276 5157 coaluimus.
1311 5090 1413 5157 non
1442 5074 1577 5130 enim
1597 5075 1859 5147 potuimus
1889 5088 1909 5129 :
1936 5088 2055 5130 om-
2080 5071 2132 5133 D
2158 5070 2289 5157 edit:
2321 5072 2508 5136 Rom.,
2527 5088 2664 5157 mss.
2684 5071 2807 5129 aliis
2833 5073 3090 5157 habetur,
3109 5079 3775 5157 auctoritatemmartyris;

452 5174 549 5215 nes
578 5172 737 5221 mss.,
766 5153 1047 5218 voluimus,
1076 5158 1185 5205 etc.
1211 5148 1450 5219 Optime,
1491 5158 1551 5202 ut
1596 5161 1794 5204 sensus
1846 5160 1945 5217 per
1989 5160 2051 5201 se

455 5230 1058 5357 Sd'rélleiﬂarti‘dnnullm
1110 5291 1308 5357 Paris,
1360 5290 1559 5362 inﬁrmi
1608 5290 1677 5362 ad
1719 5289 2047 5344 movendum.

451 5371 604 5428 llund
638 5373 833 5426 inscite
852 5365 1093 5439 quidem,
1112 5366 1157 5420 si
1184 5365 1364 5436 aliquo
1385 5362 1519 5419 edit.
1550 5361 1781 5418 aliarum
1803 5362 1887 5416 vel
1912 5375 2038 5417 mss.

455 5443 708 5516 praesidio
737 5444 1060 5516 niterentur.

530 5527 549 5555 ο
578 5517 781 5571 Omnes
814 5512 969 5575 edit.,
1017 5519 1063 5564 et
1106 5506 1345 5566 excusari
1395 5505 1645 5560 sedulitas
1694 5521 1798 5560 non
1848 5512 2047 5572 potest;

452 5587 600 5641 nullo
623 5587 703 5640 vel
734 5583 1006 5641 contrario
1035 5595 1223 5644 sensu,
1249 5577 1488 5633 tollenda
1512 5577 1658 5632 cnim
1699 5578 1920 5632 omnino
1952 5591 2047 5631 ue—

448 5662 629 5727 gatio:
662 5657 759 5713 sed
790 5656 943 5712 deost
965 5654 1127 5727 etiam
1160 5651 1383 5727 verbum
1418 5650 1472 5703 in
1516 5647 1819 5727 mss._qu_od
1840 5646 2042 5727 subin-

448 5716 794 5801 telligendum
831 5723 1177 5801 relinquitur.
1210 5722 1412 5778 lterum
1446 5735 1575 5801 vero
1617 5716 1704 5774 ubi
1749 5718 1949 5801 legitur
1985 5716 2039 5801 in

448 5792 721 5860 vetfedit.
749 5815 814 5857 ac
837 5813 969 5856 mss.
993 5792 1241 5868 aliquot,
1272 5792 1634 5849 auctoritatem
1675 5792 1875 5858 matris,
1903 5800 1958 5847 et
1987 5792 2041 5848 in

2158 5143 2395 5214 denique
2422 5159 2523 5218 pro
2552 5145 2866 5218 deriuarent,
2898 5149 3041 5218 quod
3069 5151 3225 5205 estin
3257 5153 3515 5209 omnibus
3540 5143 3678 5212 edil.
3705 5143 3779 5215 ac

2158 5231 2291 5299 mss.
2324 5217 2626 5285 nonnullis,
2657 5216 2749 5273 alii
2796 5216 2979 5288 plures
3006 5222 3329 5281 concinnius
3375 5224 3645 5285 exhibent
3673 5232 3774 5287 de-

2156 5303 2267 5341 τινα
2274 5305 2378 5342 rem
2388 5327 2402 5342 ο

2228 5357 2255 5397 ἀ
2285 5359 2362 5435 Ita
2392 5374 2523 5435 mss.
2553 5359 2739 5435 plures
2768 5375 2832 5435 ac
2861 5361 3106 5435 potiores
3136 5381 3151 5418 :
3181 5364 3276 5420 alii
3316 5377 3500 5423 autem
3520 5410 3536 5435 ,
3563 5379 3618 5427 et
3647 5389 3774 5430 om-

2155 5446 2252 5512 nes
2279 5433 2437 5512 edit.,
2465 5433 2752 5512 uirginitas,
2772 5434 2978 5512 uitaque
2996 5434 3382 5512 beatwﬂariaz,
3407 5439 3475 5494 de
3493 5458 3601 5512 qua
3622 5448 3772 5502 uetus

2155 5449 2252 5487 nes
2279 5449 2437 5495 catt.,
2465 5449 2541 5486 utr
2578 5449 2752 5497 muas,
2772 5449 2978 5498 tutaque
2996 5449 3159 5490 oeatw
3176 5449 3368 5493 uanas

2154 5503 2209 5557 in
2236 5504 2448 5588 speculo
2476 5449 2700 5588 refulget
2726 5508 2920 5588 species
2921 5507 3224 5588 “castitatis,
3256 5518 3368 5565 etc.

2227 5575 2482 5657 sonides
2510 5575 2668 5642 edit.,
2716 5576 2843 5657 quid
2882 5575 3311 5657 elfagereimss.
3359 5597 3494 5657 v_er9
3534 5588 3765 5657 partim,

2148 5646 2294 5728 quid.
2324 5647 2856 5728 diﬁingcreipartirn
2876 5688 2895 5728 ,_
2925 5649 3049 5719 quid
3081 5651 3338 5728 efﬁngere.
3370 5654 3436 5728 Et
3462 5646 3567 5713 hoc
3604 5646 3768 5716 com;

2148 5716 2402 5845 auctius;
2432 5716 2517 5775 est
2556 5717 2817 5791 efﬁngere
2844 5716 2990 5777 idem
3018 5716 3182 5794 atque
3196 5716 3534 5784 'imitatione
3574 5732 3769 5804 expri-
