4054 6306
241 336 348 398 9ιο9

1492 338 1582 396 DE
1622 337 2010 399 VIRGINIBUS
2050 340 2179 398 LIB.
2220 339 2285 397 ll.

3432 341 3540 400 ‘210

315 457 366 510 7.
399 455 620 512 Primus
652 456 889 513 discendi
941 455 1101 512 ardor
1152 456 1410 514 nobilitas
1435 465 1519 513 est
1564 457 1832 528 magistri.
1861 461 1915 521 Α
2013 457 2100 514 10.
2157 457 2344 514 Talem
2395 457 2535 514 hanc
2577 459 2915 532 evangelista
2959 460 3285 516 monstravit
3327 459 3464 532 (Luc
3491 475 3534 527 ι,

243 551 381 621 Quid
417 553 658 608 nobilius
693 554 789 609 Dei
819 554 1024 608 matre?
1046 550 1169 623 quid
1193 552 1530 622 splendidius
1554 567 1641 621 ea,
1671 567 1832 623 quam

240 645 521 717 Splendor
565 647 766 718 elegit?
804 646 930 716 quid
967 648 1172 702 castius
1213 661 1275 701 ea
1311 662 1431 716 qua:
1478 661 1677 714 corpus
1715 645 1837 700 sine

241 742 494 812 corporis
524 742 848 813 contagione
874 741 1188 812 generavit?
1210 740 1342 796 Nam
1367 741 1434 794 de
1467 739 1685 795 cmteris
1716 740 1835 806 ejus

238 836 538 892 virtutibus
567 835 698 907 quid
728 835 950 906 loquar?
986 835 1148 906 Virgo
1180 843 1295 890 erat
1330 831 1448 905 (Cf.
1483 833 1543 887 S.
1572 834 1706 903 Aug.
1740 831 1827 887 lib.

238 948 292 988 tv
331 931 395 986 de
445 930 600 984 Doct.
641 929 832 985 Christ.
862 946 908 983 c.
939 929 1030 1000 21)
1081 944 1188 984 non
1243 929 1418 983 solum
1451 941 1700 996 corpore,
1737 925 1832 982 sed

240 1026 408 1080 etiam
438 1032 639 1090 mente,
675 1039 796 1094 quae
823 1022 973 1078 nullo
1003 1021 1112 1076 doli
1143 1021 1347 1076 ambitu
1379 1020 1655 1076 sincerum
1683 1018 1831 1074 adul.

239 1123 450 1172 teraret
504 1115 757 1171 aﬁ‘ectum
805 1132 819 1168 :
863 1117 1027 1170 corde
1081 1113 1332 1179 humilis,
1388 1113 1574 1168 verbis
1618 1111 1831 1184 gravis,

237 1210 406 1264 animi
432 1208 696 1280 prudens,
717 1206 975 1278 loquendi
992 1207 1229 1277 parcior,
1261 1205 1477 1276 legendi
1502 1203 1832 1262 studiosior:

238 1320 345 1360 non
378 1304 432 1359 in
479 1304 692 1358 incerto
728 1301 1042 1357 divitiarum
1063 1342 1077 1368 ,
1122 1299 1218 1357 sed
1251 1302 1302 1356 in
1335 1316 1497 1372 prece
1530 1315 1832 1371 pauperum

233 1413 387 1470 Spem
420 1411 700 1469 reponens
728 1415 741 1453 :
767 1396 976 1452 intenta
1002 1396 1175 1466 operi,
1209 1395 1516 1452 verecunda
1551 1409 1831 1461 sermone,

235 1491 508 1548 arbitrum
553 1490 752 1546 mentis
805 1489 966 1545 solita
1014 1503 1123 1544 non
1177 1488 1472 1555 hominem,
1515 1488 1612 1544 sed
1659 1486 1832 1542 Deum

234 1598 528 1656 quaerere:
564 1581 774 1638 nullum
801 1579 1021 1649 laedere,
1073 1581 1213 1636 bene
1255 1581 1396 1636 velle
1443 1579 1715 1648 omnibus,
1745 1594 1835 1634 as-

231 1692 462 1748 surgere
513 1675 811 1745 majoribus
859 1683 1023 1742 natu,
1068 1673 1369 1744 aequalibus
1410 1689 1521 1728 non
1563 1673 1831 1740 invidere,

231 1770 421 1840 fugere
442 1769 789 1839 jactantiam,
814 1768 1087 1824 rationem
1128 1768 1308 1839 sequi,
1345 1783 1530 1823 amare
1552 1769 1830 1822 virtutem.

1935 551 2052 622 27),
2085 553 2245 608 talem
2284 553 2507 624 angelus
2550 556 2779 625 reperit,
2813 554 2977 609 talem
3032 553 3269 624 Spiritus
3318 563 3538 608 sanctus

1935 646 2120 717 elegit.
2152 645 2290 714 Quid
2322 647 2467 702 enim
2497 647 2550 701 in
2581 647 2814 719 singulis
2844 662 3052 711 morer,
3096 656 3152 702 ut
3183 663 3301 702 eam
3343 661 3540 718 paren-

1937 746 2020 793 tes
2074 739 2388 807 dilexerint,
2416 740 2662 796 extranei
2709 739 3159 811 prtedieaverint,
3214 757 3338 810 qua:
3365 739 3530 811 digna

1936 831 2035 888 fuit
2063 849 2128 888 ex
2160 851 2264 904 qua
2295 835 2389 890 Dei
2416 834 2586 890 Filius
2620 832 2974 889 nasceretur?
3009 833 3136 887 l-ltnc
3166 833 3232 886 ad
3261 834 3407 902 ipsos
3446 831 3534 887 in-

1935 941 2154 998 gressus
2181 928 2359 998 angeli
2410 927 2632 982 inventa
2686 925 2833 980 domi
2859 925 2913 980 in
2967 924 3373 997 penetralibus,
3420 923 3541 979 sine

1936 1021 2160 1088 comite,
2212 1036 2279 1076 ne
2329 1019 2451 1091 quis
2482 1020 2841 1074 intentionem
2869 1019 3258 1089 abrumperet,
3311 1033 3377 1073 ne
3417 1017 3537 1086 quis

1935 1113 2314 1182 obstreperet;
2368 1128 2542 1184 neque
2573 1112 2716 1168 enim
2767 1113 2998 1168 comites
3043 1112 3273 1168 feminas
3313 1111 3532 1167 deside-

1933 1207 2111 1274 rabat,
2141 1222 2262 1277 quae
2289 1207 2458 1261 bonas
2475 1206 2835 1276 c0gitationes
2857 1207 3088 1262 comites
3113 1206 3368 1262 habebat.
3393 1206 3534 1274 Quitt

1934 1300 2102 1355 etiam
2133 1309 2243 1354 tum
2266 1299 2368 1355 sibi
2394 1299 2571 1356 minus
2599 1301 2715 1356 sola
2749 1301 3061 1368 videbatur,
3088 1316 3209 1357 cum
3234 1302 3350 1356 sola
3369 1310 3540 1358 esset.

1934 1392 2069 1448 Nam
2115 1393 2577 1464 quemadmodum
2621 1395 2739 1450 sola
2766 1436 2781 1463 ,
2839 1395 2925 1451 cui
2952 1405 3033 1452 tot
3063 1396 3187 1453 libri
3238 1396 3532 1463 adessent;

1935 1495 2015 1542 tot
2039 1487 2372 1557 archangeli,
2407 1495 2488 1543 tot
2525 1487 2850 1560 prophetat?

2009 1581 2095 1636 11.
2130 1580 2374 1650 Denique
2404 1590 2458 1638 et
2485 1581 2703 1638 Gabriel
2735 1597 2855 1637 eam
2889 1582 2978 1638 ubi
3005 1583 3248 1638 revisere
3277 1583 3490 1639 solebat
3512 1625 3528 1649 ,

1937 1675 2189 1731 invenit:
2239 1684 2296 1732 et
2339 1676 2594 1748 angelum
2635 1676 2801 1732 Maria
2840 1675 2866 1713 α
2901 1678 3056 1748 quasi
3108 1678 3284 1732 virum
3341 1678 3524 1747 specie

1937 1781 2084 1825 moui
2147 1769 2458 1836 trepidavit,
2506 1771 2661 1842 quasi
2711 1786 2816 1826 non
2847 1771 3184 1842 incognitum
3217 1769 3404 1827 audito
3437 1788 3536 1828 no-

227 1861 458 1930 Quando
482 1861 586 1916 ista
615 1861 700 1916 vel
733 1861 881 1915 vultu
907 1859 1048 1916 lazsit
1070 1861 1602 1932 parentes?quando
1623 1860 1832 1916 disscn-
1861 1867 1909 1927 B
1936 1865 2082 1921 mine
2110 1865 2431 1936 recognovit
2459 1864 2650 1939 (Ibid.,
2681 1865 2754 1923 28
2789 1875 2835 1920 et
2874 1865 3026 1938 δρψ).
3073 1865 3153 1920 Ita
3185 1867 3535 1938 peregrinata

227 1954 298 2010 sit
325 1969 354 2008 a
385 1954 744 2027 propinquis?
773 1953 994 2024 quando
1019 1954 1282 2010 fastidivit
1305 1954 1590 2011 humilem?
1614 1955 1829 2026 quando

227 2048 420 2106 derisit
461 2049 738 2106 debilem?
771 2048 990 2120 quando
1021 2049 1211 2105 vitavit
1257 2049 1511 2120 inepem;
1540 2064 1636 2105 eos
1681 2049 1830 2106 solos

223 2141 383 2199 solita
433 2151 616 2198 coetus
662 2143 908 2198 virorum
958 2141 1215 2211 invisere,
1272 2158 1408 2214 quos
1456 2143 1829 2198 misericordia

224 2253 330 2294 non
360 2237 740 2304 erubesceret,
762 2252 938 2309 neque
963 2240 1277 2310 praeteriret
1299 2238 1662 2294 verecundia?
1685 2237 1829 2295 Nihil

225 2339 435 2386 torvum
458 2331 516 2385 in
545 2329 884 2394 oculis,niltil
911 2331 962 2386 in
988 2333 1172 2388 verbis
1200 2348 1425 2403 procax,
1460 2332 1600 2388 nihil
1630 2334 1682 2389 in
1704 2346 1828 2391 actu

223 2423 705 2479 inverecundum:
749 2439 856 2479 non
885 2434 1076 2495 gestus
1127 2423 1374 2494 fractior,
1421 2442 1529 2481 non
1583 2427 1830 2482 incessus

224 2517 477 2583 solutior,
515 2533 624 2572 non
652 2533 757 2573 vox
795 2518 1164 2589 petulantior;
1195 2527 1252 2574 ut
1281 2520 1396 2588 ipsa
1424 2521 1672 2590 corporis
1707 2536 1832 2592 spe-

225 2610 333 2666 cies
381 2611 740 2666 simulacrum
799 2610 960 2668 fuerit
1019 2613 1245 2680 utentis,
1296 2613 1471 2683 ﬁgura
1521 2615 1828 2685 probitatis.

230 2702 374 2758 Bona
402 2703 611 2776 quippe
641 2703 837 2759 domus
867 2705 921 2759 in
947 2704 1068 2774 ipso
1095 2705 1367 2762 vestibulo
1394 2706 1558 2762 debet
1585 2709 1829 2779 agnosci,

229 2813 292 2854 ac
319 2799 498 2868 primo
532 2798 833 2869 prmtendat
860 2800 1104 2870 ingressu
1132 2800 1265 2856 nihil
1292 2803 1438 2858 intus
1469 2804 1642 2861 latere
1674 2814 1827 2862 tene-

231 2893 477 2960 brarum;
520 2902 578 2948 ut
618 2907 774 2949 mens
802 2903 988 2949 nostra
1017 2903 1042 2931 ει
1071 2895 1235 2950 nullis
1262 2897 1536 2967 repagulis
1569 2911 1832 2967 corpora-

230 2985 372 3044 libus
397 2984 688 3058 impedita,
715 2994 990 3058 tamquam
1013 2987 1252 3045 lucerna:
1274 2989 1364 3046 lux
1398 2989 1544 3046 intus
1560 2990 1737 3062 posita
1753 2993 1834 3048 fo-

232 3083 308 3138 ris
327 3082 536 3138 luceat.

299 3181 353 3231 8.
384 3176 534 3246 Quid
559 3191 660 3248 ego
689 3192 954 3248 exsequar
983 3178 1228 3235 ciborum
1272 3180 1681 3251 parcimoniam,
1710 3182 1831 3238 ofﬁ—

1935 1966 2021 2012 est
2049 1957 2100 2012 in
2134 1957 2254 2012 viro
2279 1998 2294 2024 ,
2336 1971 2457 2028 quae
2508 1973 2618 2013 non
2652 1966 2740 2014 est
2783 1959 3136 2030 peregrinata
3175 1956 3231 2013 in
3285 1957 3533 2030 Angelo;

1933 2063 1994 2108 ut
2025 2067 2290 2125 agnoscas
2311 2068 2472 2110 aures
2497 2055 2804 2125 religiosas,
2827 2055 3014 2111 oculos
3035 2055 3404 2112 verecundos.
3431 2057 3537 2112 De-

1933 2147 2097 2219 nique
2125 2148 2358 2202 salutata
2411 2148 2705 2214 obmutuit,
2763 2156 2819 2202 et
2864 2148 3140 2218 appellata
3197 2149 3529 2220 respondit:

1933 2241 2026 2295 sed
2052 2256 2173 2312 quae
2206 2240 2388 2311 primo
2418 2250 2441 2278 θ
2489 2241 2804 2297 turbaverat
2855 2240 3134 2310 allectum,
3161 2251 3350 2314 postea
3403 2256 3534 2313 pro-

1935 2334 2085 2389 misit
2111 2334 2451 2404 obsequium.

2009 2428 2095 2482 12.
2155 2428 2328 2494 Quam
2367 2443 2499 2484 vero
2547 2429 2801 2500 religiosa
2843 2429 2897 2485 in
2943 2428 3278 2501 propinquas
3328 2427 3531 2498 fuerit,

1934 2520 2217 2592 Scriptura
2235 2521 2414 2578 divina
2446 2523 2714 2594 signiﬁcat
2741 2523 2932 2597 (lbid.,
2961 2523 3074 2594 45).
3105 2523 3239 2580 Nam
3272 2534 3328 2581 et
3355 2524 3534 2580 humi-

1935 2616 2038 2672 lior
2083 2616 2221 2672 facta
2273 2626 2378 2687 est,
2410 2617 2499 2672 ubi
2555 2633 2614 2674 se
2663 2633 2692 2672 a
2735 2619 2848 2674 Deo
2889 2617 3147 2690 cognovit
3186 2620 3439 2688 electam,
3481 2629 3537 2674 et

1931 2710 2116 2766 statim
2143 2711 2208 2766 ad
2237 2720 2523 2782 cognatam
2552 2726 2704 2766 suam
2731 2712 2782 2767 in
2808 2721 3066 2767 montana
3097 2713 3392 2783 processit:
3422 2726 3531 2767 non

1934 2804 2121 2876 utique
2171 2813 2229 2860 ut
2282 2807 2534 2876 exemplo
2589 2805 2864 2874 crederet,
2918 2822 3039 2878 qua:
3067 2808 3178 2877 jam
3223 2806 3537 2862 crediderat

1933 2899 2156 2954 oraculo
2185 2918 2197 2953 :
2231 2899 2392 2955 Beata
2439 2902 2608 2968 enim,
2642 2901 2836 2971 inquit,
2870 2918 2984 2972 qua:
3021 2901 3286 2956 credidisti
3339 2900 3530 2973 (Ibid.,

1933 2990 2048 3063 56).
2094 2990 2162 3046 Et
2195 2992 2370 3048 tribus
2427 3007 2547 3048 cum
2579 3008 2643 3048 ea
2671 2993 2951 3050 mensibus
2999 2995 3220 3049 mansit.
3251 2993 3408 3048 Tanti
3439 3009 3535 3049 au-

1935 3092 2044 3140 tem
2097 3085 2387 3141 intervallo
2441 3086 2704 3157 temporis
2761 3102 2869 3141 non
2900 3085 3036 3141 ﬁdes
3084 3085 3371 3157 quieritur,
3432 3087 3529 3143 sed

1935 3180 2107 3250 pietas
2156 3181 2469 3237 exhibetur.
2504 3182 2571 3236 Et
2615 3181 2719 3237 hoc
2770 3190 3124 3254 posteaquam
3166 3183 3218 3237 in
3245 3191 3403 3238 utero
3434 3198 3526 3253 pa-

232 3269 436 3326 ciorum
481 3268 905 3326 redundantiam
941 3290 954 3324 :
985 3272 1221 3328 alterum
1265 3275 1408 3330 ultra
1448 3286 1694 3330 naturam
1735 3291 1829 3330 su-
1857 3269 1904 3336 C
1937 3273 2106 3328 rentis
2129 3274 2385 3328 exsiliens
2410 3290 2543 3344 puer
2569 3284 2796 3331 matrem
2830 3276 3042 3330 Domini
3069 3276 3346 3345 salutavit,
3378 3276 3529 3347 prius

238 3364 529 3434 perfuisse,
560 3365 795 3421 alterum
841 3381 978 3436 pene
999 3367 1100 3438 ipsi
1132 3377 1339 3423 natura:
1356 3367 1596 3424 defuisse
1627 3385 1639 3422 :
1676 3368 1831 3440 165

245 3457 354 3512 illic
369 3459 516 3513 nulla
547 3459 857 3516 intermissa
890 3471 1154 3530 tempora,
1192 3461 1281 3516 hic
1309 3461 1720 3532 congcminatos
1747 3465 1830 3532 je-

233 3552 387 3623 junio
407 3554 562 3612 dies?
587 3554 932 3626 Etsiquando
956 3555 1233 3611 reﬁciendi
1257 3556 1615 3612 successisset
1639 3556 1834 3612 volun-

239 3656 340 3712 tas,
356 3649 511 3706 cibus
529 3650 850 3721 plerumque
870 3651 1088 3714 obvius,
1103 3650 1194 3721 qui
1217 3659 1448 3706 mortem
1471 3659 1706 3717 arceret,
1725 3665 1831 3707 non

234 3740 467 3800 delicias
518 3744 874 3800 ministraret.
926 3744 1174 3800 Dormire
1221 3759 1328 3800 non
1358 3745 1510 3814 prius
1563 3746 1832 3815 cupiditas

233 3852 396 3909 quam
430 3838 736 3894 necessitas
764 3837 892 3905 fuit;
926 3849 981 3894 et
1005 3849 1185 3894 tamen
1216 3853 1338 3893 cum
1377 3840 1685 3909 quiesceret
1710 3853 1835 3894 cor-

234 3947 366 4000 pus,
412 3933 668 4004 vigilaret
716 3935 971 3988 animns:
1021 3933 1111 4004 qni
1166 3935 1474 4004 frequenter
1521 3932 1574 3987 in
1625 3931 1832 3988 somnis

235 4021 262 4061 ιο
296 4033 388 4079 aut
411 4025 556 4080 lecta
589 4025 806 4095 repetit,
843 4035 933 4079 aut
957 4041 1149 4079 somno
1200 4026 1497 4095 interrupta
1527 4027 1830 4093 continuat,

233 4128 323 4174 aut
349 4119 618 4191 disposita
646 4118 818 4189 gerit,
846 4127 938 4172 aut
963 4117 1201 4188 gerenda
1229 4120 1580 4189 praenuntiat.

304 4214 357 4268 9.
407 4213 640 4270 Prodire
696 4211 861 4268 domo
899 4213 1114 4279 nescia,
1149 4214 1248 4267 nisi
1277 4227 1398 4267 cum
1435 4213 1503 4268 ad
1531 4213 1832 4269 Ecclesiam

237 4307 578 4371 conveniret,
612 4305 796 4361 ethoc
846 4307 1020 4376 ipsum
1073 4320 1194 4360 cum
1229 4306 1563 4375 parentibus,
1593 4317 1683 4362 aut
1711 4320 1837 4376 pro-

237 4400 469 4471 pinquis.
509 4399 817 4454 Domestico
845 4412 1078 4468 uperosa
1119 4407 1359 4463 secreto,
1394 4397 1600 4453 forensi
1632 4397 1833 4468 stipata

237 4493 530 4555 comitatu;
564 4491 711 4546 nullo
739 4491 966 4546 meliore
996 4501 1180 4546 tamen
1209 4490 1291 4546 sui
1320 4491 1546 4546 custode
1583 4505 1743 4561 quam
1774 4505 1836 4546 se

237 4584 348 4656 ipsa
383 4604 398 4640 :
433 4603 558 4658 qua:
616 4587 832 4640 incessu
882 4583 1154 4655 alfaluque
1185 4584 1532 4650 venerabilis,
1568 4599 1675 4639 non
1728 4593 1834 4638 tam

1932 3381 2161 3435 compos
2207 3367 2538 3436 devotionis,
2573 3384 2736 3440 quam
2761 3380 2990 3425 naturtc.

2010 3458 2095 3513 15.
2137 3457 2266 3514 inde
2300 3468 2377 3515 tot
2404 3461 2759 3532 sequentibus
2808 3461 3004 3533 signis,
3033 3476 3156 3518 cum
3187 3460 3393 3518 sterilis
3434 3476 3532 3534 pa-

1936 3566 2105 3622 reret,
2138 3556 2290 3627 virgo
2320 3557 2652 3627 conciperet,
2690 3559 3008 3628 loqueretur
3048 3570 3252 3624 mutus,
3275 3558 3537 3616 adoraret

1936 3664 2160 3721 magus,
2230 3661 2572 3719 eXSpectaret
2622 3652 2881 3719 Simeon,
2932 3652 3113 3709 sidera
3165 3654 3528 3720 nuntiarent,

1935 3745 2107 3802 Maria
2153 3744 2370 3800 mobilis
2417 3745 2483 3800 ad
2534 3745 2846 3815 introitum,
2898 3745 3195 3802 immobilis
3238 3745 3306 3802 ad
3358 3746 3526 3802 mira-

1936 3839 2118 3894 culum
2152 3857 2164 3892 :
2195 3837 2562 3907 Conservabat,
2591 3841 2788 3910 inquit,
2835 3841 2948 3897 Iure
2979 3842 3154 3897 omnia
3183 3842 3236 3895 in
3265 3841 3420 3896 corde
3439 3857 3534 3896 suo

1937 3931 2092 4006 (Luc.
2121 3948 2179 4000 ιι,
2215 3931 2328 4005 19).
2357 3933 2614 4000 Quamvis
2661 3945 2834 3990 mater
2859 3935 3098 4001 Domini,
3133 3935 3291 4007 166
3320 3934 3535 3990 discere

1940 4032 2119 4080 tamen
2161 4035 2432 4095 przecepta
2465 4025 2679 4081 Domini
2703 4026 3049 4083 desiderabat
3082 4045 3095 4081 :
3122 4037 3176 4082 et
3206 4043 3328 4098 qua:
3351 4027 3521 4084 Deum

1937 4126 2226 4188 genuerat,
2253 4117 2425 4173 Deum
2457 4127 2637 4174 tamen
2677 4119 2820 4174 scire
2860 4119 3134 4190 cupiebat.

2013 4216 2101 4271 14.
2144 4214 2323 4285 Quid,
2381 4215 2526 4287 quod
2579 4217 2738 4272 annis
2785 4232 3003 4288 quoque
3031 4216 3288 4272 omnibus
3341 4217 3455 4273 ibat
3479 4219 3531 4272 in

1941 4310 2286 4367 Hierusalem
2318 4309 2552 4366 solemni
2599 4309 2687 4366 die
2727 4309 2965 4381 paschae,
3013 4321 3068 4368 et
3107 4311 3218 4365 ibat
3265 4326 3387 4366 cum
3439 4309 3534 4366 Jo-

1939 4403 2171 4478 sepb?(l
2181 4403 2287 4460 bid.
2301 4445 2316 4470 ,
2330 4403 2363 4457 4
2376 4406 2392 4460 Ι
2407 4402 2446 4472 .)
2466 4403 2674 4475 Ubique
2692 4406 2745 4460 in
2771 4405 2981 4474 virgine
2995 4419 3180 4461 comes
3197 4405 3533 4476 singularum

1942 4497 2202 4551 virtutum
2229 4503 2315 4550 est
2344 4494 2539 4566 pudor.
2577 4494 2678 4551 Hic
2707 4495 3014 4550 individuus
3042 4494 3204 4552 debet
3225 4510 3348 4552 esse
3372 4495 3538 4566 virgi-

1944 4589 2123 4655 nitati,
2155 4589 2395 4659 sinequo
2414 4604 2519 4642 non
2543 4597 2854 4658 potestesse
2871 4589 3170 4660 virginitas.
3193 4588 3377 4645 Necad
3399 4598 3539 4645 tem-

238 4681 528 4753 vestigium
561 4680 718 4752 pedis
765 4679 1000 4746 tolleret,
1037 4693 1196 4749 quam
1244 4677 1470 4749 gradum
1516 4677 1734 4732 virtutis
1755 4686 1838 4732 at—
1864 4676 1918 4738 D
1947 4682 2096 4754 plutn
2121 4681 2286 4753 igitur
2306 4681 2470 4736 Maria
2495 4682 2612 4737 sine
2638 4681 2860 4752 pudoris
2888 4683 2969 4736 sui
2994 4682 3220 4739 custode
3251 4681 3544 4753 processit.

238 4774 478 4832 tolleret.
509 4773 579 4831 Ut
609 4782 790 4829 tamen
831 4773 970 4828 alios
1025 4771 1222 4826 habeat
1265 4775 1416 4841 virgo
1459 4772 1832 4827 membrorum

239 4868 496 4924 custodes
524 4883 770 4933 suorum,
807 4881 1018 4922 morum
1069 4875 1250 4920 autem
1283 4881 1506 4920 suorum
1540 4881 1598 4920 se
1630 4866 1828 4922 habeat.

245 4962 357 5031 ipsa
411 4963 697 5019 cusmdcm
734 4982 746 5017 :
791 4962 974 5034 plures
1027 4969 1187 5017 erunt
1213 4960 1282 5016 de
1326 4961 1526 5032 quibus
1565 4960 1757 5024 discat,
1789 4961 1835 5016 si

244 5055 355 5124 ipsa
413 5072 476 5114 se
525 5056 721 5112 doceat
767 5067 788 5094 ε
838 5072 961 5128 qua:
1019 5057 1246 5111 virtutes
1291 5055 1578 5125 magistras
1631 5055 1835 5112 liabet:

243 5157 364 5224 quia
385 5154 647 5226 quidquid
700 5152 906 5224 egerit,
933 5151 1217 5221 disciplina
1261 5159 1366 5207 est.
1409 5150 1498 5208 Sic
1548 5149 1710 5206 Maria
1757 5152 1843 5207 itt-

249 5246 505 5303 tendebat
549 5247 847 5314 omnibus,
888 5245 1040 5317 quasi
1086 5261 1115 5300 a
1162 5245 1412 5315 pluribus
1465 5257 1828 5301 moneretur:

249 5341 328 5397 sic
355 5342 539 5398 omnia
592 5341 856 5412 implebat
881 5341 1097 5397 virtutis
1141 5340 1350 5410 ofﬁcia,
1380 5347 1572 5397 utnon
1607 5350 1713 5395 tam
1735 5339 1844 5398 dis-

251 5446 424 5502 ceret,
466 5452 626 5508 quam
657 5435 898 5493 doceret.

341 5588 366 5616 ει
397 5579 556 5634 Rom.
587 5577 746 5642 edit.,
788 5592 909 5632 cum
936 5591 1045 5632 uno
1086 5587 1181 5631 aut
1210 5578 1385 5630 altero
1414 5588 1518 5629 ms.
1547 5614 1562 5641 ,
1602 5571 1759 5628 nullis
1787 5589 1867 5628 re-

278 5650 517 5706 tinaculis
538 5648 910 5721 corporalibus.

351 5727 379 5766 b
420 5721 547 5778 Mss.
603 5719 832 5790 aliquot,
864 5732 951 5776 aut
983 5721 1100 5776 (arta
1129 5722 1332 5792 repetit.

345 5800 368 5830 '
424 5792 682 5849 Nonnulli
711 5807 874 5860 tttss.,
892 5809 1007 5864 qua?
1030 5790 1240 5848 virtutis
1260 5791 1532 5863 aitagistrm
1559 5791 1728 5857 habet,
1751 5790 1874 5860 quia

277 5864 523 5934 quidquid
554 5865 702 5935 gerit.

2020 4777 2108 4832 15.
2144 4777 2273 4832 Hanc
2297 4786 2381 4832 est
2430 4777 2606 4847 imago
2657 4776 3006 4846 virginitatis.
3039 4777 3188 4832 Talis
3243 4779 3391 4834 enim
3438 4777 3542 4833 fuit

1946 4872 2138 4938 Maria,
2173 4882 2233 4928 ttt
2256 4873 2374 4942 ejus
2419 4873 2578 4927 unius
2608 4872 2720 4926 vita
2747 4873 2988 4926 omnium
3043 4871 3113 4926 sit
3142 4872 3449 4941 disciplina.
3483 4871 3544 4927 Si

1945 4965 2109 5036 igitur
2137 4976 2327 5022 auctor
2353 4982 2459 5020 non
2488 4965 2754 5036 displicet,
2779 4980 2919 5037 0an
2947 4966 3270 5036 probemus;
3302 4975 3360 5020 ut
3387 4979 3538 5036 quaa-

1947 5073 2181 5130 cumque
2202 5058 2306 5114 sibi
2334 5059 2452 5129 ejus
2489 5067 2712 5128 excptat
2761 5059 3071 5129 praemium,
3101 5057 3342 5113 imitetur
3363 5072 3548 5113 exem-

1948 5155 2121 5225 plum.
2175 5153 2402 5220 Quantte
2479 5153 2530 5206 in
2583 5167 2685 5208 una
2755 5152 2968 5223 virgine
3022 5152 3237 5222 species
3279 5152 3547 5207 virtutum

1948 5248 2217 5305 emicant?
2239 5248 2522 5304 Seeretum
2545 5247 2889 5304 verecundiae
2915 5287 2930 5312 ,
2954 5245 3212 5302 vexillum
3255 5243 3404 5308 fidei,
3447 5245 3546 5302 de-

1962 5343 2193 5399 votionis
2219 5341 2539 5413 obsequium
2573 5359 2586 5396 :
2619 5342 2771 5413 virgo
2794 5340 2935 5396 intra
2986 5338 3231 5406 domum,
3263 5350 3454 5396 comes
3478 5339 3548 5394 ad

1960 5436 2346 5506 ministerium,
2377 5445 2551 5492 mater
2575 5436 2642 5491 ad
2691 5433 2972 5505 templum.

2047 5570 2073 5610 ἀ
2125 5573 2253 5650 Mss.
2286 5587 2482 5642 magno
2507 5585 2756 5650 nurnero,
2779 5568 2926 5650 quasi
2954 5567 3118 5650 virum
3145 5569 3315 5650 specie
3332 5581 3527 5650 mutata
3544 5591 3566 5629 :

1978 5643 2222 5701 nonnulli
2260 5637 2515 5715 tamenet
2543 5643 2677 5715 edit.
2705 5637 2850 5715 quasi
2879 5640 3039 5692 virum
3072 5637 3253 5711 (edit.,
3284 5642 3405 5715 vrri)
3451 5661 3566 5706 we-

1977 5719 2052 5773 ct‘e
2080 5724 2217 5771 mota
2245 5731 2264 5770 :
2308 5713 2450 5784 quod
2479 5714 2649 5783 magis
2688 5713 2884 5781 placet.

2052 5799 2076 5825 υ
2131 5786 2332 5842 Omnes
2359 5785 2512 5850 edit.,
2541 5785 2849 5838 titubaverat
2877 5789 3129 5850 aspectu;
3172 5797 3364 5844 omnes
3405 5799 3570 5853 mssg',

1983 5860 2274 5918 turbaverat
2302 5855 2561 5922 a/fcttum.
