4054 6306
481 320 580 380 211

1843 304 2091 374 salicti
2127 301 2450 373 shshostt

3677 309 3782 366 ΞΒ

559 439 652 498 ill.
703 437 750 496 Ο
799 438 1018 510 quantis
1057 437 1150 494 illa
1199 434 1495 508 virginibus
1529 435 1801 500 occurret,
1853 439 2083 502 quantas
2111 428 2432 502 ANatnque
2484 437 2668 500 parata
2728 427 2796 484 ad
2861 428 3025 496 feras,
3087 443 3214 484 eum
3267 433 3522 499 aspectus
3567 441 3784 499 quoque

488 533 776 606 complexa
805 529 872 588 ad
903 531 1192 586 Dominum
1226 530 1430 591 trahet.
1453 528 1678 584 dicens:
1710 527 1835 583 llacc
1869 523 2085 581 litorum

491 627 586 685 lilii
617 629 746 695 mei,
791 625 908 682 haec
938 626 1206 680 thalamos
1232 623 1499 692 nuptiales
1529 620 1876 678 immaculato
1903 631 2091 675 serva-

485 726 567 781 vit
595 722 824 796 pudore!
860 717 1328 789 Quemadmodum
1358 731 1451 773 eas
1490 715 1605 786 ipse
1651 713 1910 769 Dominus
1931 726 2086 768 eom-

489 817 770 876 mehdabit
799 815 969 883 Patri;
999 812 1254 870 nimirum
1277 811 1405 868 illud
1434 820 1686 882 repetens
1707 823 1901 865 suum:
1925 808 2088 864 Pater

488 921 700 976 sancte,
733 909 851 966 ista:
889 915 1014 964 sunt
1050 919 1182 978 quas
1212 904 1479 960 custodivi
1522 903 1646 970 tibi,
1677 903 1729 958 in
1758 901 1958 974 quibus
1997 899 2091 956 Fi-

486 1007 597 1063 lius
647 1001 887 1061 hominis
923 1009 1084 1073 caput
1137 999 1407 1056 reclittans
1446 997 1688 1070 quievit;
1749 1003 1874 1068 peto
1905 1003 1966 1050 ut
1993 993 2088 1051 ubi

487 1115 590 1173 ego
639 1113 782 1166 sum,
815 1103 870 1153 et
896 1094 1028 1169 ipsa:
1052 1092 1162 1149 sint
1204 1103 1417 1150 mecum
1452 1090 1613 1164 (Joan
1644 1105 1776 1157 xvn,
1815 1088 1932 1162 2i).
1977 1087 2086 1146 Sed

485 1193 532 1252 si
552 1203 576 1232 ι
602 1208 707 1249 non
731 1189 863 1250 solis
884 1191 986 1248 sibi
1001 1187 1198 1246 debent
1219 1187 1502 1259 prodesse,
1519 1199 1643 1258 quae
1667 1196 1774 1243 non
1789 1185 1920 1241 solis
1936 1184 2088 1241 vixeo

486 1295 617 1345 runt
644 1285 785 1342 sibi:
828 1285 942 1340 inec
969 1289 1242 1355 parentes,
1273 1283 1391 1337 haec
1422 1279 1656 1337 redimat
1679 1277 1902 1335 fratres.
1923 1277 2087 1334 Pater

483 1385 649 1456 justo,
667 1381 900 1438 mundus
920 1394 1004 1436 me
1024 1393 1132 1434 non
1161 1375 1434 1450 cognbvlt,
1455 1377 1572 1432 istic
1591 1383 1771 1432 autem
1787 1390 1874 1432 me
1887 1390 2089 1447 cogno-

485 1486 704 1544 verunt,
722 1485 775 1533 et
807 1475 1065 1532 mundum
1092 1485 1425 1544 cognoscere
1451 1471 1739 1528 noluerunt
1760 1468 2084 1544 (Ibid.,25).

556 1571 642 1627 l7.
671 1569 701 1610 ι’
731 1571 862 1640 Quae
912 1583 1109 1641 pompa
1140 1567 1256 1635 illa,
1303 1573 1502 1638 quanta
1531 1562 1850 1638 angelorum
1899 1565 2087 1622 laetitia

485 1663 884 1738 plztudentium,
915 1661 1059 1734 quod
1093 1659 1338 1718 habitare
1363 1667 1636 1718 mereatur
1664 1660 1720 1716 in
1751 1661 1915 1728 eicio,
1965 1676 2086 1732 qua:

484 1756 694 1817 caelesti
745 1757 858 1814 vita
918 1756 1052 1813 vixit
1098 1755 1154 1812 iit
1198 1754 1440 1812 saeculo!
1491 1749 1645 1810 Tunc
1693 1754 1860 1810 etiam
1913 1751 2080 1810 Maria

2188 523 2492 579 declinaret
2549 524 2812 590 virorum,
2861 537 2924 578 ae
2973 521 3158 577 vitalia
3207 522 3321 592 ipsa
3371 535 3519 577 saevo
3565 520 3786 577 olerret

2188 615 2333 672 leoni
2361 658 2374 684 ,
2431 615 2560 671 fecit
2607 623 2670 671 ut
2709 615 2801 687 qui
2843 614 3152 686 impudicos
3202 613 3516 670 detulerant
3561 615 3778 680 oculos,

2190 707 2420 779 pudicos
2471 707 2761 764 referrent.

2258 800 2351 857 ‘20.
2378 800 2619 857 Cernere
2651 809 2771 856 erat
2821 800 3119 870 lingentem
3154 799 3322 870 pedes
3367 798 3602 856 bestiam
3631 797 3783 855 euhi-

2189 903 2306 950 tare
2331 893 2502 963 humi,
2556 905 2709 950 muto
2755 894 3141 951 testiﬁcantem
3197 907 3340 950 sono
3377 891 3524 964 quod
3573 907 3788 948 sacrum

2192 986 2419 1057 virginis
2446 1001 2645 1056 corpus
2686 986 2891 1042 violare
2943 1000 3050 1042 non
3095 993 3301 1058 posset.
3337 984 3484 1055 Ergo
3526 983 3792 1040 adorabat

2185 1081 2423 1153 praedam
2468 1093 2621 1136 suam
2666 1081 2834 1138 bestia
2871 1089 2969 1137 :et
3007 1079 3244 1152 proprie
3288 1079 3463 1136 oblita
3520 1089 3736 1135 natura:
3767 1115 3784 1142 .

2189 1186 2440 1232 naturam
2466 1174 2721 1231 induerat
2741 1191 2900 1245 quam
2933 1175 3184 1232 homines
3205 1175 3533 1232 amiserant.
3555 1173 3792 1231 Videres

2189 1269 2422 1343 quadam
2444 1269 3042 1326 naturatransfusione
3062 1270 3315 1326 homines
3337 1269 3620 1327 feritatem
3636 1269 3794 1324 indo—

2188 1373 2296 1432 tos,
2329 1365 2595 1421 savitiam
2633 1365 2907 1437 imperare
2935 1365 3128 1422 bestiae
3163 1383 3178 1420 :
3207 1365 3442 1422 bestiam
3467 1363 3792 1422 exosculan-

2189 1466 2300 1514 tem
2331 1457 2501 1528 pedes
2523 1458 2780 1530 virginis,
2838 1455 3042 1515 docere
3067 1459 3199 1532 quid
3228 1459 3480 1516 homines
3502 1458 3792 1516 deberent.

2192 1550 2430 1606 Tantum
2459 1547 2624 1606 habet
2653 1551 2938 1624 virginitas
2965 1551 3371 1621 admirationis,
3399 1562 3456 1608 ut
3481 1566 3610 1609 eam
3631 1551 3792 1609 etiam

2189 1646 2378 1703 leones
2426 1647 2714 1704 mirentur.
2767 1645 2886 1702 Non
2938 1647 3204 1719 impastus
3251 1647 3410 1704 cibus
3453 1647 3652 1715 ﬂexit,
3685 1661 3791 1704 non

2189 1739 2387 1796 citatos
2436 1739 2675 1812 impetus
2725 1741 2926 1811 rapuit,
2967 1753 3077 1796 non
3106 1740 3420 1796 stimulatos
3449 1742 3533 1796 ira
3563 1755 3790 1812 exaspeo

484 1857 804 1926 tympanum
853 1866 1095 1919 sumens,
1125 1847 1323 1908 choros
1349 1849 1640 1922 virginales
1665 1847 1924 1906 excitabit
1947 1863 2078 1904 can-

2194 1833 2350 1901 ravit,
2373 1830 2400 1871 ά
2435 1848 2544 1890 non
2576 1847 2707 1891 usus
2746 1833 2968 1905 decepit
2986 1842 3253 1899 assuetos,
3292 1847 3400 1890 non
3422 1832 3568 1890 feros
3595 1841 3792 1890 natura

484 1953 664 2004 tantes
710 1941 942 2002 Domino
968 1939 1113 2014 quod
1141 1959 1241 2016 per
1269 1957 1421 2001 mare
1449 1941 1636 2000 sreculi
1659 1939 1779 1998 sine
1807 1941 2086 1998 saeculari-

485 2043 586 2098 bus
651 2035 906 2098 ﬂuctibus
977 2041 1312 2096 transierunt
1361 2035 1573 2110 (Exod.
1627 2053 1719 2104 xv,
1757 2035 1896 2108 ΞΟ).
1927 2035 2086 2092 Tunc

487 2147 824 2204 unaquaeque
866 2132 1160 2188 exsultabit
1204 2132 1394 2188 dicens
1428 2147 1441 2186 :
1474 2129 1546 2187 Et
1569 2131 1796 2186 introibo
1825 2129 1894 2184 ad
1920 2131 2089 2186 altare

487 2226 587 2282 Dei
616 2227 736 2292 mei,
769 2235 820 2282 et
849 2227 916 2281 ad
960 2223 1129 2280 Deum
1145 2226 1232 2297 qui
1286 2225 1516 2296 (reti/ica!
1553 2229 1877 2297 juveniutem
1921 2239 2087 2279 meam

487 2319 664 2393 (Psal.
717 2333 852 2384 xm,
897 2316 978 2390 4).
1011 2317 1239 2374 Intmolo
1281 2317 1397 2373 Deo
1442 2317 1768 2374 sacriﬁcium
1799 2316 2000 2386 laudis,
2031 2326 2087 2375 et

489 2413 663 2471 reddo
695 2411 976 2470 Altissimo
1003 2421 1128 2468 vota
1151 2422 1269 2468 mea
1295 2411 1468 2486 (Psnl.
1503 2428 1650 2480 xux,
1683 2413 1799 2484 14).

564 2507 655 2564 18.
706 2506 894 2578 Neque
936 2505 1081 2561 enim
1109 2504 1470 2562 dubitaverim
1493 2505 1642 2563 vobis
1683 2515 1873 2578 patere
1895 2503 2084 2563 altaria

495 2601 630 2669 Dei,
688 2615 916 2672 quarum
962 2607 1170 2656 mentes
1218 2599 1412 2656 altaria
1461 2597 1795 2658 confidenter
1832 2601 2084 2670 discrim,

494 2696 549 2751 in
571 2695 770 2767 quibus
795 2693 1039 2766 quotidie
1059 2709 1162 2767 pro
1190 2693 1566 2766 redemptione
1604 2695 1855 2767 corporis
1901 2694 2089 2754 Chris-

493 2800 582 2847 tus
614 2789 943 2846 lmmniatnr.
971 2789 1103 2846 Nam
1129 2790 1176 2846 si
1207 2800 1407 2861 corpus
1446 2790 1671 2861 virginis
1695 2789 1787 2845 Dei
1826 2787 2087 2861 tcmpluut

497 2893 602 2954 est,
658 2886 873 2941 animus
918 2883 1047 2955 quid
1101 2895 1205 2951 est,
1247 2883 1342 2956 qui
1395 2891 1665 2955 tamquam
1717 2882 2088 2939 membrorum

498 2990 521 3018 ε
553 2977 828 3035 cineribus
862 2976 1169 3050 exagitatis,
1199 2976 1504 3034 sacerdotis
1535 2976 1723 3033 aeterni
1765 2975 2089 3046 redopertus

492 3088 680 3141 manu,
715 3087 970 3143 vaporem
997 3071 1162 3128 divini
1189 3071 1327 3144 ignis
1352 3069 1602 3127 exhalat?
1624 3071 1802 3127 Beatze
1825 3072 2088 3143 virgines,

501 3183 625 3238 qum
657 3175 764 3222 tam
799 3161 1090 3223 immortali
1119 3165 1338 3236 spiratis
1363 3165 1555 3238 gratia,
1589 3170 1645 3219 ut
1667 3153 1808 3219 hurtl
1837 3159 2082 3230 ﬂoribus,

494 3269 548 3315 ιιι
589 3258 786 3332 templa
818 3257 1097 3330 religione,
1133 3267 1190 3314 ut
1218 3253 1405 3315 altaria
1435 3255 1723 3314 sacerdote
1752 3257 1765 3311 !

1109 3393 1339 3452 CAPUT
1383 3377 1473 3450 ut

495 3510 563 3568 Ut
599 3509 767 3566 Maria
794 3511 911 3566 vitm
937 3509 1300 3579 informandus,
1319 3512 1392 3564 sic
1405 3507 1600 3566 Thecla
1629 3511 1810 3564 intortis
1839 3509 2091 3567 obeundis

561 3601 828 3674 πονηρίαν
848 3602 1062 3656 dicitur.
1083 3600 1233 3656 Hanc
1251 3619 1285 3656 a
1304 3601 1480 3658 bestiis
1491 3601 1560 3657 ad
1569 3618 1698 3674 quas
1718 3603 1964 3658 damnata
1976 3604 2089 3674 [ue-

561 3706 667 3763 rat,
698 3709 801 3751 non
828 3696 996 3750 solum
1020 3693 1155 3750 nihil
1176 3707 1406 3766 passam,
1429 3695 1524 3750 sed
1551 3711 1578 3748 e
1604 3696 1870 3751 contrario
1889 3697 2086 3751 cultant

561 3800 608 3845 et
627 3789 898 3846 adoratam
913 3803 1042 3844 esse.
1061 3787 1129 3843 At
1144 3803 1207 3845 ne
1229 3803 1358 3858 quas
1373 3789 1649 3860 superiora
1665 3789 1901 3859 exempla
1917 3790 2086 3844 deter-

563 3891 740 3950 reant,
790 3883 1048 3938 recentius
1079 3881 1343 3952 quoddam
1367 3881 1690 3937 narrandum
1727 3885 2057 3956 praponilur.

567 3974 655 4031 l9.
681 3972 828 4045 Ergo
859 3982 1044 4031 sancta
1072 3973 1242 4030 Maria
1271 3973 1614 4046 disciplinam
1663 3976 1788 4032 vitai
1812 3976 2092 4043 informet,

487 4064 691 4124 Thecla
735 4066 931 4124 doceat
983 4067 1256 4124 immolari
1289 4083 1302 4122 :
1335 4083 1458 4140 qum
1514 4068 1670 4142 167
1723 4072 1978 4140 copulam
2009 4071 2091 4126 fu-

488 4164 643 4233 giens
685 4162 1007 4233 nuptialem.
1053 4169 1110 4218 et
1137 4161 1329 4231 sponsi
1378 4159 1566 4217 furore
1605 4161 1884 4232 damnata,
1934 4172 2091 4219 natu-

487 4271 604 4314 rant
619 4255 785 4314 etiam
808 4255 1108 4311 bestiarum
1127 4252 1451 4324 virginitatis
1471 4254 1824 4311 veneratione
1839 4260 2084 4318 mutavit.

566 4379 596 4448 ξ
631 4369 860 4448 Quidam
902 4379 1035 4424 mss.
1059 4407 1074 4434 ,
1133 4381 1238 4422 non
1267 4367 1394 4448 solis
1435 4366 1532 4424 sibi
1579 4367 1759 4430 debent
1789 4393 1961 4448 posse.
2009 4382 2077 4440 Et

491 4442 654 4510 infra,
684 4441 907 4499 inundate
931 4450 981 4495 te
1002 4454 1108 4494 non
1131 4439 1419 4510 cognovit.

561 4512 590 4553 δ
620 4513 696 4570 lta
728 4522 837 4568 vet.
871 4513 1012 4598 edit.
1046 4525 1133 4598 .ac.
1157 4525 1288 4598 mss.
1313 4511 1526 4598 ’pauc‘is
1554 4518 1824 4598 exceptis,
1855 4523 1946 4580 ubi
1979 4543 2079 4598 pro

493 4585 625 4656 Qua:
653 4601 842 4656 pompa
867 4583 961 4638 illa
985 4625 1000 4650 ,
1045 4579 1278 4656 habetur
1309 4579 1439 4650 Qua:
1466 4581 1598 4656 bona
1636 4579 1730 4643 illa
1755 4607 1774 4646 :
1813 4579 1916 4650 non
1946 4579 2080 4654 satis

488 4651 680 4721 rccte‘;
707 4651 1045 4738 Qilinautem
1071 4694 1086 4720 ,
1118 4667 1182 4708 ac
1225 4651 1384 4738 lium.
1585 4669 1706 4724 post
1750 4678 1912 4723 voces
1961 4651 2078 4738 oi;

491 4743 684 4799 pompa
699 4727 798 4782 illa
815 4726 934 4808 sine.
951 4739 1200 4798 sponsore
1221 4725 1316 4807 illo
1333 4765 1348 4790 ,
1391 4725 1722 4815 subiungunt
1747 4751 1862 4804 qua:
1889 4725 2074 4812 graia,

565 4811 588 4839 ε
619 4798 822 4855 Omnes
851 4797 986 4854 edn.
1025 4811 1090 4852 ac
1121 4811 1275 4865 pauci
1309 4810 1465 4856 mss..
1499 4805 1777 4862 cineribus
1801 4813 2073 4865 excitatis.

565 4823 588 4839 υ
619 4823 822 4855 Utuutsa
851 4823 986 4854 uuu.
1025 4823 1090 4852 ac
1121 4823 1275 4865 pauci
1309 4823 1465 4856 suam.
1499 4823 1777 4862 ctllcrIDus
1801 4823 2073 4870 excitatis,

559 4869 588 4908 τι
615 4867 870 4924 Nonnulli
904 4883 1064 4935 mss..,
1097 4883 1200 4922 non
1229 4883 1351 4922 usus
1381 4865 1579 4939 decepit
1599 4888 1852 4936 assuetus.

562 4951 587 4980 ⁸
620 4939 918 5018 Martyrent
941 4943 1100 4994 vocat
1125 4939 1339 5018 beatam
1365 4939 1628 5000 Theclam
1649 4987 1664 5012 ,
1697 4952 1840 5018 quod
1872 4968 1935 5008 ea
1967 4959 2078 5011 tor-

492 5021 678 5069 menta
719 5010 822 5084 pro
851 5010 956 5084 [ille
983 5010 1297 5082 pertulerit,
1323 5026 1444 5082 quae
1476 5010 1666 5072 natura
1697 5010 1794 5076 sua
1843 5010 2076 5083 mortem

490 5084 695 5167 inferre
724 5083 1025 5167 debuerint
1048 5098 1078 5164 ς.
1109 5085 1813 5167 quanquamverisimilius
1857 5107 2078 5167 putetur

493 5172 614 5240 eam
632 5153 966 5240 divinituscab
982 5153 1109 5240 ipsis
1127 5152 1444 5240 liberatam}
1452 5170 1508 5240 ra
1517 5161 1724 5240 nquille
1743 5152 2072 5240 exspirasse:

495 5223 632 5285 Vide
661 5223 857 5282 Baron.
892 5223 947 5280 in
975 5223 1290 5296 Appendice
1319 5224 1384 5280 ad
1416 5233 1549 5282 tom.
1571 5223 1653 5288 Χ.

568 5297 588 5337 ί
618 5297 744 5380 ωερε
783 5297 1032 5380 aliquot,
1068 5296 1298 5380 [agitans
1333 5297 1534 5380 publici
1568 5317 1690 5380 usus
1732 5307 2073 5380 adspectans,

493 5382 624 5452 etc.;
656 5371 853 5452 alii,e_t
878 5370 1010 5452 edit.
1042 5374 1178 5452 utin
1210 5377 1378 5452 textu,
1411 5371 1516 5426 nisi
1544 5375 1687 5444 quod
1715 5370 1849 5436 edit'.
1886 5370 2076 5452 praefel

493 5451 655 5515 runt,
685 5439 902 5515 euitaan
939 5449 1199 5515 aspectum
1225 5480 1240 5506 ,
1282 5441 1370 5515 ubi
1412 5439 1607 5500 omnes
1654 5464 1812 5515 mss.,
1859 5439 2080 5511 abitalia:

492 5511 689 5593 oculos.
719 5511 870 5593 biubi
900 5525 1062 5582 porro
1102 5511 1154 5564 in
1184 5525 1252 5593 ea
1289 5511 1440 5568 fuere
1473 5516 1740 5593 Opinione
1766 5511 2032 5593 virginem
2059 5569 2074 5592 ,

489 5582 560 5655 de
581 5597 686 5655 qua
717 5581 806 5655 hic
831 5581 1026 5654 agitur,
1054 5582 1304 5639 eamdem
1333 5596 1455 5655 esse
1477 5581 1542 5640 ac
1559 5581 1903 5649 'l‘heodorai'n
1931 5581 2072 5652 illam

491 5653 957 5736 Alexandrinam,
1009 5669 1182 5736 quant
1230 5669 1262 5708 a
1311 5654 1804 5736 billlli‘i_stlpp_iici0
1861 5665 2072 5736 Didymi

488 5721 1105 5807 christianimilitiso'pe
1129 5723 1415 5807 liberatam
1439 5721 1614 5807 fuisse
1633 5721 2072 5807 biartyrolbgium

487 5795 722 5876 antehac
751 5795 908 5876 [ledae
953 5795 1292 5852 Venerabilis
1332 5799 1552 5876 nomine
1577 5795 1958 5876 pervulgata“;
1989 5824 2076 5865 τε.

475 5881 601 5946 [εει.
628 5867 746 5928 Hoc
767 5869 824 5926 in
847 5882 1090 5926 errorem
1118 5885 1228 5927 nou
1262 5873 1471 5926 tantum
1501 5867 1803 5948 Molanum:
1826 5876 2067 5956 Surium,

2187 1925 2450 1998 possedit.
2483 1927 2796 1984 Docuerunt
2819 1927 3142 1999 religionem
3169 1927 3299 1983 dum
3318 1926 3550 1983 adorant
3583 1937 3610 1966 ο
3641 1941 3783 1984 mar-

2187 2029 2363 2092 tyrem
2381 2039 2393 2074 :
2409 2018 2716 2076 docuerunt
2731 2020 2898 2077 etiam
2914 2019 3248 2090 castitatem,
3270 2019 3400 2076 dum
3420 2019 3630 2092 virgini
3645 2019 3776 2076 nihil

2187 2113 2334 2170 aliud
2365 2115 2466 2170 nisi
2501 2114 2716 2186 plantas
2740 2116 3147 2181 exosculantur,
3179 2115 3448 2172 demersis
3485 2115 3540 2171 in
3577 2125 3779 2173 terram

2186 2208 2360 2264 oculis
2385 2246 2400 2274 ,
2434 2217 2708 2280 tamquam
2737 2208 3263 2276 verecundantlbns,
3299 2223 3368 2266 ne
3415 2223 3533 2264 mas
3602 2209 3796 2282 aliquis

2190 2301 2276 2358 vel
2306 2301 2478 2358 bestia
2510 2301 2772 2374 virginem
2803 2301 3000 2358 nudam
3032 2301 3261 2359 videret.

2259 2393 2348 2449 Si.
2382 2394 2535 2451 Dicet
2577 2394 2810 2466 aliquis:
2841 2395 2950 2452 Cur
2978 2395 3291 2466 exemplum
3315 2394 3546 2451 attulisti
3577 2393 3788 2460 larisa,

2189 2489 2347 2561 quasi
2377 2488 2610 2561 reperiri
2633 2500 2800 2562 queat
2828 2498 3058 2547 matrem
3091 2491 3306 2547 Domini
3329 2507 3449 2560 qua:
3472 2492 3650 2561 possit
3679 2491 3794 2548 imi-

2191 2585 2294 2642 tari
2315 2587 2341 2640 ἲ
2379 2583 2492 2642 Cur
2521 2585 2686 2642 etiam
2733 2583 2977 2654 Theclre,
3013 2601 3178 2658 quam
3207 2585 3450 2659 gentium
3482 2586 3692 2643 Doctor
3717 2587 3796 2642 in-

2189 2678 2408 2736 stituit?
2456 2679 2528 2734 Da
2578 2679 2954 2750 hujuscemodi
2995 2680 3275 2736 doctorem
3303 2720 3322 2749 ,
3377 2685 3422 2734 si
3467 2678 3792 2752 discipulam

2198 2771 2473 2844 requiris:
2505 2771 2888 2843 linjuscemodl
2917 2787 3109 2830 recens
3143 2771 3302 2830 vobis
3327 2775 3646 2844 exemplum
3676 2788 3795 2846 pro-

2191 2867 2330 2934 fero,
2375 2876 2434 2922 ut
2480 2866 2795 2938 intelligatis
2825 2865 3152 2938 Apostolum
3183 2881 3290 2924 non
3322 2867 3481 2924 unius
3504 2879 3638 2926 esse
3675 2867 3798 2925 doe-

2195 2972 2390 3029 torem,
2424 2961 2518 3017 sed
2549 2963 2812 3017 omnium.

2808 3055 3041 3114 CAPUT
3095 3057 3183 3114 IV.

2195 3149 2510 3204 Aniiocltena
2550 3150 2714 3223 virgo,
2753 3165 2870 3205 cum
2925 3151 3222 3219 sacriﬁcare
3265 3149 3426 3206 idolis
3492 3161 3793 3216 recusaret.

2115 3228 2162 3291 C
2268 3244 2337 3297 ad
2359 3242 2586 3312 lupanar
2610 3243 2878 3309 damnata,
2923 3243 3046 3299 inde
3091 3245 3274 3300 militis
3311 3243 3587 3298 christiani
3620 3261 3795 3316 opera,

2265 3338 2479 3393 mutatis
2515 3337 2651 3391 inter
2693 3353 2748 3391 se
2779 3336 3022 3404 aestibus,
3051 3339 3165 3392 sine
3203 3339 3316 3393 ullo
3341 3335 3558 3409 pudoris
3583 3339 3785 3394 damno

2263 3429 2468 3496 evadit;
2495 3439 2548 3483 at
2574 3443 2694 3484 eum
2717 3428 2807 3483 ille
2847 3437 3118 3501 prapierea
3157 3431 3424 3485 duceretur
3471 3430 3542 3484 ad
3581 3432 3788 3504 συρρίὶ-

2261 3523 2422 3589 cium,
2443 3521 2550 3576 hac
2569 3536 2596 3575 e
2612 3521 2819 3594 vestigio
2838 3521 3366 3585 rediens,cons.'anter
3381 3523 3444 3578 de
3465 3525 3649 3595 palma
3671 3539 3783 3578 cum

2262 3616 2440 3672 eodem
2485 3615 2781 3680 contendit,
2814 3630 2920 3689 qua
2939 3615 3148 3672 tandem
3192 3627 3402 3684 uterque
3431 3617 3624 3674 donati
3649 3628 3787 3674 sunt.

2263 3708 2356 3763 εξ.
2405 3708 2708 3764 Antiochiae
2746 3724 2924 3780 nuper
2967 3711 3125 3780 virgo
3179 3709 3426 3780 qmedam
3485 3709 3587 3765 fuit
3635 3709 3656 3750 ί
3711 3711 3787 3764 fu-

2193 3801 2375 3874 gitans
2419 3801 2624 3873 publici
2656 3802 2851 3857 visus:
2885 3801 2982 3856 sed
3030 3815 3138 3873 quo
3187 3803 3360 3872 magis
3399 3803 3646 3858 virorum
3687 3802 3796 3858 evi-

2193 3893 2344 3951 tabat
2393 3895 2586 3950 oculos
2607 3937 2622 3962 ,
2653 3911 2721 3951 eo
2761 3895 3000 3966 amplius
3031 3894 3380 3951 incendebat.
3431 3895 3792 3952 Pulchride

2199 3989 2345 4045 enim
2403 3987 2592 4044 audita
2638 4002 2743 4045 nec
2794 3987 2908 4042 visa
2964 3987 3086 4058 plus
3131 3987 3518 4054 desideratur,
3565 3987 3784 4045 duobus

2197 4079 2435 4136 stimulis
2465 4079 2848 4150 cupiditatum,
2882 4079 3088 4135 amoris
3105 4086 3162 4135 et
3183 4079 3512 4150 cognitionis
3541 4096 3557 4134 :
3590 4079 3724 4136 dum
3744 4087 3798 4135 et

2197 4171 2332 4228 nihil
2381 4173 2624 4228 occurrit
2669 4171 2816 4243 quod
2863 4172 3043 4228 minus
3082 4171 3329 4243 placeat,
3371 4182 3427 4228 et
3481 4173 3604 4243 plus
3643 4181 3795 4244 puta-

2195 4277 2282 4325 tur
2337 4282 2462 4324 esse
2527 4267 2673 4339 quod
2733 4267 2970 4338 placeat,
3020 4267 3168 4339 quod
3217 4282 3326 4324 nou
3374 4267 3541 4337 iudex
3605 4271 3794 4324 oculus

2182 4384 2426 4453 aliosque
2455 4381 2764 4451 complures
2796 4381 3126 4448 induxerat,
3167 4379 3264 4453 sed
3291 4384 3455 4438 etiam
3485 4385 3787 4452 ipsummct

2182 4452 2498 4516 Bai-ouium,
2528 4455 2619 4523 qui
2655 4453 2882 4523 proinde
2903 4453 3046 4524 quod
3071 4452 3213 4523 apud
3246 4455 3599 4510 Ambrosium
3624 4470 3793 4510 even-

2184 4534 2276 4583 tus
2304 4527 2398 4583 ille
2429 4524 2718 4580 Amice/tite
2745 4527 3039 4596 contigisse
3067 4525 3265 4590 legitur
3284 4567 3300 4590 ,
3328 4527 3660 4596 scriptorum
3694 4528 3792 4582 itu-

2187 4599 2393 4669 peritia:
2425 4597 2774 4669 tribuendum
2803 4597 2854 4652 iu
2886 4596 3040 4669 Notis
3067 4597 3132 4669 ad
3162 4597 3386 4668 blartyr.
3433 4613 3484 4652 tv
3512 4596 3625 4652 kal.
3665 4597 3787 4652 Maii

2186 4665 2392 4726 scribit.
2423 4665 2624 4722 Verum
2670 4667 2815 4724 idem
2848 4667 3154 4723 (Iardinalis
3183 4665 3516 4724 sententiam
3542 4683 3699 4724 suam
3734 4670 3783 4724 in

2185 4741 2380 4797 Annal.
2410 4737 2479 4812 ad
2505 4753 2598 4792 an.
2628 4739 2734 4795 509
2762 4742 3040 4812 revocavit
3065 4781 3093 4812 ,γ
3118 4741 3220 4812 hoc
3249 4741 3592 4809 potissimum
3623 4755 3788 4812 argu-

2183 4823 2374 4883 mento
2402 4811 2596 4883 ductus
2627 4811 2827 4883 Lquod
2863 4811 2916 4866 in
2947 4811 3130 4883 citatis
3157 4811 3560 4883 Martyrologiis
3593 4811 3787 4879 passus

2180 4899 2305 4941 cum
2337 4881 2626 4954 Thendnra
2650 4881 2920 4954 Didymus
2955 4899 3060 4936 non
3095 4881 3332 4954 legatur.
3364 4881 3480 4939 Alia
3517 4883 3627 4938 duo
3661 4899 3789 4948 pro-

2184 4965 2390 5026 ponunt
2433 4952 2680 5027 Bollandi
2721 4952 3426 5027 centinuatores,nempe
3467 4955 3610 5023 quod
3663 4954 3779 5027 hinc

2182 5025 2334 5097 virgo
2376 5026 2649 5080 scribatur
2679 5040 2848 5097 nuper
2875 5025 2928 5078 iu
2961 5025 3098 5097 vivis
3132 5025 3302 5081 fuisse
3329 5025 3634 5097 {quodque
3659 5026 3781 5094 ejus

2179 5095 2303 5155 cum
2337 5098 2629 5152 liberatore
2655 5112 2756 5150 suo
2786 5096 3033 5167 dialogus
3052 5095 3105 5150 in
3133 5095 3458 5167 quibusdam
3482 5095 3786 5154 'l'iteodorzc

2183 5170 2336 5228 Actis
2359 5183 2466 5224 non
2486 5168 2714 5242 legatur.
2744 5167 2853 5226 Sed
2877 5168 3212 5242 responderi
3229 5179 3409 5236 posset
3433 5169 3502 5224 ad
3524 5171 3778 5242 primum,

2181 5257 2301 5299 eam
2347 5237 2758 5312 comparatione
2801 5237 3021 5311 quidem
3049 5237 3266 5312 Thecla:
3292 5256 3414 5311 qum
3445 5237 3782 5307 temporibus

2181 5313 2410 5384 degebat
2432 5312 2761 5384 apostolicis
2788 5353 2804 5380 ,
2839 5311 3275 5384 Anupervixisse‘
3303 5327 3319 5367 :
3363 5312 3430 5366 ad
3477 5312 3778 5384 secundum

2180 5380 2335 5447 vero,
2359 5383 2694 5453 colloquium
2722 5381 2850 5437 illud
2872 5380 2976 5437 non
2998 5380 3103 5436 nisi
3125 5381 3409 5438 brevitatis
3429 5398 3594 5439 causa
3615 5383 3792 5436 fuisse.

2181 5455 2630 5528 praetermissum.
2679 5457 2748 5528 At
2785 5453 2928 5524 quod
2960 5453 3039 5528 illi
3081 5462 3270 5522 putant
3294 5469 3432 5528 esse
3478 5453 3682 5524 aliquid
3727 5455 3778 5507 in

2180 5523 2458 5583 Ambrosii
2495 5523 2816 5581 narratione
2839 5525 2982 5592 quod
3025 5523 3142 5593 ipse
3181 5540 3250 5580 cx
3279 5523 3436 5580 Actis
3483 5523 3780 5596 proconsu-

2183 5596 2420 5660 laribus,
2453 5607 2512 5650 ut
2541 5606 2775 5661 vocant,
2811 5595 3148 5652 transtulerit
3167 5637 3180 5660 ,
3209 5597 3380 5652 multo
3409 5595 3566 5652 nobis
3591 5595 3776 5650 verisi-

2183 5668 2368 5724 milius
2403 5665 2602 5732 fuerit,
2630 5667 2769 5721 illud
2799 5667 2976 5737 ipsum
3009 5682 3074 5722 ex
3107 5666 3402 5723 Ambrosio
3432 5668 3484 5720 in
3513 5668 3647 5723 Acta
3679 5665 3771 5721 illa

2181 5738 2504 5810 translatum
2535 5752 2676 5792 esse.
2709 5738 2969 5810 Quianam
3004 5738 3166 5810 igitur
3189 5737 3463 5794 censenda
3490 5747 3574 5794 est
3610 5738 3768 5810 virgo

2179 5811 2272 5868 illa
2305 5809 2710 5884 Ambrosiana?
2742 5809 2871 5865 Illud
2896 5807 3046 5884 Avern'
3061 5808 3294 5884 delinire
3333 5825 3509 5884 neque
3545 5807 3770 5881 expedi-

2179 5891 2294 5942 tum
2319 5879 2617 5954 credimus,
2645 5897 2824 5957 neque
2846 5881 2983 5940 adeo
3012 5882 3404 5941 necessarium.
