4054 6306
280 319 391 377 215

1519 325 1610 383 DE
1649 323 2053 386 VIRGINIBUS
2090 327 2222 386 LIB.
2265 328 2330 386 ll.

3481 335 3589 393 «ιιι

281 438 562 508 explorat,
584 439 683 497 sed
721 439 931 496 animus
972 447 1182 496 amator
1211 447 1454 510 exoptat.
1483 439 1667 512 Itaque
1692 449 1882 498 sancta
1908 430 1964 505 Α
1990 459 2121 501 nare
2174 443 2450 502 formidat.
2492 443 2747 504 Claudite
2812 460 3021 515 aurem,
3051 447 3311 521 virgines.
3363 445 3592 507 Ducitur

283 548 439 604 virgo
459 574 477 600 ,
508 548 576 589 ne
616 533 823 591 diutius
865 534 1197 613 “alerentur
1228 532 1474 604 potiendi
1500 550 1597 605 spe
1622 535 1888 605 cupidita-

281 633 390 693 tes,
451 626 824 699 integritatem
878 625 1037 701 168
1073 626 1296 698 pudoris
1334 625 1613 699 professa,
1669 628 1748 683 sic
1803 643 1887 683 re-

282 718 483 775 stinxit
512 719 889 790 improborum
936 720 1115 785 faces,
1177 727 1236 774 ut
1286 734 1395 775 non
1438 718 1549 791 jam
1574 726 1880 789 amaretur,

280 812 378 869 sed
412 811 757 883 proderetur.

351 906 448 963 25.
484 907 629 963 Ecce
682 909 1009 977 persecutio.
1054 905 1240 962 Puella
1283 905 1467 979 fugere
1497 906 1703 973 nescia,
1734 914 1887 964 certe

281 1000 507 1073 pavida,
539 1015 606 1056 ne
638 998 905 1056 incideret
931 999 1281 1057 insidiatores
1347 1000 1591 1071 pudoris,
1640 999 1883 1055 animum

278 1093 349 1148 ad
377 1092 634 1149 virtutem
677 1095 930 1165 paravit:
960 1105 1065 1149 tam
1116 1094 1395 1165 religiosa,
1425 1101 1486 1149 ut
1508 1101 1741 1149 mortem
1774 1107 1882 1149 non

278 1187 501 1242 timeret
532 1206 544 1241 :
581 1194 687 1241 tam
721 1186 935 1256 pudica,
971 1194 1028 1243 ut
1057 1194 1423 1258 exspectaret.
1481 1187 1637 1244 Venit
1665 1202 1883 1245 coronae

276 1280 421 1338 dies.
502 1281 731 1337 Maxima
811 1283 1051 1339 omnium
1124 1284 1482 1355 exspectatio.
1552 1283 1882 1341 Producitur

280 1376 488 1447 puclla,
532 1374 731 1445 duplex
778 1375 1025 1447 professa
1051 1386 1356 1446 certamen,
1408 1387 1464 1433 et
1493 1379 1793 1445 castitatis,
1830 1389 1885 1435 et

276 1471 582 1542 religionis.
642 1467 751 1527 Sed
802 1470 895 1526 ubi
950 1470 1205 1529 viderunt
1259 1472 1618 1529 constantiam
1674 1474 1883 1544 proles-

274 1564 471 1635 sionis,
499 1572 702 1622 metum
756 1564 1001 1636 pudoris,
1034 1576 1278 1639 paratam
1320 1565 1388 1621 ad
1418 1568 1711 1636 cruciatus,
1754 1582 1882 1622 eru—

277 1658 603 1715 bescentem
638 1658 705 1714 ad
741 1664 1023 1730 aspectus,
1047 1659 1361 1731 excogitare
1378 1669 1662 1730 coeperunt
1689 1673 1881 1730 quem-

273 1751 630 1810 admodumb
679 1753 866 1825 Specie
906 1753 1172 1809 castitatis
1218 1754 1538 1825 religionem
1587 1751 1876 1821 tollerent;

1988 536 2170 608 puella
2224 538 2321 594 Dei
2367 538 2434 596 ad
2487 540 2739 611 lupanar.
2785 540 2894 598 Sed
2942 541 3152 614 aperite
3208 550 3418 612 aurem,
3475 544 3586 600 vir-

1986 631 2163 703 gines.
2208 630 2409 687 Christi
2441 635 2597 705 virgo
2628 635 2878 704 prostitui
2913 645 3111 706 potest,
3149 632 3443 692 adulterari
3477 650 3585 692 non

1986 735 2188 797 potest.
2247 725 2585 799 Ubicumque
2626 729 2778 801 virgo
2821 728 2917 785 Dei
2954 737 3069 797 est,
3115 726 3278 804 169
3322 730 3583 803 templum‘

1988 820 2083 878 Dei
2127 830 2210 878 est
2246 840 2259 876 :
2291 837 2392 879 nec
2445 825 2728 894 lupanaria
2782 822 3047 881 infamant
3101 827 3407 882 castitatem
3434 870 3449 894 ,
3487 824 3586 883 sed

1985 913 2207 969 casulas
2236 916 2399 969 etiam
2428 914 2532 971 loci
2584 916 2767 973 abolet
2811 913 3113 972 infamiam.

2055 1005 2148 1061 27.
2199 1006 2283 1061 Fit
2333 1007 2526 1080 ingens
2563 1010 2922 1079 petulantium
2968 1023 3271 1065 concursus
3301 1009 3369 1065 ad
3410 1010 3575 1065 forni-

1985 1111 2125 1153 cem.
2156 1098 2359 1155 Discite
2398 1110 2700 1173 martyrum
2748 1100 3031 1169 miracula,
3064 1110 3264 1157 sanctae
3309 1100 3579 1174 virgines,

1985 1188 2246 1249 dediscite
2294 1191 2539 1249 locorum
2586 1193 2872 1250 vocabula.
2910 1204 2931 1233 ο
2966 1192 3257 1250 Clauditur
3296 1196 3440 1250 intus
3487 1210 3586 1250 co-

1983 1283 2192 1352 lumba,
2246 1292 2498 1357 strepunt
2539 1286 2831 1359 accipitres
2872 1284 3004 1343 foris
3048 1305 3062 1341 :
3095 1295 3311 1343 certant
3354 1287 3582 1360 singuli,

1983 1377 2107 1449 quis
2151 1376 2389 1447 putidam
2423 1379 2631 1449 primus
2681 1378 2919 1435 invadat.
2970 1377 3041 1434 At
3086 1378 3173 1434 illa
3216 1379 3465 1435 manibus
3511 1378 3577 1436 ad

1984 1468 2183 1525 coelum
2228 1468 2444 1535 levatis,
2479 1470 2637 1540 quasi
2663 1470 2728 1526 ad
2774 1471 2996 1526 domum
3024 1472 3263 1526 venisset
3290 1470 3580 1533 orationis,

1984 1578 2091 1619 non
2119 1562 2187 1618 ad
2220 1562 2462 1618 libidinis
2493 1563 2855 1619 diversorium
2888 1583 2902 1620 :
2930 1562 3168 1630 Christe,
3206 1564 3402 1636 inquit,
3430 1562 3457 1602 ά
3486 1565 3578 1635 qui

1982 1654 2241 1711 domuisti
2270 1654 2481 1710 Danieli
2512 1655 2704 1728 virgini
2725 1654 2873 1712 feres
2900 1656 3091 1712 leones
3123 1655 3283 1729 (Dan.
3319 1672 3433 1723 xnv,
3459 1657 3578 1731 '59),

1982 1754 2139 1818 potes
2181 1749 2345 1804 etiam
2377 1747 2604 1804 domare
2636 1749 2920 1804 hominum
2969 1749 3109 1805 feras
3154 1758 3387 1806 mentes.
3416 1748 3583 1806 Chal-

272 1858 335 1905 ut
362 1863 488 1906 cum
532 1848 589 1904 id
635 1849 998 1904 abstulissent
1043 1847 1188 1919 quod
1224 1857 1343 1904 erat
1397 1848 1656 1919 amplius,
1712 1849 1873 1903 etiam
1903 1832 1954 1900 B
1982 1841 2115 1897 daein
2169 1842 2374 1898 roravit
2417 1841 2556 1914 ignis
2604 1839 2769 1911 (Dan.
2802 1854 2885 1908 ιιι,
2929 1840 3047 1915 50),
3090 1841 3297 1898 Indicis
3341 1858 3401 1900 se
3439 1845 3582 1899 unda

270 1942 329 1999 id
377 1941 657 2014 eriperent
694 1939 841 2014 quod
886 1941 1246 2013 reliquerant.
1298 1942 1405 1997 Aut
1435 1941 1743 1999 sacriﬁcare
1769 1940 1880 1997 vir-

272 2035 486 2107 ginem,
541 2046 634 2091 aut
683 2035 934 2106 lupanari
1005 2036 1256 2107 prostitui
1322 2034 1537 2105 jubent.
1592 2034 1880 2102 Quomodo

271 2132 408 2187 deos
440 2145 571 2188 suos
613 2132 825 2197 colunt,
875 2131 969 2202 qui
1013 2131 1093 2186 sic
1120 2130 1404 2185 vindicant
1434 2146 1447 2185 :
1478 2138 1573 2185 aut
1614 2128 1875 2201 quemad-

271 2225 499 2283 modum
534 2226 637 2297 ipsi
666 2229 871 2293 vivunt,
904 2225 996 2297 qui
1039 2224 1114 2281 ita
1138 2222 1428 2296 iudicant?

342 2316 438 2374 ει.
464 2316 565 2373 llic
610 2317 787 2387 puella
820 2334 926 2373 non
956 2318 1101 2389 quod
1130 2317 1200 2373 de
1231 2315 1499 2388 religione
1539 2318 1874 2388 ambigeret;

268 2408 371 2465 sed
404 2406 474 2465 de
519 2408 726 2480 pudore
774 2409 1092 2482 trepidaret,
1143 2410 1258 2480 ipsa
1313 2423 1500 2465 secum
1537 2426 1550 2463 :
1581 2408 1722 2478 Quid
1764 2410 1879 2481 agi-

270 2503 434 2558 mus?
484 2503 659 2559 Hodie
709 2514 801 2559 aut
844 2514 1071 2577 martyr,
1118 2512 1211 2560 aut
1260 2505 1461 2576 virgo:
1496 2504 1665 2560 altera
1696 2505 1751 2560 in
1780 2519 1878 2561 no-

265 2597 356 2654 bis
415 2598 688 2653 invidetur
756 2613 981 2654 corona.
1059 2596 1167 2654 Sed
1224 2613 1324 2654 nec
1385 2597 1611 2670 virginis
1677 2614 1873 2656 nomen

266 2688 608 2761 agnoscitur,
670 2690 761 2745 ubi
806 2690 1136 2761 virginitatis
1186 2702 1378 2748 auctor
1428 2701 1680 2763 negatur.
1739 2691 1872 2747 Nam

264 2782 732 2856 quemadmodum
758 2787 936 2853 virgo,
977 2783 1023 2838 si
1072 2787 1418 2840 meretricem
1463 2786 1651 2841 colas:
1678 2798 1866 2857 quem-

263 2877 563 2934 admodum
637 2878 822 2949 virgo,
873 2878 921 2933 si
988 2878 1266 2934 adulteros
1324 2878 1562 2950 diligas,
1608 2879 1870 2950 quemad-

273 2971 498 3026 modum
551 2971 725 3043 virgo,
779 2971 826 3025 si
880 2982 1122 3027 amorem
1171 2972 1368 3042 petas?
1399 2970 1759 3027 Tolerabilius
1790 2981 1873 3027 est

265 3062 389 3134 (22,
418 3078 469 3134 q.
504 3063 561 3130 5,
594 3078 717 3134 cap.
757 3061 1129 3135 Tolerabilius)
1160 3073 1397 3119 mentem
1420 3062 1686 3135 virginem
1710 3079 1870 3135 quam

262 3169 487 3212 carnem
539 3156 758 3212 habere.
809 3155 1113 3226 Utrumque
1171 3156 1393 3221 bonum,
1446 3157 1491 3211 si
1546 3156 1709 3212 liceat
1758 3174 1773 3212 :
1821 3160 1868 3212 si

1983 1933 2270 2006 suspendit
2297 1932 2489 2008 (Exod.
2516 1934 2761 2005 xtv,2l),
2793 1934 3174 1991 misericordia
3207 1944 3321 2003 tua,
3350 1951 3458 1992 non
3488 1950 3583 1992 na-

1985 2040 2105 2088 tura
2155 2042 2273 2088 sua.
2306 2032 2557 2088 Susanna
2586 2031 2653 2087 ad
2700 2032 3025 2103 supplicium
3055 2046 3200 2103 genu
3240 2031 3377 2098 ﬁxit,
3408 2039 3462 2089 et
3509 2033 3581 2089 de

1982 2124 2245 2181 adulteris
2276 2125 2627 2197 triumphavit
2654 2123 2817 2198 (Dan.
2851 2141 2970 2191 χιιι,
2999 2124 3096 2195 42)
3130 2143 3144 2180 :
3177 2126 3321 2181 aruit
3350 2126 3574 2183 dextera

1982 2234 2105 2291 quae
2133 2220 2315 2291 templi
2342 2220 2416 2275 tui
2442 2220 2581 2276 dona
2612 2219 2837 2275 violavit
2867 2219 2958 2292 (ΙΙΙ
2988 2219 3121 2293 Reg.
3160 2236 3279 2287 xttt,
3314 2222 3403 2293 4):
3435 2237 3577 2280 nunc

1982 2312 2241 2382 templum
2276 2312 2449 2382 ipsum
2480 2318 2805 2367 attrectatur
2834 2322 2981 2365 tttum
3012 2327 3027 2377 ;
3061 2326 3128 2368 ne
3153 2313 3376 2383 patiaris
3401 2313 3581 2371 inces-

1981 2413 2093 2459 ttnn
2122 2404 2410 2474 sacrilegii,
2437 2398 2527 2475 qui
2568 2414 2677 2459 non
2706 2410 2901 2475 passus
2925 2418 2986 2459 es
3016 2402 3245 2460 furtum.
3277 2405 3577 2463 Benedicti-

1980 2507 2071 2554 tur
2113 2508 2167 2554 et
2217 2514 2362 2554 nunc
2412 2514 2609 2554 nomen
2640 2507 2821 2558 tuum:
2872 2506 2932 2553 ut
2974 2512 3097 2569 quae
3126 2497 3195 2554 ad
3243 2494 3575 2556 adulterium

1979 2594 2128 2661 veni,
2162 2593 2314 2664 virgo
2342 2592 2641 2649 discedam.

2049 2686 2142 2743 28.
2170 2683 2273 2741 Vix
2305 2688 2678 2758 compleverat
2708 2701 2948 2758 precem,
2987 2696 3011 2724 ο
3038 2695 3094 2743 et
3116 2700 3246 2743 ecce
3276 2687 3361 2743 vir
3389 2688 3577 2745 militis

1976 2781 2159 2855 specie
2187 2780 2444 2836 terribilis
2474 2781 2687 2852 irrupit.
2721 2780 3198 2849 Quemadmodum
3223 2779 3243 2820 ί
3273 2796 3396 2837 eum
3421 2782 3577 2853 virgo

1976 2875 2219 2942 tremuit,
2262 2876 2347 2930 cui
2389 2874 2619 2946 populus
2666 2882 2907 2930 tremens
2950 2876 3150 2930 ceSsit't
3195 2875 3301 2931 Sed
3349 2888 3454 2930 non
3487 2876 3575 2931 illa

1976 2968 2263 3023 immemor
2306 2966 2598 3022 lectionis:
2647 2966 2712 3021 Et
2758 2965 2968 3031 Daniel,
3016 2966 3209 3037 inquit,
3243 2965 3572 3037 supplicium

1972 3061 2238 3120 Susanna:
2284 3071 2629 3133 spectaturus
2674 3060 3008 3116 advenerat:
3046 3068 3103 3116 ct
3145 3074 3305 3127 quam
3346 3061 3575 3133 populus

1973 3156 2272 3218 damnavit.
2306 3169 2444 3211 unus
2475 3155 2708 3210 absolvit
2740 3153 2901 3225 (Dan.
2943 3170 3059 3221 xm,
3085 3152 3155 3210 45
3186 3162 3234 3209 et
3263 3169 3367 3225 seq.
3391 3154 3431 3222 ).
3464 3152 3571 3209 Po-

263 3264 377 3305 non
404 3249 585 3315 liceat,
617 3250 811 3306 saltem
868 3262 974 3305 non
1006 3250 1209 3305 homini
1263 3257 1459 3316 castte,
1508 3249 1603 3305 sed
1636 3251 1749 3305 Deo
1785 3250 1856 3305 si-
1894 3241 1940 3304 C
1974 3257 2080 3305 test
2103 3258 2158 3305 et
2190 3250 2244 3304 in
2275 3248 2378 3304 hoc
2410 3249 2516 3318 lupi
2542 3248 2732 3303 habitu
2764 3250 2883 3302 ovis
2914 3247 3105 3302 latere.
3140 3246 3312 3301 Hahet
3336 3255 3391 3303 et
3416 3246 3575 3302 Chri-

266 3356 412 3395 mus.
457 3340 525 3396 Et
574 3340 763 3396 Rahab
811 3341 1067 3397 meretrix
1120 3341 1261 3407 fuit,
1304 3343 1399 3397 sed
1430 3351 1716 3413 postquam
1744 3342 1859 3398 Deo

269 3432 779 3497 credidit,salutetn
832 3432 1060 3490 invenit.
1116 3432 1304 3505 (Iosue
1333 3449 1392 3501 ιι,
1439 3435 1474 3490 9
1503 3445 1550 3489 et
1580 3434 1734 3506 seq.).
1800 3436 1863 3490 Et

266 3524 461 3582 Judith
503 3542 579 3590 se,
607 3532 666 3582 at
694 3525 942 3582 adultero
970 3525 1234 3597 placeret,
1262 3528 1480 3583 ornavit
1526 3525 1737 3600 (Iudith
1764 3543 1841 3594 nt,

267 3621 295 3675 1
353 3624 400 3673 et
439 3619 614 3693 seq.);
660 3628 781 3691 qua:
838 3624 1021 3676 tamen
1068 3621 1190 3691 quia
1241 3619 1346 3676 hoc
1394 3621 1704 3693 religione,
1752 3636 1860 3677 non

262 3726 455 3767 amore
499 3710 765 3775 faciebat,
826 3728 991 3769 nemo
1045 3728 1163 3769 eam
1224 3713 1527 3769 adulteram
1573 3713 1857 3785 judicavit.

258 3807 410 3863 Bene
450 3808 712 3862 successtit
735 3807 1065 3877 exemplum.
1114 3805 1250 3862 Nam
1281 3808 1326 3862 si
1356 3808 1443 3862 illa
1474 3820 1596 3879 qua:
1626 3823 1684 3864 se
1706 3824 1857 3864 com-

259 3900 414 3956 misit
453 3898 711 3971 religioni
736 3940 752 3966 ,
795 3911 849 3956 et
877 3901 1142 3972 pudorem
1197 3901 1436 3957 servavit
1482 3909 1537 3957 et
1566 3903 1845 3972 patriam;

256 3994 513 4048 fortassis
553 4002 609 4048 et
659 4006 759 4048 nos
803 3994 1070 4049 servando
1124 3994 1465 4064 religionem,
1504 3995 1846 4052 servabimus

266 4085 434 4142 etiam
488 4085 816 4141 castitatem.
854 4084 1007 4154 Quod
1048 4087 1094 4141 si
1134 4084 1322 4142 Judith
1378 4086 1691 4157 pudicitiam
1732 4087 1859 4143 reli-

251 4180 403 4254 gioni
444 4179 708 4252 praeferre
751 4180 1044 4248 voluisset,
1090 4179 1299 4251 perdita
1328 4183 1530 4253 patria,
1554 4183 1720 4238 etiam
1763 4196 1860 4254 pa.

261 4275 511 4331 dieitiatn
539 4274 890 4347 perdidisset.

328 4367 418 4422 25.
488 4368 676 4436 itaque
733 4366 931 4423 talibus
986 4366 1277 4422 informata
1338 4369 1632 4440 exemplis,
1684 4369 1847 4425 simul

250 4462 442 4519 animo
492 4469 685 4519 tenens
736 4462 902 4518 verba
934 4461 1170 4529 Domini,
1218 4463 1415 4534 quibtts
1446 4464 1520 4518 ait
1553 4482 1567 4521 :
1603 4463 1858 4532 Quicum-

248 4570 356 4627 que
378 4553 664 4624 perdiderit
689 4555 918 4611 animam
948 4560 1094 4610 suam
1124 4563 1334 4625 propter
1362 4572 1463 4623 me,
1496 4558 1717 4611 inveniet
1739 4572 1851 4612 eam

1967 3350 2083 3397 stus
2117 3340 2315 3396 milites
2344 3354 2493 3408 suos,
2528 3339 2619 3409 qui
2650 3337 2811 3394 etiam
2858 3338 3101 3409 legiones
3147 3336 3311 3393 habet
3353 3336 3568 3411 (Matth.

1971 3449 2129 3499 xxvi,
2175 3432 2291 3503 53).
2331 3434 2436 3487 Aut
2482 3431 2717 3487 fortasse
2747 3444 3042 3502 percussor
3083 3432 3329 3487 intravit.
3369 3430 3450 3488 Ne
3479 3444 3573 3487 ve-

1964 3542 2139 3595 reare,
2175 3526 2377 3594 anima,
2409 3526 2533 3581 talis
2574 3527 2717 3582 solet
2761 3533 3030 3598 martyres
3060 3525 3264 3584 facere.
3307 3526 3355 3583 Ο
3398 3527 3570 3600 virgo,

1966 3621 2101 3676 ﬁdes
2124 3631 2209 3676 tua
2243 3630 2296 3677 te
2317 3621 2520 3675 salvam
2545 3618 2707 3675 fecit!

2034 3713 2126 3770 29.
2158 3711 2255 3770 Cui
2296 3714 2491 3769 miles:
2539 3711 2637 3780 Ne,
2661 3725 2868 3784 quaeso,
2902 3724 3126 3783 paveas,
3159 3724 3335 3770 soror.
3368 3714 3565 3770 Frater

1965 3809 2072 3865 huc
2110 3810 2232 3866 veni
2266 3809 2479 3864 salvare
2526 3809 2789 3875 animam,
2822 3823 2929 3862 non
2963 3807 3216 3879 perdere.
3245 3808 3413 3865 Serva
3459 3824 3568 3873 me,

1965 3912 2019 3957 ut
2069 3903 2182 3972 ipsa
2232 3902 2488 3957 scrveris.
2535 3901 2701 3969 Quasi
2752 3899 2967 3956 adulter
3019 3900 3319 3971 ingressus,
3368 3902 3412 3955 si
3464 3900 3563 3964 vis.

1963 4007 2175 4069 martyr
2207 3996 2475 4066 egrediar.
2518 3995 2852 4052 Vestimenta
2900 4004 3198 4061 mutemus;
3238 3997 3569 4051 conveniunt

1964 4088 2091 4143 mihi
2128 4095 2240 4154 tua,
2264 4096 2321 4144 et
2345 4103 2463 4143 mea
2489 4088 2582 4143 tibi
2616 4105 2631 4142 :
2663 4087 2759 4143 sed
2786 4096 3014 4157 utraque
3041 4084 3279 4143 Christo.
3306 4086 3417 4144 Tua
3447 4102 3567 4144 vcs-

1963 4181 2033 4236 tis
2056 4196 2144 4236 me
2172 4194 2359 4235 verum
2383 4180 2612 4235 militem
2636 4178 2823 4245 faciet,
2857 4192 2979 4234 mea
3010 4187 3062 4234 te
3096 4177 3386 4250 virginem.
3422 4179 3568 4236 Bene

1962 4282 2019 4329 tu
2062 4272 2334 4340 vestieris,
2377 4286 2479 4344 ego
2521 4282 2545 4321 ε
2578 4272 2773 4329 melius
2801 4286 2993 4339 exuar,
3039 4279 3100 4327 ut
3129 4287 3215 4327 me
3254 4281 3570 4343 persecutor

1962 4375 2242 4438 agnoscat.
2269 4366 2437 4423 Sume
2470 4367 2745 4435 habitum,
2774 4367 2867 4439 qui
2912 4365 3215 4422 abscondat
3258 4367 3516 4422 feminam
3551 4384 3565 4423 :

1962 4459 2135 4530 trade,
2170 4459 2259 4531 qui
2304 4464 2590 4515 conSecret
2621 4466 2939 4530 martyrem.
2974 4457 3212 4514 Induere
3239 4457 3564 4515 chlamidem

1962 4568 2083 4629 quae
2114 4558 2348 4612 occultet
2389 4554 2632 4611 membra
2661 4554 2914 4625 virginis,
2950 4564 3246 4627 servetque
3271 4554 3553 4627 pudorem:

249 4648 450 4723 (Marc.
476 4664 534 4713 x,
567 4646 694 4719 59);
728 4647 895 4713 ﬂevit,
930 4638 1120 4714 tacuit,
1153 4663 1220 4704 ne
1252 4664 1371 4704 eam
1419 4650 1501 4705 vel
1537 4650 1849 4721 loquentem
1882 4641 1936 4701 D
1961 4652 2127 4707 Sume
2154 4650 2355 4721 pilenm
2385 4648 2528 4721 quod
2562 4656 2711 4719 tegat
2740 4648 2941 4715 erincs,
2976 4649 3277 4706 abscondat
3318 4666 3434 4707 ora.
3465 4652 3567 4707 So-

248 4744 468 4800 adulter
515 4743 897 4798 audiretznec
957 4742 1181 4811 pudoris
1225 4740 1394 4813 elegit
1450 4744 1727 4813 injuriam,
1756 4743 1850 4801 sed

247 4833 452 4890 Christi
508 4835 801 4890 recusavit.
854 4833 1148 4889 {Eslimttte
1199 4843 1378 4889 ltll‘llln
1422 4835 1730 4892 adulterare
1758 4850 1855 4907 pm

250 4929 420 4984 tuerit
442 4936 667 4998 corpus,
720 4942 837 4997 qua:
889 4940 991 4982 nec
1020 4941 1213 4982 vocem
1248 4926 1595 4983 adulteravit.

321 5022 410 5079 26.
444 5021 773 5078 Jantdudam
815 5022 1213 5077 verecundatur
1252 5023 1430 5078 oratio
1459 5038 1599 5092 mea,
1625 5026 1849 5095 etquasi

247 5116 404 5173 adire
461 5127 741 5187 gestorum
792 5116 988 5173 seriem
1046 5115 1395 5171 criminosam
1420 5116 1608 5188 ;atque
1666 5118 1852 5190 expla-

323 5316 350 5345 ι
383 5305 528 5379 Edit.
558 5319 783 5379 omnes,
814 5306 1076 5362 alerentur
1096 5306 1355 5379 potiendte
1382 5324 1474 5379 spe
1511 5307 1848 5379 cupiditatis;

250 5392 382 5431 mss.
419 5377 537 5432 l'ere
559 5377 626 5432 ad
648 5394 812 5433 unum
836 5389 896 5434 ut
928 5380 981 5433 in
999 5377 1252 5447 corpore.

322 5448 350 5487 δ
369 5449 411 5503 Μ
426 5464 495 5502 ές.
521 5450 851 5517 complures,
865 5451 1087 5519 speciem
1108 5452 1362 5505 castitatis
1382 5452 1656 5518 tollerent;
1679 5468 1844 5517 unus,

251 5521 469 5591 speciem
506 5520 764 5575 castitatis
806 5521 1208 5592 religionemque
1234 5523 1513 5589 tollerent;
1543 5524 1846 5592 elegantius

254 5599 431 5645 tamen
463 5593 593 5654 alii,
638 5603 693 5647 et
718 5592 874 5657 edit.,
903 5595 1071 5664 specie
1102 5594 1378 5661 castitatis,
1403 5604 1510 5650 etc.
1541 5595 1850 5664 Sperabam

256 5664 398 5716 enim
421 5663 581 5736 illam
608 5664 764 5719 idolis
795 5666 968 5731 potius
998 5666 1425 5721 Sacrillcaturam
1447 5707 1460 5729 ,
1499 5663 1659 5736 quam
1694 5677 1753 5722 ut
1780 5667 1847 5721 ad

261 5734 704 5804 prostitutionetn
732 5737 1044 5801 duceretur,
1080 5752 1361 5805 passuram
1401 5734 1543 5793 esse.

334 5816 357 5878 ε
385 5805 504 5860 Non
531 5807 685 5875 pauci
719 5822 874 5874 mss.,
906 5808 1144 5866 Claudite
1179 5810 1324 5865 intus
1349 5811 1709 5866 columbam...
1738 5810 1853 5878 quis

260 5876 559 5932 columbam
584 5879 777 5950 primus
803 5880 1030 5937 invadat.

1959 4746 2074 4800 lent
2116 4743 2441 4800 erubescere
2479 4744 2570 4814 qui
2604 4742 2833 4814 lupanar
2864 4745 3209 4801 intraverint.
3254 4744 3397 4801 Satio
3440 4753 3565 4804 eum

1959 4851 2181 4908 egressa
2210 4837 2398 4905 fueris,
2426 4846 2499 4893 ne
2520 4837 2781 4907 respicias
2807 4846 2976 4903 retro,
2999 4848 3210 4895 memor
3224 4840 3410 4895 uxoris
3429 4841 3565 4896 Loth

1961 4946 2082 5002 quae
2113 4938 2355 4985 naturam
2382 4944 2559 4994 suatn,
2594 4929 2716 5000 quia
2749 4929 3053 5000 impudicos
3083 4933 3207 4988 licet
3238 4934 3402 4989 castis
3433 4948 3565 4989 ocu-

1960 5024 2026 5080 lis
2052 5023 2317 5093 respexit,
2347 5022 2526 5077 amisit
2564 5020 2717 5094 (Gen.
2760 5038 2871 5092 snt,
2914 5023 3030 5095 26).
3080 5023 3191 5082 Nec
3238 5040 3464 5083 vereare
3495 5038 3564 5085 ne

1960 5118 2089 5194 quid
2123 5127 2315 5190 pereat
2343 5114 2629 5170 sacriﬁcio.
2666 5115 2778 5187 Ego
2804 5131 2904 5187 pro
2934 5126 2985 5172 te
3015 5118 3246 5173 hostiam
3292 5118 3403 5174 Deo
3434 5118 3564 5174 red-

2028 5306 2053 5346 d
2078 5308 2196 5363 Non
2230 5305 2549 5376 pauciimss.
2580 5302 2955 5376 quidemnisti
2985 5302 3195 5376 virgini.
3231 5301 3388 5376 Haud
3417 5305 3563 5361 male

1955 5380 2199 5450 quidem,
2232 5373 2294 5434 'si
2324 5375 2600 5432 referatur
2633 5373 2701 5429 ad
2740 5374 2997 5430 Theclam
3028 5373 3319 5443 virginem,
3358 5374 3427 5429 de
3456 5392 3560 5447 qua

1955 5468 2266 5578 sugrslaves
2298 5533 2458 5583 tnss.,
2492 5528 2539 5572 ct
2565 5534 2678 5573 ecce
2702 5518 2781 5571 vir
2818 5516 2987 5581 miles,
3015 5514 3184 5586 specie
3208 5516 3478 5573 terribilis.

2030 5594 2048 5634 ί
2081 5595 2247 5658 Edit.,
2277 5607 2394 5648 eum
2424 5592 2591 5661 virgo,
2622 5599 2676 5643 ut
2702 5589 2852 5649 vidit,
2887 5588 3112 5661 tremuit.

2028 5677 2053 5715 ε
2078 5667 2203 5721 Μες.
2233 5666 2461 5731 aliquot,
2491 5658 2680 5715 {nelias
2702 5673 2902 5731 exuat,
2923 5666 2976 5710 td
3000 5658 3370 5731 absconderis;
3400 5676 3564 5721 neme

1956 5749 2256 5808 persecutor
2272 5728 2542 5808 agnoscat.
2577 5731 2644 5786 Et
2667 5730 2828 5798 infra,
2864 5728 3025 5785 Sume
3056 5730 3293 5801 pallium,
3322 5734 3462 5804 quod
3488 5744 3564 5790 te—

1956 5819 2064 5884 gat,
2091 5821 2195 5865 etc.
