4054 6306
242 6058 483 6128 πῆ

509 289 615 348 iw

1870 283 2115 342 SANCTI
2153 284 2484 345 AUBROSH

3708 281 3808 340 ξω

507 407 599 476 do,
628 415 688 466 tu
718 421 819 480 pro
849 421 938 464 me
979 406 1206 464 militem
1237 405 1478 464 Christo.
1521 405 1700 464 llabes
1739 403 1936 461 bonam
1968 403 2108 460 mili-
2139 403 2193 467 Α
2217 405 2330 462 riar
2357 418 2584 464 nocens.
2609 402 2752 461 Nihil
2784 403 2873 462 hic
2894 403 3134 462 medium
3161 414 3248 463 est
3270 424 3284 461 :
3304 403 3465 461 hodie
3485 411 3583 460 aut
3609 417 3701 460 rea
3721 417 3811 461 ero

507 506 640 562 tiam
671 502 966 570 castitatis,
1005 517 1125 574 qua
1161 501 1451 573 stipendiis
1487 501 1684 557 militat
1720 499 2070 571 sempiternis
2099 515 2115 553 :

508 597 740 654 loricam
766 595 1014 668 iustitiae,
1051 609 1174 666 quae
1207 593 1438 667 spiritali
1486 592 1784 650 munimine
1808 607 2008 663 corpus
2039 592 2121 647 in-

513 689 742 747 cludat:
792 698 1006 745 scutum
1039 686 1186 755 tidei,
1228 703 1338 759 quo
1366 687 1562 743 vulnus
1605 685 1877 758 repellas:
1907 685 2119 758 galeam

513 785 738 852 salutis;
787 785 864 842 ibi
891 784 1036 841 enim
1064 793 1150 840 est
1185 781 1496 855 praesidium
1543 791 1748 838 nostra;
1769 781 1982 850 salutis,
2027 779 2121 838 ubi

517 877 768 936 Christus
815 893 830 932 :

517 969 790 1028 Christus.

589 1063 682 1122 50.
712 1063 786 1120 Ει
820 1064 964 1120 inter
990 1063 1107 1120 lucc
1132 1061 1296 1120 verba
1319 1061 1663 1136 chlamydem
1693 1059 1864 1118 exuit.
1891 1059 2125 1132 Suspec-

518 1169 606 1216 tus
645 1169 829 1216 tamen
861 1157 1038 1215 adhuc
1065 1157 1285 1214 habitus
1315 1167 1370 1214 et
1396 1155 1763 1228 persecutoris
1788 1165 1844 1212 et
1869 1153 2124 1212 adulteri.

519 1252 690 1326 Virgo
707 1253 1004 1320 cervicem,
1029 1249 1369 1324 chlamydem
1387 1248 1550 1307 miles
1569 1249 1788 1306 oﬂ'erre.
1814 1247 1950 1317 Qua:
1972 1262 2127 1320 pom-

519 1359 588 1415 pa
637 1343 750 1410 illa,
798 1359 920 1415 qua:
960 1343 1158 1414 gratia,
1205 1357 1327 1399 cum
1361 1341 1416 1398 in
1459 1341 1709 1414 lupanari
1753 1339 1822 1397 de
1867 1340 2128 1413 martyrio

521 1437 822 1492 certarent!
866 1434 1154 1492 Addantur
1199 1449 1475 1506 personae,
1520 1435 1680 1491 miles
1707 1443 1763 1491 et
1805 1435 1977 1506 virgo,
2027 1434 2130 1491 hoc

884 877 1146 950 quoniam
1195 874 1444 933 mulieris
1493 882 1659 947 caput
1706 873 1792 930 vir
1823 915 1839 942 ,
1895 873 2120 946 virginis

521 1541 627 1599 est,
674 1529 965 1586 dissimiles
1009 1530 1152 1586 inter
1181 1545 1242 1586 se
1293 1529 1453 1603 170
1481 1537 1700 1597 natura,
1733 1528 1830 1586 sed
1873 1527 1971 1585 Dei
2023 1527 2127 1584 mi-

519 1623 796 1680 seratione
851 1624 1210 1690 consimiles;
1264 1632 1327 1679 ut
1379 1621 1722 1692 compleatur
1775 1621 2060 1678 oraculum
2112 1639 2127 1676 :

524 1717 676 1774 Tunc
714 1718 824 1792 lupi
857 1726 905 1792 et
944 1719 1067 1790 agni
1111 1719 1271 1774 simul
1308 1727 1586 1792 pascentur
1629 1715 1804 1789 (Esai.
1835 1731 1964 1780 va,
2004 1715 2126 1787 25).

2220 499 2298 554 tui
2326 498 2628 570 sanguinis,
2653 508 2746 555 aut
2773 507 2982 572 martyr
3007 499 3136 556 mei.
3168 499 3226 556 Si
3252 499 3363 556 cito
3393 497 3553 566 redii,
3583 498 3710 569 quis
3734 512 3814 555 mo

2221 593 2389 651 audet
2416 593 2749 651 excludere?
2775 593 2836 651 Si
2868 609 3077 651 moram
3105 593 3232 661 feci,
3272 593 3396 666 quis
3433 593 3605 650 audet
3643 593 3813 648 absol-

2221 687 2391 744 vere?
2417 687 2546 746 Plus
2573 687 2786 760 legibus
2813 688 3011 757 debeo,
3039 703 3129 744 rea
3157 701 3268 744 non
3297 687 3470 742 solum
3493 685 3640 758 fuga!
3661 699 3812 754 meae,

2223 779 2321 838 sed
2351 781 2516 838 etiam
2543 781 2710 837 credis
2751 781 2968 837 alienae.
3013 780 3302 838 Sulftciunt
3345 780 3589 836 membra
3636 779 3814 848 morti,

2224 888 2346 945 qua:
2378 889 2485 930 non
2515 873 2858 931 sufﬁciebant
2893 873 3128 946 injuriae.
3162 873 3260 930 Est
3289 873 3344 929 in
3372 872 3586 944 virgine
3616 873 3817 928 vulneri

2224 967 2398 1036 locus,
2440 969 2532 1042 qui
2575 952 2682 1025 non
2733 976 2852 1025 erat
2893 967 3264 1026 contumeliae.
3305 967 3422 1041 Ego
3466 965 3816 1038 opprobrium

2224 1062 2516 1126 declinavi,
2569 1079 2679 1119 non
2717 1063 3064 1135 martyrium.
3096 1061 3216 1119 'l‘ibi
3257 1062 3400 1120 cessi
3440 1070 3678 1128 vestem,
3719 1075 3818 1118 non

2227 1155 2623 1228 professionem
2647 1155 2870 1212 mutavi.
2895 1154 3052 1224 Quod
3081 1155 3128 1211 si
3151 1153 3286 1212 mihi
3308 1154 3558 1226 praeripis
3575 1163 3820 1220 mortem,

2229 1267 2335 1308 non
2365 1249 2645 1308 redemisti
2675 1265 2782 1319 me,
2813 1250 2912 1308 sed
2951 1249 3385 1307 circumvenisti.
3416 1246 3588 1318 Cave,
3619 1263 3818 1320 quaeso,

2229 1361 2299 1402 ne
2331 1344 2654 1412 contendas,
2679 1354 2704 1383 ο
2732 1359 2864 1400 cave
2895 1359 2965 1401 ne
3007 1343 3388 1400 contradicere
3435 1343 3666 1399 audeas.
3707 1341 3820 1397 Noli

2229 1442 2447 1510 eripere
2489 1435 2836 1505 beneficium,
2887 1435 3031 1508 quod
3057 1435 3277 1493 dedisti.
3320 1435 3459 1492 Dum
3499 1435 3639 1492 mihi
3693 1435 3821 1492 hanc

2229 1532 2559 1589 sententiam
2589 1547 2780 1605 negas,
2826 1530 2974 1588 illam
3003 1531 3252 1589 restituis
3298 1533 3671 1600 superiorem.
3697 1531 3821 1588 Sen-

2231 1627 2397 1684 tentia
2429 1627 2577 1683 enim
2603 1625 2877 1682 sententia
2919 1627 3206 1698 superiore
3249 1631 3514 1681 mutatur.
3557 1624 3619 1682 Si
3647 1635 3821 1693 postc-

2229 1720 2346 1776 rior
2369 1734 2457 1776 me
2475 1735 2583 1775 non
2612 1727 2783 1786 tenet,
2813 1727 2963 1774 tenet
2987 1717 3258 1789 superior.
3281 1716 3584 1774 Possumus
3605 1726 3822 1788 uterque

521 1812 667 1870 Ecce
695 1828 835 1885 agna
867 1822 922 1870 et
948 1813 1107 1884 lupus
1141 1827 1248 1868 non
1279 1812 1460 1868 solum
1489 1820 1788 1882 pascuntur
1813 1810 1998 1880 simul,
2024 1808 2121 1866 sed
2155 1809 2206 1872 B
2231 1810 2547 1870 satisfacere
2577 1810 2885 1875 sententiae,
2922 1809 2970 1866 si
3003 1824 3092 1866 me
3118 1811 3266 1881 prius
3292 1809 3520 1882 patiaris
3543 1808 3744 1866 occidi.
3773 1806 3821 1862 lu

521 1907 688 1964 etiam
717 1906 1089 1963 immolantur.
1123 1905 1263 1974 Quid
1292 1905 1486 1977 plura?
1510 1905 1718 1962 Mutato
1753 1903 1965 1972 habitu,
1996 1919 2130 1960 evo-

522 1999 603 2055 lat
633 2001 813 2072 puella
837 1999 906 2056 de
935 2001 1154 2070 laqueo,
1181 2000 1294 2071 jam
1319 2015 1429 2056 non
1461 2001 1578 2056 suis
1607 1999 1733 2068 alis,
1767 2008 1825 2055 ut
1851 2007 1977 2070 pote
2005 2013 2128 2068 qua:

525 2091 872 2164 spiritalibus
901 2093 1178 2150 ferebatur
1205 2112 1219 2147 :
1253 2105 1308 2148 et
1333 2092 1501 2166 (quod
1524 2093 1672 2148 nulla
1697 2106 1954 2163 umquam
1976 2090 2127 2147 vide-

526 2195 657 2241 runt
679 2185 901 2260 saecula)
921 2185 1202 2256 egreditur
1221 2185 1291 2242 de
1311 2185 1559 2257 lupanari
1581 2187 1755 2256 virgo,
1783 2183 1880 2241 sed
1900 2183 2126 2241 Christi.

599 2280 690 2336 51.
723 2281 796 2335 At
820 2278 900 2335 illi
929 2281 1020 2351 qui
1047 2277 1308 2336 videbant
1334 2279 1530 2348 oculis,
1561 2289 1590 2318 ι
1611 2289 1666 2336 et
1706 2295 1817 2334 non
1845 2277 2128 2348 videbant,

530 2389 631 2431 ceu
666 2383 918 2445 raptores
962 2375 1032 2430 ad
1063 2389 1281 2446 agnam,
1329 2389 1429 2432 ceu
1469 2375 1583 2447 lupi
1620 2375 1856 2432 fremere
1890 2375 1958 2432 ad
1990 2391 2130 2448 prae-

541 2469 688 2525 dam.
717 2467 870 2526 Unus
898 2469 988 2540 qui
1017 2479 1138 2525 erat
1161 2469 1562 2538 immodestior,
1603 2469 1870 2526 introivit.
1898 2470 2006 2528 Sed
2036 2471 2130 2528 ubi

532 2562 714 2618 hausit
754 2561 930 2619 oculis
971 2561 1056 2618 rei
1107 2569 1320 2619 textum
1357 2562 1542 2631 :Quid
1587 2563 1712 2632 hoc,
1763 2564 1962 2636 inquit,
2000 2566 2131 2622 est?

530 2657 720 2714 Puella
752 2657 998 2729 ingressa
1018 2667 1124 2726 est,
1151 2659 1234 2715 vir
1255 2658 1487 2715 videtur.
1521 2658 1667 2716 Ecce
1695 2675 1803 2716 non
1826 2659 2131 2717 fabulosum

531 2748 667 2805 illud
697 2748 726 2789 ι’
748 2765 910 2806 cerva
939 2766 1038 2820 pro
1056 2751 1287 2825 virgine,
1319 2752 1418 2810 sed
1447 2751 1594 2824 quod
1621 2768 1808 2810 verum
1831 2762 1940 2822 est,
1973 2754 2133 2812 miles

534 2857 607 2899 ex
634 2841 866 2914 virgine.
915 2844 988 2900 At
1009 2843 1172 2900 etiam
1213 2845 1494 2903 audieram
1537 2857 1593 2903 et
1627 2861 1736 2903 non
1762 2846 2129 2917 credideram,

533 2934 678 3005 quod
699 2949 893 3006 aquam
915 2935 1166 2993 Christus
1185 2937 1239 2993 in
1259 2937 1445 2994 vinum
1471 2939 1739 2994 convertit
1763 2937 1944 3013 (Joan.
1961 2955 2020 3006 ιι,
2037 2939 2130 3012 9):

527 3027 643 3099 jam
671 3037 882 3085 mutare
925 3029 1092 3100 coepit
1134 3037 1191 3086 et
1229 3043 1410 3086 sexus.
1454 3030 1792 3087 Becedamus
1823 3031 1972 3099 hinc,
2005 3031 2133 3086 dum

533 3117 714 3176 adhuc
739 3121 830 3192 qui
858 3119 1080 3188 fuimus,
1122 3137 1334 3178 sumus.
1364 3121 1633 3194 Numquid
1661 3131 1718 3179 et
1751 3124 1868 3194 ipse
1895 3129 2136 3179 mutatus

530 3229 676 3282 sum,
705 3215 797 3286 qui
825 3214 971 3270 aliud
989 3229 1180 3283 cerno,
1211 3230 1374 3286 quam
1396 3215 1600 3272 credo?
1621 3215 1703 3272 Ad
1733 3214 1966 3286 lupanar
1987 3215 2132 3284 veni,
2160 3209 2207 3274 C

530 3321 699 3364 cerno
728 3317 750 3346 ο
779 3307 1144 3364 vadimonium
1190 3327 1206 3365 :
1249 3317 1306 3365 et
1351 3318 1530 3365 tamen
1575 3317 1815 3366 mutatus
1860 3306 2133 3380 egrediar,

537 3404 763 3476 pudicus
785 3406 967 3476 exibo,
1000 3406 1090 3478 qui
1118 3405 1332 3464 adulter
1357 3407 1575 3462 intravi.

604 3497 696 3555 52.
730 3497 936 3556 indicio
972 3501 1074 3566 rei,
1105 3501 1232 3570 quia
1270 3499 1574 3558 debebatur
1600 3508 1752 3557 tanto
1783 3514 1989 3558 corona
2020 3500 2135 3557 vic-

535 3591 700 3656 ctori,
748 3591 1037 3648 damnatus
1091 3599 1175 3648 est
1228 3607 1328 3662 pro
1362 3592 1597 3665 virgine,
1640 3593 1734 3664 qui
1780 3609 1878 3664 pro
1925 3595 2137 3666 virgine

536 3681 970 3752 comprehensus
992 3691 1102 3739 est.
1131 3681 1210 3738 Ita
1235 3683 1304 3740 de
1345 3683 1593 3755 lupanari
1622 3701 1729 3740 non
1760 3685 1936 3742 solum
1959 3686 2136 3756 virgo,

538 3776 635 3834 sed
677 3777 840 3832 etiam
883 3785 1157 3848 martyres
1203 3777 1474 3833 exierunt.
1504 3776 1704 3834 Fertur
1737 3779 1918 3848 puella
1949 3778 2018 3834 ad
2061 3779 2142 3834 lo-

537 3885 663 3927 cum
701 3869 953 3941 supplicii
983 3870 1315 3940 cucurrisse,
1363 3881 1604 3928 certasse
1639 3870 1830 3927 ambos
1869 3870 1937 3928 de
1978 3885 2134 3938 nece,

543 3983 668 4025 cum
699 3967 792 4025 ille
813 3967 1024 4025 diceret
1057 3985 1072 4022 :
1099 3968 1212 4040 Ego
1241 3983 1361 4024 sum
1382 3968 1566 4040 iussus
1607 3967 1802 4035 occidi,
1829 3975 1882 4023 te
1903 3967 2142 4025 absolvit

543 4063 836 4129 sententia,
868 4061 1084 4134 quando
1107 4077 1196 4118 me
1223 4061 1419 4118 tenuit.
1447 4061 1518 4118 At
1545 4060 1633 4116 illa
1664 4059 1906 4116 clamare
1932 4062 2098 4133 ctepit
2123 4077 2138 4119 :

541 4155 662 4214 Non
685 4171 786 4228 ego
812 4165 864 4212 te
895 4156 1086 4212 mortis
1117 4155 1308 4212 vadem
1335 4154 1497 4224 elegi,
1524 4151 1553 4192 ἀ
1571 4154 1666 4210 sed
1701 4155 1936 4225 praedem
1967 4153 2142 4226 pudo-

539 4251 617 4306 ris
641 4249 845 4321 optavi.
879 4247 940 4306 Si
970 4248 1144 4318 pudor
1169 4247 1454 4317 quaeritur,
1488 4256 1673 4304 manet
1697 4262 1860 4304 sexus
1892 4267 1906 4304 :
1939 4249 1985 4305 si
2009 4264 2139 4305 sau-

541 4340 664 4410 guis
698 4338 1031 4409 exposcitur,
1071 4337 1450 4409 ﬁdeiussorem
1491 4355 1600 4394 non
1643 4338 1923 4409 desidero,
1964 4339 2141 4398 habeo

543 4431 692 4490 unde
716 4431 1034 4488 dissolvam.
1067 4430 1124 4487 In
1165 4447 1256 4488 me
1283 4431 1390 4487 lata
1421 4432 1526 4488 ista
1566 4433 1858 4499 sententia,
1891 4449 2016 4505 qum
2041 4449 2142 4506 pro

542 4543 634 4585 me
660 4527 767 4584 lata
797 4534 900 4584 est.
930 4526 1093 4584 Certe
1120 4529 1166 4583 si
1199 4527 1444 4599 pecuniae
1467 4533 1524 4582 te
1544 4525 1928 4598 ﬁdejussorem
1957 4527 2140 4586 dedis-

2229 1913 2284 1962 te
2331 1919 2438 1961 non
2471 1903 2673 1960 habent
2709 1903 2873 1960 aliam
2911 1918 3072 1974 quam
3119 1911 3432 1970 exerceant,
3483 1917 3705 1974 penam
3732 1919 3746 1956 :
3773 1900 3821 1956 ia

2230 1997 2438 2070 virgine
2467 1997 2732 2053 obnoxius
2762 1997 2917 2070 171
2966 1995 3141 2067 pudor
3189 2005 3290 2054 est.
3321 1993 3508 2068 itaque
3547 1995 3823 2070 gloriosior

2231 2091 2362 2157 eris,
2392 2091 2439 2146 si
2465 2089 2700 2147 videaris
2719 2089 2788 2146 de
2820 2089 3067 2147 adultera
3107 2100 3402 2164 martyrem
3427 2087 3652 2158 fecisse,
3675 2103 3819 2161 quam

2230 2186 2300 2244 de
2327 2197 2570 2260 martyre
2592 2186 2896 2243 adulteram
2924 2183 3252 2242 reddidisse.

2302 2281 2395 2338 33.
2434 2279 2574 2350 Quid
2595 2277 2962 2350 exspectatis?
2985 2279 3101 2335 Duo
3138 2277 3565 2346 contenderunt,
3595 2285 3653 2334 et
3679 2275 3822 2331 ambo

2231 2378 2478 2434 vicerunt
2503 2393 2518 2433 :
2539 2391 2640 2433 nec
2660 2375 2832 2432 divisa
2857 2383 2942 2432 est
2962 2389 3188 2440 corona,
3218 2375 3314 2432 sed
3335 2374 3540 2432 addita.
3563 2373 3646 2431 Ita
3666 2371 3821 2429 sancti

2233 2480 2502 2544 martyres
2543 2470 2774 2527 invicem
2820 2469 2926 2525 sibi
2952 2469 3216 2527 beneﬁcia
3253 2468 3630 2540 conferentes,
3667 2467 3820 2524 altera

2233 2563 2559 2638 principium
2591 2563 2856 2636 martyrio
2882 2561 3053 2632 dedit,
3082 2563 3224 2620 alter
3252 2561 3529 2622 eﬂ'ectum.

2859 2655 3092 2714 CAPUT
3134 2656 3199 2713 Υ.

2235 2753 2533 2810 Amicorum
2558 2753 2778 2808 duorum
2801 2767 2831 2808 e
2855 2761 2994 2809 secta
3016 2750 3349 2824 Pythagorea
3375 2751 3710 2808 memorabile
3723 2749 3821 2823 [ac-

2307 2856 2414 2903 tum
2435 2863 2552 2902 cum
2572 2845 2729 2902 laude
2746 2855 3038 2902 recensetur
3059 2861 3078 2914 ;
3103 2845 3366 2919 superiori
3393 2854 3568 2901 tamen
3609 2843 3819 2900 ostendi-

2309 2952 2395 2999 tur
2429 2959 2543 3000 esse
2586 2941 2999 3016 postponendum
3027 2957 3046 2997 :
3071 2941 3158 2997 ubi
3193 2941 3348 2997 etiam
3391 2940 3455 2996 de
3499 2939 3743 3013 Dionysii
3775 2937 3820 2991 in

2309 3036 2599 3109 spoliandis
2648 3035 2805 3092 idolis
2851 3035 3113 3102 irrisione,
3146 3049 3237 3090 nec
3280 3051 3384 3090 non
3413 3033 3480 3090 de
3525 3035 3740 3089 deorum
3773 3029 3818 3082 in

2310 3128 2597 3186 tolerandis
2624 3129 2767 3184 illius
2795 3127 3082 3199 sacrilegiis
3099 3126 3403 3196 inﬁrmitate
3420 3126 3719 3191 disseritur,
3737 3137 3817 3194 po-

2310 3227 2412 3282 sita
2437 3243 2500 3282 ea:
2517 3225 2736 3281 adverso
2762 3240 2918 3297 quam
2950 3221 3090 3280 Deus
3117 3221 3240 3278 olim
3269 3222 3421 3295 capit
3447 3222 3512 3278 de
3529 3219 3816 3282 Jeroboaut,

2310 3335 2485 3377 severa
2515 3319 2734 3374 ultione.

2310 3413 2401 3470 54.
2434 3413 2504 3468 At
2525 3411 2687 3467 etiam
2710 3408 3161 3482 philosophorum
3189 3407 3466 3482 gymnasia
3497 3405 3519 3446 ί
3541 3408 3818 3465 Damonem

2239 3513 2296 3562 et
2333 3504 2585 3579 Pythiam
2612 3501 2983 3576 Pythagoreos
3027 3502 3082 3557 in
3126 3501 3327 3558 cmlum
3366 3499 3570 3568 ferunt,
3613 3509 3818 3572 quorum

2241 3613 2382 3655 unus
2430 3613 2554 3654 cum
2595 3603 2746 3654 esset
2789 3594 2951 3652 morti
2979 3594 3346 3666 adiudicatus,
3380 3588 3822 3652 commendando-

2240 3707 2360 3750 rum
2384 3705 2607 3747 suorum
2642 3698 2857 3761 tempus
2879 3687 3126 3760 poposcit
3152 3705 3166 3742 :
3193 3696 3456 3761 tyrannus
3478 3695 3666 3744 autem
3694 3689 3820 3739 astu-

2243 3785 2506 3853 tissimus,
2533 3783 2678 3856 quod
2709 3782 2939 3854 reperiri
2973 3797 3085 3839 non
3115 3796 3278 3854 posse
3305 3782 3668 3848 existimaret,
3700 3775 3822 3851 peti-

2241 3877 2320 3934 vit
2342 3887 2403 3934 ut
2427 3891 2750 3949 sponsorem
2777 3875 2958 3944 daret,
2983 3877 3073 3948 qui
3101 3890 3204 3948 pro
3241 3890 3302 3932 se
3341 3872 3625 3946 feriretur,
3653 3873 3697 3929 si
3717 3870 3819 3942 ipse

2241 3969 2448 4027 faceret
2473 3983 2701 4026 moram.
2733 3967 2874 4036 Quid
2899 3967 2970 4024 de
2993 3967 3209 4024 duobus
3247 3965 3589 4039 prmelarius,
3630 3959 3816 4022 nescio.

2247 4061 2547 4135 Utrumque
2576 4062 2924 4135 praclarum.
2964 4061 3120 4117 Alter
3158 4061 3351 4117 mortis
3381 4059 3576 4118 vadem
3609 4053 3816 4116 invenit.

2241 4157 2380 4213 alter
2418 4172 2480 4213 se
2509 4156 2724 4213 obtulit.
2765 4155 2952 4226 Itaque
2977 4153 3108 4211 dum
3148 4169 3276 4210 reus
3318 4169 3530 4211 moram
3575 4145 3820 4226 supplicio

2242 4250 2464 4316 faceret,
2497 4249 2788 4319 lidejussor
2815 4247 2969 4304 vultu
2996 4261 3194 4303 sereno
3219 4255 3450 4304 mortem
3481 4262 3594 4304 non
3625 4255 3820 4304 recusa-

2241 4344 2340 4400 vit.
2395 4340 2530 4398 Cum
2581 4339 2898 4407 duceretur,
2945 4339 3152 4396 amicus
3200 4339 3517 4406 revertitur,
3570 4335 3818 4396 cervicem

2243 4434 2546 4503 substituit,
2585 4433 2724 4489 colla
2763 4431 3020 4504 subjecit.
3043 4431 3200 4488 Tunc
3243 4431 3544 4488 admiratus
3578 4439 3818 4507 tyrannus

2243 4528 2552 4586 chariorem
2577 4525 2914 4597 philosophis
2943 4523 3238 4581 amicitiam
3263 4539 3426 4597 quam
3446 4525 3613 4583 vitam
3637 4523 3816 4586 fuisse;

542 4633 682 4686 sem;
713 4627 770 4677 et
795 4619 1024 4677 absente
1065 4635 1176 4689 me,
1198 4619 1368 4692 judex
1411 4631 1561 4676 tuum
1592 4635 1817 4678 censum
1847 4622 2138 4681 feneratori
2167 4608 2222 4670 D
2249 4621 2442 4695 petivit
2483 4629 2543 4678 ut
2571 4619 2691 4692 ipse
2728 4620 2798 4676 ab
2835 4618 2922 4675 his
2949 4633 3088 4690 quos
3132 4617 3508 4688 damnaverat,
3556 4620 3610 4675 in
3655 4611 3818 4672 sinici-

543 4712 944 4785 adjudicasset;
975 4713 1168 4772 eadem
1196 4729 1286 4772 me
1313 4715 1585 4772 sententia
1627 4715 1975 4784 convenires,
2017 4733 2141 4775 meo

544 4805 875 4878 patrimonio
901 4807 1166 4864 solverem
1201 4817 1322 4864 tuos
1345 4822 1540 4864 nexus.
1569 4806 1630 4864 Si
1659 4821 1996 4878 recusarem,
2018 4811 2141 4882 quis

542 4914 634 4957 me
653 4898 929 4970 indignam
959 4897 1178 4971 indigna
1211 4909 1390 4958 morte
1425 4901 1722 4958 censeret?
1767 4901 1980 4970 Quanto
2023 4919 2141 4958 ma-

537 4992 626 5062 jor
645 5002 730 5052 est
754 4991 949 5064 capitis
974 4992 1134 5064 hujus
1162 4994 1358 5050 usura!
1385 4993 1594 5051 Moriar
1619 4995 1905 5064 innocens,
1929 5012 2000 5054 ne
2025 5013 2144 5055 mo-

620 5152 747 5209 llIta
793 5165 924 5225 mss.
971 5151 1336 5225 omnesLnisi
1371 5151 1516 5223 quod
1557 5151 1665 5208 duo
1709 5153 1993 5220 exhibent,
2039 5157 2143 5225 fre-

547 5241 722 5280 muere
752 5241 772 5280 :
803 5223 964 5295 Rom.
999 5237 1130 5278 vero
1151 5223 1310 5290 edit.,
1337 5233 1649 5295 postivoccs
1667 5235 1718 5281 et
1745 5243 1850 5280 non
1877 5223 2138 5294 videbant,

550 5298 664 5352 sola
693 5293 970 5366 subjungit
995 5295 1172 5359 corde,
1199 5305 1255 5350 at
1278 5293 1400 5351 cum
1429 5294 1554 5352 aliis
1584 5297 1902 5367 particulam
1929 5314 2022 5354 ceu
2051 5297 2144 5355 de-

551 5367 721 5423 trahit
747 5376 876 5422 ante
905 5379 1094 5438 vocem
1124 5367 1259 5438 lupi.

621 5437 651 5477 ι’
673 5438 900 5494 Cervam
947 5437 1192 5512 intellige’
1214 5440 1266 5495 in
1289 5438 1560 5512 sacriﬁcio
1601 5454 1698 5512 pro
1730 5439 2006 5512 Iphigenia
2030 5443 2147 5512 rvir-

555 5510 678 5582 gine
691 5510 1115 5592 agamemnonis
1137 5513 1280 5592 regis
1302 5509 1411 5592 tilia
1423 5509 1699 5592 supposita
1708 5509 1794 5592 ut:
1816 5509 2150 5592 dequaADic-

555 5580 664 5654 t‘ys.
691 5580 941 5654 CrctJib.
973 5596 1014 5648 ι,
1043 5580 1232 5653 Ειινὶιὶ⁸
1264 5583 1316 5638 in
1359 5580 1633 5654 Iphigenia
1661 5584 1715 5640 in
1746 5580 1962 5653 Aulide,
1990 5583 2146 5640 Ovid.

556 5651 653 5708 lib.
697 5668 777 5708 xu
803 5652 1043 5721 Metam.,
1073 5661 1129 5709 et
1154 5651 1270 5710 alii.

633 5735 656 5763 ο
678 5723 1060 5798 Vadimonium
1089 5727 1310 5798 proprie
1331 5735 1416 5798 est
1438 5726 1730 5798 promissio
1745 5725 1972 5783 sistendi
1997 5741 2057 5798 se
2077 5725 2147 5782 ad

557 5797 906 5869 constitutum
960 5794 1107 5853 diem
1154 5794 1338 5854 coram
1361 5794 1658 5869 judicibus,
1709 5811 1764 5853 at
1799 5799 2000 5854 dicitur
2040 5797 2146 5868 hoc

549 5865 672 5925 loco
711 5869 1076 5927 vadimonium
1127 5870 1274 5934 quod
1313 5865 1378 5928 se
1418 5867 1573 5933 qttasi
1605 5869 1796 5928 vadem
1846 5870 2006 5927 miles
2046 5865 2144 5943 pro

2247 4717 2378 4772 tiam
2410 4715 2768 4786 reciperetur.
2803 4721 2830 4761 ε
2855 4711 3086 4769 Tantam
3113 4711 3329 4769 virtutis
3351 4727 3478 4771 esse
3499 4712 3744 4786 gratiam,
3770 4709 3820 4758 ιιι

2243 4821 2302 4870 et
2330 4821 2624 4884 tyrannum
2645 4809 2958 4866 inclinaret.

2315 4904 2410 4961 35.
2459 4903 2628 4976 Digna
2670 4900 2852 4968 laude,
2902 4899 3001 4958 sed
3041 4898 3256 4956 minora
3296 4899 3521 4958 nostris.
3567 4899 3698 4957 Nam
3725 4891 3820 4950 illic

2246 4996 2410 5054 ambo
2437 4994 2562 5063 viri;
2605 4995 2696 5052 hic
2731 5007 2839 5050 una
2867 4993 3046 5065 virgo,
3078 5008 3201 5064 qua:
3227 4991 3406 5064 primo
3449 4992 3613 5051 etiam
3651 4995 3818 5048 sexum

2245 5155 2458 5212 viraine
2483 5153 2858 5211 constituerit.

2370 5227 2498 5282 Mss.
2531 5225 2760 5296 aliquot,
2785 5223 2876 5298 sed
2896 5225 3129 5298 praedam
3170 5225 3611 5298 pudorisexpaui.
3646 5220 3815 5298 Plures

2249 5314 2381 5355 vero
2421 5298 2517 5353 ubi
2543 5290 2908 5369 om'nes'editl
2949 5311 3073 5353 cum
3104 5290 3296 5369 paucis
3337 5290 3639 5354 aliis'mss.
3666 5290 3818 5350 manu

2249 5386 2434 5454 nexus,
2463 5369 2766 5454 praeferunt
2787 5367 3088 5440 elegantius
3108 5367 3288 5454 inerret
3311 5385 3484 5454 sexus.
3531 5441 3544 5454 ο

2327 5451 2351 5480 θ
2373 5441 2603 5510 Quidam
2637 5455 2770 5524 mss.
2803 5439 2925 5495 cave
2944 5441 3298 5524 contradicere
3334 5439 3589 5522 audieris.
3679 5509 3687 5518 .

2329 5511 2350 5551 ί
2379 5514 2454 5569 De
2494 5513 2598 5568 hoc
2625 5526 2925 5568 amicorum
2958 5527 3072 5582 part
3109 5523 3288 5583 agitur
3325 5510 3468 5582 apud
3495 5508 3610 5583 Cic.
3656 5505 3743 5564 lib.
3769 5512 3817 5556 ιιι

2255 5583 2438 5651 Offic.,
2465 5585 2586 5640 loco
2614 5585 2723 5650 iam
2767 5599 2796 5637 a
2827 5583 2984 5638 nobis
3027 5582 3192 5640 citato
3218 5591 3384 5652 atque
3408 5582 3561 5644 alibi.
3592 5595 3688 5638 nec
3725 5583 3817 5631 non

2255 5656 2398 5728 apud
2431 5655 2543 5710 Val.
2581 5655 2720 5728 biax.
2755 5655 2851 5728 lib.
2883 5671 2958 5720 ιν,
2981 5669 3034 5713 c.
3064 5657 3188 5722 7,et
3213 5656 3372 5711 alios.

2327 5737 2354 5775 Β
2375 5727 2574 5784 Omnes
2589 5727 2723 5784 edit.
2737 5768 2751 5792 ,
2769 5726 2940 5782 Tanta
2951 5728 3148 5783 virtutis
3161 5736 3239 5787 est
3256 5727 3445 5795 gratia.
3469 5723 3666 5781 Omnes
3681 5729 3815 5795 ωεῆοε

2249 5809 2454 5926 lqtttitltm
2478 5782 2681 5856 uirtutis
2702 5782 2811 5856 esse
2842 5782 3094 5872 gratiam,
3112 5782 3307 5872 supple
3342 5805 3563 5864 constat,
3598 5805 3688 5852 aut
3709 5782 3816 5862 quid

2249 5885 2351 5926 sim
2393 5884 2443 5926 e.

2249 5884 2424 5928 annue
2432 5910 2443 5926 .
