4054 6306
265 335 371 391 217

1490 327 1580 384 ΒΕ
1623 323 2012 384 VIRGINIBUS
2051 323 2180 382 LIB.
2220 323 2282 380 ll.

3463 313 3572 372 218

265 454 515 508 vinceret
538 469 552 506 :
575 451 656 508 illi
685 449 865 516 amici,
890 448 978 506 isti
997 447 1259 522 incogniti
1293 467 1306 503 :
1330 447 1406 504 illi
1440 457 1674 520 tyranno
1699 444 1789 500 uni
1813 457 1873 500 se
1900 446 1954 508 Α
2049 443 2307 516 virginum
2323 441 2503 496 merita
2529 437 2861 511 referendum
2884 453 2903 492 :
2931 438 3010 493 sui
3035 445 3206 492 autem
3227 435 3392 506 ofﬁcii
3417 435 3577 506 fuisse

266 545 610 612 obtulerunt,
645 545 733 601 isti
763 545 1007 617 tyrannis
1034 543 1302 614 pluribus,
1329 541 1433 597 hoc
1467 540 1629 596 etiam
1671 537 1867 594 crude-

267 637 518 705 lioribus,
560 636 707 708 quod
756 637 844 693 ille
885 637 1148 707 pepercit,
1200 636 1287 691 isti
1331 633 1691 690 occiderunt:
1721 632 1867 686 inter

267 732 391 788 illos
413 731 466 787 in
499 746 609 786 uno
635 731 867 786 obnoxia
895 729 1218 798 necessitas,
1253 729 1306 784 in
1337 729 1422 784 his
1454 727 1734 782 amborum
1767 741 1863 780 vo-

265 824 450 882 luntas
491 823 683 881 libera.
719 824 832 880 Hoc
879 839 1093 896 quoque
1143 823 1234 879 isti
1282 822 1686 894 prudentiores,
1720 819 1865 891 quod

267 917 376 972 illis
427 915 593 972 studii
642 917 726 971 sui
781 915 902 971 ﬁnis
955 916 1210 971 amicitia:
1259 915 1453 985 gratia,
1497 914 1616 970 istis
1664 927 1866 969 corona

267 1009 554 1083 martyrii;
589 1008 668 1066 illi
694 1009 840 1066 enim
875 1018 1225 1066 certaverunt
1255 1009 1588 1073 hominibus,
1615 1007 1702 1063 isti
1732 1008 1862 1063 Deo.

339 1103 432 1159 36.
469 1102 537 1158 Et
558 1103 814 1176 quoniam
844 1103 923 1158 rei
954 1103 1114 1158 istius
1137 1102 1366 1158 fecimus
1392 1101 1747 1165 mentionem,
1771 1115 1869 1170 par

266 1206 354 1252 est
378 1202 676 1252 contexere
718 1196 846 1267 quid
874 1195 944 1252 de
971 1195 1074 1252 diis
1119 1196 1232 1251 suis
1270 1195 1524 1259 senserit,
1558 1209 1665 1263 quo
1695 1191 1868 1265 magis

262 1291 517 1347 inﬁrmos
535 1291 813 1362 judicetis,
844 1305 985 1362 quos
1011 1289 1244 1346 irrident
1269 1290 1375 1345 sui.
1405 1288 1652 1360 Namque
1677 1289 1723 1344 is
1743 1303 1866 1343 cum

267 1387 512 1442 venisset
550 1387 604 1442 in
651 1387 912 1456 templum
941 1385 1111 1452 Jovis,
1158 1394 1185 1423 α
1211 1385 1468 1439 amictum
1508 1399 1733 1438 aureum
1760 1397 1869 1453 quo

267 1479 618 1547 operiebatur
655 1479 1008 1534 simulacrum
1036 1477 1178 1546 ejus,
1208 1475 1421 1532 detrahi
1448 1475 1627 1547 jussit,
1659 1475 1866 1546 imponi

270 1573 515 1640 laneum,
545 1572 734 1630 dicens
764 1587 954 1627 aurum
986 1571 1181 1644 hyeme
1211 1569 1486 1642 frigidum,
1519 1578 1707 1625 testate
1735 1585 1867 1626 one-

267 1682 458 1724 rosum
481 1681 625 1723 esse.
652 1666 741 1722 Sic
767 1667 928 1721 deum
957 1665 1128 1721 irrisit
1153 1680 1335 1731 suum,
1361 1675 1418 1718 ut
1445 1679 1545 1719 nec
1564 1677 1700 1718 onus
1728 1662 1869 1719 ferre

270 1777 456 1833 posse,
489 1776 589 1817 nec
615 1759 786 1832 frigus
821 1769 1055 1832 putaret.
1088 1758 1233 1814 Idem
1266 1774 1387 1814 cum
1411 1757 1715 1828 IEsculapii
1744 1757 1866 1812 bar-

269 1856 396 1912 bam
438 1854 666 1910 vidisset
709 1870 954 1922 auream,
1001 1852 1117 1908 tolli
1161 1851 1470 1923 imperavit,
1516 1851 1869 1920 incongruum
1900 1851 1946 1912 Β
1973 1839 2101 1923 fier."

269 1965 394 2007 esse
422 1949 708 2020 appellans
737 1957 795 2004 ut
823 1947 966 2003 ﬁlius
993 1945 1218 2003 barbam
1247 1945 1493 2010 haberet,
1519 1945 1548 1984 ιι
1582 1954 1734 2015 patre
1765 1959 1871 1999 non

269 2043 530 2100 habente.
563 2041 709 2098 ldctn
754 2040 1061 2096 simulacris
1092 2038 1400 2095 tenentibus
1434 2051 1627 2092 aureas
1655 2044 1872 2105 pateras

267 2137 494 2203 ademit,
524 2136 769 2208 allegans
790 2135 1039 2205 accipere
1065 2149 1124 2190 se
1141 2134 1364 2199 debere,
1388 2131 1532 2204 quod
1558 2131 1870 2186 diidarent:

268 2228 540 2299 Quoniam
570 2229 687 2285 haec
724 2235 854 2284 sunt
882 2236 1029 2294 vota,
1063 2227 1258 2297 inquit,
1292 2225 1595 2289 hominum,
1631 2224 1786 2295 172
1817 2231 1876 2278 ut

271 2341 302 2382 a
333 2325 440 2382 diis
460 2341 582 2397 qua:
605 2325 743 2380 bona
766 2331 911 2392 sunt,
933 2323 1302 2393 adipiscantur
1334 2339 1346 2376 :
1380 2321 1513 2376 nihil
1544 2331 1722 2374 autem
1741 2334 1874 2373 auro

271 2424 505 2480 melius:
538 2420 681 2493 quod
712 2429 894 2475 tamen
923 2418 966 2472 si
1001 2417 1200 2472 malum
1235 2426 1338 2479 est,
1369 2416 1572 2470 habere
1605 2415 1736 2469 deos
1766 2429 1872 2468 non

272 2515 480 2572 debere
522 2531 538 2569 :
570 2515 617 2569 si
661 2515 861 2570 bonum
895 2520 1000 2580 est,
1034 2511 1238 2568 habere
1274 2510 1452 2582 magis
1500 2509 1748 2565 homines
1778 2508 1876 2563 de-

274 2608 428 2676 bere,
457 2607 550 2680 qui
579 2609 654 2662 uti
686 2607 914 2662 scirent.

349 2703 442 2760 5⁸1.
475 2702 550 2758 Ita
577 2702 812 2758 ludibrio
842 2701 1013 2757 habiti
1041 2709 1188 2767 sunt,
1220 2708 1279 2756 ut
1317 2715 1494 2770 neque
1520 2698 1733 2770 Jupiter
1758 2713 1879 2754 ves-

277 2805 388 2853 tem
431 2811 586 2851 suam
625 2794 921 2851 defendere
948 2794 1209 2866 potuerit,
1239 2808 1342 2848 nec
1386 2793 1608 2848 barbam
1635 2789 1879 2846 IEscnla-

279 2891 426 2963 pius,
461 2903 566 2945 nec
609 2887 806 2959 Apollo
851 2888 1153 2958 pubescere
1199 2885 1377 2940 adhuc
1402 2884 1653 2954 coeperit,
1705 2897 1879 2952 neque

276 2999 474 3040 omnes
499 2982 590 3055 qui
618 2981 879 3038 dicuntur
905 2981 1004 3044 dii,
1037 2979 1321 3036 retrahere
1359 2977 1634 3048 potuerint
1664 2985 1879 3046 pateras

275 3094 415 3150 quas
475 3076 736 3133 tenebant
770 3093 782 3129 :
815 3090 921 3131 non
975 3084 1082 3129 tam
1143 3071 1272 3128 furti
1318 3079 1525 3128 reatum
1582 3071 1876 3136 timentes,

276 3185 441 3243 quam
488 3184 710 3225 sensum
755 3183 860 3222 non
895 3166 1178 3222 habentes.
1207 3164 1338 3233 Quis
1381 3164 1546 3234 igitur
1583 3177 1677 3218 eos
1706 3161 1876 3227 colat,

2041 545 2318 601 asseverat,
2378 544 2653 605 antequam
2699 532 2960 588 severiora
3011 531 3238 586 traderet
3288 537 3567 601 praecepta,

2041 651 2216 690 earum
2235 634 2437 688 animos
2467 631 2719 687 orationis
2748 640 2898 701 atque
2929 626 3283 698 exemplorum
3312 625 3564 679 suavitate

2042 729 2298 793 mulcere;
2339 726 2478 798 quod
2513 735 2558 780 et
2591 725 2818 779 humano
2846 739 2965 791 usu,
3015 730 3062 777 et
3105 719 3397 776 diuinorum
3427 717 3571 775 codi-

2042 836 2161 876 cum
2200 819 2509 876 auctoritate
2532 818 2874 874 demonstrat.

2040 979 2131 1036 39.
2185 978 2314 1034 Hec
2362 992 2465 1049 ego
2515 977 2697 1044 vobis,
2748 983 2953 1030 sanctae
3002 972 3266 1042 virgines,
3327 967 3569 1025 nondum

1973 1072 2259 1129 triennalis
2289 1069 2548 1126 sacerdos
2594 1067 2917 1124 munuscula
2951 1065 3157 1137 paravi,
3187 1064 3313 1118 licet
3352 1077 3449 1117 usu
3485 1061 3568 1115 in.

1969 1167 2185 1230 doctus,
2210 1163 2305 1220 sed
2330 1163 2526 1220 vestris
2549 1161 2777 1219 edoctus
2803 1159 3069 1216 moribus.
3098 1159 3344 1224 Quantus
3366 1153 3569 1210 etenim

1969 1259 2291 1314 adolescere
2321 1271 2452 1311 usus
2484 1254 2658 1327 potuit
2692 1265 2798 1308 tam
2833 1268 2997 1324 parva
3027 1251 3256 1306 initiatze
3285 1246 3568 1318 religionis

1971 1352 2169 1408 actate?
2216 1351 2271 1407 Si
2311 1365 2448 1422 quos
2485 1350 2572 1404 hic
2617 1350 2782 1403 liores
2838 1347 3082 1411 cernitis,
3113 1344 3183 1400 de
3209 1352 3406 1399 vestra:
3443 1341 3569 1396 vita:

1970 1445 2235 1502 collectos
2266 1444 2429 1514 legite
2458 1442 2602 1496 sinu.
2634 1440 2752 1496 Non
2798 1448 2930 1494 sunt
2953 1439 3070 1494 lucc
3107 1445 3378 1508 praecepta
3401 1432 3568 1504 virgi-

1972 1537 2153 1602 nibus,
2200 1535 2296 1591 sed
2331 1535 2400 1591 de
2443 1533 2748 1606 virginibus
2792 1532 3072 1603 exempla.
3101 1529 3310 1584 Vestra:
3355 1526 3572 1581 virtutis

1969 1631 2204 1704 effigiem
2252 1640 2438 1685 nostra
2494 1627 2740 1700 depinxit
2784 1627 2984 1692 oratio,
3041 1634 3240 1679 vestrae
3288 1620 3573 1693 gravitatis

1973 1727 2265 1796 imaginem
2295 1723 2451 1795 quasi
2480 1723 2533 1778 in
2574 1722 2804 1793 speculo
2836 1720 3073 1791 quodam
3114 1717 3384 1774 sermonis
3416 1714 3574 1770 istius

2111 1822 2201 1877 itis
2231 1819 2524 1891 refulgere.
2555 1830 2577 1858 ο
2611 1817 2719 1874 Vos
2753 1818 2798 1873 si
2830 1832 2992 1886 quam
3026 1823 3212 1870 nostro
3241 1809 3468 1882 gratiam
3491 1807 3576 1862 in—

1979 1915 2206 1970 halastis
2237 1913 2481 1984 ingenio,
2527 1920 2772 1966 vestrum
2819 1920 2898 1964 est
2930 1904 3194 1979 quidquid
3224 1903 3326 1959 iste
3365 1899 3578 1958 redolet

1978 2008 2134 2063 liber.
2171 2007 2238 2062 Et
2265 2007 2522 2078 quoniam
2556 2013 2688 2076 quot
2732 2004 3003 2068 homines,
3048 2011 3124 2056 tot
3163 1997 3451 2055 sententiae
3484 2013 3497 2048 :
3527 1993 3573 2049 si

1976 2101 2107 2173 quid
2138 2099 2459 2156 defaecatum
2508 2108 2592 2153 est
2623 2098 2673 2152 in
2725 2111 2979 2152 sermone
3011 2102 3222 2161 nostro,
3275 2104 3467 2145 omnes
3499 2087 3577 2144 le-

1976 2206 2107 2269 gant
2146 2199 2240 2264 :_si
2294 2195 2422 2266 quid
2471 2193 2786 2257 decoctum,
2829 2191 3156 2246 maturiores
3202 2187 3436 2259 probent
3487 2183 3578 2238 :si

1975 2290 2107 2362 quid
2137 2289 2467 2355 modestum,
2499 2286 2812 2357 pectoribus
2843 2283 3129 2349 inluereat,
3164 2293 3332 2352 genas
3356 2277 3572 2348 pingat:

1977 2386 2023 2441 si
2051 2385 2175 2456 quid
2202 2383 2574 2447 ﬂorulentum,
2611 2391 2744 2436 artas
2765 2378 3059 2434 florulenta
3080 2391 3186 2431 non
3211 2373 3500 2445 improbet.

2050 2479 2142 2535 60.
2174 2477 2470 2534 Debuimus
2495 2489 2710 2547 sponsa:
2737 2474 2977 2530 excitare
3007 2484 3286 2534 amorem;
3314 2467 3576 2537 scriptum

1980 2585 2065 2630 est
2105 2574 2250 2629 enim
2287 2590 2300 2625 :
2339 2571 2539 2644 Diliges
2585 2569 2867 2624 Dominum
2907 2567 3074 2622 Deum
3106 2576 3253 2620 tuum
3289 2562 3474 2635 (Deut.
3500 2577 3577 2626 vr,

1982 2669 2062 2737 5).
2091 2665 2116 2704 (³
2150 2667 2444 2722 Debuimus
2506 2666 2557 2721 in
2614 2665 2815 2734 nuptiis
2867 2662 3200 2718 calamistris
3247 2656 3575 2731 quibusdam

1982 2764 2163 2820 crines
2193 2762 2388 2817 saltem
2417 2761 2684 2815 orationis
2714 2774 2945 2821 ornare;
2981 2754 3244 2826 scriptum
3277 2763 3358 2808 est
3389 2751 3536 2807 enim
3565 2767 3579 2806 :

1984 2856 2190 2912 Plaude
2225 2871 2403 2920 manu,
2447 2863 2492 2906 et
2527 2863 2734 2923 percute
2760 2852 2890 2922 pede
2917 2848 3135 2922 (Ezech.
3170 2862 3286 2914 ut,
3319 2844 3434 2914 14).
3476 2843 3582 2898 Dc—

1983 2949 2199 3005 buimus
2223 2954 2516 3019 perpetuos
2545 2960 2802 3016 spargere
2835 2943 3104 2999 thalamos
3133 2941 3293 2994 rosis.
3322 2937 3499 2993 Etiam
3525 2936 3579 2990 in

1987 3043 2072 3099 his
2098 3044 2368 3114 conjugiis
2408 3039 2802 3112 temporalibus
2846 3037 3069 3094 nubenti
3099 3035 3249 3106 prius
3282 3031 3581 3104 plauditur,

1985 3152 2148 3208 quam
2182 3137 2522 3207 imperatur;
2562 3149 2631 3188 ne
2676 3142 2803 3188 ante
2844 3131 2978 3186 dura
3025 3127 3302 3184 offendant
3331 3122 3581 3194 imperia,

280 3221 441 3243 ηπ---
682 3221 707 3222 η
756 3221 784 3222 η
809 3221 839 3222 η
1017 3221 1023 3222 ,
1218 3221 1252 3233 η
1400 3221 1428 3234 υ
1865 3221 1873 3227 ,

278 3267 373 3336 qui
400 3278 502 3320 nec
522 3261 818 3319 defendere
843 3277 903 3317 se
929 3259 1081 3332 quasi
1110 3259 1206 3326 dii,
1239 3272 1339 3314 nec
1362 3256 1698 3312 abscondere
1719 3255 1872 3326 quasi

1995 3231 2149 3305 173
2177 3245 2338 3302 quam
2372 3226 2652 3283 blanditiis
2679 3241 2832 3280 amor
2865 3223 3008 3278 fotus
3040 3221 3322 3276 inolescat.

2067 3326 2116 3336 "
2190 3323 2230 3336 ’π
2549 3319 2561 3331 ο
2635 3328 2656 3336 Α
2708 3319 2904 3336 subd“
2943 3316 3170 3336 ,μέμ-ω
3221 3312 3322 3336 λε-.

284 3359 536 3415 homines
576 3357 838 3430 possunt?

359 3454 450 3508 58.
479 3452 549 3506 At
585 3452 638 3506 in
687 3451 892 3522 templo
923 3449 1016 3504 Dei
1046 3446 1218 3503 nostri
1266 3460 1388 3501 cum
1432 3443 1749 3508 Jeroboam,
1781 3457 1879 3497 rex

291 3547 763 3612 sceleratissimus,
797 3547 936 3601 dona
967 3559 1085 3616 qua:
1115 3553 1268 3613 pater
1312 3541 1430 3612 ejus
1466 3548 1750 3613 posuerat,
1785 3554 1881 3593 au-

281 3642 476 3707 ferret,
505 3655 566 3697 ac
597 3655 760 3711 super
781 3647 1032 3696 sanetum
1063 3637 1236 3692 altare
1265 3636 1461 3690 libaret
1483 3631 1672 3701 idolis;
1702 3647 1882 3688 nonne

277 3738 507 3795 dextera
540 3737 658 3807 ejus
694 3750 854 3808 quam
907 3734 1157 3799 tetendit,
1207 3732 1370 3799 aruit,
1404 3745 1504 3786 nec
1546 3745 1640 3785 sua
1683 3729 1732 3784 ei
1761 3743 1882 3799 quae

279 3833 593 3900 invocabat,
644 3831 792 3887 idola
821 3828 1183 3901 profuerunt?
1229 3827 1438 3882 Deinde
1469 3840 1771 3882 conversus
1815 3823 1882 3879 ad

281 3928 599 3992 Dominum,
646 3925 857 3995 rogavit
901 3921 1142 3988 veniam,
1185 3920 1481 3991 statimque
1528 3934 1719 3973 manus
1765 3918 1884 3986 ejus

279 4038 406 4092 qua:
426 4029 650 4077 aruerat
675 4017 985 4089 sacrilegio,
1015 4025 1201 4072 sanata
1229 4025 1312 4072 est
1336 4013 1603 4084 religione
1627 4012 1719 4082 (lll
1753 4012 1881 4084 Reg.

280 4132 406 4182 xm,
433 4115 470 4170 2
499 4126 547 4170 et
569 4115 728 4186 seq.).
758 4113 893 4168 Tam
924 4122 1194 4167 maturum
1244 4111 1296 4164 in
1337 4125 1444 4164 uno
1484 4117 1539 4164 et
1569 4108 1882 4163 misericor-

278 4207 392 4264 dite
427 4208 628 4263 divinae
669 4215 726 4262 et
765 4204 1154 4276 indignationis
1193 4203 1505 4273 exemplum
1555 4197 1789 4264 exstitit,
1823 4206 1881 4253 ut

279 4300 616 4358 sacriﬁcanti
661 4300 842 4357 subito
895 4299 1119 4356 dextera
1163 4297 1536 4362 adimeretur,
1598 4291 1885 4366 pamitcnti

279 4398 446 4455 venia
476 4397 724 4454 daretur.

906 4509 1134 4569 CAPUT
1174 4509 1262 4566 Vl.

2055 3326 2147 3380 41.
2190 3323 2464 3393 Equorum
2509 3319 2593 3374 vis
2634 3328 2657 3356 °
2706 3319 2909 3388 plausa:
2940 3316 3173 3370 sonitum
3218 3312 3374 3367 discit
3404 3322 3588 3364 amate

1982 3415 2234 3482 cervicis,
2263 3430 2333 3469 ne
2362 3420 2580 3469 recuset
2605 3411 2812 3482 jugum.
2846 3410 3088 3478 Denique
3131 3406 3280 3477 prius
3317 3401 3592 3460 assuescio

1984 3518 2073 3565 tur
2105 3508 2270 3564 verbo
2301 3507 2563 3570 lasciviae,
2597 3521 2756 3575 quam
2781 3505 3005 3559 verbere
3027 3500 3348 3571 disciplima.
3371 3499 3471 3555 Ast
3494 3497 3587 3552 ubi

1983 3604 2124 3660 colla
2151 3601 2454 3658 subdiderit
2479 3601 2641 3673 jugo;
2689 3609 2743 3655 et
2769 3597 2975 3653 habena
3007 3595 3364 3665 constringit,
3406 3605 3460 3648 et
3492 3592 3590 3646 sti-

1985 3700 2163 3756 mulus
2185 3707 2362 3770 urget,
2418 3707 2472 3753 et
2499 3709 2784 3766 compares
2813 3693 3054 3759 trahunt,
3083 3698 3141 3746 et.
3171 3688 3189 3726 ί
3217 3688 3415 3758 jngalis
3445 3687 3583 3741 invi-

1986 3801 2082 3848 tat.
2131 3793 2222 3849 Sic
2267 3792 2431 3848 ctiam
2453 3790 2610 3861 virgo
2641 3797 2825 3844 nostra
2853 3786 3043 3842 debuit
3085 3785 3234 3856 prius
3274 3796 3459 3836 amore
3502 3781 3591 3851 pio

1986 3885 2214 3952 ludere,
2263 3899 2426 3940 aurea
2478 3883 2618 3938 thori
2663 3880 2902 3938 caelestis
2933 3877 3101 3933 fulcra
3131 3875 3314 3931 mirari
3367 3874 3418 3928 in
3471 3873 3590 3944 ipso

1986 3980 2256 4037 vestibulo
2303 3980 2608 4050 nuptiarum
2639 4018 2656 4045 ,
2707 3987 2731 4024 tt
2783 3985 2838 4030 et
2872 3981 3056 4044 postes
3101 3969 3370 4026 frondium
3423 3967 3584 4022 sertis

1985 4091 2214 4132 cernere
2249 4083 2574 4136 coronatos,
2603 4083 2655 4126 et
2687 4069 2836 4125 chori
2883 4066 3179 4136 strepentis
3208 4063 3433 4118 interius
3460 4060 3592 4114 hau-

1987 4169 2094 4225 rire
2131 4167 2392 4233 delicias;
2446 4181 2514 4221 ne
2557 4180 2620 4220 se
2653 4165 2801 4234 prius
2847 4159 3128 4216 Dominico
3156 4158 3284 4228 jugo
3317 4151 3590 4210 timefacta

1987 4265 2338 4329 subduceret,
2364 4277 2525 4334 quam
2558 4268 2748 4315 vocata
2786 4256 3096 4311 inclinaret.

2060 4359 2151 4415 42.
2200 4356 2332 4412 Veni
2376 4356 2541 4424 igitur
2568 4353 2668 4407 huc
2693 4369 2724 4404 a
2750 4350 2948 4405 Libano
2973 4392 2987 4415 ,
3038 4346 3269 4417 Sponsa,
3297 4342 3411 4397 ueni
3440 4339 3540 4395 huc
3566 4356 3597 4394 a

1990 4449 2214 4514 Libano,
2247 4447 2488 4503 transibis
2514 4455 2559 4500 et
2587 4442 2923 4515 pertransibis
2970 4439 3141 4511 (Cant.
3172 4454 3245 4503 tv,
3276 4435 3356 4507 8).
3384 4434 3598 4505 Saepius

1990 4543 2135 4599 enim
2181 4542 2336 4598 nobis
2381 4541 2484 4595 iste
2515 4536 2813 4593 versiculus
2842 4531 3210 4589 recantandus
3256 4537 3376 4593 est;
3411 4535 3470 4582 ut
3509 4525 3595 4580 vel

281 4651 430 4709 Libri
458 4649 673 4707 secundi
694 4649 978 4714 conclusio,
1007 4665 1109 4720 qua
1133 4655 1348 4704 testatur
1377 4644 1571 4700 Auctor
1610 4637 1882 4695 modestis-
1909 4647 1962 4708 ι)
1989 4634 2285 4692 Dominicis
2310 4644 2498 4688 vocata
2527 4630 2733 4696 verbis,
2765 4637 3046 4699 sequatur,
3075 4626 3120 4680 si
3149 4640 3253 4696 qua
3289 4637 3395 4677 non
3420 4619 3596 4676 credit

358 4747 542 4812 simus,
573 4744 619 4799 si
657 4742 782 4815 quid
804 4741 1052 4798 hactenus
1081 4740 1201 4796 boni
1239 4739 1523 4811 scripserit,
1554 4736 1607 4791 id
1639 4739 1804 4788 totum
1830 4733 1885 4784 in

362 4916 388 4945 α
411 4905 487 4962 De
510 4904 662 4960 hisce
693 4901 938 4974 Dionysii
969 4901 1022 4974 in
1049 4899 1182 4974 deos
1221 4913 1349 4954 suos
1377 4895 1632 4974 ludibriis
1659 4890 1885 4950 consule

281 4977 610 5041 Diodorum,
636 4967 934 5041 Plutareli.,
968 4971 1394 5028 Val.Maximnm
1425 4977 1479 5023 et
1505 4967 1662 5041 alios.

362 5039 616 5104 hOmnes
653 5046 809 5111 edit.,
843 5039 974 5100 Cum
1007 5044 1194 5111 Apollo
1239 5052 1382 5111 pater
1425 5043 1536 5112 ejtts
1574 5039 1744 5092 adhuc
1785 5050 1887 5088 non

284 5123 518 5186 haberet,
552 5133 675 5190 quae
698 5109 859 5174 verba
892 5117 943 5171 in
976 5109 1140 5190 nullis
1162 5109 1293 5168 mss.
1335 5109 1704 5190 reperiuntur.

368 5205 388 5232 ε
415 5177 540 5247 Mss.
571 5177 803 5261 aliquot,
833 5205 921 5244 vos
965 5188 1008 5242 si
1036 5203 1137 5258 qua
1184 5194 1257 5240 est
1296 5177 1487 5256 gratia,
1519 5191 1697 5236 nostro
1734 5177 1886 5233 inho-

284 5267 438 5322 lastis
464 5265 696 5335 ingenio.

363 5335 389 5374 εί
412 5322 568 5391 Boni.
600 5333 760 5400 edit.,
785 5329 1066 5386 Debuimus
1082 5329 1135 5383 in
1157 5327 1352 5400 nuptiis
1373 5339 1580 5400 sponsa:
1598 5322 1762 5400 crines
1785 5337 1876 5375 ca-

287 5409 540 5464 lamistris
579 5391 888 5474 quibuidam
932 5403 1110 5457 saltem
1159 5391 1414 5474 orationis
1451 5391 1816 5474 ornare.ﬂVet_.
1849 5406 1880 5445 a

287 5463 427 5536 inss.
461 5463 907 5539 non'diseedunt,
941 5473 1043 5528 nisi
1072 5471 1216 5543 quod
1247 5469 1302 5524 bi
1330 5485 1428 5543 pro
1455 5469 1509 5522 in
1541 5463 1885 5543 nu_pti_is,.ha-

289 5534 427 5607 iacnt
466 5551 639 5606 ferme
681 5547 749 5602 ad
790 5534 977 5608 unum,
1019 5534 1273 5611 innuptis,
1328 5534 1379 5595 id
1418 5548 1521 5606 est,
1568 5534 1884 5611 virginibus.

293 5622 449 5678 Haud
480 5622 624 5676 male
651 5619 898 5690 quidem,
926 5607 1057 5672 edit.
1090 5607 1273 5690 tamen
1296 5610 1672 5690 ob‘sequent‘ia
1703 5607 1890 5690 vide-n-

293 5703 387 5749 tur
434 5679 837 5764 praeponendae.
869 5679 1308 5764 Rursns__eadern
1357 5679 1514 5738 Burri.
1566 5679 1697 5736 edit.
1752 5679 1890 5745 sola,

295 5758 560 5839 perpetuis
572 5777 838 5833 spargere,
860 5768 964 5814 etc.
991 5759 1178 5839 Melius
1201 5758 1346 5839 aliae,
1368 5772 1430 5810 ac
1447 5769 1579 5809 mss.
1597 5761 1867 5839 perpetuos
1879 5767 1901 5816 ;

302 5821 364 5892 iit
393 5821 756 5906 topponanttir
804 5821 1335 5906 perpetuiuthalami
1388 5821 1781 5906 temporalibus
1832 5821 1900 5878 de

302 5895 500 5979 quibus
531 5900 696 5964 vei-su
725 5895 996 5975 Seqii'ciiti.
1039 5900 1141 5961 Ubi
1176 5898 1353 5960 obiter
1381 5895 1603 5955 adverte
1630 5895 1744 5954 sola
1777 5907 1899 5960 per-

1991 4727 2261 4784 humanis.
2293 4725 2406 4782 lloc
2433 4741 2532 4780 nos
2565 4721 2935 4793 magisterium
2980 4736 3085 4775 non
3121 4718 3451 4782 invenimus,
3499 4713 3595 4770 sed

1994 4894 2181 5014 ﬁt???)
2214 4883 2483 4939 castitatis
2519 4891 2647 4937 vota
2689 4896 2787 4951 pro
2831 4880 3088 4952 legitimis
3134 4878 3322 4935 haberi
3368 4877 3436 4933 ab
3469 4878 3596 4932 Am-

2035 4972 2200 5012 rosm.

2069 5039 2091 5065 ο
2133 5025 2388 5081 Nonnulli
2423 5040 2581 5088 mss.,
2609 5023 2810 5078 Bucula
2840 5026 3053 5096 plausus
3082 5023 3352 5096 cujusdam
3371 5019 3595 5074 sonitum

1993 5101 2346 5161 discilamare,
2366 5098 2576 5151 ceruicis
2595 5114 2656 5150 ne
2667 5108 2858 5151 recuset
2873 5100 3340 5168 jugum.Agnosce
3353 5099 3596 5156 apertam

1994 5171 2206 5242 Virgilii
2239 5169 2619 5236 imitationem,
2643 5183 2714 5224 ex
2747 5183 2803 5223 ιιι
2831 5167 3028 5238 Georg.
3064 5167 3154 5222 ubi
3183 5167 3444 5235 legimus:

2111 5324 2236 5387 Tum
2261 5325 2421 5387 magis
2446 5331 2595 5386 atque
2619 5323 2778 5384 magis
2801 5321 2994 5372 blandis
3018 5321 3235 5387 gaudere
3261 5315 3478 5379 magistri

2115 5383 2379 5452 Laudibus,
2409 5395 2461 5437 et
2479 5383 2660 5451 plausa:
2685 5383 2900 5436 Sonitum
2920 5383 3132 5436 cervicis
3155 5393 3339 5430 amare.

2075 5537 2094 5576 ί
2140 5538 2196 5611 Id
2221 5548 2326 5604 est,
2354 5539 2622 5611 jugarius,
2653 5537 2770 5611 sive
2801 5537 3004 5604 auriga.

2079 5620 2102 5659 8
2147 5600 2396 5666 Veterem
2417 5600 2947 5680 iungit-nuptiaruni‘
2964 5615 3332 5680 inorem._qno
3354 5600 3606 5657 solebant

2009 5682 2063 5737 in
2085 5683 2354 5751 ejusmodi
2386 5674 2566 5738 laetitia
2588 5721 2602 5745 ,
2635 5674 2858 5734 corollis
2905 5693 2968 5751 ac
3011 5674 3169 5730 sertis
3199 5674 3343 5751 fores
3377 5689 3603 5741 ornate,

2009 5769 2072 5808 ac
2101 5747 2435 5808 musicorum
2471 5754 2860 5815 tibicinutnqne
2881 5747 3078 5801 choros
3117 5747 3423 5802 conducere
3456 5762 3469 5800 :
3501 5762 3604 5816 qua

2007 5825 2076 5880 de
2108 5841 2164 5879 re
2192 5826 2382 5878 scribit
2438 5823 2708 5878 Lucianus
2765 5818 2966 5873 vidisse
3015 5819 3200 5873 nescio
3237 5833 3396 5889 quam
3435 5821 3607 5876 πάντα

2006 5897 2403 5967 κατεστεμμένα,
2433 5899 2514 5956 καὶ
2541 5889 2868 5962 αὐλητρίδας,
2899 5893 2982 5949 καὶ
3010 5889 3244 5960 θόρυϐον,
3282 5899 3389 5950 etc.
