4054 6306
425 311 534 373 219

1799 308 2048 382 seueri
2083 309 2406 383 Ausnosu

3625 328 3732 386 230

422 429 763 502 accepimus;
811 431 895 490 sic
941 432 1172 490 instituit
1221 435 1440 508 mystici
1475 438 1736 494 carminis
1778 437 2026 497 doctrina
2054 433 2104 506 Α
2136 449 2312 515 ιωίιιιθ
2341 441 2554 498 virtutis
2575 486 2592 513 ,
2625 453 2686 500 ut
2724 443 2935 516 aperiat
2964 459 3126 501 manu
3157 444 3417 514 claustra,
3451 445 3505 504 in
3539 461 3730 520 agrum

429 523 672 580 celestis
695 540 709 578 :
746 523 1024 582 (iaculetur
1043 539 1125 583 me
1151 526 1215 583 ab
1236 529 1430 586 osculis
1458 531 1565 588 oris
1583 532 1694 600 sui,
1729 531 1888 608 17‘
1905 536 2030 606 quia

431 618 594 676 altera
614 629 704 675 tua
731 618 891 694 snpe'r
925 621 1117 688 sinum,
1154 633 1204 678 et
1243 623 1374 679 odor
1414 637 1793 701 unguentorum
1823 639 2030 684 tuorum

431 729 589 784 super
619 715 794 768 omnia
821 726 1080 771 aromata.
1115 714 1450 792 Unguentum
1481 719 1805 775 exinanitum
1832 730 1909 776 est
1937 737 2035 776 no-

431 822 550 862 nten
575 816 720 862 tuum
750 804 974 880 (Canta,
1005 809 1058 875 1,
1089 808 1169 880 2).
1213 809 1384 867 Totus
1407 813 1510 868 iste
1531 811 1854 871 deliciarum
1887 813 2038 872 locus

432 897 620 956 ludum
655 909 854 968 sonat,
901 902 1150 974 plausum
1178 904 1409 974 excitat,
1458 921 1700 964 amorem
1753 915 2035 978 provocat.

435 991 588 1061 Ideo,
619 993 816 1067 inquit,
841 995 1236 1053 adolescentqu
1262 998 1588 1068 dilexerunt,
1616 1011 1665 1058 et
1710 1011 2039 1059 attraxerant

437 1097 486 1144 te
513 1105 532 1144 :
585 1098 722 1144 retro
777 1089 990 1146 odorem
1018 1101 1394 1164 unguentorum
1423 1103 1686 1150 tuorum.al
1717 1113 1987 1153 curramus
2019 1113 2040 1152 :

436 1179 660 1238 Induxit
687 1199 769 1239 me
804 1183 918 1240 Res;
943 1185 998 1240 in
1035 1183 1418 1244 tabernaculum
1450 1207 1602 1246 suum
1624 1189 1814 1264 (Ibid.,
1846 1191 1927 1266 5).
1958 1193 2041 1251 Ab

442 1278 646 1335 osculis
673 1275 860 1351 coepit,
896 1289 956 1336 ut
983 1279 1050 1336 ad
1076 1280 1486 1340 tabernaculum
1517 1284 1850 1357 perveniret.

516 1373 606 1432 45.
639 1373 669 1414 δ
697 1375 768 1431 At
795 1373 887 1431 illa
935 1386 1044 1431 tam
1073 1376 1288 1448 patiens
1337 1377 1459 1434 duri
1495 1379 1724 1450 laboris,
1781 1381 2053 1439 exercita-

510 1525 536 1554 ι
573 1512 804 1582 Quidam
829 1525 988 1578 mss.,
1029 1529 1324 1572 canemus.

505 1585 532 1626 δ
572 1585 698 1668 ἔδει.
733 1586 963 1668 aliquot,
987 1583 1055 1668 4t
1081 1586 1174 1642 illa
1207 1588 1479 1662 impatiens
1502 1590 1620 1646 duri
1651 1592 1862 1649 laboris.

505 1669 530 1698 θ
571 1657 728 1732 Rom.
756 1657 886 1732 edit.
913 1657 1078 1732 Asola,
1130 1657 1450 1732 unguentum
1482 1672 1740 1719 mutatura
1767 1664 2030 1732 castellis;

438 1738 560 1788 cum
587 1727 710 1787 aliis
733 1771 750 1800 ,
803 1729 1024 1800 denique
1051 1746 1154 1802 quo
1181 1727 1386 1802 euadat,
1416 1733 1581 1791 ridete
1609 1751 1628 1791 :
1676 1749 1808 1792 mss.
1859 1727 2037 1793 autem
2069 1729 2118 1792 B

2133 547 2314 603 exeat,
2345 536 2399 592 in
2422 535 2664 594 castellis
2701 529 2948 604 maneat;
2993 537 3044 592 ln
3077 537 3342 610 principio
3373 546 3556 595 tamen
3583 550 3738 595 retro

2135 629 2359 686 odorem
2391 629 2556 686 currit
2585 630 2844 703 unguenti
2874 649 2888 685 :
2937 647 3061 686 mox
3093 645 3214 688 eum
3242 633 3294 686 in
3320 631 3736 688 tabernaculum

2133 723 2349 780 venerit
2401 735 2424 764 ο
2474 733 2804 796 unguentum
2845 732 3087 780 mutatur
3140 739 3170 780 a
3201 725 3461 780 castellis.
3497 724 3742 796 Denique

2135 829 2246 890 quo
2273 815 2452 880 vadit,
2505 818 2630 874 vide
2658 834 2671 871 :
2705 817 2766 874 Si
2796 830 2994 886 murus,
3026 817 3228 888 inquit,
3262 827 3364 884 est,
3419 818 3744 885 ludiﬁcantes

2138 900 2294 980 ῖιιρεν
2318 925 2431 964 eunt
2461 919 2628 965 turres
2655 919 2922 983 argenteas
2967 908 3154 982 (Cant.
3201 923 3298 965 vnt
3317 953 3330 972 ,
3363 908 3461 984 9).
3493 909 3629 980 Quae
3659 909 3745 966 lu-

2140 1002 2304 1059 debat
2329 1001 2552 1071 osculis,
2581 1003 2693 1074 jam
2729 1003 2908 1059 turres
2941 1003 3130 1075 erigit;
3183 1009 3239 1058 ut
3283 1003 3540 1072 pretiosis
3576 1019 3745 1060 sanc-

2142 1103 2320 1153 torum
2356 1095 2546 1152 turrlta
2573 1095 2832 1169 fastigiis,
2861 1107 2968 1153 no"
3001 1097 3172 1152 solum
3197 1095 3426 1152 hostiles
3446 1095 3750 1154 frustretur

2143 1190 2414 1257 incursus,
2441 1206 2628 1247 verum
2649 1189 2812 1249 etiam
2840 1190 3107 1248 bonorum
3134 1190 3544 1263 prouugnacula
3570 1193 3750 1246 struat

2145 1293 2261 1343 tuta
2291 1285 2635 1344 meritorum.

2143 1519 2435 1592 utrobique
2463 1532 2516 1574 ut
2541 1517 2596 1575 in
2624 1527 2881 1575 contextu
2903 1561 2918 1590 ,
2977 1518 3080 1574 nisi
3111 1518 3252 1592 quod
3283 1533 3425 1592 unus
3463 1520 3548 1576 sic
3579 1520 3756 1576 inter.

2140 1589 2361 1666 pungit;
2379 1601 2694 1666 unguentum
2718 1600 2965 1647 mutatur.
3001 1594 3045 1646 Α
3071 1589 3294 1646 castellis
3320 1589 3570 1663 denique,
3615 1602 3752 1660 etc.;

2141 1664 2412 1736 quodnon
2445 1664 2714 1736 ἀίδριὶσει.
3089 1670 3104 1682 “

1618 2104 1968 2194 LIBER
2037 2109 2576 2194 TERTIUS.

983 2366 1141 2442 ιη
1177 2364 1406 2424 carm
1449 2367 1503 2423 ι.

439 2478 647 2538 Liberii
679 2479 1046 2538 Marcellino»:
1092 2481 1214 2538 dato
1240 2480 1552 2557 virginitatis
1579 2478 1832 2537 uelamine
1860 2494 2045 2536 conse-

513 2575 708 2631 crantis
742 2577 969 2644 refertur
997 2575 1165 2631 oratio
1185 2590 1205 2630 :
1251 2577 1402 2649 cujus
1443 2573 1710 2630 exordium
1745 2581 1850 2628 tum
1879 2589 1913 2628 a
1941 2573 2046 2644 fre-

512 2668 735 2745 quentia‘
750 2667 1120 2739 conﬂuentium
1141 2667 1212 2724 ad
1235 2667 1384 2723 illius
1411 2666 1605 2736 Sponsi
1631 2665 1863 2735 nuptias,
1886 2681 1918 2719 a
1943 2680 2043 2736 quo

512 2762 652 2836 ipsos
682 2761 966 2832 pascendos
989 2769 1192 2826 narrat,
1221 2758 1428 2814 deducit
1460 2775 1478 2815 :
1511 2769 1620 2814 tum
1645 2759 2040 2814 aconcenientia

516 2857 622 2913 diei
668 2873 769 2929 quo
818 2873 887 2912 ea:
933 2855 1130 2932 uirgine
1175 2863 1331 2910 natus
1379 2865 1452 2910 est
1478 2850 1738 2920 Christus,
1796 2853 1866 2908 ad
1891 2853 2043 2926 cujus

511 2967 741 3008 amorem
762 2950 986 3024 eleganti
1003 2949 1375 3024 perfectionum
1395 2947 1512 3020 ejus
1536 2947 1879 3017 descriptione
1897 2946 2043 3002 illam

509 3042 824 3116 inﬂammat.

2147 2372 2390 2421 mentum
2412 2365 2660 2424 conferet
2684 2365 3035 2438 virginitatis,
3063 2383 3183 2440 quae
3199 2369 3349 2440 prius
3368 2385 3494 2426 eras
3513 2371 3764 2430 obnoxia

2144 2455 2349 2514 vilibus
2402 2467 2614 2514 natura:
2645 2459 2946 2516 materialis
2973 2461 3282 2518 elementis.
3341 2462 3504 2537 174
3531 2463 3634 2520 ilic
3673 2473 3766 2522 est

2145 2552 2236 2624 qui
2288 2552 2532 2625 quinque
2591 2553 2820 2625 panibus
2869 2565 2924 2611 et
2973 2555 3186 2611 duobus
3235 2555 3474 2628 piscibus
3521 2572 3768 2629 quatuor

2147 2645 2319 2702 millia
2367 2645 2552 2716 populi
2606 2647 2660 2702 in
2705 2646 2924 2703 deserto
2955 2649 3102 2718 pavit
3129 2647 3283 2720 (Luc.
3312 2665 3388 2718 ut,
3423 2650 3490 2706 15
3519 2661 3566 2705 et
3594 2651 3762 2723 αφ).

2149 2740 2339 2797 Plures
2380 2740 2585 2812 putuit,
2617 2739 2664 2796 si
2694 2742 2878 2813 plures
2921 2741 3033 2812 jam
3065 2754 3194 2799 tunc
3231 2743 3326 2816 qui
3369 2758 3765 2815 pascerentur,

2147 2834 2402 2891 fuissent.
2440 2835 2684 2907 Denique
2713 2834 2780 2891 ad
2824 2847 2945 2892 tuas
2996 2838 3212 2908 nuptias
3260 2839 3444 2908 plures
3489 2839 3764 2895 vocavit:

2149 2927 2246 2984 sed
2264 2928 2376 2999 jam
2403 2944 2511 2985 non
2543 2929 2698 3001 panis
2723 2945 2790 2986 ex
2811 2929 3041 3000 hordeo,
3065 2931 3160 2988 sed
3187 2947 3387 3003 corpus
3412 2933 3768 2990 ministratur

2150 3037 2182 3080 e
2203 3022 2363 3080 coelo.

2227 3117 2282 3173 2.
2327 3117 2502 3174 llodie
2531 3117 2748 3189 quidem
2775 3117 3074 3174 secundum
3095 3117 3375 3177 hominem
3399 3119 3566 3177 homo
3593 3131 3768 3178 natus

513 3207 566 3263 ί·
610 3205 882 3274 Quoniam
917 3218 1040 3278 quae
1077 3201 1370 3260 habuimus
1413 3199 1790 3276 superioribus
1827 3198 2044 3256 duobus
2067 3191 2120 3260 C
2147 3223 2212 3266 ex
2245 3209 2478 3281 virgine,
2509 3209 2606 3266 sed
2633 3219 2761 3266 ante
2789 3210 2973 3266 omnia
2999 3219 3292 3282 generatus
3319 3226 3385 3268 ex
3419 3211 3585 3268 Patre
3616 3230 3630 3267 :
3662 3213 3767 3282 qui

437 3299 594 3356 libris
620 3298 972 3370 digessimus,
1003 3307 1219 3370 tempus
1245 3304 1361 3365 est,
1404 3309 1562 3352 soror
1589 3303 1799 3362 sancta,
1833 3308 1898 3350 ea
1921 3308 2044 3365 qum

441 3407 656 3450 mecum
698 3391 952 3448 corilerre
999 3392 1167 3459 soles,
1211 3399 1239 3430 ει
1286 3391 1461 3446 beatae
1505 3387 1784 3444 memoria:
1837 3385 2044 3443 Liberii

437 3497 716 3560 praecepta
745 3486 1070 3554 revolvere;
1120 3495 1179 3542 ut
1204 3499 1314 3556 quo
1345 3486 1428 3540 vir
1475 3481 1739 3550 sanctior,
1765 3495 1833 3538 eo
1861 3495 2046 3539 sermo

439 3580 664 3637 accedat
697 3581 927 3652 gratior.
953 3579 1201 3650 Namque
1237 3580 1286 3636 is
1309 3621 1326 3646 ,
1356 3593 1483 3635 cum
1526 3577 1830 3634 Salvatoris
1878 3573 2050 3630 natali

455 3675 523 3728 ad
573 3674 884 3745 apostolum
941 3674 1162 3730 Petrum
1198 3673 1525 3744 virginitatis
1573 3669 1968 3743 professionem
2014 3667 2042 3707 ι’

444 3764 616 3822 vestis
645 3780 862 3838 quoque
899 3765 1196 3821 mutatione
1217 3765 1486 3836 signares,
1512 3762 1644 3836 (quo
1668 3763 1816 3818 enim
1847 3760 2042 3817 melius

441 3859 534 3915 die
565 3902 578 3926 ,
633 3875 796 3932 quam
846 3875 957 3930 quo
1018 3859 1172 3931 virgo
1231 3859 1610 3930 posteritatem
1661 3852 2041 3928 acquisivit?)

437 3953 746 4011 astantibus
790 3955 953 4012 etiam
1003 3955 1202 4026 puellis
1227 3953 1324 4010 Dei
1353 3952 1726 4024 compluribus
1767 3965 1888 4023 quae
1921 3965 2045 4006 cer-

439 4055 620 4106 tarent
643 4049 872 4106 invicem
895 4049 964 4107 de
988 4057 1080 4106 tua
1108 4051 1372 4104 societate
1401 4065 1414 4102 :
1449 4047 1650 4114 Bonas,
1682 4047 1878 4116 inquit,
1904 4044 2040 4111 lilia,

445 4144 663 4215 nuptias
683 4143 1033 4201 desiderasti.
1056 4142 1219 4200 Vides
1243 4151 1481 4215 quantus
1499 4142 1567 4198 ad
1587 4141 1822 4198 natalem
1842 4139 2042 4210 Sponsi

441 4234 516 4289 tui
563 4237 794 4306 populus
819 4237 1165 4306 convenerit,
1219 4245 1278 4292 ut
1307 4251 1468 4293 nemo
1498 4237 1766 4306 impastus
1803 4233 2041 4292 recedit?

442 4325 540 4384 llic
580 4331 774 4401 estqui
816 4339 1037 4402 rogatus
1069 4331 1138 4386 ad
1181 4329 1404 4402 nuptias
1429 4340 1623 4400 aquam
1657 4328 1710 4382 in
1743 4327 1866 4384 vina
1910 4342 2040 4384 con-

439 4422 604 4478 vertit
641 4422 836 4493 (Joan.
867 4439 937 4494 tt,
979 4424 1065 4497 9).
1096 4423 1154 4481 In
1187 4433 1240 4482 te
1269 4439 1490 4497 quoque
1536 4423 1812 4480 sincerum
1858 4436 2041 4480 sacra-

507 4590 910 4664 !llicLiberius
936 4591 1181 4664 pontifex
1201 4591 1470 4664 maximus
1495 4591 1639 4648 idem
1671 4591 1888 4664 quidem
1919 4601 2033 4664 est,

435 4663 527 4736 qui
559 4679 650 4719 an.
683 4657 785 4736 557
835 4657 1478 4736 Sirmiensiproiessioui
1511 4657 1900 4736 agpen'wpliilo
1927 4661 2034 4736 sibi

433 4731 654 4802 Oblatas,
701 4733 815 4790 sive
863 4731 1237 4804 pnstet‘iuriut
1269 4731 1526 4790 Petavius
1554 4733 1678 4792 Not.
1714 4731 1767 4790 in
1797 4731 2031 4804 Epiphaé

435 4807 584 4862 nium
615 4815 670 4862 et
696 4806 1006 4878 Blondellus
1027 4807 1382 4873 contendunt,
1413 4807 1526 4864 sive
1556 4807 1744 4878 priori.
1773 4817 1833 4862 ut
1860 4807 2032 4862 Baro-

431 4879 522 4934 nio
548 4887 604 4934 et
635 4877 1034 4934 recentioribus
1065 4879 1384 4950 quibusdam
1418 4877 1567 4935 novo
1586 4879 1861 4934 rationum
1895 4887 2034 4950 pra:-

435 4951 573 5007 sidio
601 4950 885 5006 instructis
917 4949 1132 5020 placet,
1181 4951 1538 5020 subscripsit,
1582 4960 1642 5006 ut
1686 4950 1918 5006 reditmn
1961 4949 2030 5004 ab

432 5023 628 5078 exsilio
658 5024 998 5090 impetraret.
1031 5021 1140 5078 Sed
1173 5023 1218 5078 is
1240 5022 1468 5094 pulchre
1495 5025 1708 5094 lapsum
1740 5036 2030 5094 reparave-

433 5104 519 5150 rat
541 5109 724 5161 suum,
745 5105 868 5149 cum
887 5094 1216 5150 Ariminensi
1243 5092 1475 5150 concilio
1497 5092 1708 5150 summa
1725 5092 2026 5149 constantia

432 5181 716 5223 assensum
767 5180 926 5222 suum
969 5180 1032 5236 ac
1081 5165 1397 5236 sulfragium
1431 5167 1666 5236 negavit.
1701 5165 1817 5220 Non
1848 5164 2031 5234 itaque

430 5239 628 5294 mirum
655 5247 760 5304 est,
792 5237 836 5292 si
868 5238 936 5292 ab
956 5235 1440 5293 Ambrosiobeatte
1473 5235 1734 5294 memoria:
1763 5244 1926 5307 atque
1953 5237 2032 5290 uir

430 5311 661 5364 sanctior
688 5308 1016 5378 appelletur,
1041 5309 1258 5380 quando
1287 5325 1392 5364 non
1417 5309 1695 5366 absimiles
1718 5307 1946 5380 honoris
1968 5321 2032 5380 ac

431 5377 800 5436 venerationis
829 5379 1014 5436 titulos
1041 5377 1280 5437 meruita
1307 5381 1508 5438 Basilio
1525 5381 1720 5449 Magno
1749 5381 1908 5449 epiSt.
1937 5377 2026 5444 74;

432 5451 500 5508 ab
531 5453 830 5523 Epiphanio
873 5451 1075 5509 Haeresi
1105 5452 1204 5516 75',
1249 5469 1373 5524 cap.
1417 5453 1484 5519 7;
1511 5467 1542 5507 a
1577 5453 1776 5510 Siricio
1809 5451 2029 5524 demum

435 5521 588 5591 epist.
635 5521 712 5579 ad
742 5525 945 5580 llimcr.
976 5524 1200 5582 Tarrac‘.
1221 5521 1347 5582 can.
1379 5529 1432 5584 1.
1465 5527 1614 5585 Obiit
1642 5535 1822 5578 autem
1871 5521 2038 5578 Libe-

441 5597 576 5658 rius,
603 5595 1135 5676 Barouiisententia,
1154 5615 1184 5676 γ
1214 5599 1334 5676 idus
1360 5601 1518 5676 Sept.
1541 5613 1633 5656 an.
1659 5596 2035 5676 5§7_.Aaliorum

441 5681 569 5721 vero
596 5668 996 5730 accuratiorum
1025 5689 1118 5730 vui
1160 5675 1272 5730 kal.
1315 5674 1509 5730 Octob.
1560 5686 1653 5726 an.
1701 5668 1844 5734 566,
1881 5668 2036 5733 cuius

444 5752 640 5792 numen
672 5739 726 5793 in
773 5741 1139 5802 additionibus
1179 5745 1245 5800 ad
1287 5741 1616 5808 Usuardum,
1651 5741 1809 5796 Beda:
1831 5749 2032 5808 marty-

451 5810 683 5890 rolugio,
711 5827 811 5868 nec
837 5830 945 5890 non
963 5820 1028 5890 in
1053 5833 1120 5874 eo
1147 5818 1295 5890 quod
1316 5832 1350 5890 ra
1389 5815 1758 5870 Vandelbcrto
1787 5811 2034 5869 versibus

440 5882 714 5956 scriptum
745 5885 926 5942 me
954 5882 1233 5964 Spicilegii
1261 5889 1467 5948 editum
1489 5894 1595 5956 est,
1625 5902 1681 5942 ιη
1715 5893 2038 5942 sanctorum

2148 3314 2380 3362 matrem
2407 3320 2668 3375 corpore.
2700 3305 2903 3361 virtute
2933 3305 3134 3360 referat
3172 3315 3400 3376 patrem.
3433 3304 3766 3377 Unigeuitns

2149 3396 2202 3452 in
2235 3398 2418 3460 terris,
2470 3397 2782 3470 uuigeuitus
2813 3398 2867 3452 in
2889 3396 3031 3454 coelo
3060 3414 3074 3451 :
3102 3397 3252 3454 Deus
3290 3413 3354 3454 ex
3392 3397 3532 3466 Deo,
3564 3410 3768 3468 partus

2149 3507 2212 3548 ex
2243 3490 2456 3561 virgine
2490 3509 2503 3545 :
2531 3491 2742 3562 justitia
2773 3490 2841 3546 de
2871 3490 3056 3558 Patre,
3085 3491 3258 3546 virtus
3294 3491 3362 3546 de
3387 3500 3636 3564 potente,
3667 3493 3762 3547 lu-

2150 3599 2273 3638 men
2302 3597 2367 3638 ex
2397 3582 2601 3638 lumine
2633 3600 2647 3638 :
2691 3598 2800 3638 non
2833 3582 3010 3652 impar
3036 3579 3376 3653 generantis,
3427 3597 3536 3638 non
3568 3593 3766 3653 potes-

2150 3687 2264 3734 tate
2293 3679 2591 3735 discretus:
2617 3693 2723 3733 non
2757 3675 2922 3733 Verbi
2948 3676 3298 3744 extensione,
3321 3683 3416 3732 aut
3447 3677 3765 3748 prolatione

2149 3769 2435 3836 confusus,
2473 3780 2496 3808 ε
2521 3779 2578 3825 ut
2602 3785 2724 3825 cum
2755 3768 2916 3825 Patre
2947 3768 3172 3837 mixtus,
3203 3768 3298 3825 sed
3327 3779 3382 3824 ut
3410 3783 3440 3824 a
3464 3768 3628 3826 Patre
3655 3786 3762 3842 ge-

2153 3863 2450 3919 nerationis
2497 3861 2623 3932 jure
2677 3860 2970 3917 distinctus
3015 3863 3128 3918 sit:
3175 3861 3293 3932 ipse
3345 3871 3431 3917 est
3477 3862 3760 3918 fraternus

2151 3965 2296 4022 tuus,
2328 3957 2449 4013 sine
2470 3971 2578 4030 quo
2609 3971 2712 4012 nec
2734 3956 2998 4022 scelestis,
3033 3971 3132 4011 nec
3158 3956 3389 4021 marina,
3421 3970 3520 4010 nec
3553 3965 3761 4013 terres—

2147 4050 2275 4118 tria,
2305 4052 2610 4106 consislunt
2641 4048 2817 4124 (Cant.
2843 4065 2896 4116 v,
2927 4050 3004 4119 1).
3037 4033 3273 4104 Verbum
3304 4049 3478 4104 Patris
3501 4050 3712 4106 bonum
3737 4093 3759 4118 ,

2151 4142 2295 4214 quod
2320 4153 2437 4200 erat
2459 4185 2474 4210 ,
2498 4142 2674 4216 inquit
2691 4185 2706 4209 ,
2735 4144 2789 4198 in
2817 4143 3072 4216 principio
3092 4159 3111 4197 :
3143 4143 3310 4199 babes
3331 4143 3448 4213 ejus
3475 4145 3757 4200 a'lernita-

2149 4243 2282 4292 teut.
2305 4233 2376 4314 Et
2402 4245 2534 4302 erat,
2565 4235 2762 4306 inquit,
2790 4235 2932 4309 apud
2962 4233 3174 4290 Patrem
3204 4234 3384 4306 (Joan.
3412 4249 3453 4301 ι,
3481 4235 3502 4289 1
3526 4245 3578 4290 et
3591 4237 3755 4308 seq.):

2149 4333 2319 4390 babes
2360 4330 2712 4386 indiscretam
2742 4345 2773 4384 a
2799 4329 3557 4401 Patre,.inseparabilemque
3579 4331 3762 4386 virtu-

2145 4435 2277 4483 tem.
2328 4422 2399 4480 Et
2423 4421 2564 4478 Deus
2611 4433 2722 4478 erat
2765 4421 2981 4478 Verbum
3009 4437 3028 4476 :
3059 4421 3228 4478 babes
3270 4419 3576 4493 ingenitam
3631 4422 3760 4494 ejus

2065 4598 2120 4660 D
2147 4589 2662 4656 Albofdescribitur.

2213 4659 2240 4701 b
2272 4659 2520 4732 Adverte
2569 4661 2946 4731 antiquitatem
2991 4669 3241 4717 votorum
3291 4655 3506 4732 publice
3541 4677 3760 4716 nuncu-

2137 4731 2464 4804 pandorum,
2488 4732 2632 4802 quod
2663 4747 2794 4788 sane
2843 4747 2954 4787 non
2997 4733 3116 4788 sine
3139 4731 3465 4804 quibusdam
3500 4747 3757 4788 ceremo-

2139 4803 2242 4858 itiis
2266 4803 2647 4878 peragebatur.
2677 4803 2790 4878 Hoc
2821 4804 3074 4860 videntur
3090 4803 3759 4878 agnuscereﬁlagdebur-

2134 4874 2334 4945 gemes
2356 4875 2604 4944 plut-ibus
2633 4875 2789 4940 locis,
2814 4885 2868 4928 at
2895 4874 3170 4946 prmciptfe
3195 4875 3355 4939 Cent,
3389 4874 3444 4936 4,
3477 4891 3528 4930 c.
3555 4875 3610 4940 7,
3651 4877 3743 4930 ubi

2135 4946 2490 5002 consecrandi
2537 4947 2790 5002 inultachi
2837 4946 3000 5001 ritum
3046 4961 3077 5002 e
3127 4947 3368 5018 Dionysii
3422 4947 3752 5002 Hierarchia

2138 5020 2401 5074 referunt.
2434 5018 2612 5074 Habes
2641 5019 2803 5073 etiam
2833 5018 2972 5086 apud
3001 5018 3204 5074 Manili.
3252 5017 3306 5072 in
3357 5017 3752 5089 antiquissimo

2139 5090 2386 5146 Lection.
2434 5091 2638 5144 veteris
2681 5090 2938 5155 Liturgize
2983 5089 3178 5146 Gallic.
3234 5091 3330 5146 lib.
3373 5105 3444 5155 ιι,
3476 5105 3599 5150 can.
3635 5089 3753 5146 76:.

2141 5162 2383 5232 Legenda
2403 5161 2456 5214 in
2481 5161 2738 5217 selatione
2758 5162 3056 5230 uirginum;
3085 5163 3210 5217 item
3235 5163 3289 5216 iu
3317 5161 3520 5216 Missal.
3545 5161 3751 5217 Franc.

2140 5233 2236 5304 lib.
2273 5247 2364 5299 Ill,
2415 5247 2536 5300 cap.
2570 5233 2636 5289 l0
2663 5250 2676 5286 :
2705 5232 2900 5304 Bened.
2925 5249 3078 5304 super
3113 5234 3374 5304 virgines;
3405 5243 3459 5288 et
3480 5248 3606 5302 cap.
3633 5233 3698 5289 11
3736 5251 3753 5287 :

2138 5303 2334 5376 Bened.
2374 5305 2573 5358 uestiui.
2628 5303 2819 5359 uidete.
2855 5303 2995 5359 Vide
3029 5303 3250 5376 quoque
3291 5304 3456 5374 Greg.
3491 5305 3724 5360 Sacram

2142 5391 2262 5446 pag.
2297 5375 2403 5431 175
2425 5383 2483 5430 et
2510 5389 2629 5444 seq.
3052 5375 3059 5376 ⁷
3164 5375 3171 5376 ⁷

2217 5459 2238 5486 ο
2283 5447 2372 5504 Sic
2415 5461 2607 5502 omnes
2650 5446 2783 5502 edit.
2837 5460 2958 5502 cum
3003 5462 3136 5502 mss.
3171 5446 3425 5516 aliquot:
3483 5447 3580 5502 alii
3615 5463 3753 5504 veru

2146 5521 2351 5593 plures,
2375 5529 2428 5574 ut
2449 5535 2566 5574 eum
2591 5518 2754 5593 Patre
2783 5519 2993 5574 mixtus.
3023 5557 3038 5571 .
3067 5558 3080 5571 .
3099 5517 3381 5593 distinctus
3405 5519 3473 5572 sit
3499 5533 3754 5593 persona,

2144 5587 2338 5647 unitate
2361 5595 2606 5662 confusus
2636 5592 2838 5665 (unus.
2887 5590 3342 5665 peream-unitate
3355 5587 3662 5665 confusus)
3692 5601 3752 5665 ut

2141 5667 2290 5720 ambo
2317 5660 2480 5734 mlunt
2499 5704 2512 5724 ,
2545 5660 2882 5734 non'tttet'que
2910 5677 3043 5734 unus
3089 5661 3184 5728 sil;
3225 5660 3574 5728 indifferentis
3601 5662 3756 5734 (qui-

2143 5737 2290 5799 dam,
2323 5732 2709 5804 indifferenter)
2757 5732 2897 5806 enim,
2941 5733 3052 5806 ipse
3099 5742 3175 5787 est
3206 5735 3468 5806 fraternus
3497 5732 3744 5790 tuus'.’At

2143 5806 2339 5863 borum
2365 5806 2620 5875 pleraque
2653 5815 2760 5862 tam
2787 5805 3008 5877 sapiunt
3035 5804 3531 5877 interpolatiunem,
3577 5820 3750 5876 quam

2136 5877 2281 5953 quod
2308 5877 2560 5934 maxime.
