4054 6306
239 352 332 408 ιιι
1444 348 1528 403 DE
1573 327 1966 407 VIR'GINIBUS
2005 347 2136 406 LIB.
2177 349 2264 406 ut.

3414 349 3524 406 92-2

239 468 602 535 divinitatem;
657 467 722 524 de
749 465 1069 538 compendio
1097 461 1237 521 enim
1287 461 1379 519 tibi
1414 461 1547 519 ﬁdes
1573 471 1655 519 est
1686 463 1823 519 hau-
1848 467 1897 528 Α
1931 465 2090 520 uices
2113 463 2438 522 erubescere
2461 464 2661 537 solent)
2681 480 2864 522 amare
2897 465 3071 537 potuit
3103 482 3207 520 non
3233 466 3528 520 amantem.

234 562 440 618 rienda.

302 658 358 711 5.
389 654 566 722 llunc,
596 654 724 719 ﬁlia,
755 653 940 724 dilige,
971 651 1092 720 quia
1121 650 1296 706 bonus
1317 657 1399 704 est
1425 666 1438 704 :
1473 648 1638 704 Nemo
1678 647 1826 704 enim

235 749 393 804 bonus
443 749 546 802 nisi
599 765 732 802 unus
759 745 900 802 Deus
926 746 1075 820 (Luc.
1112 760 1267 808 xvut,
1304 742 1412 816 t9).
1441 743 1496 800 Si
1529 744 1674 798 enim
1717 757 1824 798 non

234 842 510 898 dubitatur
549 842 674 912 quia
703 840 845 894 Deus
870 839 1060 906 Filius,
1111 839 1254 894 Deus
1285 846 1465 892 autem
1498 836 1672 891 bonus
1699 844 1781 892 est
1808 853 1822 890 :

231 938 414 1008 utique
440 936 595 1008 175
623 949 728 988 nou
758 933 1055 996 dubitatur,
1088 931 1210 1002 quia
1251 931 1396 986 Deus
1425 931 1598 985 bonus
1627 928 1820 984 Filius.

232 1030 384 1086 llunc
406 1070 420 1094 ,
475 1030 693 1098 inquam
719 1067 735 1094 ,
778 1027 965 1096 dilige.
997 1025 1115 1095 Ipse
1137 1033 1220 1081 est
1249 1040 1407 1095 quem
1442 1023 1600 1078 Pater
1635 1022 1822 1093 genuit

230 1132 354 1178 ante
408 1122 740 1188 Luciferum,
796 1135 854 1178 ut
883 1133 1186 1178 a-ternum:
1233 1137 1299 1177 ex
1341 1130 1496 1176 utero
1543 1119 1826 1192 generavit

231 1218 400 1291 (Psal.
433 1203 543 1283 Cu,
575 1219 664 1288 5),
695 1227 752 1273 ιιι
784 1216 978 1272 Filium
1011 1235 1023 1272 :
1052 1233 1118 1272 ex
1152 1216 1316 1272 corde
1346 1215 1614 1271 eructavit
1643 1213 1817 1287 (Psal.

233 1329 378 1380 sur,
408 1312 444 1366 2
469 1317 518 1381 ),
579 1320 637 1366 ιιι
680 1311 940 1368 Verbum.
989 1311 1110 1382 Ipse
1154 1321 1239 1367 est
1270 1312 1321 1365 in
1353 1326 1459 1381 quo
1496 1307 1826 1380 complacuit

229 1403 640 1475 PalertMatth.
674 1420 814 1472 xvtt,
860 1402 966 1475 5):
1004 1407 1119 1473 ipse
1164 1414 1242 1459 est
1277 1403 1453 1458 Patris
1505 1401 1819 1467 brachium,

225 1503 345 1575 quia
376 1513 590 1558 creator
615 1511 700 1558 est
719 1502 962 1557 omnium
989 1520 1002 1557 :
1029 1501 1207 1556 Patris
1223 1500 1486 1571 sapientia
1515 1499 1742 1573 (Cotoss.
1760 1513 1819 1564 ιι,

225 1597 303 1668 5),
330 1597 456 1668 quia
489 1613 558 1652 ex
586 1597 680 1652 Dei
711 1611 808 1652 ore
841 1596 1105 1666 processit
1133 1613 1146 1648 :
1174 1595 1352 1650 Patris
1380 1596 1548 1649 virtus
1574 1593 1717 1663 (Cor.
1766 1610 1818 1658 ι,

225 1690 312 1762 30)
333 1731 349 1758 ,
381 1691 506 1762 quia
555 1689 856 1746 divinitatis
889 1691 942 1746 in
969 1705 1036 1746 eo
1062 1689 1424 1760 corporaliter
1455 1687 1659 1742 habitat
1708 1687 1822 1758 ple-

224 1786 430 1840 nitudo.
471 1785 645 1853 Quem
698 1785 859 1841 Pater
902 1787 970 1840 ita
997 1785 1212 1856 diligit,
1261 1784 1398 1838 utin
1454 1784 1577 1838 sinu
1609 1792 1815 1853 portet,

1928 557 2036 614 Sed
2057 557 2292 614 habeant
2319 574 2412 629 per
2441 575 2527 616 me
2561 557 2685 614 licet
2717 559 2911 614 fabula:
2951 576 3062 614 sua!
3103 560 3484 613 auctoritatem
3513 575 3528 625 ;

1928 653 2058 724 quia
2085 652 2213 707 licet
2242 654 2534 708 scelestum
2567 660 2874 721 utrutuque,
2923 651 3102 706 minus
3135 659 3315 706 tamen
3347 652 3416 704 sit
3442 651 3532 721 ju-

1926 763 2117 803 venem
2144 763 2333 803 amore
2349 747 2610 803 adultera:
2637 749 2714 802 sic
2743 748 3002 818 ﬂagrasse
3033 757 3088 801 ut
3115 747 3336 816 periret,
3365 760 3526 818 quam

1929 839 2100 906 duos,
2162 851 2220 895 ut
2273 842 2373 911 ipsi
2406 842 2615 907 dicunt,
2649 842 2779 896 deos
2825 841 2891 895 de
2934 839 3204 895 adulterio
3236 853 3481 895 certasse
3513 857 3525 896 :

1923 933 2112 991 Jovem
2141 943 2320 990 autem
2373 933 2616 990 dolorem
2666 935 2961 990 scortautis
2994 933 3121 989 ﬁlia:
3171 935 3222 988 in
3257 934 3529 990 medicum

1926 1028 2232 1084 vindicasse
2263 1029 2497 1084 adulteri
2523 1071 2537 1094 ,
2581 1028 2726 1099 quod
2758 1029 2875 1100 ejus
2904 1031 3110 1084 curarit
3154 1027 3404 1090 vulnera,
3438 1030 3529 1100 qui

1925 1123 2148 1180 Dianam
2178 1125 2230 1178 in
2262 1125 2412 1179 silvis
2429 1124 2839 1190 adulteraverit,
2869 1131 3200 1180 venatricem
3225 1141 3354 1181 sane
3381 1126 3526 1196 opti-

1926 1233 2066 1274 mam
2093 1235 2199 1274 non
2224 1217 2488 1285 ferarum,
2508 1220 2605 1275 sed
2631 1218 2938 1286 libidinum,
2957 1218 3051 1274 sed
3077 1218 3312 1274 ferarum
3336 1218 3526 1286 etiam,

1934 1323 1991 1368 ut
2022 1313 2164 1367 nuda
2187 1321 2493 1368 venaretur.

2003 1408 2161 1482 176
2197 1409 2248 1462 7.
2287 1407 2422 1463 Dent
2455 1407 2614 1479 igitur
2652 1408 2905 1478 Neptuno
2934 1408 3267 1464 dominatunt
3302 1407 3528 1475 luroris,

1925 1511 1981 1558 ut
2017 1511 2267 1558 astruant
2299 1502 2505 1558 crimen
2539 1503 2734 1558 inceSti
2777 1503 3002 1558 amoris.
3039 1502 3174 1558 Dent
3214 1503 3398 1559 Diana:
3443 1520 3532 1560 rc-

1920 1610 2084 1667 gnum
2119 1597 2171 1652 in
2203 1595 2354 1652 silvis
2379 1611 2515 1668 quas
2547 1597 2853 1662 incolebat,
2908 1607 2965 1651 ut
3000 1599 3328 1652 conﬁrment
3353 1597 3526 1652 fadnl-

1923 1689 2122 1744 terium
2149 1689 2292 1759 quod
2312 1688 2554 1760 gerebat.
2588 1689 2724 1744 Dent
2745 1687 3059 1761 [Esculapio
3081 1690 3224 1759 quod
3249 1702 3522 1746 mortuum

1922 1784 2318 1850 relurntaverit,
2341 1783 2634 1839 dummodo
2661 1785 3025 1854 proﬁteantur
3041 1786 3183 1856 quod
3214 1786 3527 1842 fulminatus

222 1877 286 1932 ad
331 1877 615 1933 dexteram
644 1878 812 1944 locet,
860 1889 917 1932 ut
950 1876 1274 1948 sapientiam
1314 1875 1526 1942 discas,
1560 1876 1815 1931 virtutem
1846 1865 1894 1926 Β
1923 1878 2039 1949 ipse
2067 1893 2174 1934 non
2205 1879 2463 1936 evaserit.
2494 1879 2637 1935 Dent
2669 1883 2836 1936 etiam
2867 1879 2988 1936 Jovi
3023 1880 3247 1937 fulmina
3272 1898 3392 1951 quze
3418 1897 3524 1936 non

221 1983 459 2025 noveris.

289 2063 342 2119 6.
385 2062 445 2118 Si
471 2063 634 2134 igitur
661 2066 832 2118 virtus
857 2062 953 2118 Dei
984 2060 1254 2128 Christus,
1290 2057 1550 2130 numquid
1577 2058 1816 2130 aliquan-

220 2159 288 2216 do
317 2162 438 2216 sine
470 2159 673 2216 virtute
697 2158 876 2214 Deus?
912 2157 1181 2230 Numquid
1214 2157 1506 2230 aliquando
1531 2156 1647 2211 sine
1678 2154 1816 2210 Filio

218 2253 412 2311 Pater?
439 2254 498 2310 Si
530 2269 746 2327 semper
768 2252 953 2324 ntique
979 2249 1158 2317 Pater,
1189 2252 1373 2322 utique
1404 2265 1621 2320 semper
1645 2258 1699 2304 et
1727 2247 1818 2302 Fi-

217 2348 336 2404 lius.
370 2347 609 2403 Perleeti
659 2363 789 2418 ergo
823 2349 986 2419 patris
1026 2346 1294 2417 perlectus
1334 2354 1417 2400 est
1443 2344 1633 2399 Filius.
1681 2341 1812 2396 Nam

219 2444 305 2514 qui
355 2442 546 2497 virtuti
593 2442 850 2514 derogat,
903 2443 954 2497 ei
999 2441 1259 2512 derogat,
1314 2439 1468 2509 cnjus
1499 2448 1578 2493 est
1622 2438 1813 2491 virtus.

219 2535 651 2607 lnzrqualitatem
678 2552 785 2591 non
818 2535 1007 2606 recipit
1050 2535 1289 2607 perlecta
1320 2535 1591 2588 divinitas.
1643 2532 1815 2601 Dilige

219 2628 396 2697 igitur,
429 2645 595 2700 quem
619 2627 778 2684 Pater
810 2628 1021 2700 diligit:
1053 2627 1369 2690 honoriﬁca,
1395 2643 1552 2696 quem
1587 2625 1813 2678 honori-

221 2720 340 2776 ﬁcat
368 2721 572 2777 Pater:
631 2722 730 2790 Qui
763 2724 906 2778 enim
953 2740 1054 2776 non
1105 2721 1423 2790 honoriﬁcat
1453 2718 1675 2784 Filium,
1711 2737 1814 2775 non

226 2816 536 2888 honoriﬁcat
572 2815 801 2871 Patrem.
824 2816 890 2870 Et
915 2817 1002 2885 qui
1030 2825 1180 2886 negat
1213 2813 1432 2880 Filium,
1461 2831 1553 2867 nec
1601 2811 1818 2868 Patrem

221 2909 364 2964 habet
397 2908 585 2980 (Joau.
617 2926 669 2976 v,
689 2909 804 2981 25).
837 2908 962 2964 Haec
981 2918 1236 2980 quantum
1268 2907 1336 2962 ad
1369 2906 1550 2962 ﬁdem.

833 3023 1064 3080 CAPUT
1103 3024 1168 3078 ΙΙ.

231 3135 448 3210 Virginis
474 3138 842 3194 institutionem
881 3138 1199 3211 aggreditur,
1247 3153 1360 3209 quae
1404 3138 1455 3192 in
1482 3147 1607 3211 potu
1636 3148 1682 3193 et
1704 3137 1815 3192 cibo

287 3233 417 3286 ratio
440 3233 717 3298 servanda,
757 3241 930 3302 etquo
955 3241 1104 3298 pacto
1135 3241 1305 3286 motus
1325 3231 1513 3285 (minus:
1543 3229 1815 3284 cohibendi
1841 3265 1886 3327 ρ

291 3328 406 3394 sint,
431 3327 737 3400 pracipiens
767 3343 786 3382 :
810 3341 912 3396 qua
943 3326 1212 3380 occasione
1236 3326 1322 3379 ubi
1353 3326 1646 3397 fabulosam
1681 3323 1816 3394 Hip-

296 3419 449 3489 polyti
477 3435 649 3473 necem
688 3436 748 3473 ac
774 3418 1160 3474 suscitationem
1190 3418 1364 3473 ntulit
1395 3419 1811 3491 suggillavitque,

297 3522 551 3581 postremo
577 3513 850 3567 calidiores
876 3527 1018 3568 escas
1047 3521 1093 3566 et
1124 3511 1352 3564 convivia
1385 3513 1595 3565 vitanda
1622 3523 1812 3567 monet.

293 3646 344 3701 5.
381 3645 484 3703 Sed
511 3647 777 3703 interdum
803 3648 966 3702 etiam
991 3661 1112 3700 cutn
1145 3645 1277 3701 ﬁdes
1303 3655 1412 3702 tuta
1445 3648 1535 3713 sit,
1557 3647 1813 3719 juventus

221 3750 464 3810 Suspecta
496 3747 601 3797 est.
639 3739 850 3795 Modico
882 3739 1062 3811 itaque
1085 3738 1210 3794 vino
1235 3751 1406 3802 utere,
1442 3757 1508 3795 ne
1532 3739 1813 3796 inﬁrmita-

220 3844 321 3888 tem
351 3836 596 3903 eorporis
625 3850 845 3906 augeas,
879 3852 983 3889 non
1012 3846 1066 3890 ut
1089 3835 1420 3906 voluptatem
1456 3837 1696 3902 excites;
1731 3836 1813 3892 itt-

217 3927 450 3983 cendunt
498 3930 644 3984 enim
695 3929 896 3998 pariter
922 3929 1062 3996 duo,
1117 3928 1297 3982 vinum
1338 3937 1389 3982 et
1419 3927 1807 3984 adolescentia.

215 4024 492 4081 lutrenent
539 4025 704 4080 etiam
734 4033 976 4079 teneram
1027 4034 1241 4079 aetatem
1271 4023 1498 4094 jejunia,
1544 4033 1599 4079 et
1632 4025 1810 4094 parci-

218 4120 391 4174 monia
423 4121 530 4174 cibi
561 4117 875 4173 retinaculis
904 4116 1226 4188 quibusdam
1254 4115 1541 4172 indomitas
1561 4115 1816 4174 cohibeat

217 4216 562 4288 cupiditates.
620 4214 779 4271 Ratio
817 4227 1056 4280 revocet,
1115 4215 1322 4288 mitiget
1345 4231 1491 4286 Spes,
1522 4201 1814 4286 restringat

218 4317 415 4364 metus.
461 4303 598 4364 Nam
645 4307 736 4379 qui
785 4307 1056 4363 moderari
1099 4309 1272 4364 nescit
1302 4307 1724 4378 cupiditatibus,
1765 4306 1811 4362 is

217 4403 347 4458 sicut
387 4403 548 4474 equis
603 4411 844 4474 raptatus
894 4402 1198 4470 indomitis,
1229 4403 1485 4469 volvitur,
1517 4403 1808 4471 obteritur,

216 4494 467 4562 laniatur,
503 4493 779 4566 afﬂigitur.

281 4587 334 4642 6.
375 4587 536 4656 Quod
591 4586 881 4658 aliquando
913 4593 939 4624 ⁸
985 4587 1172 4658 juveni
1213 4587 1283 4642 ob
1331 4603 1573 4642 amorem
1628 4581 1810 4644 Diana:

1922 1973 2131 2039 habuit,
2163 1983 2221 2029 ut
2241 1973 2606 2030 testiﬁcentur
2630 1990 2750 2046 quae
2779 1975 2972 2030 habuit
3001 1975 3318 2047 opprobria.
3353 1975 3461 2033 Sed
3492 1991 3524 2031 a

1919 2066 2116 2121 fabulis
2141 2059 2206 2122 ad
2233 2066 2567 2137 pr0positum
2593 2077 2959 2123 revertamur.

1990 2161 2043 2216 8.
2088 2160 2241 2216 Escis
2281 2179 2498 2232 quoque
2529 2162 2785 2217 onmibus
2830 2178 2954 2234 qua:
2985 2163 3208 2234 gignant
3257 2161 3519 2219 membris

1919 2251 2196 2321 calorem,
2233 2269 2395 2323 parce
2435 2254 2692 2309 utendum
2726 2265 2897 2325 puto;
2947 2271 3138 2311 carnes
3179 2257 3322 2310 enim
3351 2255 3518 2310 etiam

1919 2348 2130 2419 aquilas
2183 2348 2433 2404 volantes
2483 2348 2782 2419 deponunt.
2834 2348 2890 2404 In
2938 2349 3092 2404 vobis
3139 2365 3353 2420 quoque
3402 2349 3520 2406 ales

1918 2441 2148 2496 interior
2180 2441 2267 2495 illa
2292 2483 2306 2506 ,
2357 2441 2426 2496 de
2455 2457 2558 2511 qua
2590 2443 2816 2513 legimus
2846 2461 2858 2496 :
2908 2439 3257 2497 chorabitnr
3303 2440 3328 2479 ι)
3375 2441 3507 2496 sicut

1917 2536 2092 2607 aquila
2115 2537 2361 2605 juventus
2390 2547 2475 2590 tua
2509 2533 2682 2607 (Psal.
2716 2552 2820 2602 Cll,
2847 2536 2927 2607 5),
2964 2547 2983 2574 ε
3020 2536 3251 2590 sublime
3285 2544 3474 2590 tenens
3498 2574 3514 2600 ,

1916 2629 2162 2699 virgineo
2184 2643 2397 2699 pra-pes
2418 2627 2622 2693 volatu,
2651 2627 2944 2696 superﬂuae
2975 2628 3155 2683 carnis
3188 2626 3394 2682 neseiat
3417 2641 3516 2700 ap-

1917 2723 2236 2794 petentiam.
2303 2713 2686 2779 Conviviorum
2753 2721 3062 2779 devitanda:
3130 2722 3516 2788 celebritates,

1915 2817 2186 2890 fugienda:
2217 2816 2588 2872 salutationes.

2514 2931 2744 2990 CAPUT
2783 2931 2872 2989 ΙΙΙ.

1921 3051 2175 3106 Hortatur
2201 3050 2270 3104 ad
2300 3051 2574 3125 fugiendas
2621 3051 2958 3112 visitationes,
2989 3049 3058 3104 ad
3083 3048 3392 3104 servandum
3416 3064 3517 3119 pu-

1988 3147 2192 3209 dorem,
2238 3161 2330 3200 net:
2381 3161 2483 3198 non
2521 3144 2588 3197 ad
2635 3142 2896 3198 silentium
2949 3140 3183 3212 exemplo
3213 3140 3401 3195 Maria:
3430 3157 3520 3208 per

1989 3241 2348 3312 mysteriorum
2391 3237 2788 3292 celebrationem
2819 3234 3150 3306 prrrbendunt
3183 3250 3201 3290 :
3253 3250 3312 3287 ea
3348 3234 3518 3306 gratia

1990 3333 2182 3388 ethnici
2227 3331 2567 3386 adolescentis
2609 3331 2779 3399 facta,
2835 3339 2881 3382 et
2934 3328 3140 3397 profani
3174 3337 3335 3395 poeta:
3379 3325 3518 3379 dicto

1987 3428 2304 3494 memoratis,
2352 3427 2514 3480 sancti
2548 3423 2830 3496 cujusdam
2874 3422 3162 3478 sacerdotis
3206 3422 3515 3476 miraculum

1986 3520 2246 3594 adjungit.

1987 3658 2041 3713 9.
2084 3657 2234 3730 lpsas
2260 3655 2598 3712 visitationes
2630 3654 2683 3710 in
2726 3651 3035 3725 junioribus
3065 3668 3187 3709 esse
3244 3653 3518 3722 parciores

1916 3752 2059 3820 vnio,
2104 3751 2148 3807 si
2192 3750 2330 3806 forte
2359 3749 2714 3806 deferendum
2743 3750 2810 3802 sit
2843 3746 3160 3814 parentibus
3183 3755 3272 3800 aut
3296 3743 3520 3815 aequali-

1916 3843 2036 3900 bus.
2085 3843 2301 3899 Teritur
2344 3843 2488 3897 enim
2521 3841 2718 3897 olliciis
2769 3841 2961 3910 pudor,
2994 3839 3221 3894 audacia
3269 3836 3514 3903 emicat,

1917 3939 2060 3992 risus
2092 3933 2376 4008 subrepit,
2433 3936 2699 3992 modestia
2739 3935 2971 3990 solvitur
2997 3977 3012 3998 ,
3064 3934 3192 3988 dum
3235 3932 3520 3987 aﬂ'ectatur

1916 4027 2230 4086 urbanitas:
2286 4029 2635 4099 interroganti
2673 4044 2777 4081 non
2836 4025 3189 4098 respgndere,
3243 4025 3465 4107 infantia
3503 4041 3516 4077 :

1915 4122 2270 4193 respondere,
2297 4121 2474 4176 fabula
2502 4130 2607 4176 est.
2643 4121 2842 4174 Deesse
2875 4118 3036 4189 igitur
3064 4133 3370 4173 sermonem
3404 4118 3516 4170 vir-

1913 4215 2049 4287 gini,
2078 4233 2236 4286 quam
2269 4230 2557 4285 superesse
2583 4215 2789 4269 malim.
2820 4211 2952 4267 Nam
2989 4212 3033 4266 si
3062 4211 3318 4266 mulieres
3350 4209 3515 4265 etiam

1915 4307 1986 4364 de
2010 4308 2176 4364 rebus
2226 4303 2423 4361 divinis
2453 4305 2504 4360 itt
2535 4303 2782 4361 Ecclesia
2829 4304 3090 4375 jubentur
3132 4310 3342 4367 tacere,
3371 4303 3519 4358 (lt-ml

1914 4402 2061 4456 viros
2087 4415 2214 4455 snos
2241 4401 2578 4470 interrogare
2610 4398 2650 4470 (Ι
2673 4397 2793 4453 Cor.
2818 4414 2926 4463 xw,
2956 4397 3050 4468 54)
3078 4413 3090 4449 :
3124 4395 3192 4451 de
3221 4393 3520 4465 virginibus

1914 4495 2041 4568 quid
2073 4491 2290 4550 cautum
2324 4491 2572 4564 putamus
2601 4533 2614 4558 ,
2650 4495 2704 4546 in
2751 4491 2947 4563 quibus
2980 4491 3153 4560 pudor
3179 4498 3342 4544 ornat
3386 4496 3518 4544 aeta-

1916 4598 2047 4652 tem,
2083 4586 2422 4644 taciturnitas
2451 4585 2798 4641 Commendat
2828 4581 3132 4654 pudorem?

287 4635 333 4642 --
380 4635 536 4656 κη--
592 4635 877 4658 --.Ἵππη
985 4635 1172 4658 ,.-.-.--
1217 4635 1280 4642 ν-
1629 4635 1810 4644 mm...
2084 4635 2421 4644 --.-_._-__.___-
2456 4635 2797 4641 -..___-_----_a_
2829 4635 2932 4654 ra-

213 4681 506 4753 contigisse
537 4682 803 4751 proditur.
823 4681 928 4740 Sed
962 4683 1187 4752 poeticis
1215 4681 1510 4738 mendaciis
1532 4682 1810 4738 coloratur
1843 4635 1892 4712 θ
1991 4681 2079 4738 it).
2121 4681 2203 4735 An
2239 4694 2369 4734 vero
2425 4679 2697 4732 mediocre
2755 4673 2977 4747 pudoris
3021 4675 3332 4744 exemplum
3383 4682 3468 4728 est
3495 4715 3510 4740 ,

216 4771 390 4828 fabula
419 4816 433 4840 ,
463 4785 523 4829 ut
560 4774 836 4844 Neptunus
860 4775 1063 4846 praelati
1099 4775 1280 4830 rivalis
1309 4774 1497 4831 dolore
1530 4775 1805 4845 incitatus,

213 4869 364 4936 equis
396 4869 613 4924 dicatur
641 4867 882 4924 furorem
927 4867 1240 4932 immisisse,
1300 4885 1408 4940 quo
1461 4869 1579 4939 ejus
1617 4885 1808 4939 magna

213 4962 451 5028 potentia
487 4961 833 5030 prredieetur,
860 4961 1002 5030 qttod
1027 4961 1281 5031 juvenem
1304 4976 1410 5015 non
1434 4961 1630 5015 virtute
1654 4961 1805 5026 vicit,

213 5055 304 5109 sed
338 5052 534 5109 fraude
559 5054 792 5126 decepit.
809 5053 964 5111 Unde
988 5057 1152 5111 etiam
1177 5055 1808 5128 sacriﬁciumqnotannis

212 5144 523 5201 instaurant
557 5146 758 5214 Dianae,
795 5158 850 5202 ut
871 5162 1042 5218 equus
1084 5145 1148 5201 ad
1177 5147 1293 5219 ejus
1324 5150 1636 5205 immoletur
1661 5167 1804 5207 aras.

1918 4775 2061 4847 quod
2089 4771 2334 4829 Rebecca
2384 4787 2506 4828 cum
2536 4772 2748 4826 veniret
2777 4769 2841 4824 ad
2877 4771 3113 4840 nuptias,
3171 4780 3223 4823 et
3255 4783 3514 4837 sponsum

1921 4872 2164 4935 vidisset,
2209 4869 2456 4924 velamen
2487 4868 2696 4936 accepit
2725 4863 2878 4936 (Gen.
2912 4880 3057 4930 xstv,
3081 4862 3174 4934 65)
3201 4880 3214 4929 ;
3266 4879 3332 4917 ne
3363 4867 3514 4933 prius

1914 4963 2209 5027 videretur,
2235 4977 2394 5033 quam
2419 4958 2777 5029 jungeretur?
2808 4959 2873 5013 Et
2897 4959 3081 5028 utique.
3104 4959 3328 5027 pulchra
3355 4957 3512 5025 virgo

1911 5074 2018 5114 non
2048 5057 2230 5112 decori
2265 5053 2474 5118 timuit,
2506 5053 2600 5108 sed
2644 5049 2856 5123 pudori.
2881 5050 3018 5120 Quid
3053 5049 3290 5115 Rachel;
3321 5065 3512 5114 quem-

1910 5151 2204 5206 admodum
2233 5144 2256 5183 δ
2292 5154 2509 5203 extorto
2551 5145 2771 5208 osculo,
2810 5143 2959 5200 ﬂevit
3001 5153 3056 5199 et
3103 5143 3355 5213 gemuit:
3413 5156 3514 5195 nec

210 5238 376 5304 Quam
406 5238 674 5311 virginem
707 5241 924 5304 dicunt,
955 5256 1076 5311 qua:
1107 5240 1127 5312 (
1155 5240 1206 5295 id
1238 5241 1380 5310 quod
1412 5243 1576 5297 etiam
1625 5260 1812 5302 mere-
1910 5250 2040 5303 ﬂere
2066 5245 2322 5310 desisset,
2347 5241 2446 5296 nisi
2480 5241 2786 5310 proximum
2807 5238 3151 5310 cognovisset
3173 5235 3330 5307 (Gen.
3353 5251 3511 5304 uix,

279 5385 304 5414 ⁸
345 5379 610 5434 Fabulam
661 5379 800 5433 hanc
831 5377 1222 5450 deiﬂippulyto
1254 5379 1342 5450 abi
1363 5379 1516 5446 equis
1559 5378 1800 5436 efferatis

208 5448 482 5518 discerpto
510 5451 668 5506 aliter
700 5457 883 5504 narrat
904 5449 1049 5519 Virg.
1087 5448 1159 5505 vit
1190 5449 1549 5515 lib.IEtteid.,
1577 5451 1800 5507 Servius.

211 5521 261 5603 in
289 5522 782 5648 eumdetit'librum
804 5564 820 5588 ,
849 5521 1007 5578 Ovid.
1040 5522 1132 5577 lib.
1171 5535 1242 5576 xv
1274 5521 1660 5593 Metamorplt.,
1698 5525 1808 5596 lly-

211 5606 362 5663 gtuus
396 5610 425 5649 e
479 5612 506 5646 a
539 5609 594 5646 II.

284 5663 310 5701 δ
350 5665 425 5719 Ita
457 5679 592 5718 mss.
619 5665 731 5722 lete
761 5665 826 5720 ad
853 5681 1046 5720 unum:
1071 5664 1314 5720 nonnulli
1341 5675 1519 5721 tamen
1541 5676 1591 5720 et
1622 5681 1811 5721 omnes

218 5733 374 5799 edit.,
405 5738 541 5789 sicut
571 5735 758 5806 aquila:
777 5739 1018 5807 juventus
1042 5747 1152 5791 tua.

299 5817 318 5845 ί
362 5807 738 5936 Mss._aliquot,
770 5808 976 5862 sublimi
996 5810 1181 5876 nitens,
1207 5810 1456 5881 uirgineo,
1477 5815 1808 5879 prtem-mete.

293 5878 318 5916 ιί
361 5878 555 5936 Versu:
631 5881 738 5936 ultr.
767 5889 820 5936 et
844 5880 964 5936 aliae
993 5897 1114 5936 cum
1147 5891 1295 5936 textu
1329 5880 1578 5936 Hebraeo.
1611 5881 1808 5936 oscula-

631 5881 738 5953 ulg.
767 5889 820 5937 et
844 5880 964 5937 alite
993 5897 1114 5937 cum
1147 5880 1298 5940 textu
1329 5880 1578 5948 Hebraeo,
1611 5881 1814 5936 oscula-

1909 5393 1989 5437 tus
2020 5391 2092 5436 est
2117 5395 2263 5444 eam;
2291 5387 2336 5431 et
2367 5377 2561 5431 elevata
2587 5391 2706 5429 voce
2735 5374 2894 5444 ﬂevit,
2926 5384 2972 5427 et
3003 5371 3252 5444 indicavit
3281 5373 3345 5444 ei,
3368 5381 3502 5444 etc.,

1916 5470 1948 5509 e
1979 5454 2174 5522 quibus
2199 5442 2380 5504 verbis
2408 5447 2552 5516 quod
2587 5447 2674 5502 hic
2714 5442 2781 5500 de
2806 5444 2938 5522 ﬂetu
2981 5443 3228 5522 pudicum
3261 5442 3392 5497 illud
3427 5459 3515 5497 os-

1917 5514 2099 5581 culum
2129 5514 2437 5576 consecuto
2458 5528 2734 5574 narratur.
2769 5516 3049 5583 eleganter
3084 5514 3301 5580 quidem
3335 5526 3386 5567 et
3417 5531 3516 5584 ap-

1921 5599 2094 5663 posite
2123 5594 2188 5648 ad
2220 5595 2498 5647 materiam
2519 5589 2772 5663 tribui_tur
2800 5585 3052 5646 Raclteli;
3083 5599 3205 5635 etttn
3242 5594 3419 5663 tamen
3447 5590 3515 5663 ad

1918 5658 2087 5724 ξιςιοοι)
2115 5664 2306 5720 referri
2356 5671 2626 5729 Oporteat.
2670 5659 2732 5712 Et
2763 5667 2912 5711 eet-te
2957 5664 3016 5707 ιιι
3065 5658 3432 5729 esset__altqua
3465 5659 3516 5715 in

1919 5739 2040 5795 aliis
2079 5735 2354 5792 idiomatis
2378 5725 2729 5798 atttbiguitas,
2780 5739 2966 5800 aperte
3002 5725 3143 5794 apud
3169 5725 3312 5782 LXX
3337 5728 3521 5800 legere

1921 5820 2026 5878 est,
2056 5814 2140 5866 καὶ
2169 5809 2367 5884 βοήσας
2393 5815 2456 5880 τῇ
2485 5813 2618 5881 φωνῇ
2660 5805 2843 5866 αὐτοῦ,
2873 5798 3104 5856 inlotum.
