4054 6306
516 276 626 340 223

1880 297 2128 358 SANG’I‘I
2163 300 2491 364 AMBROSII

3721 321 3823 378 221

512 395 602 466 11,
633 396 772 505 12η
801 397 881 507 ita
901 409 979 509 ft
1001 403 1224 476 pudoris
1244 408 1492 466 servavit
1520 409 1778 482 cilicium,
1811 421 1866 472 et
1895 416 2114 488 pietatis
2139 419 2192 482 Α
2217 418 2498 479 cumfusos
2544 423 2806 496 strepitus
2843 426 3138 498 quievisse.
3167 428 3341 490 Silent
3369 431 3533 506 igitur
3560 436 3822 509 paludes,

515 505 624 546 non
655 493 842 550 omisit
862 495 1142 555 allectum.
1175 501 1330 568 Quod
1357 504 1401 560 si
1433 503 1549 561 viro
1573 505 1770 563 dicitur
1795 526 1810 564 :
1853 509 2122 584 Virginem

517 597 582 638 ne
601 585 920 656 consideres,
949 605 1015 644 ne
1029 592 1240 656 quando
1255 595 1572 653 scandalizet
1593 607 1642 655 te
1667 598 1858 672 (Eccli.
1892 617 1968 668 Ix,
1999 603 2073 677 5)
2101 621 2118 673 ;

517 677 648 750 quid
689 678 980 738 dicendum
1011 695 1100 742 est
1129 696 1357 744 sacrate
1400 690 1630 760 virgini,
1685 709 1807 764 qua:
1846 695 1893 752 si
1931 706 2118 769 amet,

519 773 706 831 animo
733 785 946 847 peccat,
991 780 1037 836 si
1060 789 1295 850 amatur,
1327 794 1384 841 et
1413 785 1595 843 facto?

591 868 681 924 11.
724 869 958 930 Maxima
1001 881 1089 931 est
1109 877 1280 934 virtus
1325 881 1560 947 tacendi,
1597 887 1905 955 praesertim
1929 887 1982 945 in
2015 889 2122 947 Ec-

523 962 712 1020 clesia.
727 963 884 1024 Nulla
916 975 968 1025 te
987 967 1295 1028 divinarum
1313 976 1583 1033 sententia
1612 977 1778 1052 fugiet
1801 981 2120 1050 lectionum,

523 1056 570 1112 si
596 1073 787 1116 aurem
832 1061 1146 1134 admoveas,
1180 1083 1370 1125 vocem
1399 1085 1638 1142 premas.
1671 1073 1890 1132 Nullum
1929 1093 1998 1136 ex
2029 1095 2124 1137 ore

523 1150 750 1210 verbum
799 1155 944 1227 quod
986 1173 1248 1217 revocare
1276 1162 1432 1232 velis,
1460 1167 1706 1236 proferas
1746 1187 1760 1225 :
1787 1169 1884 1226 sed
1912 1171 2126 1241 parcior

520 1240 776 1315 loquendi
805 1247 1000 1307 fiducia
1030 1252 1122 1308 sit.
1151 1251 1449 1326 Copiosum
1476 1259 1680 1332 quippe
1701 1262 1754 1317 in
1778 1263 2124 1338 multiloquio

520 1345 825 1406 peccatum.
861 1341 1158 1401 Homicida:
1194 1345 1401 1405 dictum
1452 1360 1538 1408 est
1568 1369 1582 1407 :
1621 1352 1894 1423 Peccasti,
1921 1358 2126 1428 quiesce

521 1425 710 1523 (Prov.
741 1447 777 1487 ι
801 1474 814 1498 ,
847 1432 956 1507 19),
999 1451 1069 1494 ne
1095 1450 1345 1508 peccaret
1371 1444 1608 1514 amplius
1638 1463 1653 1501 :
1680 1447 1776 1503 sed
1806 1425 2007 1523 virgini
2036 1452 2123 1509 di-

521 1519 754 1577 cendum
782 1531 868 1580 est
897 1541 912 1578 :
953 1524 1208 1597 Quiesce,
1241 1547 1309 1588 ne
1335 1547 1554 1604 pecces.
1581 1519 1954 1597 Conservabat
1975 1543 2124 1602 enim

522 1613 710 1686 Maria,
746 1629 804 1675 ut
829 1619 1080 1693 legimus,
1123 1627 1308 1682 omnia
1351 1629 1404 1686 in
1435 1631 1603 1688 corde
1623 1647 1722 1689 suo
1743 1651 1862 1707 qua:
1890 1636 1956 1694 de
1985 1637 2126 1696 Filio

519 1707 840 1804 dicebantur
865 1713 1032 1786 (Luc.
1067 1733 1140 1787 ιι,
1189 1719 1334 1792 l9):
1367 1736 1423 1779 et
1453 1734 1509 1780 tu
1539 1741 1662 1782 cum
1695 1727 1896 1800 legitur
1923 1731 2126 1804 aliquid

520 1816 630 1873 quo
656 1801 910 1863 Christus
953 1818 1050 1865 aut
1096 1822 1359 1870 venturus
1393 1817 1550 1890 177
1574 1823 1932 1877 annuntiatur
1955 1864 1972 1892 ,
2014 1801 2126 1882 waut
2151 1819 2200 1882 B

525 1897 749 1955 venisse
792 1901 1139 1972 ostenditur;
1171 1908 1281 1964 noli
1310 1907 1608 1967 fabulando
1631 1913 1956 1986 obstrepere
1977 1959 1994 1988 ,
2025 1917 2124 1975 sed

519 1999 763 2049 mentem
791 1994 1044 2052 admove.
1077 1996 1160 2054 An
1184 1999 1482 2074 quidquam
1505 2013 1590 2059 est
1619 2004 1914 2078 indignius,
1961 2025 2125 2080 quam

521 2083 741 2140 oracula
783 2085 966 2143 divina
993 2089 1369 2166 circumstrepi
1390 2139 1406 2164 ,
1466 2111 1536 2152 ue
1574 2098 1884 2169 audiantur,
1911 2117 1981 2158 ne
2002 2117 2127 2159 cre-

522 2175 754 2250 dantur,
814 2196 885 2238 ne
924 2184 1240 2244 revelentur
1279 2208 1294 2244 :
1336 2189 1744 2249 circumsonare
1787 2206 2127 2252 sacramenta

531 2271 778 2330 confusis
824 2276 1050 2334 vocibus
1075 2319 1090 2344 ,
1147 2289 1205 2336 ut
1251 2281 1586 2355 impediatur
1611 2289 1788 2344 oratio
1830 2303 1930 2360 pro
1955 2289 2129 2348 salute

529 2372 557 2402 ι
579 2364 900 2440 deprompta
927 2371 1208 2430 omnium?

597 2459 688 2514 12.
729 2459 976 2519 Gentiles
1011 2463 1176 2522 idolis
1211 2467 1326 2524 suis
1362 2473 1729 2530 reverentiam
1765 2474 1996 2533 tacendo
2033 2477 2130 2534 de-

521 2549 724 2610 ferunt.
765 2554 923 2614 Unde
967 2558 1100 2616 illud
1142 2564 1450 2636 exemplum
1495 2567 1784 2638 proditur:
1814 2571 2128 2632 Alexandro

526 2646 868 2705 sacrillcante
908 2651 1265 2712 Macedonum
1297 2673 1450 2730 rege,
1497 2663 1786 2732 puerulum
1829 2665 2124 2725 barbarum

524 2738 618 2809 qui
649 2739 700 2794 ci
729 2739 910 2798 lumen
949 2747 1309 2818 accenderet,
1341 2751 1623 2823 excepisse
1655 2754 1832 2825 ignem
1857 2757 2088 2816 brachio
2109 2801 2125 2827 ,

525 2842 691 2905 atque
719 2834 912 2893 adusto
937 2853 1190 2912 corpore,
1215 2845 1482 2902 mansisse
1506 2847 1840 2907 immobilem
1859 2894 1874 2919 ,
1904 2868 2005 2910 nec
2024 2854 2126 2912 do-

527 2926 699 2984 lorem
722 2931 1028 3002 prodidisse
1049 2938 1276 3008 gemitu,
1301 2955 1403 2996 nec
1427 2943 1592 2998 tacito
1613 2959 1828 3015 poenam
1857 2947 2128 3005 indicasse

525 3021 678 3080 ﬂetu.
709 3024 881 3084 Tanta
925 3028 979 3084 in
1013 3045 1184 3101 puero
1215 3033 1450 3092 barbaro
1495 3035 1596 3092 fuit
1639 3037 1924 3110 disciplina
1966 3057 2126 3098 reve-

525 3117 752 3187 rentiae,
785 3128 843 3174 ut
881 3129 1076 3180 natura
1111 3126 1438 3182 vinceretur.
1478 3127 1654 3202 Atque
1693 3131 1784 3187 ille
1811 3148 1920 3188 non
1950 3133 2085 3191 deos
2109 3177 2125 3202 ,

2225 517 2475 576 homines
2513 535 2623 576 non
2663 522 2932 579 silehunt‘l
2959 524 3030 580 Et
3065 526 3432 586 irrationabile
3481 533 3686 588 animal
3735 550 3825 604 per

2225 615 2592 671 reverentiam
2618 621 2981 689 recognoscit,
3005 621 3149 692 quod
3180 637 3275 693 per
3301 634 3548 680 naturam
3572 625 3823 698 ignorat:

2225 706 2505 765 hominum
2538 720 2686 768 tanta
2714 720 2801 768 est
2835 714 3176 772 immodestia
3195 759 3210 784 ,
3236 728 3296 775 ut
3340 719 3588 793 plerique
3611 722 3827 782 deferre

2226 805 2474 859 nesciant
2516 805 2782 863 mentium
2823 808 3112 881 religioni,
3143 811 3290 884 quod
3332 811 3585 872 deferunt
3611 815 3826 876 aurium

2225 895 2525 968 voluptati?

2841 1015 3072 1074 CAPUT
3107 1016 3198 1074 IV.

2225 1125 2462 1184 Recitata
2499 1128 2694 1186 Liberii
2729 1132 3085 1190 exhortatione
3107 1177 3123 1202 ,
3172 1136 3365 1192 sororis
3402 1137 3616 1194 uirtutes
3655 1139 3827 1194 laudat

2298 1223 2624 1290 Ambrosius,
2643 1227 2869 1281 maxime
2890 1243 3005 1282 rero
3033 1228 3292 1298 jejunium
3311 1229 3474 1298 illius,
3493 1230 3638 1302 quod
3664 1240 3826 1286 tamen

2297 1325 2355 1370 ut
2395 1317 2646 1388 tantisper
2673 1318 2934 1386 remittat,
2975 1320 3292 1392 alternisque
3318 1323 3570 1376 exercitiis
3610 1332 3828 1378 mentem

2299 1409 2432 1464 colat
2458 1452 2472 1474 ,
2520 1411 2778 1478 hortatur,
2809 1413 3052 1469 adductis
3081 1415 3134 1469 in
3163 1431 3276 1470 eam
3299 1432 3408 1470 rem
3445 1417 3706 1486 exanplis
3732 1418 3824 1473 ele-

2296 1503 2634 1576 gantissimis.
2679 1503 2945 1562 Prteterea
2974 1508 3141 1580 ipsam
3186 1508 3258 1564 ad
3289 1525 3464 1579 preces
3491 1514 3828 1582 frequentan-

2297 1596 2392 1651 das
2413 1638 2428 1663 ,
2461 1598 2746 1653 orationem
2781 1597 3113 1655 Dominicam
3153 1610 3204 1658 et
3235 1603 3464 1671 psalmos
3490 1614 3652 1658 noctu
3684 1605 3830 1660 etiam

2295 1689 2598 1759 repetendos
2623 1731 2639 1756 ,
2685 1691 3108 1766 recitandumque
3149 1696 3472 1752 antelucanis
3502 1696 3655 1752 horis
3692 1715 3828 1770 sgm-

2298 1781 2474 1838 bolum
2507 1793 2677 1857 urget.

2302 1917 2390 1974 15.
2433 1917 2560 1974 Haec
2593 1927 2772 1976 tecum
2818 1929 3024 1977 sanctae
3069 1923 3350 1980 memoriae
3391 1923 3691 1982 Liberius:
3723 1942 3832 2001 qua:

2225 2007 2368 2078 apud
2411 2008 2552 2064 alios
2588 2019 2612 2048 ο
2651 2010 2859 2080 majora
2906 2011 3075 2082 veris,
3121 2013 3265 2086 apud
3311 2023 3364 2071 te
3411 2017 3577 2090 178
3625 2020 3830 2075 minora

2225 2101 2522 2172 exemplis;
2555 2101 2628 2159 ita
2655 2118 2874 2160 omnem
2905 2105 3252 2178 disciplinam
3281 2124 3394 2166 non
3423 2112 3607 2166 solum
3641 2113 3832 2168 virtute

2227 2192 2560 2264 uda-quasti,
2607 2195 2702 2251 sed
2743 2197 2906 2254 etiam
2949 2199 3304 2258 aemulatione
3344 2201 3546 2258 vicisti.
3597 2204 3833 2276 Namque

2221 2286 2492 2358 jejunium
2519 2287 2574 2344 in
2599 2291 2888 2362 praeceptis
2917 2291 3203 2361 habemus,
3233 2294 3329 2351 sed
3356 2293 3706 2367 singulorum
3730 2297 3834 2354 die-

2228 2397 2347 2438 rum
2373 2399 2388 2438 :
2423 2390 2478 2438 lu
2508 2393 2689 2440 autem
2721 2385 3102 2458 multiplicatis
3130 2389 3383 2446 noctibus
3411 2405 3476 2447 ac
3504 2391 3725 2463 diebus,
3760 2393 3833 2449 in-

2229 2490 2456 2532 numera
2486 2487 2728 2548 tempora
2753 2479 2875 2535 sine
2905 2481 3028 2536 cibo
3058 2481 3346 2554 transigis;
3373 2492 3430 2540 et
3454 2483 3732 2556 siquando
3757 2503 3831 2542 ro-

2227 2571 2372 2640 garis
2402 2579 2460 2624 ut
2493 2569 2673 2626 cibum
2709 2587 2924 2641 sumas,
2959 2573 3234 2645 paulisper
3268 2575 3511 2647 deponas
3552 2579 3828 2648 codicem,

2228 2662 2530 2734 respondes
2562 2663 2747 2719 illico:
2781 2664 2905 2720 Non
2944 2666 2998 2720 in
3043 2683 3180 2738 pane
3215 2667 3328 2724 solo
3366 2669 3487 2724 uiuit
3533 2671 3718 2739 homo,
3747 2671 3828 2726 sed

2225 2755 2282 2810 in
2329 2758 2471 2812 omni
2514 2757 2666 2812 tsrbo
2709 2755 2806 2812 Dei
2853 2757 3072 2830 (Mollis.
3102 2776 3177 2828 tv,
3225 2761 3306 2834 4).
3339 2761 3461 2834 Ipse
3489 2762 3826 2836 epularum‘i

2227 2865 2360 2906 usus
2385 2849 2523 2906 cibis
2546 2849 2760 2918 obviis;
2795 2861 2854 2906 ut
2889 2851 3083 2908 edendi
3121 2852 3344 2912 fastidio
3379 2855 3660 2927 jejunium
3697 2857 3830 2916 desi-

2229 2941 2452 2998 deretur
2479 2959 2494 2997 :
2524 2952 2681 3014 potus
2721 2957 2753 2999 e
2792 2940 2964 3014 fonte,
3007 2942 3169 3002 ﬂetus
3197 2944 3251 3002 in
3293 2961 3478 3019 prece,
3521 2964 3756 3007 somnus
3779 2951 3825 3006 iu

2229 3036 2440 3094 codice.

2303 3132 2392 3188 16.
2435 3133 2563 3189 Haec
2583 3132 2894 3204 junioribus
2927 3148 3238 3193 convenere
3263 3135 3447 3204 annis,
3471 3137 3656 3197 donec
3685 3154 3828 3198 meus

524 3211 618 3278 qui
641 3210 775 3267 nulli
801 3223 986 3283 erant,
1017 3216 1112 3274 sed
1134 3233 1318 3290 regem
1347 3220 1592 3278 timebat.
1625 3223 1766 3293 Quid
1793 3225 1938 3282 enim
1971 3227 2126 3285 time-
2155 3213 2202 3278 C
2231 3225 2333 3282 tevi
2375 3235 2586 3282 matura
2627 3239 2944 3285 canesceret
2971 3245 2985 3284 :
3029 3237 3116 3286 ast
3159 3229 3249 3286 ubi
3289 3230 3478 3288 domiti
3526 3234 3826 3306 trophteum

525 3309 610 3357 ret
637 3316 754 3372 eos,
785 3320 922 3376 quos
941 3307 990 3364 si
1022 3309 1162 3366 idem
1195 3312 1336 3384 ignis
1361 3316 1702 3388 contigisset,
1731 3320 2056 3390 arsissentij

598 3394 688 3451 15.
727 3394 757 3436 δ
785 3397 1002 3468 Quanto
1025 3403 1219 3461 melius
1247 3407 1392 3479 quod
1417 3409 1636 3482 quidam
1669 3411 1724 3467 in
1753 3413 2009 3470 convivio
2033 3429 2128 3487 pa-

520 3489 622 3547 tris
659 3491 980 3553 adolescens
1009 3497 1231 3570 iubetur
1269 3518 1339 3559 ne
1373 3505 1712 3564 meretricios
1739 3523 1959 3567 amores
1988 3509 2129 3566 indi-

521 3584 623 3640 ciis
644 3585 1006 3647 insolentibus
1027 3591 1257 3662 prodat?
1273 3595 1339 3651 Et
1363 3597 1497 3653 tuin
1522 3601 1802 3672 mysterio,
1832 3604 1929 3659 Dei
1946 3603 2124 3675 virgo,

523 3681 782 3748 gemitus,
809 3693 1075 3752 screatus,
1113 3687 1302 3754 tussis,
1328 3690 1476 3746 risus
1504 3691 1738 3750 abstine.
1773 3694 1929 3762 Quod
1958 3695 2049 3751 ille
2070 3697 2126 3752 in

526 3772 781 3830 convivio
810 3785 1010 3846 potest,
1040 3786 1096 3834 tu
1127 3779 1181 3835 in
1205 3785 1468 3854 mysterio
1498 3800 1604 3841 non
1630 3787 1822 3858 potes?
1852 3787 1997 3846 Voce
2019 3791 2129 3846 vir-

526 3863 728 3936 ginitas
765 3866 936 3938 prima
965 3870 1232 3942 signetur,
1266 3873 1483 3933 claudat
1523 3893 1616 3934 ora
1649 3879 1843 3950 pudor,
1875 3881 2128 3938 debilita-

530 3967 639 4012 tem
665 3960 926 4017 excludat
963 3963 1182 4036 religio,
1216 3965 1461 4026 instituat
1489 3973 1827 4029 consuetudo
1854 3982 2123 4030 naturam.

531 4045 808 4122 Virginem
839 4053 974 4110 mihi
1019 4056 1170 4126 prius
1211 4061 1450 4132 gravitas
1492 4078 1588 4119 sua
1635 4065 1868 4134 nuntiet,
1918 4067 2126 4139 pudore

531 4145 713 4218 obvio,
741 4149 910 4221 gradu
940 4151 1148 4221 sobrio,
1173 4156 1324 4212 vultu
1347 4155 1629 4227 modesto;
1655 4169 1709 4216 et
1731 4162 2127 4230 prtenuntiain-

531 4243 799 4315 tegritatis
819 4253 1076 4302 anteeant
1095 4245 1250 4320 signa
1271 4249 1506 4307 virtutis.
1529 4250 1647 4308 Non
1669 4253 1804 4309 satis
1830 4253 2126 4324 probabilis

529 4335 681 4408 virgo
704 4347 791 4395 est
818 4354 939 4411 qua:
968 4341 1284 4413 requiritur,
1314 4359 1436 4400 cum
1466 4346 1700 4402 videtur.

604 4427 692 4484 14.
739 4429 1018 4504 Frequens
1044 4449 1229 4490 sermo
1267 4445 1391 4506 est,
1429 4451 1552 4494 cum
1596 4438 1826 4510 plurima
1869 4454 2125 4497 ranarqu

529 4539 808 4582 murmura
837 4527 1106 4600 religiosae
1132 4529 1355 4586 auribus
1391 4531 1566 4602 plebis
1599 4531 2011 4606 obstreperent,
2040 4548 2128 4590 sa-

2227 3317 2472 3388 corporis
2511 3318 2668 3389 virgo
2712 3319 3031 3388 sustulerit,
3079 3321 3472 3380 moderandum
3511 3324 3734 3395 labori,
3777 3335 3828 3383 ut

2228 3413 2486 3484 magistra
2540 3422 2564 3452 ο
2611 3414 2834 3485 suppari
2907 3425 3158 3472 servetur
3199 3418 3366 3473 aetati.
3419 3419 3544 3476 Cito
3593 3421 3829 3478 fecundis

2227 3513 2453 3562 onerata
2485 3505 2796 3578 palmitibus
2825 3509 3071 3565 emeritae
3101 3511 3278 3566 tetatis
3302 3511 3428 3568 vitis
3466 3524 3666 3585 crepat
3687 3557 3703 3582 ,
3735 3514 3825 3570 nisi

2225 3597 2521 3669 aliquando
2560 3599 2910 3670 reprimalur.
2947 3600 3154 3658 Eadem
3187 3612 3366 3660 tamen
3403 3602 3582 3662 donec
3622 3606 3827 3663 adoles-

2227 3692 2332 3760 cit,
2363 3693 2653 3762 exuberet,
2692 3691 2712 3733 τ
2755 3703 2812 3752 et
2845 3693 3146 3753 inveterata
3186 3705 3436 3769 putetur;
3470 3716 3539 3756 ne
3575 3700 3825 3758 silvescat

2227 3788 2548 3856 sarmentis,
2591 3797 2682 3844 aut
2720 3787 2832 3844 fetu
2867 3788 3037 3845 nimio
3073 3790 3378 3847 exanimata
3421 3793 3710 3849 moriatur.
3733 3793 3826 3848 Bo-

2229 3897 2333 3938 nus
2376 3883 2612 3953 agricola
2647 3883 2910 3954 optimam
2945 3883 3110 3939 vitem
3146 3891 3204 3941 et
3229 3883 3346 3940 fotu
3379 3895 3540 3944 terra:
3577 3887 3822 3952 cohibet,

2228 3984 2286 4034 et
2313 3975 2560 4032 defendit
2585 3993 2616 4032 a
2644 3975 2844 4049 frigore
2867 4018 2882 4043 ,
2911 3987 2966 4034 et
3004 3994 3073 4033 ne
3112 3979 3415 4036 meridiano
3455 3979 3576 4037 sole
3619 3991 3818 4043 uratur,

2227 4069 2499 4142 explorat.
2535 4079 2560 4118 Β
2587 4071 2794 4140 Agrum
2836 4084 3052 4141 quoque
3091 4069 3302 4127 vicibus
3333 4082 3559 4128 exercet
3599 4089 3612 4126 :
3656 4071 3740 4128 vel
3781 4071 3820 4126 si

2230 4180 2339 4222 non
2370 4166 2572 4236 patitur
2597 4166 2856 4228 otiosum,
2887 4163 3101 4218 diversa
3127 4163 3358 4220 alternat
3387 4164 3596 4219 semina
3616 4205 3632 4232 ,
3661 4173 3823 4221 muta-

2230 4259 2300 4317 tis
2335 4267 2396 4314 ut
2439 4257 2638 4313 fetibus
2681 4271 2810 4312 arva
2853 4255 3220 4329 requiescant.
3263 4257 3344 4314 Tu
3381 4273 3641 4330 quoque,
3680 4259 3820 4330 virgo

2228 4360 2518 4418 veterana,
2548 4350 2788 4422 pectoris
2816 4349 2894 4406 tui
2922 4349 3092 4407 colles
3118 4351 3349 4408 diversis
3373 4350 3566 4408 saltem
3602 4352 3818 4409 semini-

2229 4445 2334 4503 bus
2363 4458 2512 4513 sere,
2544 4459 2687 4500 nunc
2715 4443 2989 4500 alimoniis
3017 4443 3407 4510 mediocribus,
3437 4459 3584 4502 nunc
3603 4444 3820 4518 jejuniis

2230 4541 2573 4614 parcioribus
2593 4581 2609 4608 ,
2639 4539 2912 4606 lectione,
2945 4553 3135 4609 opere,
3171 4552 3365 4609 prece;
3399 4548 3454 4594 ut
3481 4540 3712 4596 mutatio
3741 4537 3817 4594 la-

524 4617 802 4677 cerdotem
836 4620 930 4678 Dei
954 4623 1282 4695 praecepisse
1311 4632 1370 4681 ut
1393 4627 1846 4696 conticescerent,
1870 4643 1934 4686 ac
1960 4643 2119 4687 reve-
2148 4611 2204 4676 Β
2226 4611 2377 4693 boris
2403 4632 2636 4690 induciae
2667 4632 2778 4688 sint
2799 4630 3021 4703 quietis.

527 4713 758 4770 rentiam
799 4731 971 4776 sacrae
1011 4718 1286 4778 deferrent
1323 4723 1593 4793 orationi;
1624 4732 1750 4782 tunc
1789 4727 1970 4785 subito
2009 4730 2118 4785 ciro

599 4861 626 4892 ⁸
665 4853 865 4938 Omnes
891 4856 1051 4926 edit.,
1080 4861 1328 4930 omnium,
1361 4879 1486 4938 cum
1504 4867 1816 4938 gentiles....
1845 4867 2117 4938 deferant:

526 4940 658 5001 mss.
676 4936 859 4986 autem
887 4945 1083 5001 magno
1105 4947 1376 4991 consensu
1401 4936 1682 4996 nobiscum
1705 4936 1924 4996 faciunt.
1948 4939 2120 4995 Porro

523 4999 824 5073 subiectam
855 4999 1054 5070 ephebi
1086 5001 1311 5073 hujusce
1349 5008 1563 5065 barbari
1595 5011 1878 5067 historiam
1915 5027 2121 5068 memo-

529 5079 613 5148 rat
643 5071 995 5148 V_.__hlaxinttts
1021 5073 1120 5128 lib.
1149 5071 1229 5141 ιιι,
1257 5093 1378 5148 cap.
1409 5080 1465 5144 5,
1498 5081 1567 5137 de
1593 5082 1882 5139 Patientia.

597 5140 627 5182 δ
651 5143 819 5220 Εάἰι.,
841 5143 980 5220 Quid
995 5151 1134 5220 quod
1149 5140 1381 5220 quidam.
1406 5140 1478 5206 Et
1495 5152 1655 5220 infra,
1673 5156 1726 5208 in
1737 5155 2118 5210 ministerio....

523 5223 712 5298 tusses,
743 5216 878 5272 risus
898 5215 1188 5274 obstina...
1212 5219 1268 5299 in
1291 5224 1573 5280 ministerio
1585 5215 1683 5299 Dei
1695 5244 1797 5299 non
1815 5237 1978 5299 potes.
2020 5225 2123 5282 Vo-

527 5287 635 5354 cis,
659 5297 766 5370 etc.
792 5305 809 5370 ξ
841 5302 972 5344 mss.
1004 5305 1134 5347 vero
1163 5304 1222 5370 ιιι
1252 5293 1305 5350 in
1333 5305 1502 5370 testu,
1529 5287 1990 5370 nisigquod'aliqui
2023 5313 2122 5368 pro

526 5361 769 5430 mysterio
792 5359 1110 5430 leguntcum
1135 5365 1264 5420 edit.
1289 5359 1593 5424 ministerio.
1619 5359 1888 5426 Caeterum
1916 5359 2004 5426 hic
2025 5359 2120 5424 'in-

527 5431 766 5513 dicatur;
761 5432 830 5488 ab
861 5431 1152 5513 Ambrosio
1173 5437 1515 5495 Terentianae
1539 5439 1753 5513 fabulae,
1784 5457 1906 5513 quae
1927 5442 2120 5497 inscri-

525 5500 672 5558 bitur
708 5501 1344 5582 Heautontimorumenos,
1385 5512 1556 5568 Actus
1597 5529 1668 5582 ιι,
1693 5500 1781 5568 ubi
1802 5500 1927 5568 'sub
1952 5513 2116 5568 linem

525 5588 708 5632 scenas
727 5577 1120 5658 5,a_dm_onetur
1138 5581 1376 5658 Clitipho
1403 5577 1746 5653 adolescens,
1771 5596 1830 5642 ut
1849 5595 2120 5658 praesente

529 5658 686 5726 patre
707 5649 1026 5726 modestiam
1040 5652 1092 5708 in
1105 5649 1358 5726 convivio
1373 5659 1637 5726 retineat;
1658 5649 1742 5714 es
1753 5649 1944 5714 eodem
1969 5657 2116 5714 enim

529 5721 652 5799 loco
680 5731 904 5800 sanctus
924 5722 1139 5800 _Pra3_sul
1185 5728 1460 5800 transtulit
1501 5729 1591 5786 illa
1617 5721 1783 5787 verba
1811 5747 1826 5786 :
1855 5728 2112 5800 Gemitus,

519 5791 980 5870 scr'ea_tus,itussi_s_,
1009 5796 1148 5852 risus
1172 5797 1391 5870 abstine.
1540 5857 1548 5870 ,
1604 5859 1610 5869 ,
1863 5858 1868 5868 ,

588 5875 611 5904 ο
651 5864 854 5923 Omnes
877 5864 1008 5922 edit.
1043 5881 1106 5925 ac
1134 5869 1286 5942 pauci
1311 5885 1444 5931 mss.
1464 5915 1480 5943 ,
1511 5864 1713 5947 ntajora
1735 5864 1932 5943 verbis;
1963 5873 2092 5932 reli-

2297 4730 2388 4787 l7.
2427 4725 2458 4766 ιι
2486 4727 2604 4785 Non
2647 4734 2792 4783 totus
2835 4739 3070 4784 messem
3109 4734 3338 4797 generat
3375 4741 3526 4798 ager.
3561 4725 3706 4784 Hinc
3750 4725 3813 4782 de

2223 4866 2338 4942 qui,
2370 4867 2572 4942 maiora
2612 4866 2782 4933 neris;
2822 4879 2932 4920 uno
2959 4874 3210 4939 excepto,
3254 4867 3344 4925 ubi
3385 4867 3606 4939 legitur,
3651 4873 3814 4942 major

2226 4938 2448 5008 haberis.
2473 4937 2594 4995 Non
2627 4947 2711 4994 sat
2733 4951 2994 5008 congrue.

2297 5007 2325 5084 fi
2365 5011 2441 5065 lta
2473 5025 2606 5084 mss.
2634 5007 2969 5084 complures,
3001 5008 3107 5084 nisi
3133 5009 3402 5084 quodpro
3428 5020 3484 5066 ut
3503 5011 3688 5084 edendi
3718 5014 3814 5084 fac;

2227 5082 2377 5149 tidio,
2402 5080 2662 5137 exhibent
2687 5079 2865 5134 utendi
2894 5081 3128 5150 fastidio,
3157 5079 3432 5151 quodnon
3453 5082 3662 5138 arridet
3690 5079 3812 5140 {alii

2225 5165 2404 5227 autem
2436 5163 2599 5226 atque
2626 5151 2784 5220 edit.,
2815 5168 2964 5217 usus,
2995 5153 3138 5209 cibus
3159 5152 3358 5221 obvius,
3381 5163 3437 5209 ut
3463 5155 3652 5209 edendi
3673 5155 3815 5227 fasti-

2226 5225 2336 5282 dio.
2367 5235 2473 5282 etc.

2303 5268 2336 5335 ἶ
2520 5295 2758 5368 aliquot,
2786 5295 3001 5366 suppari
3026 5305 3256 5368 servetur
3283 5304 3436 5352 celate
3459 5313 3479 5352 :
3505 5297 3684 5368 aptius
3703 5296 3810 5362 alii,

2225 5376 2284 5425 et
2304 5370 2530 5424 edit.....
2555 5367 2716 5431 tutati,
2745 5366 2848 5422 hoc
2869 5377 2970 5432 est,
3007 5366 3551 5424 adolescentiorihus.

2299 5437 2320 5478 τ
2364 5438 2527 5512 Pauci
2555 5453 2722 5512 mss.,
2751 5449 2799 5492 et
2824 5437 3049 5512 invetato
3080 5441 3359 5507 plantetur.
3390 5439 3460 5496 Et
3490 5440 3654 5512 paulo
3694 5447 3809 5511 post

2223 5526 2413 5568 omnes
2435 5511 2596 5575 edit.,
2624 5511 2888 5565 exinanita
2907 5510 3178 5566 nsoriatur.

2293 5593 2318 5632 8
2358 5583 2437 5640 Ex
2457 5581 2772 5652 Virgilianis
2794 5581 2902 5636 illis
2929 5581 3026 5637 lib.
3053 5597 3069 5636 ι
3096 5581 3293 5654 Georg.
3320 5599 3334 5638 :

2567 5673 2770 5726 Mutatis
2789 5673 3112 5738 requiescunt
3138 5673 3321 5726 fetibus
3335 5686 3468 5741 arva,
3495 5682 3592 5728 etc.

2290 5784 2318 5825 ιι
2355 5785 2502 5844 Idem
2534 5784 2684 5856 Virg.
2714 5783 2848 5842 ibid.
2877 5801 2892 5839 :
3441 5869 3446 5874 _

2588 5885 2693 5938 Non
2717 5887 2874 5937 omnis
2895 5885 2993 5936 fort
3015 5876 3178 5938 omnia
3203 5886 3378 5954 tellus,
3405 5880 3502 5939 etc.

3993 2377 3995 2536 ι

3993 2539 3995 2698 ι

3992 2703 3995 2888 l

3992 2897 3995 3115 1
