4054 6306
242 294 346 349 2‘25

238 511 334 550 nas
369 497 578 563 olivas,
623 499 713 555 hic
755 501 963 557 olentes
996 516 1172 557 rosas.
1214 502 1371 574 Sat-pe
1413 504 1578 560 etiam
1623 505 1829 558 relictis

236 592 467 657 aratris,
509 594 629 662 ipsc
671 594 882 651 validus
910 596 1144 667 agricola
1185 597 1356 668 digito
1390 598 1568 653 solum
1595 599 1826 669 scalpit,

238 695 263 723 ⁸
292 696 349 741 ιιι
395 688 588 744 florqu
634 690 872 761 deponat
916 693 1128 748 radices
1172 710 1185 748 :
1231 705 1286 750 et
1327 696 1540 766 asperis
1579 696 1829 751 manibus

235 778 432 848 quibus
465 780 733 838 luctantes
765 785 906 840 inter
931 785 1109 840 vineta
1140 784 1307 842 flectit
1333 786 1621 857 juvencos,
1653 787 1832 844 molli—

239 881 318 929 ter
342 876 524 930 ovium
554 889 767 948 pressnt
794 879 982 936 ubera.
1018 881 1098 937 Eo
1123 882 1324 954 quippe
1353 884 1549 940 melior
1568 900 1699 956 ager
1723 894 1830 952 est,

232 980 340 1035 quo
373 970 723 1025 numerosior
762 969 994 1027 fructus.
1031 973 1172 1044 Ergo
1216 982 1271 1028 et
1303 984 1356 1029 ιιι
1404 975 1529 1030 boni
1574 977 1830 1046 agricolae

233 1059 544 1129 exemplum
567 1073 778 1127 secuta,
807 1078 915 1118 non
950 1065 1279 1134 perennibus
1308 1066 1526 1137 jejuniis
1556 1077 1830 1140 tamquam

233 1151 509 1221 depressis
538 1156 858 1211 vomeribus
885 1156 1104 1213 humum
1130 1169 1274 1214 tuam
1307 1159 1500 1216 findas.
1527 1161 1749 1218 Floreat
1776 1163 1829 1218 in

233 1243 408 1300 hortis
440 1244 545 1300 tuis
572 1261 694 1302 rosa
726 1248 976 1318 pudoris,
1013 1249 1183 1305 lilium
1211 1252 1409 1308 mentis
1429 1294 1444 1319 ,
1476 1262 1531 1309 et
1567 1254 1830 1326 irriguum

232 1342 374 1397 sacri
422 1343 702 1414 sanguinis
743 1345 964 1401 violaria
1007 1347 1196 1403 bibant
1235 1347 1462 1404 fontem.
1503 1349 1674 1423 Vulgo
1728 1350 1833 1406 hoc

227 1433 415 1490 ferunt
447 1454 460 1490 :
489 1436 647 1505 Quod
676 1437 812 1493 velis
845 1439 1060 1508 prolixe
1093 1439 1302 1505 facere,
1334 1441 1626 1513 aliquando
1652 1458 1720 1499 ne
1749 1442 1830 1499 fe-

1471 295 1558 353 DE
1599 293 1992 355 VIRGINIBUS
2031 295 2160 356 LIB.
2201 297 2286 354 ill.

237 405 468 460 collibus
491 406 676 463 vineta
706 415 1058 481 consurgunt,
1090 406 1202 465 illic
1222 421 1685 482 purpurascentes
1709 427 1829 467 cer—
1856 413 1904 473 A

3426 319 3536 376 9‘26

2005 427 2176 465 rocem
2206 411 2405 467 lectum
2436 412 2584 468 docet
2612 413 2698 470 hic
2722 416 3030 492 simpliciter
3054 426 3222 496 accipi
3263 444 3432 499 posse,
3463 433 3544 486 vel

2005 502 2254 572 figurate,
2286 513 2338 556 ut
2367 522 2556 576 corpus
2582 517 2816 564 nostrum
2840 512 3096 584 signi/iret
3121 533 3138 571 :
3170 535 3324 588 quant
3352 539 3537 593 accep-

2003 598 2196 652 tionem
2232 599 2412 669 probat
2450 610 2497 655 et
2526 604 2817 673 conﬁrmat.
2857 607 3128 674 Quomodo
3157 613 3394 672 Christus
3419 634 3538 672 eor-

2004 706 2103 758 pus
2131 691 2328 748 doloris
2367 696 2674 766 susceperit,
2705 707 3026 772 stratumque
3058 709 3332 762 versaverit
3367 710 3421 765 in
3451 710 3536 766 in-

2003 781 2294 850 firmitate?
2323 784 2512 841 Omnia
2547 787 2598 842 in
2625 787 2873 845 honorem
2918 790 3112 850 Christi
3145 795 3450 870 referenda,
3489 813 3538 860 et

2002 872 2230 943 spiritali
2255 877 2438 932 ltetitia
2463 881 2848 949 exsultantium,
2879 901 2983 942 non
3004 898 3172 944 autem
3195 892 3311 960 illa,
3341 912 3455 966 qua:
3479 913 3535 952 ut

2003 968 2247 1024 conviviis
2275 971 2538 1028 insaniens
2567 971 2763 1030 Joanni
2800 976 3054 1050 Baptista:
3087 994 3298 1041 mortem
3336 989 3532 1047 intulit.

2003 1126 2094 1183 21.
2138 1127 2255 1184 iam
2283 1129 2417 1188 illud
2445 1133 2568 1206 quis
2601 1151 2708 1193 non
2739 1138 2808 1194 ad
2857 1149 3098 1200 nostram
3134 1145 3531 1208 institutionem

1933 1219 2136 1276 dictum
2163 1223 2448 1296 intelligat,
2479 1229 2622 1300 quod
2645 1231 2722 1286 ait
2747 1245 2966 1292 sanctus
2994 1237 3265 1309 Propheta
3289 1260 3303 1296 :
3328 1242 3536 1302 Lavabo

1931 1331 2023 1386 per
2048 1316 2283 1390 singulas
2315 1331 2488 1376 noctes
2518 1323 2706 1381 lectum
2731 1344 2934 1396 meum,
2968 1331 3213 1406 lacrymis
3239 1339 3365 1394 meis
3397 1349 3536 1395 stra-

1933 1419 2042 1465 tum
2091 1429 2262 1468 meum
2299 1417 2474 1489 rigabo
2513 1419 2685 1491 (Psal.
2738 1439 2814 1489 vr,
2859 1427 2951 1500 7)?
2994 1428 3126 1484 Nam
3173 1431 3288 1488 sive
3332 1433 3536 1492 lectum

230 1529 392 1583 ceris.
434 1502 604 1584 Dei)“
641 1546 765 1586 esse
794 1502 995 1602 mquid
1018 1575 1032 1599 ’
1072 1533 1217 1602 quod
1247 1502 1690 1606 quadragesima
1716 1537 1834 1592 die.
1929 1502 2082 1606 juxta
2114 1505 2347 1606 litteram
2382 1512 2682 1586 intelligas,
2725 1526 2928 1575 tantam
2961 1523 3262 1582 ubertatem
3291 1530 3536 1587 ostendit

231 1620 332 1674 bus
357 1619 386 1659 ιι
418 1621 652 1678 addatur
680 1641 694 1678 :
725 1624 820 1680 sed
856 1627 926 1680 ita
948 1667 962 1692 ,
996 1635 1053 1682 ut
1081 1626 1214 1682 nihil
1253 1630 1638 1685 ostentationis
1666 1645 1832 1687 causa

230 1715 343 1783 fiat,
377 1717 475 1773 sed
510 1718 816 1790 religionis.

1933 1599 2188 1669 profundi
2237 1614 2494 1676 oportere
2543 1609 2938 1682 lacrymarum;
2981 1629 3040 1672 ut
3085 1619 3536 1696 laveturlcctus,

1941 1701 1965 1728 ⁸
1993 1703 2222 1752 stratum
2256 1699 2461 1769 rigetur
2499 1702 2716 1762 fletibus
2757 1709 3094 1770 obsecrantis
3133 1732 3147 1770 :
3186 1715 3345 1773 ﬂetus
3388 1721 3536 1776 enim

301 1812 392 1868 18.
438 1811 629 1868 Oratio
655 1830 871 1886 quoque
915 1831 1016 1873 nos
1069 1817 1182 1874 Deo
1220 1818 1413 1874 crebra
1464 1820 1828 1878 commendet.
1860 1807 1909 1870 Β
1941 1791 2324 1886 ΡΓῳδῗηξίυηῃ
2369 1811 2578 1852 merces
2615 1805 2701 1855 θδι
2730 1800 3066 1871 ruwroru'";
3107 1810 3366 1878 quoniam
3399 1812 3542 1869 beati

229 1901 283 1958 Si
313 1905 462 1958 enim
502 1905 764 1976 prOpheta
808 1907 942 1964 dicit
977 1925 993 1964 :
1025 1908 1232 1980 Septies
1272 1911 1326 1966 in
1363 1911 1448 1967 die
1478 1911 1682 1968 laudem
1723 1915 1838 1971 dixi

227 1999 318 2052 tibi
342 1996 524 2070 (Psal.
563 2015 746 2068 cxvnt,
783 2000 912 2074 164)
933 2044 948 2070 ,
972 2003 1065 2073 qui
1093 2004 1245 2075 regni
1275 2016 1390 2060 erat
1420 2008 1837 2066 necessitatibus

226 2100 562 2163 occupatus;
612 2095 742 2165 quid
787 2110 885 2152 nos
929 2095 1109 2155 facere
1153 2108 1406 2171 oportet,
1436 2103 1526 2172 qui
1561 2103 1832 2174 legimus:

235 2186 464 2258 Vigilate
504 2199 552 2244 et
581 2200 760 2260 orate,
795 2209 856 2247 ne
894 2193 1100 2248 intretis
1150 2195 1204 2249 in
1245 2198 1578 2252 tentationem
1613 2197 1832 2270 (Matth.

228 2295 349 2335 xxvr
371 2323 386 2348 ,
410 2282 551 2353 il)?
578 2283 740 2340 Certe
773 2285 1049 2342 solemnes
1086 2287 1364 2344 orationes
1386 2304 1508 2345 cum
1537 2291 1834 2363 gratiarum

226 2374 444 2429 actione
490 2383 622 2430 snnt
662 2374 1008 2442 deferendae,
1054 2394 1176 2434 cum
1221 2395 1252 2435 e
1293 2396 1486 2437 somno
1526 2384 1831 2454 surgimus,

227 2478 346 2520 cum
383 2467 705 2537 prodimus,
749 2484 871 2525 cum
902 2472 1082 2526 cibum
1127 2488 1380 2543 paramus
1423 2490 1676 2544 sumere,
1710 2493 1832 2532 cum

227 2562 631 2630 sumpserimus
652 2604 665 2626 ,
700 2564 858 2635 179
879 2574 934 2620 et
966 2574 987 2604 ε
1019 2564 1150 2620 hora
1183 2567 1426 2635 incensi,
1454 2584 1576 2624 cum
1600 2569 1836 2643 denique

229 2655 470 2709 cubitum
507 2658 805 2728 pergimus.

304 2750 392 2806 19.
433 2749 548 2806 Sed
591 2750 753 2807 etiam
801 2751 854 2807 in
897 2753 1017 2823 ipso
1062 2755 1226 2810 cubili
1272 2756 1398 2812 volo
1446 2757 1684 2829 psalmos
1710 2775 1832 2816 cum

231 2843 487 2901 Oratione
520 2845 802 2902 Dominica
835 2847 1102 2918 frequenti
1133 2859 1400 2907 contexas
1432 2853 1565 2918 vice,
1598 2853 1682 2909 vel
1710 2869 1835 2909 cum

232 2938 616 3010 evigilaveris,
651 2941 735 2995 vel
770 2952 1060 3013 antequam
1102 2959 1300 3016 corpus
1324 2960 1489 3017 sopor
1530 2946 1745 3017 irriget;
1779 2958 1836 3002 ut

235 3040 286 3087 te
315 3033 367 3086 in
397 3033 520 3103 ipso
547 3035 745 3105 quietis
771 3036 999 3092 exordio
1035 3054 1215 3093 rerum
1248 3041 1590 3096 szecularinm
1619 3056 1745 3097 cura
1771 3041 1835 3097 li~

234 3124 452 3194 bet-am,
496 3127 677 3182 divina
711 3129 1063 3186 meditantem
1099 3147 1326 3188 somnus
1363 3135 1628 3190 inveniat.
1679 3135 1841 3190 Deni-

1937 1881 2029 1952 qui
2061 1880 2202 1938 fletis
2225 1926 2240 1950 ,
2274 1887 2377 1956 ipsi
2399 1889 2542 1944 enim
2575 1891 2824 1950 ridebitis
2852 1895 3004 1966 (Luc.
3037 1915 3111 1966 vt,
3146 1901 3238 1972 21)
3267 1903 3419 1960 :sive
3445 1919 3542 1976 pro

1934 1987 2166 2046 corpore
2187 1981 2520 2051 accipiamus
2543 1986 2920 2056 propheticum
2949 1991 3176 2061 dictum,
3201 1996 3399 2054 delicta
3419 2015 3544 2058 cor-

1933 2071 2091 2140 poris
2118 2073 2450 2140 poenitentite
2482 2077 2740 2152 lacrymis
2761 2083 3064 2142 abluamus.
3095 2087 3242 2145 Fecit
3261 2090 3409 2148 enim
3436 2093 3544 2150 sibi

1937 2161 2142 2220 lectum
2187 2165 2448 2226 Salomon
2499 2187 2564 2228 ex
2615 2173 2775 2244 lignis
2817 2177 3051 2249 Libani,
3085 2183 3372 2242 'colnmna:
3421 2188 3542 2257 ejus

1934 2266 2091 2312 erant
2116 2271 2391 2332 argentea:
2409 2303 2424 2328 ,
2455 2265 2870 2324 acclinatorium
2901 2272 3019 2343 ejus
3044 2289 3292 2344 aureum,
3315 2278 3543 2337 dorsum

1935 2351 2055 2422 ejus
2079 2365 2410 2424 gemmatum
2443 2368 2673 2416 stratum
2713 2361 2889 2434 (Cant.
2920 2381 3007 2434 nt,
3046 2366 3100 2433 9,
3144 2369 3254 2441 10).
3287 2371 3418 2440 Quis
3457 2381 3545 2430 est

1933 2443 2038 2501 istc
2064 2446 2258 2514 lectus,
2283 2450 2388 2505 nisi
2421 2455 2591 2508 nostri
2621 2458 2867 2526 corporis
2889 2459 3136 2530 species?
3163 2463 3406 2536 Namque
3430 2465 3449 2504 τ
3483 2468 3538 2522 in

1934 2544 2168 2614 gemmis
2216 2547 2351 2602 aerii
2399 2550 2611 2619 species
2657 2551 2883 2624 fulgoris
2930 2557 3256 2627 ostenditur,
3309 2560 3364 2615 in
3407 2576 3542 2618 auro

1935 2637 2096 2708 ignis,
2131 2654 2270 2711 aqua
2305 2641 2356 2696 in
2381 2654 2640 2714 argento,
2671 2654 2812 2702 terra
2841 2663 2938 2719 per
2965 2650 3167 2722 lignunt
3200 2671 3213 2708 :
3246 2669 3312 2710 ex
3340 2657 3542 2728 quibus

1935 2744 2135 2802 corpus
2165 2731 2460 2791 humanum
2489 2749 2725 2808 quatuor
2749 2750 2962 2797 constat
2990 2744 3280 2802 elementis
3301 2789 3315 2812 ,
3347 2749 3400 2806 in
3430 2766 3541 2822 quo

1937 2834 2123 2880 nostra
2149 2828 2373 2883 recubat
2400 2830 2610 2898 anima;
2639 2842 2663 2880 ις
2689 2833 2732 2888 si
2758 2849 2864 2889 non
2888 2851 3088 2906 aspero
3113 2841 3403 2911 montium,
3431 2858 3541 2902 non

1938 2916 2087 2972 humi
2119 2919 2275 2975 arido
2303 2919 2498 2992 expers
2530 2925 2730 2994 quietis
2760 2927 2979 2996 existat,
3007 2929 3102 2986 sed
3126 2932 3373 2992 sublimis
3401 2949 3429 2989 a
3459 2938 3540 2992 vi-

1939 3011 2050 3075 tiis,
2086 3011 2235 3082 ligno
2265 3013 2396 3070 fulta
2428 3017 2755 3087 requiescat.
2797 3019 2948 3079 Unde
2975 3025 3137 3080 etiam
3170 3027 3336 3084 David
3364 3029 3536 3086 dicit:

1944 3105 2201 3166 Dominus
2253 3128 2400 3182 opem
2449 3116 2580 3186 ferat
2627 3115 2706 3170 illi
2747 3134 2903 3187 super
2948 3121 3136 3176 lectum
3189 3124 3386 3180 doloris
3431 3128 3544 3198 ejus

237 3234 339 3290 que
368 3220 537 3275 etiam
571 3218 597 3258 ἀ
627 3223 717 3292 qui
765 3224 973 3293 primus
1017 3223 1376 3296 phiIOSOphia:
1421 3228 1594 3298 ipsius
1640 3245 1834 3284 nomen

1957 3199 2116 3274 ξρεαι.
2137 3219 2230 3268 η,
2246 3204 2324 3275 4).
2349 3207 2507 3278 180
2520 3206 2647 3262 Nam
2669 3209 2842 3266 lectus
2863 3211 3066 3269 doloris
3080 3230 3201 3272 esse
3223 3220 3314 3288 qui
3339 3228 3537 3290 potest,

239 3310 464 3380 invenit,
492 3314 742 3385 quotidie
781 3315 1094 3386 priusquam
1126 3319 1365 3374 cubitum
1394 3320 1530 3388 iret,
1563 3322 1837 3378 tibicinem

239 3402 456 3474 iubebat
486 3407 740 3464 molliora
766 3423 963 3465 canere
984 3451 998 3475 ,
1029 3418 1089 3464 ut
1115 3411 1270 3464 anxia
1313 3412 1460 3466 curis
1487 3413 1839 3470 srccularibus

243 3497 406 3552 corda
431 3501 720 3557 mulceret.
745 3502 851 3558 Sed
884 3503 975 3559 ille
995 3545 1011 3570 ,
1041 3504 1180 3559 sicut
1212 3505 1258 3559 is
1287 3506 1379 3576 qui
1411 3507 1634 3561 laterem
1659 3507 1834 3577 lavat,

240 3593 528 3649 smcularia
551 3597 907 3653 saecularibus
935 3599 1132 3654 frustra
1161 3601 1416 3670 cupiebat
1443 3601 1694 3669 abolere;
1725 3618 1841 3658 ma-

235 3685 319 3756 gis
348 3687 492 3742 enim
521 3703 583 3744 se
624 3689 890 3745 oblinibat
930 3691 1077 3759 luto,
1109 3693 1201 3764 qui
1241 3695 1540 3750 remedium
1578 3711 1604 3749 a
1646 3697 1839 3767 volup-

236 3793 343 3839 tate
370 3787 653 3857 qutercbat
683 3805 698 3843 :
731 3803 831 3844 nos
863 3796 1041 3844 autem
1071 3797 1412 3846 terrenorum
1442 3791 1696 3848 vitiorum
1727 3793 1841 3848 col-

235 3877 454 3935 luvione
479 3880 722 3948 detersa,
745 3881 814 3937 ab
842 3883 990 3938 omni
1023 3882 1441 3956 inquinamento
1476 3886 1659 3940 carnis
1688 3901 1843 3942 inen-

235 3971 366 4026 tium
396 3971 617 4028 interna
649 3975 999 4029 mundemus.

305 4068 396 4124 20.
441 4069 767 4142 Symbolum
809 4087 1024 4142 quoque
1060 4071 1374 4143 Specialiter
1401 4073 1662 4131 debemus
1705 4086 1840 4130 tam-

233 4178 391 4236 quam
449 4165 629 4222 nostri
675 4167 1016 4239 signaculnm
1069 4169 1248 4224 cordis
1305 4171 1642 4226 antelucanis
1691 4171 1841 4227 horis

233 4260 476 4330 quotidie
527 4276 815 4318 recensere
841 4281 856 4318 :
885 4278 994 4334 quo
1043 4264 1207 4319 etiam
1252 4279 1374 4320 enm
1417 4265 1703 4322 horremus
1743 4267 1842 4322 ali-

231 4353 398 4422 quid,
452 4355 641 4409 anitno
674 4356 1078 4412 'rccurrendum
1125 4367 1226 4413 est.
1268 4359 1495 4426 Quatqu
1532 4362 1674 4415 enim
1723 4361 1842 4416 sine

232 4445 444 4502 militia:
490 4457 872 4517 sacramento,
910 4450 1069 4507 miles
1112 4450 1166 4506 in
1211 4451 1478 4522 tentorio,
1521 4452 1755 4509 bellator
1785 4453 1837 4509 in

235 4539 461 4609 proelio?

851 4677 1084 4736 CAPUT
1122 4678 1190 4735 ν.

234 4789 311 4845 Ad
360 4793 626 4867 lacrymas
667 4794 961 4866 fundendus
1007 4795 1242 4851 hortatus
1291 4793 1510 4852 Davidis
1558 4797 1840 4864 versiculo,

237 5001 243 5037 :
304 4991 335 5054 ft
374 4982 641 5039 Nonnulli
667 4999 823 5050 mss.,
846 4993 902 5039 ut
931 4984 1110 5054 florem
1139 4983 1366 5051 deponat
1393 4984 1604 5040 radicis.

304 5051 332 5092 δ
376 5056 508 5128 Mss.
546 5071 651 5111 non
685 5057 862 5126 pauci,
889 5051 1158 5128 augeatur,
1189 5066 1235 5110 et
1265 5058 1336 5110 ita
1364 5067 1419 5110 ut
1449 5056 1611 5121 nihil,
1641 5065 1749 5112 etc.
1781 5058 1841 5115 Si

234 5139 364 5180 vero
396 5126 505 5181 hoc
539 5139 866 5202 praeceptum
889 5126 1153 5202 conferas
1180 5144 1303 5183 cum
1336 5143 1396 5181 ea
1430 5128 1616 5202 hymni
1647 5145 1844 5202 vespe-

237 5210 418 5252 rartttn
452 5200 996 5270 quadragesimalium
1037 5202 1279 5268 strophe,
1313 5215 1413 5268 qua
1442 5201 1696 5268 jubemur
1717 5200 1840 5256 cibo

238 5280 288 5342 et
304 5280 432 5339 potu
461 5272 537 5325 nti
564 5274 804 5341 parcius;
832 5273 976 5327 haud
999 5272 1189 5342 injuria
1214 5273 1583 5340 confiteberis,
1605 5290 1710 5340 quo
1732 5273 1841 5342 spi-

238 5340 340 5421 ritu
372 5340 588 5412 regitur
611 5343 876 5413 Ecclesia,
905 5340 1097 5400 eodein
1127 5343 1364 5398 afflatum
1409 5343 1577 5400 fuisse
1608 5340 1839 5400 Ambro-

237 5425 399 5466 Sllllll.

312 5494 334 5521 ο
381 5485 543 5539 llorze
587 5486 796 5542 incensi
841 5487 1088 5542 meminit
1131 5496 1350 5542 sanctus
1394 5487 1568 5543 Lucas
1610 5502 1728 5556 cap.
1775 5503 1836 5555 ιι,

238 5567 382 5630 vers.
430 5557 538 5630 10,
581 5559 634 5612 in
686 5575 844 5630 quem
897 5559 1074 5614 locum
1124 5557 1494 5626 Maldonatus,
1549 5559 1836 5614 Jansenius

247 5622 509 5701 Yprensis
525 5640 584 5701 et
607 5622 966 5686 alii-scribunt
989 5631 1042 5686 in
1073 5647 1223 5686 more
1247 5630 1414 5686 fuisse
1440 5622 1576 5701 apud
1595 5630 1837 5698 Judteos,

240 5706 298 5750 ut
324 5699 568 5768 quotidie
606 5719 768 5757 mane
797 5717 859 5756 ac
888 5717 1115 5772 vespere
1150 5702 1275 5758 thus
1303 5699 1635 5758 adoleretur.
1672 5702 1838 5758 Vide-

241 5774 328 5843 tur
352 5781 539 5843 autem
571 5774 888 5830 Ambrosius
924 5774 991 5829 de
1020 5776 1327 5843 vespertina
1363 5773 1532 5829 thuris
1562 5775 1838 5830 oblatione

244 5837 657 5915 intelligendus,
686 5862 806 5902 cum
835 5847 1039 5903 mentio
1064 5837 1275 5904 cubitus
1301 5860 1427 5902 mox
1451 5845 1830 5918 subsequatur.

1939 3310 2062 3350 cum
2084 3296 2271 3352 dolere
2294 3314 2397 3353 non
2421 3300 2610 3369 possit,
2637 3301 2729 3372 qni
2758 3319 2863 3358 non
2890 3305 3084 3362 habeat
3114 3311 3374 3367 sensum?
3398 3311 3535 3368 Cor-

1940 3403 2042 3459 pus
2068 3398 2250 3446 autem
2295 3391 2501 3448 doloris
2531 3395 2672 3449 sicut
2697 3410 2899 3466 corpus
2921 3407 3006 3455 est
3034 3402 3225 3458 mortis
3254 3403 3373 3476 ejus
3399 3425 3414 3462 :
3445 3406 3542 3464 In-

1939 3481 2071 3554 felix
2107 3499 2198 3555 ego
2247 3484 2418 3553 homo,
2450 3488 2562 3558 quis
2607 3506 2686 3546 me
2726 3491 2964 3550 liberabit
3001 3495 3066 3552 de
3103 3514 3320 3571 corpore
3359 3505 3546 3562 mortis

1941 3579 2100 3646 huius
2131 3578 2308 3650 (Rom.
2338 3596 2433 3647 vtt,
2455 3581 2588 3654 24)?

2012 3668 2104 3725 22.
2147 3672 2211 3726 Et
2256 3673 2513 3744 quoniam
2553 3678 2881 3736 versiculum
2934 3683 3268 3756 indusimus,
3328 3691 3380 3748 in
3432 3707 3543 3764 quo

1941 3763 2208 3822 Dominici
2260 3769 2507 3838 corporis
2558 3771 2788 3830 fecimus
2832 3779 3202 3849 mentionem;
3257 3801 3326 3842 ne
3379 3802 3542 3860 quem

1940 3856 2083 3914 forte
2115 3862 2398 3928 perturbet
2429 3862 2693 3935 legentem
2735 3869 2878 3938 quod
2909 3870 3168 3930 Dominus
3202 3856 3545 3949 corpus-sns-

1941 3951 2089 4020 ccpit
2110 3951 2349 4020 doloris,
2386 3957 2706 4014 recordetur
2735 3962 2862 4028 quia
2886 3961 3073 4020 Lazari
3103 3978 3334 4026 mortem
3366 3981 3424 4028 et
3449 3972 3550 4030 do-

1943 4043 2044 4099 luit
2082 4052 2137 4100 et
2183 4045 2330 4102 flevit
2374 4047 2554 4117 (Joan.
2593 4067 2684 4119 χι,
2724 4052 2856 4126 55),
2888 4057 3017 4112 etin
3043 4063 3294 4130 passione
3320 4075 3402 4124 est
3431 4068 3549 4123 vul-

1943 4148 2165 4193 neratus
2189 4179 2204 4206 ,
2253 4151 2418 4228 atque
2459 4158 2527 4198 ex
2574 4146 2798 4203 vulnere
2837 4153 3060 4222 sanguis
3098 4165 3152 4210 et
3204 4173 3342 4230 aqua
3381 4162 3550 4220 exivit

1945 4230 2140 4304 (Joan.
2172 4248 2263 4288 XIX
2289 4274 2304 4300 ,
2339 4233 2407 4290 54
2431 4233 2450 4307 )
2475 4278 2490 4302 ,
2524 4237 2881 4312 spiritumque
2922 4247 3214 4304 exhalavit.
3283 4253 3435 4323 Aqua
3476 4255 3542 4312 ad

1944 4323 2240 4393 lavacrum,
2272 4327 2490 4397 sanguis
2513 4329 2583 4384 ad
2615 4342 2822 4399 potum,
2856 4335 3161 4406 spiritusad
3193 4351 3550 4403 resurrectio-

1943 4433 2088 4476 ncm.
2125 4419 2277 4476 Unus
2304 4421 2449 4476 enim
2478 4421 2723 4480 Christus
2745 4437 2828 4483 est
2857 4429 3016 4486 nobis
3041 4448 3166 4503 Spes
3185 4477 3200 4500 ,
3231 4436 3390 4506 fides,
3418 4443 3551 4495 cha-

1943 4515 2107 4569 ritas:
2137 4529 2265 4586 spes
2289 4516 2340 4571 in
2361 4519 2787 4591 resurrectione,
2809 4521 2944 4581 ﬁdes
2968 4527 3019 4580 in
3049 4525 3290 4600 lavacro,
3309 4531 3550 4593 charitas

1868 4609 1923 4672 D
1948 4607 1999 4664 in
2024 4618 2389 4665 sacramento.

2016 4701 2108 4757 25.
2150 4702 2354 4758 Tamen
2382 4711 2440 4759 ut
2489 4718 2689 4778 corpus
2724 4709 2966 4782 suscepit
2997 4711 3235 4787 doloris,
3266 4717 3339 4776 ita
3381 4721 3544 4780 etiam

1943 4806 2176 4853 stratum
2219 4798 2272 4854 in
2309 4797 2622 4858 infirmitate
2651 4805 2904 4874 .versavit
2947 4805 3065 4878 (Ps.
3101 4826 3169 4867 ιιι.
3196 4853 3211 4880 ,
3259 4811 3359 4886 4);
3415 4818 3543 4888 quia

2023 4984 2049 5027 ά
2090 4986 2450 5072 Pythagoram
2488 4987 3055 5072 ejusquesectatores
3093 4999 3300 5058 musica
3340 5001 3551 5072 impen-

2071 5060 2557 5141 delectatosnmulti
2582 5059 2776 5141 litteris
2800 5067 3108 5141 prodidere;
3135 5084 3263 5141 puta
3290 5091 3304 5126 :
3329 5059 3542 5140 Cic'ero,

1946 5133 2040 5215 lib.
2064 5131 2577 5215 tv_'l‘_nscul:.(_)uzest.
2597 5149 2612 5199 ;
2636 5131 2942 5215 Macrobius
2958 5141 3009 5215 i_n
3031 5131 3314 5215 Somnium
3333 5131 3546 5215 Scipio:

1950 5205 2062 5286 nis;
2087 5204 2322 5286 Cellius,
2341 5203 2439 5286 lib:
2459 5219 2496 5265 ι,
2515 5205 2754 5286 ςιιρ.14;
2777 5208 3068 5286 etFabius,
3091 5213 3182 5268 lib.
3205 5217 3382 5279 tx,ubi
3398 5203 3544 5286 q'uod

1948 5275 2053 5332 hoc
2086 5277 2204 5349 loco
2225 5275 2380 5330 docet
2411 5275 2732 5333 Ambrosius
2761 5275 3102 5349 apertissime
3127 5275 3500 5344 confirmatur.

2022 5358 2044 5424 οξ
2084 5347 2212 5424 Ιξίεδ.
2246 5362 2354 5401 non
2381 5349 2564 5424 pauci,
2595 5347 3014 5424 stratusirigetur
3036 5356 3263 5424 ﬂetibus.

2023 5418 2286 5502 {.Otr‘tn‘cs
2330 5417 2466 5502 edit.
2507 5433 2652 5502 cum.
2675 5435 2807 5476 mss.
2851 5417 3088 5502 dttobus,
3131 5428 3183 5502 in
3213 5431 3428 5502 gemmis
3455 5451 3550 5490 aer

1939 5492 2106 5564 specie
2156 5491 2410 5562 fulgoris;
2459 5489 2789 5562 reliqui,....
2846 5493 2976 5547 aerii
3029 5489 3238 5566 species"
3265 5489 3549 5573 fulgoris:

1940 5577 2103 5615 unus.
2141 5563 2384 5615 fulauris.

1940 5577 2103 5624 unus,
2139 5577 2384 5624 fulguris.

2016 5566 2413 5688 ἔδίιτζαίξῇιξῗῧέι
2451 5631 2609 5715 pauci
2637 5646 2805 5715 mss.;
2837 5633 2926 5715 alii
2969 5637 3269 5715 _vero_bene
3295 5645 3474 5715 multi,
3503 5652 3551 5706 si

1942 5722 2044 5760 non
2070 5721 2308 5778 asperum
2329 5704 2607 5770 montium,
2638 5704 2684 5758 si
2707 5719 2811 5759 non
2833 5703 2980 5761 humi
3006 5707 3242 5782 aridum,
3270 5703 3551 5780 minus'ta;

1940 5792 2066 5834 men
2095 5791 2351 5847 congrue.
