4054 6306
490 242 595 308 227

1835 240 2084 311 SANCTI
2122 240 2454 319 LIBROS]!

3697 248 3803 309 228

490 376 515 403 ιι
538 366 807 423 convertit
836 365 890 422 in
916 364 1268 422 commodum
1308 364 1493 422 carnis
1523 364 1944 423 bumante.Nam
1972 381 2099 437 pas-
2128 368 2180 428 Α
2206 412 2210 417 .
2280 365 2376 421 27.
2411 363 2727 429 Exstruitur
2752 364 2980 437 regifico
3009 363 3139 423 lusu
3178 364 3347 423 ferale
3374 366 3717 436 convivium,
3752 382 3807 425 et

489 461 647 517 sione
680 460 971 517 infirmitas
1008 468 1094 516 est
1129 460 1303 517 soluta
1325 502 1340 526 ,
1384 473 1531 516 mors
1568 460 1993 517 resurrectione.
2028 458 2099 514 Et

488 561 671 611 tamen
703 568 938 611 mmrere
968 567 1069 626 pro
1094 554 1321 622 steculo,
1350 552 1591 629 gaudere
1623 553 1837 611 debetis
1879 552 1934 609 in
1984 552 2095 608 Do-

492 646 680 713 mino:
714 647 901 704 tristes
941 646 1010 703 ad
1038 648 1455 719 paenitentiam,
1484 646 1699 703 alacres
1728 645 1795 701 ad
1830 645 2093 718 gratiam;

492 738 620 796 lii-et
647 746 705 797 et
731 738 864 797 flere
891 756 1015 797 cum
1041 740 1318 808 ﬂentibus,
1347 749 1403 797 et
1427 740 1664 812 gaudere
1693 755 1818 796 cum
1854 738 2099 810 gauden-

493 833 638 890 tibus
665 844 921 904 oportere
956 836 1195 906 gentium
1234 835 1429 895 Doctor
1467 833 1694 899 salutari
1733 832 2097 904 praeceptione

492 926 893 1001 proscripserit
920 925 1100 999 (Rom.
1133 942 1231 994 xu,
1256 926 1367 998 15).

563 1016 657 1073 24.
704 1016 901 1073 Verum
933 1018 1027 1088 qui
1065 1018 1281 1090 penitus
1308 1018 1548 1075 enodare
1576 1016 1604 1057 ι’
1636 1017 1943 1074 cicatricem
1977 1030 2098 1069 om-

496 1123 621 1169 nem
668 1109 947 1169 desiderat
1004 1110 1359 1181 quaestionis,
1402 1111 1469 1168 ad
1523 1109 1776 1167 eumdem
1819 1108 2097 1180 confugiat

487 1202 811 1274 Apostolum
837 1222 850 1260 :
878 1203 1063 1272 Omne,
1091 1204 1288 1277 inquit,
1310 1206 1667 1278 quodcumque
1687 1204 1858 1277 facitis
1873 1204 1928 1257 in
1945 1202 2097 1257 verba

484 1305 574 1351 aut
600 1297 655 1353 in
687 1300 829 1368 facta
843 1298 897 1355 in
920 1298 1130 1352 nomine
1148 1295 1360 1353 Domini
1389 1298 1553 1352 nostri
1572 1294 1699 1353 Iesu
1727 1296 1943 1361 Christi,
1970 1311 2092 1368 gra-

481 1388 581 1445 tias
605 1397 815 1460 agentes
844 1387 955 1445 Deo
987 1388 1132 1447 Patri
1155 1405 1246 1458 per
1269 1391 1440 1461 ipsum
1462 1388 1684 1462 (Galeas.
1718 1404 1800 1457 tu,
1832 1387 1940 1460 f7).
1966 1386 2097 1443 0m-

483 1482 571 1551 nia
602 1498 732 1555 ergo
766 1482 908 1540 dicta
950 1492 1138 1540 nostra
1174 1481 1427 1553 factaque
1466 1485 1768 1539 reteramus
1809 1482 1876 1537 ad
1911 1480 2099 1537 Chris-

489 1584 624 1643 tum,
653 1576 748 1647 qui
784 1576 951 1631 vitam
985 1574 1114 1639 fecit
1143 1590 1214 1631 ex
1248 1585 1459 1642 morte,
1487 1583 1543 1631 et
1572 1576 1747 1631 lucem
1791 1574 1998 1630 creavit
2026 1587 2095 1628 ex

486 1668 751 1737 tenebris.
782 1668 1029 1739 Namque
1069 1676 1130 1725 ut
1169 1683 1371 1740 corpus
1396 1678 1660 1740 ingratum
1701 1684 1845 1726 nunc
1870 1670 2097 1728 calidio-

2202 458 2490 530 explorato
2548 458 2769 529 quando
2819 458 2992 529 major
3040 460 3205 519 solito
3250 461 3403 517 turba
3453 465 3802 531 convenerit,

2202 551 2407 624 regina:
2436 553 2546 619 filia
2572 553 2782 613 intimis
2800 550 3099 613 dmandata
3127 556 3378 624 secretis,
3419 556 3471 612 iu
3499 568 3801 628 conspectu

2202 644 2441 702 virorum
2474 646 2736 702 saltatura
2768 646 3085 717 producitur
3112 647 3322 721 (Nare.
3355 665 3431 715 vt,
3458 649 3523 706 21
3564 652 3608 720 ).
3654 650 3799 719 Quid

2200 739 2349 796 enim
2399 740 2572 810 potuit
2607 738 2676 796 de
2702 740 2948 805 adultera
2978 741 3212 810 discere,
3258 742 3360 799 nisi
3404 742 3669 801 damnum
3697 760 3800 815 pu-

2199 829 2393 897 doris?
2437 834 2520 889 An
2568 831 2864 907 quidquam
2893 844 2979 890 est
3007 843 3116 890 tam
3145 850 3378 906 pronum
3407 836 3476 903 ad
3516 838 3798 905 libidines,

2198 939 2360 994 quam
2391 924 2683 983 inconditis
2704 925 2946 989 motibus
2974 942 3041 983 ea
3066 943 3192 999 quas
3221 927 3310 993 vel
3342 940 3537 989 natura
3567 930 3802 988 abscon-

2196 1014 2300 1085 dit,
2357 1017 2445 1081 vel
2499 1018 2788 1089 disciplina
2863 1020 3089 1087 velavit,
3161 1021 3533 1081 membrorum
3607 1033 3801 1094 operta

2198 1108 2431 1183 nudare,
2453 1109 2645 1171 ludere
2670 1111 2868 1177 oculis,
2885 1122 3072 1169 rotare
3093 1114 3385 1179 cervicem,
3405 1129 3621 1175 comam
3639 1131 3800 1187 spar-

2196 1201 2371 1277 gere?
2393 1202 2587 1269 Merito
2610 1202 2736 1263 inde
2762 1203 2815 1265 in
2845 1203 3102 1274 injuriam
3128 1204 3429 1262 divinitatis
3457 1205 3797 1276 proceditur.

2196 1294 2333 1364 Quid
2356 1295 2501 1355 enim
2534 1295 2608 1352 ibi
2637 1295 2981 1355 verecundiae
3012 1306 3190 1368 potest
3217 1313 3360 1365 esse,
3394 1298 3486 1359 ubi
3539 1301 3799 1365 saltatur,

2197 1388 2483 1459 Strepitur,
2512 1390 2920 1462 concrepaturi

2268 1482 2359 1538 28.
2411 1480 2557 1537 Tunc
2587 1499 2701 1550 rex,
2729 1483 2921 1556 inquit,
2953 1483 3258 1551 delectatus,
3291 1484 3429 1541 dixit
3480 1484 3700 1554 puella,
3744 1497 3802 1541 ut

2198 1586 2388 1649 peteret
2429 1593 2463 1631 a
2512 1592 2631 1652 rege
2678 1578 2819 1648 quod
2862 1579 3031 1637 uellet.
3075 1578 3278 1635 Deinde
3317 1581 3525 1653 jurarit
3550 1581 3695 1649 quod
3725 1583 3807 1636 eet

2196 1670 2473 1725 dimidium
2502 1672 2669 1744 regni,
2687 1674 2733 1727 si
2760 1674 2991 1744 petisset,
3019 1676 3315 1733 concederet
3340 1674 3530 1747 (ηεάη
3556 1675 3655 1743 22,
3678 1675 3803 1747 25).

482 1761 631 1827 ribus
661 1762 897 1832 fovetur,
932 1779 1077 1825 nunc
1108 1763 1481 1835 frigidioribus
1514 1773 1878 1835 temperatur;
1913 1782 2090 1823 remc-
2123 1763 2172 1835 B
2202 1763 2335 1823 Vide
2365 1767 2824 1838 quemadmodum
2851 1770 3148 1837 saeculares
3181 1771 3284 1841 ipsi
3317 1771 3387 1829 de
3437 1772 3808 1829 surcularibus

480 1857 806 1928 dierumque
840 1858 1092 1923 mutatio,
1124 1858 1168 1911 si
1191 1857 1344 1928 juxta
1370 1869 1704 1931 praeceptum
1743 1858 1835 1914 fiat
1860 1859 2090 1925 medici,

477 1952 738 2017 salutaris
775 1963 863 2010 est
895 1971 910 2008 :
942 1953 988 2011 si
1025 1964 1220 2011 contra
1261 1953 1574 2021 mandatum
1617 1962 1934 2024 usurpatur,
1977 1954 2095 2008 lan-

479 2044 667 2115 guoris
712 2053 1064 2116 augmentum
1102 2057 1217 2111 est;
1257 2046 1329 2102 ita
1369 2045 1578 2103 medico
1611 2057 1802 2102 nostro
1830 2045 2093 2117 quidquid

485 2138 743 2210 penditur
780 2139 1030 2209 Christo,
1071 2140 1377 2199 remedium
1413 2150 1536 2197 est:
1564 2140 1826 2213 quidquid
1864 2157 2095 2211 usurpa-

485 2238 595 2298 tur,
629 2231 1058 2295 incommodum.

552 2325 647 2383 25.
687 2328 859 2387 Debet
885 2327 1050 2400 igitur
1072 2328 1213 2384 bene
1236 2328 1471 2385 consciae
1502 2327 1704 2384 mentis
1730 2341 1854 2384 esse
1881 2325 2091 2394 laetitia,

488 2435 596 2483 non
628 2420 925 2479 inconditis
953 2422 1468 2488 comessationibus,
1502 2437 1608 2478 non
1643 2422 1976 2493 nuptialibus
1999 2435 2096 2477 es-

478 2515 645 2575 citata
671 2516 1050 2588 sympbouiis;
1087 2516 1160 2573 ibi
1188 2518 1336 2573 enim
1369 2517 1543 2573 intuta
1568 2516 1937 2584 verecundia,
1972 2515 2095 2572 ille-

479 2610 646 2671 cebra
668 2618 921 2680 suspecta
941 2618 1045 2676 est,
1073 2609 1164 2666 ubi
1190 2624 1376 2666 comes
1396 2608 1717 2666 deliciarum
1741 2619 1827 2665 est
1846 2620 2093 2665 extrema

484 2704 724 2769 saltatio.
756 2705 837 2762 Ab
882 2705 984 2763 hac
1023 2704 1261 2776 virgines
1298 2703 1394 2760 Dei
1440 2704 1633 2776 procul
1661 2718 1783 2760 esse
1811 2702 2089 2760 desidero.

480 2798 656 2865 Nemo
700 2800 871 2863 enim,
919 2806 981 2854 ut
1008 2797 1161 2855 .dixit
1192 2810 1216 2840 ο
1241 2798 1462 2870 quidam
1508 2797 1852 2854 saecularium
1876 2799 2089 2864 doctor,

481 2895 648 2951 saltat
670 2894 909 2962 sobrius,
945 2894 1048 2950 nisi
1087 2895 1308 2950 insanit.
1336 2893 1490 2960 Quod
1517 2894 1562 2949 si
1580 2893 1733 2965 juxta
1764 2891 2089 2964 sapientiam

482 2986 823 3055 szecularem,
855 2986 1166 3042 saltationis
1196 2995 1289 3042 aut
1314 2986 1632 3043 temulentia
1653 2995 1845 3041 auctor
1866 2993 1973 3052 est,
1997 2992 2092 3039 aut

481 3080 753 3147 amentia;
787 3080 914 3152 quid
942 3079 1252 3137 divinarum
1291 3078 1697 3151 Scripturarum
1734 3090 1953 3135 cautum
1991 3092 2091 3148 pu-

2195 1859 2310 1931 suis
2332 1858 2580 1931 judicant
2610 1862 2995 1935 potestatibus,
3026 1874 3086 1933 ut
3140 1879 3240 1935 pro
3288 1864 3582 1927 saltatione
3628 1866 3805 1925 etiam

2204 1965 2370 2022 regna
2408 1951 2701 2011 donentur.
2753 1952 2946 2019 Puella
2983 1964 3163 2012 autem
3210 1955 3489 2019 admonita
3546 1972 3577 2012 a
3623 1966 3808 2015 matre

2196 2058 2293 2099 sua
2319 2084 2337 2114 ,
2383 2047 2634 2117 poposcit
2684 2047 2869 2105 aﬂ'erri
2919 2049 3024 2109 sibi
3051 2050 3103 2105 in
3146 2049 3298 2107 disco
3338 2060 3502 2122 caput
3544 2050 3800 2113 Joannis.

2199 2146 2222 2177 ε’
2246 2138 2401 2208 Quod
2431 2139 2560 2197 dicit
2584 2156 2598 2197 :
2624 2140 2737 2197 Rea:
2762 2144 3094 2211 contristatus
3117 2153 3191 2199 est
3211 2142 3411 2215 (Ibid.,
3438 2145 3511 2202 25
3538 2156 3589 2213 et
3617 2146 3761 2219 seq.)
3787 2163 3804 2212 ;

2195 2246 2301 2287 non
2332 2233 2650 2304 paenitentia
2675 2234 2839 2306 regis,
2886 2234 2984 2292 sed
3030 2234 3309 2293 confessio
3336 2235 3641 2308 iniquitatis
3668 2245 3799 2294 est:

2196 2339 2360 2396 quam
2404 2324 2603 2385 divina:
2643 2324 2808 2382 habet
2853 2328 3194 2385 consuetudo
3242 2329 3552 2397 sententiae,
3598 2340 3662 2386 ut
3703 2331 3805 2401 qui

2194 2427 2483 2489 gesserunt
2514 2420 2698 2489 impia,
2729 2420 2830 2495 ipsi
2863 2421 3084 2495 propria
3128 2424 3475 2483 confessione
3517 2439 3581 2481 se
3635 2424 3803 2480 dam-

2197 2519 2345 2566 nent.
2369 2512 2475 2568 Sed
2498 2523 2705 2585 propter
2721 2514 3117 2582 discumbentes.
3142 2518 3335 2603 inquit.
3354 2517 3495 2588 Quid
3523 2518 3806 2589 indignius

2194 2618 2356 2674 quam
2388 2614 2447 2659 ut
2475 2605 2826 2661 homicidium
2874 2608 2992 2662 fieri
3043 2609 3285 2679 juberet,
3329 2626 3399 2667 ne
3446 2610 3804 2668 discumben-

2196 2697 2339 2755 tibus
2369 2698 2684 2770 displiceret
2708 2701 2732 2756 Υ
2756 2699 2827 2757 Et
2856 2711 3065 2776 propter
3093 2706 3212 2778 jus,
3259 2705 3452 2778 inquit,
3475 2707 3800 2780 jurandarn.

2194 2789 2239 2846 Ο
2309 2790 2629 2864 religionem
2704 2795 2948 2851 novam!
3024 2796 3390 2859 Tolerabilius
3467 2798 3802 2873 peierasset.

2194 2882 2348 2941 Unde
2374 2901 2481 2942 non
2513 2887 2785 2944 immerito
2811 2889 3072 2947 Dominus
3100 2893 3153 2949 in
3179 2893 3475 2965 Evangelia
3494 2892 3654 2964 jubet
3679 2910 3799 2951 non

2190 2992 2313 3035 esse
2339 2978 2656 3050 jurandum,
2683 2998 2749 3038 ne
2765 2982 2837 3038 sit
2858 2998 3021 3053 causa
3046 2984 3293 3057 perjurii;
3314 3002 3381 3043 ne
3397 2987 3469 3045 sit
3491 2987 3801 3044 necessitas

2190 3066 2566 3142 delinquendi.
2597 3072 2781 3144 Itaque
2811 3091 2880 3131 ne
2899 3073 3284 3146 jusjurandum
3311 3078 3637 3146 violaretur,
3670 3094 3801 3149 per-

483 3183 662 3245 tamus
710 3173 983 3245 exemplis
1029 3188 1154 3231 cum
1194 3173 1437 3230 Joannes
1482 3173 1822 3245 praenuntius
1856 3169 2084 3239 Christi,
2115 3158 2161 3224 C
2190 3165 2395 3220 colitur
2425 3166 2686 3223 innocens
2728 3167 2961 3242 (Matth.
3008 3186 3062 3240 v,
3091 3172 3225 3247 δι).
3272 3173 3410 3243 Quid
3456 3174 3605 3245 prius
3655 3173 3796 3231 hor-

475 3270 771 3331 saltatricis
816 3269 1041 3341 optione
1082 3269 1392 3340 jugulatus,
1439 3267 1695 3339 exemplo
1719 3270 1788 3324 sit
1834 3266 1956 3338 plus
1988 3280 2087 3321 no-

474 3365 656 3425 cuisse
684 3364 991 3423 saltationis
1021 3363 1340 3421 illecebram
1361 3404 1377 3432 ,
1407 3378 1572 3435 quam
1603 3361 1860 3435 sacrilegi
1886 3360 2084 3418 furoris

476 3456 773 3521 atnentiam
791 3457 815 3513 ἲ

946 3550 1102 3621 ιει
1142 3547 1372 3605 ρΑρυτ
1413 3546 1501 3605 Vl.

480 3659 748 3718 Hentione
791 3662 956 3717 sancti
992 3661 1342 3717 Prweursoris
1387 3661 1655 3728 inductus,
1708 3660 1884 3715 omnia
1923 3658 2083 3714 credis

546 3757 660 3828 ejus
688 3754 937 3825 adjuncta
982 3770 1138 3827 quam
1164 3753 1576 3826 eloquentissime
1598 3751 1844 3808 describit
1872 3761 1922 3808 et
1962 3768 2077 3805 am-

546 3850 768 3923 plificat,
798 3859 852 3906 ut
897 3867 932 3905 ts
968 3850 1246 3906 scitatione
1284 3849 1663 3921 impiorumque
1708 3847 1956 3904 conviviis
1986 3846 2080 3902 de-

552 3952 764 3998 terreat.
786 3950 789 3953 ’

542 4080 636 4138 26.
679 4080 745 4138 Et
782 4081 1040 4154 quoniam
1095 4080 1218 4139 talis
1274 4080 1377 4138 viri
1425 4097 1533 4138 non
1570 4082 1806 4140 strictim
1839 4090 2070 4155 printer-

475 4173 653 4232 eunda
687 4183 771 4231 cst
796 4176 1131 4243 recordatio,
1176 4176 1405 4231 interest
1436 4186 1491 4231 ut
1518 4176 1663 4247 quis,
1696 4188 1751 4233 et
1792 4193 1822 4232 a
1851 4177 2071 4248 quibus,

473 4278 529 4325 et
558 4283 719 4341 quam
751 4268 823 4324 ob
848 4283 1093 4337 causam,
1127 4268 1424 4339 quomodo,
1458 4277 1516 4325 et
1553 4284 1661 4339 quo
1712 4279 1957 4341 tempore
2002 4270 2074 4326 sit

473 4363 709 4430 occisus,
758 4365 1046 4420 advertere
1088 4362 1410 4429 debeamus.
1466 4362 1551 4419 Ab
1599 4363 1860 4421 adulteris
1894 4364 2073 4434 justus

472 4455 761 4524 occiditur,
786 4467 843 4512 et
868 4472 898 4511 a
927 4456 1037 4512 reis
1054 4455 1106 4510 in
1128 4454 1366 4526 iudicem
1389 4454 1639 4527 capitalis
1659 4457 1886 4513 sceleris
1911 4472 2069 4529 pruna

2189 3271 2398 3312 rescam
2430 3259 2631 3316 nescio.
2713 3260 3103 3321 Tolerabiliora
3170 3266 3428 3337 perjuria,
3482 3282 3643 3339 quam
3692 3282 3791 3324 sa-

2186 3359 2466 3409 cramenta
2494 3363 2622 3409 sunt
2662 3365 3034 3426 tyrannorum.

2264 3444 2423 3523 182
2465 3445 2557 3502 29.
2589 3446 2722 3516 Quis
2753 3464 2863 3507 non
2888 3465 3012 3507 cum
3041 3466 3074 3508 e
3110 3454 3363 3515 convivio
3405 3456 3474 3512 ad
3500 3471 3789 3519 carcerem

2186 3548 2408 3592 cursare
2438 3537 2664 3607 videret,
2692 3550 2907 3613 putaret
2930 3543 3252 3616 prophetam
3277 3546 3491 3619 iussum
3534 3564 3659 3606 esse
3702 3551 3794 3609 di-

2186 3627 2556 3700 mitti?Quis,
2604 3632 2846 3704 inquam,
2899 3650 3022 3691 cum
3072 3637 3319 3696 audisset
3376 3644 3610 3699 natalem
3659 3659 3790 3703 esse

2188 3718 2444 3791 Herodis,
2474 3724 2722 3782 solemne
2744 3726 3078 3795 convivium,
3123 3733 3317 3802 puella:
3363 3734 3640 3806 optionem
3689 3736 3796 3793 eli-

2181 3813 2343 3886 gendi
2375 3814 2522 3887 quod
2566 3818 2729 3875 vellet
2755 3819 2971 3889 datam,
3000 3822 3227 3880 missum
3263 3822 3281 3863 ί
3327 3825 3394 3882 ad
3437 3826 3664 3884 Joannis
3691 3829 3795 3887 ab-

2181 3908 2512 3967 solutionem
2565 3928 2672 3967 non
2716 3912 3281 3986 arbitraretur?Quid
3303 3920 3613 3976 crudelitati
3658 3936 3790 3991 cum
3833 3964 3841 3970 -

2182 4001 2442 4060 deliciis?
2471 4005 2603 4078 quid
2647 4021 2770 4063 cum
2793 4008 3077 4067 funeribus
3103 4012 3416 4085 voluptati?
3453 4013 3689 4088 Rapitur
3716 4018 3793 4074 ad

2181 4111 2400 4169 pinnam
2450 4100 2716 4172 propheta
2763 4111 2789 4151 ε
2838 4105 3105 4162 convivali
3165 4117 3443 4179 tempore,
3508 4112 3788 4169 convivali

2181 4204 2476 4266 praecepto,
2506 4211 2614 4267 quo
2641 4212 2750 4253 non
2783 4210 3009 4273 cuperet
3036 4201 3121 4258 vel
3150 4201 3360 4259 absolvi
3416 4221 3432 4258 :
3491 4204 3789 4275 perimitur

2178 4285 2378 4359 gladio,
2421 4295 2584 4357 caput
2612 4287 2732 4359 ejus
2770 4288 3000 4347 alfertur
3030 4292 3083 4348 in
3133 4292 3286 4350 disco
3321 4293 3534 4367 (Marc.
3578 4313 3673 4365 vt,
3708 4300 3786 4363 :27

2178 4389 2225 4433 et
2251 4395 2360 4449 seq.
2393 4377 2434 4451 ).
2471 4378 2584 4436 lloc
2633 4381 2945 4440 crudelitati
2997 4384 3261 4459 ferculum
3308 4387 3633 4460 debebatur,
3669 4410 3785 4466 quo

2180 4471 2426 4528 insatiata
2457 4472 2633 4544 epulis
2660 4473 2848 4531 feritas
2875 4487 3206 4535 vesceretur.

469 4553 827 4608 convertitur.
886 4550 1089 4606 lleinde
1135 4550 1419 4620 premium
1466 4550 1764 4611 saltatricis
1792 4567 1943 4610 mors
1988 4562 2070 4609 est

2249 4565 2339 4621 50.
2393 4566 2631 4636 intuere,
2681 4585 2777 4626 rex
2848 4572 3223 4642 acerbissime,
3298 4584 3392 4632 tuo
3458 4581 3777 4651 spectacula

470 4646 769 4721 prophetae.
822 4643 1108 4702 Postremo
1162 4643 1349 4718 (quod
1398 4644 1563 4703 etiam
1616 4660 1807 4705 omnes
1851 4646 2069 4703 barbari

469 4737 698 4793 horrere
723 4746 1131 4793 consueverunt
1158 4736 1175 4806 )
1204 4737 1347 4793 inter
1376 4738 1569 4815 epulas
1608 4746 1775 4814 atque
1818 4738 2067 4801 convivia

464 4829 913 4888 consummandte
946 4830 1288 4887 crudelitatis
1316 4832 1589 4903 profertur
1633 4833 1873 4890 edictum
1907 4852 1920 4889 :
1953 4844 2009 4891 ct
2035 4849 2066 4890 a

465 4926 717 4983 cenvivio
744 4925 812 4981 ad
839 4940 1139 4992 carcerem,
1166 4926 1234 4983 de
1261 4941 1482 4985 carcere
1528 4928 1595 4985 ad
1642 4930 1948 4987 convivium
1982 4932 2064 4987 fe-

464 5020 595 5079 ralis
627 5018 815 5093 llagitii
854 5018 1238 5083 circumfertur
1268 5022 1612 5095 obsequium.
1630 5022 1840 5093 Quanta
1870 5025 1924 5083 in
1957 5042 2066 5085 uno

462 5113 705 5172 facinore
752 5121 882 5169 sunt
908 5112 1139 5170 crimina
1166 5111 1180 5169 l

533 5246 557 5308 ξι
599 5236 729 5295 Mss.
763 5240 1091 5307 complures,
1124 5242 1373 5297 convertit
1399 5240 1752 5308 incommoda,
1779 5250 1887 5299 etc.

530 5306 559 5346 ι)
599 5306 915 5369 Citatricem
958 5321 1117 5369 vocat
1158 5313 1492 5369 difficultatis
1542 5306 1851 5382 residuum,
1902 5314 2062 5372 ducta

462 5383 835 5462 metaphoraa
866 5385 1213 5451 vulneribus,
1245 5384 1443 5454 quibus
1468 5386 1675 5441 sanatis
1709 5399 1901 5443 eorum
1931 5396 2061 5443 nota

462 5457 517 5506 in
546 5469 708 5527 carne
733 5457 912 5515 adhuc
935 5464 1273 5527 perseverat.

539 5534 561 5563 ο
601 5523 1215 5601 Ciceronem—designat
1263 5525 1406 5595 apud
1450 5541 1612 5598 quem
1660 5528 1857 5597 eadem
1908 5544 2067 5601 repee

461 5592 675 5668 riuntur
702 5598 854 5654 Orat.
887 5613 983 5668 pro
1011 5599 1070 5652 L.
1088 5592 1361 5661 Mur-ama.

533 5667 558 5703 ιι
599 5667 757 5735 Rom.
790 5667 902 5727 edit
928 5711 944 5736 ,
974 5669 1308 5729 emundanda
1344 5670 1552 5729 secretis
1578 5686 1598 5724 :
1622 5669 1744 5725 alite
1772 5686 1838 5727 ac
1890 5688 2053 5739 mss.,

462 5741 704 5795 mandatu
774 5743 1010 5805 secretis,
1067 5741 1177 5799 duo
1225 5756 1357 5798 mss.
1408 5741 1766 5798 commendata
1819 5744 2053 5801 secretis.

347 5862 353 5869 .
458 5808 606 5868 Infra
652 5826 782 5868 vero
810 5811 900 5868 ubi
944 5812 1101 5880 edit.,
1129 5814 1240 5883 ﬁlia
1272 5813 1336 5870 de
1371 5813 1607 5869 adultera
1640 5814 1838 5871 discere
1867 5828 2050 5884 matre,

2175 4658 2334 4731 digna
2359 4662 2627 4719 convivio.
2661 4664 2883 4738 Porrige
2935 4667 3248 4736 dexteram,
3280 4687 3349 4727 ne
3374 4672 3502 4742 quid
3548 4674 3779 4733 sterilia:

2173 4761 2283 4819 tuae
2320 4755 2501 4824 desit;
2532 4771 2590 4817 ut
2616 4760 2761 4818 inter
2788 4760 2987 4833 digitos
3016 4772 3138 4821 tuos
3188 4766 3290 4822 rivi
3320 4767 3563 4827 deﬂuant
3590 4773 3767 4831 sancti

2172 4849 2407 4904 cruoris.
2457 4850 2525 4907 Et
2554 4854 2814 4922 quoniam
2848 4870 2954 4911 non
2999 4860 3310 4916 exsaturari
3355 4862 3532 4932 epulis
3573 4865 3770 4935 fames,

2173 4953 2281 4995 non
2310 4941 2575 5015 restingui
2602 4947 2812 5017 poculis
2843 4950 3018 5018 potuit
3043 4951 3303 5010 inaudita:
3340 4955 3564 5013 srevitia:
3605 4956 3770 5027 sitis;

2171 5031 2299 5091 bibe
2335 5037 2657 5109 sanguinem
2699 5042 3124 5100 scaturientibus
3145 5044 3323 5103 adhuc
3367 5049 3518 5105 venis
3558 5052 3775 5109 exsecti

2169 5126 2361 5199 capitis
2411 5129 2797 5200 profluentem.
2857 5134 3036 5194 Cerne
3083 5140 3280 5205 oculos
3331 5141 3385 5199 in
3436 5145 3552 5215 ipsa
3591 5155 3773 5221 morte

2164 5263 2346 5333 voces“
2370 5250 2505 5333 lilia,
2534 5260 2590 5309 et
2619 5262 2802 5333 matre2
2847 5257 2901 5311 in
2943 5272 3090 5333 Amas.
3139 5259 3388 5318 omnibus
3419 5262 3637 5321 desunt.

2241 5331 2265 5360 θ
2305 5321 2536 5391 Quidam
2589 5339 2724 5381 mss.
2759 5324 2875 5393 Quo
2919 5328 3077 5392 dicto,
3109 5347 3203 5387 rex
3231 5335 3565 5390 contristalus
3591 5346 3687 5393 est.

2243 5394 2262 5431 ί
2312 5395 2515 5452 Omnes
2561 5396 2721 5465 edit.,
2750 5399 2818 5453 ad
2841 5397 3096 5456 Joannem
3138 5402 3199 5457 ob
3242 5406 3546 5462 solutionem
3576 5425 3597 5463 :
3628 5425 3763 5468 mss.

2166 5474 2346 5559 aute'm
2381 5468 2600 5559 partim,
2646 5471 2716 5559 a'd
2747 5469 3038 5559 .Joannenr
3078 5474 3492 5557 absolutionem;
3540 5482 3764 5559 partim,

2166 5535 2235 5629 qd
2270 5535 2936 5629 Joanniaqbsolutionern.
2989 5545 3158 5617 Magis
3206 5535 3487 5629 congrue;
3524 5535 3768 5629 nisi

2167 5612 2403 5688 missum,
2435 5612 2578 5688 quod
2607 5614 2905 5688 antecedit,
2952 5612 3187 5686 reponas
3214 5612 3583 5688 missam,etc.

2239 5678 2830 5763 nummularium“,
2860 5678 2913 5742 in
2935 5678 3151 5747 cunctis
3177 5691 3307 5749 edit.
3343 5678 3593 5763 habetur,
3623 5711 3764 5757 con-

2163 5759 2245 5807 tra
2275 5753 2327 5809 in
2374 5768 2506 5810 mss.
2544 5754 2945 5816 desiderantur.
