4054 6306
540 274 643 332 251

1883 264 2129 326 SANCTI
2168 264 2493 326 AHBROSII

3730 265 3822 324 232

538 401 779 454 cessum,
804 384 952 442 nulla
982 383 1213 441 tentavit
1259 380 1354 439 ubi
1405 395 1654 454 gressum
1687 379 1877 452 ﬁgeret
1919 398 1932 434 :
1966 380 2145 436 anxiae
2175 385 2221 446 Α
2251 379 2530 436 successio
2584 378 2829 449 parentis
2896 376 3172 436 inlusione
3229 377 3487 450 martyris
3556 376 3818 436 erudivit!

541 494 666 537 cum
697 491 843 535 terra
885 484 1225 544 occurreret,
1254 474 1479 532 oll'ensm
1510 473 1668 541 vado,
1695 474 1831 529 laeta:
1856 472 2145 544 profundo.

547 572 781 630 Videres
834 572 980 645 piam
1037 580 1269 627 matrem
1324 569 1686 640 stringentem
1742 566 1885 622 nodo
1932 581 2150 635 manus,

546 667 788 740 gaudere
810 666 880 722 de
909 666 1162 738 pignore,
1188 664 1384 721 timere
1404 663 1474 720 de
1491 678 1643 729 casu,
1669 677 1738 718 ne
1766 660 1869 717 sibi
1895 659 2037 716 lilias
2063 660 2148 717 vel

562 758 760 815 ﬂuctus
790 757 1052 814 auferret.
1086 756 1194 813 llas
1216 756 1311 812 tibi
1338 799 1351 821 ,
1379 755 1587 828 inquit,
1612 753 1820 809 hostias
1848 794 1865 818 ,
1892 751 2108 809 Christe
2131 792 2149 821 ,

564 861 591 891 ⁸
618 851 847 909 immolo
871 850 1137 925 praesules
1164 849 1452 919 castitatis,
1480 848 1650 905 duces
1670 847 1902 916 itineris,
1926 846 2157 903 comites

553 946 850 1020 passionis.

622 1042 715 1099 36.
743 1041 851 1099 Sed
878 1040 1002 1114 quis
1015 1039 1141 1113 jure
1162 1040 1392 1097 miretur
1414 1048 1619 1096 tantam
1640 1038 1950 1097 viventibus
1974 1036 2147 1094 fuisse

554 1133 941 1201 constantiam,
974 1147 1097 1190 cum
1147 1133 1313 1190 etiam
1344 1129 1614 1191 defunctae
1660 1131 1999 1189 immobilem
2044 1140 2157 1188 sta-

556 1227 763 1285 tionem
790 1243 1081 1300 corporum
1112 1227 1553 1285 vindicayerint‘l
1581 1226 1703 1284 Non
1742 1226 1980 1284 cadaver
2010 1224 2153 1281 unda

552 1321 803 1388 nudavit,
828 1337 935 1377 non
963 1318 1142 1392 rapidi
1167 1336 1363 1378 cursus
1386 1320 1631 1378 numinis
1655 1319 1992 1377 volutarunt.
2010 1319 2152 1388 Quin

2256 472 2409 530 Unde
2430 473 2579 530 enim
2630 473 2893 541 didicisti,
2922 489 3044 546 qua:
3084 489 3193 531 non
3249 473 3486 532 habuisti
3527 474 3672 531 unde
3718 475 3821 531 dis-

2248 582 2430 635 ceres,
2476 568 2775 625 constituta
2804 569 2858 625 in
2882 582 3035 641 agro,
3077 569 3227 625 nulla
3257 568 3407 626 socia
3427 568 3666 641 virgine,
3695 570 3827 627 nullo

2250 661 2539 718 informata
2561 661 2834 719 doctore?
2861 661 2981 719 Non
3006 677 3139 735 ergo
3168 660 3519 734 discipulam,
3548 662 3694 734 quod
3725 662 3826 720 ﬁeri

2249 754 2371 811 sine
2428 755 2745 828 magisterio
2794 770 2904 813 non
2932 763 3136 829 potest,
3184 755 3282 814 sed
3309 755 3588 814 heredem
3634 754 3828 813 virtutis

2250 849 2431 922 egisti.

2326 942 2419 1000 58.
2449 942 2551 1013 Qui
2581 943 2727 1000 enim
2756 944 2877 1001 lieri
2904 953 3175 1017 possetut
3201 955 3391 1004 sancta
3416 944 3672 1004 Sotheris
3698 955 3720 986 ε
3744 944 3824 1003 tibi

2252 1052 2361 1095 non
2390 1047 2539 1095 esset
2559 1039 2760 1095 mentis
2781 1049 2992 1108 auctor,
3008 1042 3096 1097 cui
3121 1051 3316 1099 auctor
3332 1050 3416 1098 est
3435 1040 3690 1114 generis?
3718 1040 3830 1111 Quae

2252 1130 2655 1202 persecutionis
2679 1140 2864 1201 atate,
2915 1133 3212 1191 servilibus
3236 1150 3453 1207 quoque
3507 1133 3829 1191 contumeliis

2253 1225 2321 1282 ad
2353 1225 2627 1298 fastigium
2659 1227 2933 1298 passionis
2978 1239 3192 1296 evecta,
3241 1231 3406 1287 etiam
3442 1231 3653 1288 vultum
3678 1230 3829 1302 ipsum

2253 1322 2347 1392 qui
2392 1321 2537 1379 inter
2564 1323 2839 1380 cruciatus
2867 1324 3035 1380 totius
3062 1325 3315 1396 corporis
3367 1325 3509 1382 liber
3549 1339 3675 1383 esse
3720 1339 3829 1381 con-

550 1414 712 1471 etiam
767 1421 954 1471 sancta
1020 1423 1197 1470 mater
1248 1413 1383 1471 licet
1432 1429 1599 1471 sensu
1652 1428 1874 1480 carens,
1932 1411 2155 1484 pietatis
2252 1418 2430 1473 suevit
2474 1417 2712 1488 injuriae,
2757 1427 2813 1474 et
2867 1427 3119 1491 spectare
3174 1420 3354 1490 potius
3383 1428 3659 1478 tormenta
3685 1434 3824 1491 quam

549 1515 731 1564 tamen
777 1507 957 1564 adhuc
1006 1509 1264 1565 servabat
1301 1508 1617 1580 amplexum
1669 1524 1683 1562 :
1741 1516 1798 1565 et
1839 1506 2154 1580 religiosum
2256 1509 2490 1581 perpeti,
2526 1505 2555 1547 ἀ
2589 1510 2834 1567 carniﬁci
2865 1510 3055 1568 dedit:
3107 1520 3217 1568 tam
3265 1513 3421 1568 fortis
3445 1523 3503 1569 et
3535 1511 3760 1584 patiens,
3785 1519 3832 1566 ut

548 1618 711 1676 quem
738 1602 1062 1670 strinxerat,
1106 1602 1311 1660 nodum
1341 1618 1441 1661 nec
1473 1604 1527 1659 in
1579 1612 1758 1660 morte
1807 1602 2060 1669 laxabat;
2095 1610 2157 1659 ut
2255 1617 2379 1659 eum
2429 1612 2645 1661 teneras
2696 1619 2873 1676 plnum
2922 1604 3146 1663 offerret
3182 1620 3374 1679 genas,
3424 1607 3585 1679 prius
3608 1605 3829 1663 carnifex

552 1712 677 1770 quae
724 1697 976 1769 religioni
1036 1696 1279 1755 debitum
1303 1697 1558 1766 solverat,
1615 1697 1643 1738 ι’
1689 1698 1889 1768 pietate
1934 1696 2154 1753 barrede
2258 1696 2520 1754 caedendo
2547 1696 2830 1765 defecerit,
2880 1714 3043 1771 quam
3093 1710 3300 1773 martyr
3345 1700 3564 1771 injuriae
3617 1700 3829 1758 cederet.

554 1799 882 1848 moreretur.
917 1789 1052 1847 Nam
1080 1806 1217 1862 quas
1243 1789 1310 1848 ad
1341 1790 1661 1864 martyrium
1680 1790 1956 1862 iunxerat,
1984 1804 2156 1861 usque
2183 1780 2233 1844 B
2256 1789 2375 1847 Non
2401 1791 2610 1848 vultum
2640 1791 2868 1861 inflexit,
2910 1808 3017 1849 non
3046 1808 3143 1851 ora
3191 1795 3463 1851 convertit
3491 1811 3508 1849 :
3543 1804 3569 1833 ο
3624 1809 3727 1852 non
3752 1808 3831 1866 ge-

549 1885 620 1943 ad
670 1886 939 1943 tumulum
967 1884 1295 1943 vindicabat.
2259 1881 2476 1951 mitum,
2499 1897 2607 1938 non
2633 1883 2927 1957 lacrymam
2977 1885 3152 1943 dedit.
3206 1885 3456 1959 Denique
3504 1902 3631 1943 cum
3660 1896 3830 1944 caetera

617 1981 709 2037 '57.
753 1980 866 2039 Sed
907 1981 1038 2051 quid
1082 1980 1404 2054 alienigenis
1450 1979 1594 2053 apud
1660 1988 1737 2047 te,
1789 1993 1969 2047 soror,
2017 1986 2144 2035 utor
2261 1989 2545 2047 poenarum
2574 1990 2777 2048 genera
2808 1976 3049 2046 vicisset,
3079 1977 3318 2050 gladium
3362 1993 3530 2051 quem
3558 1979 3829 2053 quarti)”.

508 2062 844 2146 'exemplis,
916 2088 1078 2146 quam
1132 2072 1498 2130 hmreditarim
1556 2073 1825 2130 castitatis
1886 2072 2150 2144 inspirata
2259 2067 2469 2125 invenit
2496 2067 2540 2125 ί.

616 2225 645 2255 ι
685 2215 935 2281 Amerb.,
964 2213 1126 2271 Eras.
1156 2224 1211 2271 et
1235 2214 1395 2271 Rom.
1421 2229 1544 2271 cum
1571 2214 1783 2272 duobus
1811 2213 1961 2277 cod..
1986 2211 2140 2269 Prte-
2242 2221 2390 2271 recta
2433 2210 2570 2285 quis
2613 2210 2999 2285 descenderet,
3042 2211 3137 2285 sed
3162 2220 3219 2269 et
3248 2211 3486 2285 majores
3535 2226 3726 2285 omnes
3774 2225 3827 2267 ex

541 2288 680 2345 sules
726 2287 1054 2360 uirginitatis
1091 2286 1247 2342 duces
1292 2288 1565 2354 castitatis,
1608 2287 1817 2342 comites
1846 2286 2139 2359 passionis;
2241 2282 2473 2357 quorum
2505 2282 2675 2349 stirpe
2724 2294 2871 2360 esset
2923 2284 3208 2349 oriundus,
3238 2282 3827 2360 sic:appellare._i’assa

541 2361 675 2431 Gill.
706 2354 829 2415 cum
861 2357 1090 2431 reliquis
1119 2368 1176 2414 ut
1204 2359 1258 2415 in
1284 2367 1571 2431 contextu.
1846 2354 1857 2359 ⁷
2011 2428 2045 2431 η
2127 2426 2140 2431 _
2244 2354 2373 2431 vero
2417 2364 2501 2431 est
2549 2365 2735 2431 sancta
2795 2357 2910 2411 lucc
2936 2365 3144 2430 martyr
3170 2371 3260 2411 an.
3292 2356 3362 2431 ab
3389 2355 3614 2431 lncarn.
3645 2355 3774 2431 2504,Δ
3789 2354 3827 2409 si

618 2429 648 2470 δ
691 2431 943 2502 Plerique
974 2426 1133 2497 mss.,
1166 2431 1372 2501 pietatis
1399 2429 1602 2487 hterede
1629 2438 1915 2502 moreretur
1937 2444 1957 2485 :
1977 2426 2146 2500 aliqui
2244 2428 2482 2502 Baronio
2519 2426 2835 2502 credimus:
2889 2443 3014 2483 nam
3064 2426 3213 2502 sunt
3249 2428 3344 2502 qui
3375 2428 3704 2502 martyrium
3730 2426 3832 2502 ejus

543 2517 678 2560 vero
706 2511 766 2558 et
791 2498 924 2558 edit.
971 2498 1177 2570 pietati,
1197 2502 1402 2558 hwrede
1453 2512 1779 2569 moreretur;
1811 2501 1949 2558 edit.
2003 2498 2140 2567 vet.,
2246 2515 2337 2555 an.
2372 2500 2479 2556 295
2518 2508 2613 2555 aut
2636 2498 2745 2557 287
2774 2508 3027 2556 asserunt
3068 2499 3385 2570 contigisse.
3431 2498 3612 2556 Porro
3648 2499 3835 2556 deloco

544 2585 852 2630 moueretur.
905 2574 1062 2641 Quod
1094 2583 1385 2646 utrumque
1414 2573 1559 2630 haud
1608 2574 1958 2631 mediocriter
1985 2572 2144 2630 nobis
2249 2571 2339 2627 ubi
2372 2584 2529 2658 passa
2551 2573 2749 2627 sitnon
2770 2571 2994 2657 minima
3014 2582 3098 2627 est
3113 2570 3571 2658 Idiscordiaipter
3585 2581 3833 2656 auctores,

548 2656 867 2717 suspectum
901 2654 1005 2702 est.
1296 2643 1312 2646 ⁷
2256 2658 2287 2696 e
2314 2644 2510 2713 quibus
2561 2658 2593 2698 a
2645 2659 2775 2699 vero
2820 2644 3047 2714 pr0pius
3075 2644 3333 2699 aberrare
3361 2643 3630 2699 videntur
3666 2643 3722 2710 ii,
3760 2643 3833 2712 qui

558 2787 561 2788 ν
621 2728 644 2757 ε
683 2717 849 2774 Beata
875 2718 993 2774 hinc
1026 2716 1301 2784 Sotheris,
1334 2733 1455 2788 qua:
1474 2717 1739 2774 Sotheres
1763 2716 1926 2773 etiam
1955 2716 2154 2773 dicitur
2255 2714 2485 2788 Romam
2512 2714 2692 2775 eidem
2734 2723 2925 2788 putant
2952 2713 3360 2788 assignandam.
3406 2714 3635 2772 Festum
3681 2722 3833 2788 autem

551 2787 610 2846 in
642 2804 773 2845 mss.
806 2784 1841 2860 quibusdam,etSmbera,utBollandi
1869 2788 2153 2846 continua-
2254 2787 2429 2860 i_psius
2467 2804 2538 2844 ex
2573 2784 2821 2860 martyr._
2845 2785 3006 2843 Rom.
3050 2784 3127 2855 tv,
3158 2802 3228 2844 ex
3256 2786 3378 2845 aliis
3418 2802 3558 2845 vero
3605 2802 3697 2843 vm
3734 2784 3836 2841 ldus

549 2860 763 2916 toribus
786 2857 981 2932 placet,
1012 2862 1196 2918 vocari
1229 2869 1443 2931 potest;
1472 2860 1765 2931 cumvirgo
1790 2877 1897 2916 non
1921 2860 2149 2916 modoin
2255 2857 2578 2932 Februarias
2606 2857 2973 2915 renuntiatur.

546 2927 968 3006 martyro'logiis,
989 2949 1176 2989 verum
1200 2927 1364 3006 etiam
1383 2932 1679 2988 in'Exhort.
1701 2927 1770 3006 ad
1784 2932 2149 3004 virginitatem
2330 2927 2359 2969 (ι
2398 2931 2659 3004 Plerique
2686 2946 2843 2998 mss.,
2865 2932 3103 3004 carniﬁci
3125 2931 3267 2988 dedit
3288 2931 3439 3004 fortis
3459 2939 3514 2987 et
3544 2932 3755 3003 patiens,
3794 2934 3835 2981 at

549 3004 623 3061 ab
652 3004 945 3061 Ambrosio
971 3006 1092 3075 ipso
1119 3005 1452 3070 nominetur,
1481 3019 1585 3075 qua
1611 3004 1823 3059 ratione
1855 3006 1944 3061 hic
1969 3013 2151 3060 auctor
2180 3058 2222 3075 η
2254 3019 2413 3075 cum,_
2436 3014 2545 3060 etc.

539 3077 770 3160 generis,
807 3091 875 3160 ac
893 3073 1059 3160 supra
1109 3092 1297 3160 parens
1325 3073 1650 3160 Mareellinam
1697 3075 2009 3160 scribatur,
2036 3090 2147 3160 non
2176 3073 2223 3123 υ
2324 3085 2353 3160 ς
2390 3073 2561 3160 fidem
2589 3089 2747 3160 mss...
2775 3090 2881 3130 non
2905 3076 3099 3160 gemitu
3125 3076 3282 3160 uicta.
3313 3076 3606 3160 lacrgmam
3630 3073 3779 3130 dedit.

538 3144 814 3204 immerito
862 3144 1037 3205 lector
1062 3144 1320 3218 ambigat.
1356 3147 1713 3217 Respondent
1758 3160 1947 3204 autem
1976 3147 2141 3202 iidem
2322 3144 2342 3184 ί
2389 3147 2550 3204 Hisce
2577 3148 2757 3205 verbis
2782 3144 3207 3205 cum'tractatus
3232 3144 3449 3205 desinat
3479 3150 3538 3204 in
3570 3163 3699 3204 mss.
3741 3158 3836 3218 om;

534 3217 782 3304 Bollandi
809 3215 1390 3304 contiuttatores'baud
1423 3215 1703 3304 insolitum
1731 3218 1899 3275 fuisse
1926 3218 2143 3304 illorum
2244 3217 2425 3304 nibus,
2455 3236 2578 3304 qua:
2605 3219 2815 3304 inpedit.
2841 3229 3170 3304 sequuntur,
3194 3230 3324 3304 post
3343 3220 3552 3303 librum
3576 3221 3642 3276 de
3676 3215 3836 3275 Viduis

539 3299 846 3363 temporum
901 3292 1266 3365 scriptoribus
1322 3305 1431 3347 non
1485 3291 1668 3347 solum
1707 3305 1844 3348 avos
1889 3305 1920 3346 a
1950 3291 2146 3362 quibus
2244 3291 2347 3348 sub
2378 3290 2598 3364 proprio
2623 3292 2780 3347 titulo
2806 3290 3103 3363 rejicienda
3132 3307 3257 3349 esse
3292 3290 3579 3349 duximus.

1122 3496 1249 3581 IN
1294 3496 1757 3581 LIBRUM
1811 3492 1974 3582 DE
2029 3491 2439 3583 VIDUIS
2488 3493 3189 3585 ADMONITIO.

1133 3633 1249 3692 UBI
1286 3633 1376 3691 ET
1414 3633 1508 3691 DE
1545 3632 1963 3694 SANCTORUM
2001 3634 2466 3693 INVOCATIONE
2503 3632 2831 3692 NONNIHIL
2867 3633 3286 3694 DELIBATUR.

534 3416 3779 3449 W4

610 3867 913 3927 Ambrosius
933 3865 990 3923 in
1013 3866 1130 3941 ipso
1157 3863 1625 3922 Commentationis
1649 3865 1805 3937 hujus
1836 3866 2016 3922 limine
2048 3866 2241 3940 (Num.
2270 3867 2326 3939 Ι)
2352 3865 2627 3940 profitetur
2657 3866 2727 3923 ad
2772 3883 2886 3923 eam
2912 3868 3077 3926 tribus
3108 3868 3253 3926 libris
3283 3868 3355 3926 de
3393 3868 3706 3943 Virginibus
3728 3882 3832 3923 con‘

532 3964 862 4040 jungendum
883 3960 1139 4034 Apostoli,
1172 3976 1205 4014 a
1234 3975 1334 4030 quo
1356 3958 1627 4030 utriusque
1645 3957 1957 4014 conditionis
1983 3959 2167 4015 laudes
2194 3960 2388 4031 passim
2428 3959 2485 4013 in
2533 3959 2767 4032 epistolis
2815 3960 2923 4016 suis
2976 3959 3321 4032 copulantur,
3369 3962 3684 4017 auctoritate
3713 3967 3837 4027 atque

540 4062 775 4136 exemplo
804 4060 1076 4117 inductum
1099 4072 1228 4114 esse.
1261 4055 1330 4111 At
1355 4070 1473 4112 vero
1501 4056 1558 4110 in
1587 4055 1758 4126 operis
1783 4054 1916 4111 serie
1941 4053 2095 4127 (Cap.
2129 4051 2187 4121 9,
2216 4069 2359 4107 num.
2406 4051 2474 4109 57
2500 4061 2549 4108 et
2582 4055 2716 4124 seq.)
2737 4053 3016 4124 quamdam
3066 4055 3387 4110 occasionem
3432 4050 3835 4124 deprehendimus
3864 4088 3875 4097 .

539 4167 657 4224 qua:
674 4155 847 4225 ipsum
868 4160 924 4206 ut
951 4149 1156 4205 haberet
1184 4147 1477 4219 chartisque
1501 4146 1841 4201 committeret
1867 4144 2062 4199 huncce
2095 4152 2392 4210 tractatum,
2432 4143 2609 4198 acrius
2646 4145 2823 4201 movit.
2872 4143 3146 4201 Exstincto
3189 4145 3408 4218 conjuge
3444 4155 3683 4200 matrona
3717 4153 3835 4209 qua.

540 4247 682 4313 dum,
712 4247 796 4302 cui
822 4246 950 4316 ﬁlice
974 4245 1149 4317 plures
1176 4242 1365 4314 partim
1391 4239 1612 4306 nubiles,
1636 4239 1830 4307 partim
1838 4240 1959 4312 jam
1978 4239 2165 4308 nuptui
2184 4236 2389 4292 traditae
2416 4246 2739 4307 supererant,
2762 4237 2833 4292 ad
2850 4254 3119 4295 commune
3137 4240 3456 4295 tumentium
3481 4238 3712 4293 omnium
3733 4247 3835 4307 per-

543 4342 743 4414 fugium
769 4357 879 4396 sese
911 4339 1151 4406 contulit,
1182 4335 1374 4391 scilicet
1399 4332 1745 4388 Ambrosinus.
1774 4329 1926 4384 Hanc
1945 4330 2022 4384 vir
2048 4339 2253 4386 sanctus
2276 4346 2369 4402 pro
2398 4345 2493 4385 sua
2519 4329 2769 4402 facultate
2786 4329 3104 4398 consolatus,
3128 4329 3294 4385 eidem
3320 4329 3477 4385 etiam
3508 4336 3694 4383 auctor
3731 4322 3834 4395 [υἷι.

539 4441 598 4487 ut
619 4441 900 4504 temperata
919 4428 1171 4486 maestitia:
1196 4424 1513 4481 vehementia
1540 4431 1733 4479 uestem
1760 4420 2053 4493 lugubrem,
2084 4421 2206 4493 quia
2246 4420 2815 4505 fortassiacgnstitutum
2844 4419 3005 4474 luctui
3027 4430 3227 4491 tempus
3243 4421 3362 4494 jam
3381 4421 3679 4493 efﬂuxerat,
3701 4419 3837 4486 depoc

537 4534 701 4580 neret.
741 4522 910 4578 Vidua
936 4522 1030 4577 illa
1050 4534 1164 4585 qua
1184 4518 1278 4573 sub
1304 4517 1451 4589 pullo
1473 4522 1697 4587 syrmate
1720 4512 2001 4584 uoluptatis
2026 4527 2254 4567 amorem
2279 4511 2644 4578 occultaverat,
2665 4510 3006 4566 Ambrosiana
3023 4510 3177 4566 verba
3202 4511 3259 4566 in
3284 4510 3584 4584 cupiditatis
3603 4524 3711 4566 suis
3734 4520 3836 4579 gra-

484 4682 491 4689 ,
537 4614 664 4670 tiam
682 4614 1049 4685 interpretans,
1080 4606 1212 4663 nihil
1231 4606 1377 4663 aliud
1407 4605 1509 4660 nisi
1538 4603 1872 4659 adornandas
1899 4618 2059 4658 novas
2077 4603 2286 4675 nuptias
2313 4602 2563 4677 agitabat.
2590 4600 2713 4656 Non
2735 4602 2873 4674 fugit
2910 4603 3010 4657 hoc
3036 4612 3272 4658 sanctum
3305 4600 3626 4671 Prwsulem;
3644 4611 3837 4670 cumque

539 4705 1006 4782 perspectissimum
1035 4702 1239 4757 haberet
1274 4710 1398 4770 quot
1426 4698 1586 4765 mala,
1626 4698 1777 4765 riam,
1809 4697 1944 4763 lites,
1972 4697 2278 4763 inimicitiis,
2312 4697 2433 4751 hinc
2459 4696 2748 4753 necessario
2768 4704 2931 4753 essent
2954 4697 3196 4765 oritura;
3231 4706 3288 4752 ut
3314 4697 3469 4754 simul
3493 4695 3708 4763 αλιιαά
3730 4708 3836 4749 con—

526 4802 737 4880 jugium
761 4798 1106 4863 dissuadent,
1134 4804 1182 4852 et
1206 4793 1553 4866 suspicionem
1582 4792 1719 4848 dulce
1756 4792 2143 4864 approbationis
2172 4792 2261 4849 abs
2281 4809 2334 4848 se
2361 4803 2663 4863 removeret,
2701 4793 3013 4851 Christiana:
3047 4794 3314 4851 uiduitatis
3341 4793 3695 4852 excellentiam
3715 4801 3833 4864 pret.

533 4898 730 4964 dicare,
762 4903 912 4964 atque
936 4890 1006 4947 ad
1033 4887 1305 4946 colendam
1329 4903 1443 4944 eam
1467 4886 1651 4943 viduas
1676 4884 1941 4940 cohortari
1966 4900 2239 4956 aggressus
2267 4893 2363 4940 est.

604 4987 879 5060 Principio
907 4987 1069 5060 igitur
1092 4984 1330 5058 proxime
1357 4982 1426 5039 ad
1451 4981 1794 5057 uirginitatem
1819 4980 2063 5037 accedere
2089 4980 2352 5036 uiduitatis
2372 4982 2768 5055 professionem,
2801 4997 2895 5037 nec
2916 4997 3019 5038 non
3039 4981 3370 5038 matrimonio
3397 4980 3548 5054 longe
3564 4974 3834 5054 praecellere

527 5093 784 5143 asseverat
807 5081 966 5158 (Cap.
1000 5081 1080 5157 1).
1111 5080 1286 5155 Hujus
1307 5080 1382 5136 rei
1408 5087 1763 5150 argumentum
1785 5080 1984 5151 profert
2022 5092 2127 5131 non
2167 5075 2321 5130 modo
2361 5075 2718 5146 Apostolicum
2761 5075 3129 5143 testimonium,
3166 5090 3345 5131 verum
3380 5075 3536 5131 etiam
3566 5065 3833 5158 exemplum

526 5176 698 5234 vidua:
728 5154 1046 5248 Sareptenae
1066 5171 1143 5247 (Ν
1150 5154 1254 5227 unt.
1279 5172 1335 5239 5,
1367 5179 1415 5226 et
1439 5168 1573 5241 seq.)
1599 5171 1791 5243 :cujus
1817 5167 2103 5224 castitatem
2130 5182 2236 5222 non
2263 5164 2552 5221 solitariam
2571 5166 2848 5235 exstitisse,
2880 5165 2973 5222 sed
3004 5166 3241 5238 pluribus
3261 5166 3404 5233 aliis,
3445 5173 3569 5233 puta
3588 5154 3834 5235 hospitali-

526 5280 631 5331 late
654 5288 715 5328 ac
745 5272 956 5344 pietate,
985 5268 1229 5337 stipatam
1249 5263 1418 5319 docet.
1451 5261 1713 5317 Enarrata
1738 5260 2022 5317 secundum
2047 5258 2297 5313 moralem
2318 5266 2366 5311 et
2386 5260 2660 5330 mysticum
2687 5273 2891 5313 sensum
2920 5257 3018 5312 hac
3047 5256 3287 5324 historia,
3327 5255 3513 5312 transit
3541 5253 3610 5309 ad
3650 5251 3832 5308 Annam

528 5360 891 5435 prophetidem
920 5356 1075 5433 (Cap.
1090 5357 1171 5428 4),
1200 5371 1233 5409 a
1258 5370 1362 5425 qua
1391 5352 1576 5408 deinde
1592 5354 1660 5407 ad
1682 5368 1797 5408 eam
1814 5350 2044 5418 uiduam,
2062 5351 2212 5420 cujus
2240 5349 2471 5405 immissa
2497 5351 2551 5405 in
2577 5350 3007 5423 gawphglacium
3033 5352 3137 5406 duo
3161 5350 3364 5406 minuta
3389 5348 3559 5407 Lucas
3576 5348 3831 5435 memori".

526 5432 750 5527 gradum
779 5450 904 5524 facit
935 5445 1087 5521 (Cap.
1122 5442 1202 5517 5).
1233 5442 1426 5499 Postea
1454 5443 1693 5498 decursis
1716 5443 1913 5513 aliquot
1943 5440 2124 5496 veteris
2153 5437 2469 5496 Testamenti
2488 5440 2761 5513 exemplis,
2818 5441 3061 5497 nimirum
3117 5440 3308 5497 Noemi
3344 5439 3500 5515 (Cap.
3521 5432 3832 5527 6),.luditlttz

524 5526 683 5617 (Cap.
711 5542 767 5614 7)
787 5549 937 5613 atque
968 5536 1182 5593 Debere
1202 5531 1361 5607 (Cap.
1393 5532 1475 5608 8),
1512 5534 1749 5605 ipsarum
1784 5531 2029 5587 historias
2069 5539 2115 5586 et
2159 5531 2424 5586 moraliter
2466 5540 2514 5586 et
2555 5533 2787 5606 mystice,
2817 5532 2983 5589 Anna:
3008 5541 3179 5589 tamen
3209 5535 3422 5607 mystice
3459 5541 3676 5601 tantum,
3704 5526 3829 5584 edis-

518 5638 665 5695 serit.
693 5634 849 5691 Libro
876 5634 1094 5706 denique
1114 5638 1231 5705 post
1251 5628 1543 5699 expositam
1575 5627 1639 5683 de
1669 5642 1822 5682 socru
1847 5624 1980 5693 petri
2009 5625 2358 5679 narrationem
2385 5620 2540 5707 (Cap.
2564 5623 2622 5691 9,
2652 5640 2796 5680 num.
2822 5622 2916 5697 55)
2946 5624 3017 5680 ad
3043 5625 3345 5681 umbilicum
3373 5624 3641 5699 perducto,
3668 5619 3829 5707 uidua!

520 5727 592 5785 ad
619 5704 1045 5802 perseuerandum
1069 5704 1127 5778 in
1151 5721 1257 5776 vita
1290 5718 1467 5775 cmlibe
1506 5718 1654 5789 cujus
1684 5714 2030 5782 sanctitatem,
2069 5730 2308 5782 munera,
2339 5704 2679 5788 propriasque
2725 5715 2939 5773 virtutes
2970 5716 3042 5773 ibi
3067 5717 3307 5774 describit
3335 5716 3487 5791 (Cap.
3519 5714 3587 5773 10
3612 5722 3661 5773 et
3684 5704 3825 5780 seq-li

525 5828 720 5895 quanta
740 5816 1002 5877 uerborum
1028 5812 1160 5870 ualet
1185 5809 1447 5885 efﬁcacia,
1474 5806 1760 5879 compellit.
