  <div class='ocr_page' id='page_1' title='image "/cluster/home/n/w/nwhite01/storage/ocr_20150623/16/hvd.32044015471998/122.png"; bbox 0 0 4054 6306; ppageno 0'>
   <div class='ocr_carea' id='block_1_1' title="bbox 202 267 1803 340">
    <p class='ocr_par' dir='ltr' id='par_1_1' title="bbox 202 267 1803 340">
     <span class='ocr_line' id='line_1_1' title="bbox 202 267 1803 340; baseline 0.01 -18"><span class='ocrx_word' id='word_1_1' title='bbox 202 267 305 324; x_wconf 74' lang='grc'><strong><em>255</em></strong></span> <span class='ocrx_word' id='word_1_2' title='bbox 1450 281 1536 334; x_wconf 80' lang='lat' dir='ltr'><strong><em>DE</em></strong></span> <span class='ocrx_word' id='word_1_3' title='bbox 1579 279 1803 340; x_wconf 81' lang='lat' dir='ltr'><strong><em>VlUUlS</em></strong></span> 
     </span>
    </p>
   </div>
   <div class='ocr_carea' id='block_1_2' title="bbox 1917 267 3518 340">
    <p class='ocr_par' dir='ltr' id='par_1_2' title="bbox 1917 282 3518 340">
     <span class='ocr_line' id='line_1_2' title="bbox 1917 282 3518 340; baseline 0 -2"><span class='ocrx_word' id='word_1_4' title='bbox 1917 283 2050 339; x_wconf 76' lang='lat' dir='ltr'><strong><em>BER</em></strong></span> <span class='ocrx_word' id='word_1_5' title='bbox 2094 282 2295 340; x_wconf 83' lang='lat' dir='ltr'><strong><em>UNUS.</em></strong></span> <span class='ocrx_word' id='word_1_6' title='bbox 3409 285 3518 340; x_wconf 72' lang='lat'><strong><em>254</em></strong></span> 
     </span>
    </p>
   </div>
   <div class='ocr_carea' id='block_1_3' title="bbox 271 379 3523 470">
    <p class='ocr_par' dir='ltr' id='par_1_3' title="bbox 271 379 3523 470">
     <span class='ocr_line' id='line_1_3' title="bbox 271 379 3523 470; baseline 0.006 -37"><span class='ocrx_word' id='word_1_7' title='bbox 271 379 450 434; x_wconf 85' lang='lat' dir='ltr'><strong><em>Porro</em></strong></span> <span class='ocrx_word' id='word_1_8' title='bbox 482 384 610 437; x_wconf 90' lang='lat' dir='ltr'><strong><em>dum</em></strong></span> <span class='ocrx_word' id='word_1_9' title='bbox 627 399 806 441; x_wconf 88' lang='lat' dir='ltr'><strong><em>socrus</em></strong></span> <span class='ocrx_word' id='word_1_10' title='bbox 831 387 964 442; x_wconf 87' lang='lat' dir='ltr'><strong><em>beati</em></strong></span> <span class='ocrx_word' id='word_1_11' title='bbox 991 387 1137 445; x_wconf 87' lang='lat' dir='ltr'><strong><em>Petri</em></strong></span> <span class='ocrx_word' id='word_1_12' title='bbox 1168 392 1472 448; x_wconf 79' lang='lat' dir='ltr'><strong><em>mentionem</em></strong></span> <span class='ocrx_word' id='word_1_13' title='bbox 1520 397 1667 466; x_wconf 89' lang='lat' dir='ltr'><strong><em>facit,</em></strong></span> <span class='ocrx_word' id='word_1_14' title='bbox 1691 409 2026 453; x_wconf 88' lang='lat' dir='ltr'><strong><em>memoratam</em></strong></span> <span class='ocrx_word' id='word_1_15' title='bbox 2061 400 2266 452; x_wconf 89' lang='lat' dir='ltr'><strong><em>viduam</em></strong></span> <span class='ocrx_word' id='word_1_16' title='bbox 2311 397 2461 469; x_wconf 88' lang='lat' dir='ltr'><strong><em>(Cap.</em></strong></span> <span class='ocrx_word' id='word_1_17' title='bbox 2493 398 2546 462; x_wconf 87' lang='lat'><strong><em>9,</em></strong></span> <span class='ocrx_word' id='word_1_18' title='bbox 2583 413 2724 451; x_wconf 89' lang='lat' dir='ltr'><strong><em>num.</em></strong></span> <span class='ocrx_word' id='word_1_19' title='bbox 2760 395 2827 450; x_wconf 83' lang='grc'><strong><em>57</em></strong></span> <span class='ocrx_word' id='word_1_20' title='bbox 2856 406 2902 449; x_wconf 86' lang='lat' dir='ltr'><strong><em>et</em></strong></span> <span class='ocrx_word' id='word_1_21' title='bbox 2932 399 3065 467; x_wconf 80' lang='lat' dir='ltr'><strong><em>seq.)</em></strong></span> <span class='ocrx_word' id='word_1_22' title='bbox 3091 437 3106 461; x_wconf 95' lang='lat'><strong><em>,</em></strong></span> <span class='ocrx_word' id='word_1_23' title='bbox 3150 401 3296 470; x_wconf 83' lang='lat' dir='ltr'><strong><em>cujus</em></strong></span> <span class='ocrx_word' id='word_1_24' title='bbox 3352 408 3523 452; x_wconf 82' lang='lat' dir='ltr'><strong><em>tanien</em></strong></span> 
     </span>
    </p>
   </div>
   <div class='ocr_carea' id='block_1_4' title="bbox 206 470 3523 560">
    <p class='ocr_par' dir='ltr' id='par_1_4' title="bbox 206 470 3523 560">
     <span class='ocr_line' id='line_1_4' title="bbox 206 470 3523 560; baseline 0.006 -38"><span class='ocrx_word' id='word_1_25' title='bbox 206 470 368 539; x_wconf 78' lang='lat' dir='ltr'><strong><em>parcit</em></strong></span> <span class='ocrx_word' id='word_1_26' title='bbox 391 473 614 539; x_wconf 87' lang='lat' dir='ltr'><strong><em>nomini,</em></strong></span> <span class='ocrx_word' id='word_1_27' title='bbox 640 475 938 546; x_wconf 70' lang='lat' dir='ltr'><strong><em>alloquitur.</em></strong></span> <span class='ocrx_word' id='word_1_28' title='bbox 966 477 1121 533; x_wconf 86' lang='lat' dir='ltr'><strong><em>Docet</em></strong></span> <span class='ocrx_word' id='word_1_29' title='bbox 1148 480 1318 548; x_wconf 89' lang='lat' dir='ltr'><strong><em>itaque</em></strong></span> <span class='ocrx_word' id='word_1_30' title='bbox 1355 499 1528 536; x_wconf 89' lang='lat' dir='ltr'><strong><em>omnes</em></strong></span> <span class='ocrx_word' id='word_1_31' title='bbox 1552 485 1671 540; x_wconf 88' lang='lat' dir='ltr'><strong><em>illas</em></strong></span> <span class='ocrx_word' id='word_1_32' title='bbox 1720 504 1904 543; x_wconf 91' lang='lat' dir='ltr'><strong><em>causas</em></strong></span> <span class='ocrx_word' id='word_1_33' title='bbox 1933 489 2116 560; x_wconf 80' lang='lat' dir='ltr'><strong><em>quibus</em></strong></span> <span class='ocrx_word' id='word_1_34' title='bbox 2142 488 2356 542; x_wconf 87' lang='lat' dir='ltr'><strong><em>ineundi</em></strong></span> <span class='ocrx_word' id='word_1_35' title='bbox 2383 487 2499 542; x_wconf 89' lang='lat' dir='ltr'><strong><em>novi</em></strong></span> <span class='ocrx_word' id='word_1_36' title='bbox 2531 488 2759 558; x_wconf 74' lang='lat' dir='ltr'><strong><em>coniugii</em></strong></span> <span class='ocrx_word' id='word_1_37' title='bbox 2789 488 2982 560; x_wconf 84' lang='lat' dir='ltr'><strong><em>tegebat</em></strong></span> <span class='ocrx_word' id='word_1_38' title='bbox 3015 489 3353 552; x_wconf 71' lang='lat' dir='ltr'><strong><em>voluntatem,</em></strong></span> <span class='ocrx_word' id='word_1_39' title='bbox 3388 489 3523 543; x_wconf 87' lang='lat' dir='ltr'><strong><em>leves</em></strong></span> 
     </span>
    </p>
   </div>
   <div class='ocr_carea' id='block_1_5' title="bbox 204 567 3524 648">
    <p class='ocr_par' dir='ltr' id='par_1_5' title="bbox 204 567 3524 648">
     <span class='ocr_line' id='line_1_5' title="bbox 204 567 3524 648; baseline 0.004 -31"><span class='ocrx_word' id='word_1_40' title='bbox 204 578 309 618; x_wconf 88' lang='lat' dir='ltr'><strong><em>esse</em></strong></span> <span class='ocrx_word' id='word_1_41' title='bbox 334 573 491 632; x_wconf 89' lang='lat' dir='ltr'><strong><em>atque</em></strong></span> <span class='ocrx_word' id='word_1_42' title='bbox 516 567 788 634; x_wconf 87' lang='lat' dir='ltr'><strong><em>sublestas,</em></strong></span> <span class='ocrx_word' id='word_1_43' title='bbox 821 587 936 624; x_wconf 90' lang='lat' dir='ltr'><strong><em>cum</em></strong></span> <span class='ocrx_word' id='word_1_44' title='bbox 964 587 1144 641; x_wconf 77' lang='lat' dir='ltr'><strong><em>reapse</em></strong></span> <span class='ocrx_word' id='word_1_45' title='bbox 1171 574 1253 627; x_wconf 88' lang='lat' dir='ltr'><strong><em>hic</em></strong></span> <span class='ocrx_word' id='word_1_46' title='bbox 1276 574 1442 628; x_wconf 85' lang='lat' dir='ltr'><strong><em>solum</em></strong></span> <span class='ocrx_word' id='word_1_47' title='bbox 1484 577 1756 648; x_wconf 89' lang='lat' dir='ltr'><strong><em>voluptatis</em></strong></span> <span class='ocrx_word' id='word_1_48' title='bbox 1783 596 1843 634; x_wconf 90' lang='lat' dir='ltr'><strong><em>ac</em></strong></span> <span class='ocrx_word' id='word_1_49' title='bbox 1883 580 2212 634; x_wconf 64' lang='lat' dir='ltr'><strong><em>saecularium</em></strong></span> <span class='ocrx_word' id='word_1_50' title='bbox 2267 579 2583 646; x_wconf 81' lang='lat' dir='ltr'><strong><em>voluptatum</em></strong></span> <span class='ocrx_word' id='word_1_51' title='bbox 2622 593 2846 632; x_wconf 89' lang='lat' dir='ltr'><strong><em>amorem</em></strong></span> <span class='ocrx_word' id='word_1_52' title='bbox 2876 587 3187 646; x_wconf 83' lang='lat' dir='ltr'><strong><em>sequeretur.</em></strong></span> <span class='ocrx_word' id='word_1_53' title='bbox 3233 577 3524 648; x_wconf 86' lang='lat' dir='ltr'><strong><em>Conjugale</em></strong></span> 
     </span>
    </p>
   </div>
   <div class='ocr_carea' id='block_1_6' title="bbox 205 653 3526 741">
    <p class='ocr_par' dir='ltr' id='par_1_6' title="bbox 205 653 3526 741">
     <span class='ocr_line' id='line_1_6' title="bbox 205 653 3526 741; baseline 0.005 -36"><span class='ocrx_word' id='word_1_54' title='bbox 205 653 466 708; x_wconf 88' lang='lat' dir='ltr'><strong><em>vinculum</em></strong></span> <span class='ocrx_word' id='word_1_55' title='bbox 489 657 682 727; x_wconf 77' lang='lat' dir='ltr'><strong><em>fatetur</em></strong></span> <span class='ocrx_word' id='word_1_56' title='bbox 707 657 856 730; x_wconf 87' lang='lat' dir='ltr'><strong><em>(Cap.</em></strong></span> <span class='ocrx_word' id='word_1_57' title='bbox 889 660 955 715; x_wconf 76' lang='grc'><strong><em>12</em></strong></span> <span class='ocrx_word' id='word_1_58' title='bbox 975 671 1024 716; x_wconf 89' lang='lat' dir='ltr'><strong><em>et</em></strong></span> <span class='ocrx_word' id='word_1_59' title='bbox 1045 664 1178 733; x_wconf 90' lang='lat' dir='ltr'><strong><em>seq.)</em></strong></span> <span class='ocrx_word' id='word_1_60' title='bbox 1202 663 1390 718; x_wconf 88' lang='lat' dir='ltr'><strong><em>bonum</em></strong></span> <span class='ocrx_word' id='word_1_61' title='bbox 1413 683 1472 719; x_wconf 91' lang='lat' dir='ltr'><strong><em>ac</em></strong></span> <span class='ocrx_word' id='word_1_62' title='bbox 1493 679 1728 722; x_wconf 89' lang='lat' dir='ltr'><strong><em>sanctunt</em></strong></span> <span class='ocrx_word' id='word_1_63' title='bbox 1751 686 1882 735; x_wconf 87' lang='lat' dir='ltr'><strong><em>esse,</em></strong></span> <span class='ocrx_word' id='word_1_64' title='bbox 1910 669 2301 741; x_wconf 87' lang='lat' dir='ltr'><strong><em>Ecclesiamque</em></strong></span> <span class='ocrx_word' id='word_1_65' title='bbox 2356 687 2473 723; x_wconf 89' lang='lat' dir='ltr'><strong><em>cum</em></strong></span> <span class='ocrx_word' id='word_1_66' title='bbox 2493 686 2617 740; x_wconf 84' lang='lat' dir='ltr'><strong><em>agro</em></strong></span> <span class='ocrx_word' id='word_1_67' title='bbox 2643 669 2801 739; x_wconf 79' lang='lat' dir='ltr'><strong><em>fertili</em></strong></span> <span class='ocrx_word' id='word_1_68' title='bbox 2823 667 2974 738; x_wconf 72' lang='lat' dir='ltr'><strong><em>(Cap.</em></strong></span> <span class='ocrx_word' id='word_1_69' title='bbox 3003 669 3092 734; x_wconf 70' lang='grc'><strong><em>14,</em></strong></span> <span class='ocrx_word' id='word_1_70' title='bbox 3122 684 3266 723; x_wconf 92' lang='lat' dir='ltr'><strong><em>num.</em></strong></span> <span class='ocrx_word' id='word_1_71' title='bbox 3291 667 3404 738; x_wconf 88' lang='lat'><strong><em>87),</em></strong></span> <span class='ocrx_word' id='word_1_72' title='bbox 3435 669 3526 738; x_wconf 91' lang='lat' dir='ltr'><strong><em>qui</em></strong></span> 
     </span>
    </p>
   </div>
   <div class='ocr_carea' id='block_1_7' title="bbox 207 742 3520 834">
    <p class='ocr_par' dir='ltr' id='par_1_7' title="bbox 207 742 3520 834">
     <span class='ocr_line' id='line_1_7' title="bbox 207 742 3520 834; baseline 0.005 -37"><span class='ocrx_word' id='word_1_73' title='bbox 207 742 421 799; x_wconf 76' lang='lat' dir='ltr'><strong><em>diversa:</em></strong></span> <span class='ocrx_word' id='word_1_74' title='bbox 446 745 849 815; x_wconf 75' lang='lat' dir='ltr'><strong><em>pulchritudinis</em></strong></span> <span class='ocrx_word' id='word_1_75' title='bbox 875 752 1028 821; x_wconf 84' lang='lat' dir='ltr'><strong><em>flores</em></strong></span> <span class='ocrx_word' id='word_1_76' title='bbox 1049 755 1101 806; x_wconf 89' lang='lat' dir='ltr'><strong><em>in</em></strong></span> <span class='ocrx_word' id='word_1_77' title='bbox 1125 755 1425 828; x_wconf 87' lang='lat' dir='ltr'><strong><em>virginibus,</em></strong></span> <span class='ocrx_word' id='word_1_78' title='bbox 1450 759 1616 812; x_wconf 84' lang='lat' dir='ltr'><strong><em>viduis</em></strong></span> <span class='ocrx_word' id='word_1_79' title='bbox 1641 767 1687 812; x_wconf 88' lang='lat' dir='ltr'><strong><em>et</em></strong></span> <span class='ocrx_word' id='word_1_80' title='bbox 1715 761 2008 831; x_wconf 78' lang='lat' dir='ltr'><strong><em>coniugatis</em></strong></span> <span class='ocrx_word' id='word_1_81' title='bbox 2051 762 2232 832; x_wconf 83' lang='lat' dir='ltr'><strong><em>gignit,</em></strong></span> <span class='ocrx_word' id='word_1_82' title='bbox 2272 769 2553 834; x_wconf 82' lang='lat' dir='ltr'><strong><em>comparat.</em></strong></span> <span class='ocrx_word' id='word_1_83' title='bbox 2601 758 2822 814; x_wconf 87' lang='lat' dir='ltr'><strong><em>Cunctas</em></strong></span> <span class='ocrx_word' id='word_1_84' title='bbox 2877 760 3031 832; x_wconf 88' lang='lat' dir='ltr'><strong><em>igitur</em></strong></span> <span class='ocrx_word' id='word_1_85' title='bbox 3060 760 3248 829; x_wconf 84' lang='lat' dir='ltr'><strong><em>florum</em></strong></span> <span class='ocrx_word' id='word_1_86' title='bbox 3302 769 3520 814; x_wconf 81' lang='lat' dir='ltr'><strong><em>exornat</em></strong></span> 
     </span>
    </p>
   </div>
   <div class='ocr_carea' id='block_1_8' title="bbox 208 835 3524 921">
    <p class='ocr_par' dir='ltr' id='par_1_8' title="bbox 208 835 3524 921">
     <span class='ocr_line' id='line_1_8' title="bbox 208 835 3524 921; baseline 0.005 -32"><span class='ocrx_word' id='word_1_87' title='bbox 208 835 475 904; x_wconf 89' lang='lat' dir='ltr'><strong><em>vocabulo,</em></strong></span> <span class='ocrx_word' id='word_1_88' title='bbox 497 837 588 893; x_wconf 90' lang='lat' dir='ltr'><strong><em>sed</em></strong></span> <span class='ocrx_word' id='word_1_89' title='bbox 617 837 866 896; x_wconf 77' lang='lat' dir='ltr'><strong><em>Ecclesia:</em></strong></span> <span class='ocrx_word' id='word_1_90' title='bbox 883 859 1056 897; x_wconf 89' lang='lat' dir='ltr'><strong><em>aream</em></strong></span> <span class='ocrx_word' id='word_1_91' title='bbox 1081 847 1336 915; x_wconf 89' lang='lat' dir='ltr'><strong><em>frumento</em></strong></span> <span class='ocrx_word' id='word_1_92' title='bbox 1367 849 1528 918; x_wconf 90' lang='lat' dir='ltr'><strong><em>magis</em></strong></span> <span class='ocrx_word' id='word_1_93' title='bbox 1543 849 1812 904; x_wconf 85' lang='lat' dir='ltr'><strong><em>abundare</em></strong></span> <span class='ocrx_word' id='word_1_94' title='bbox 1832 867 1988 921; x_wconf 90' lang='lat' dir='ltr'><strong><em>quam</em></strong></span> <span class='ocrx_word' id='word_1_95' title='bbox 2020 851 2165 917; x_wconf 74' lang='lat' dir='ltr'><strong><em>(iliis,</em></strong></span> <span class='ocrx_word' id='word_1_96' title='bbox 2192 853 2287 905; x_wconf 87' lang='lat' dir='ltr'><strong><em>hoc</em></strong></span> <span class='ocrx_word' id='word_1_97' title='bbox 2315 860 2410 917; x_wconf 89' lang='lat' dir='ltr'><strong><em>est,</em></strong></span> <span class='ocrx_word' id='word_1_98' title='bbox 2442 851 2833 920; x_wconf 84' lang='lat' dir='ltr'><strong><em>conjugatarum</em></strong></span> <span class='ocrx_word' id='word_1_99' title='bbox 2860 865 3072 903; x_wconf 89' lang='lat' dir='ltr'><strong><em>numero</em></strong></span> <span class='ocrx_word' id='word_1_100' title='bbox 3106 850 3328 921; x_wconf 78' lang='lat' dir='ltr'><strong><em>virgines</em></strong></span> <span class='ocrx_word' id='word_1_101' title='bbox 3357 851 3524 921; x_wconf 89' lang='lat' dir='ltr'><strong><em>pluri-</em></strong></span> 
     </span>
    </p>
   </div>
   <div class='ocr_carea' id='block_1_9' title="bbox 207 930 3522 1016">
    <p class='ocr_par' dir='ltr' id='par_1_9' title="bbox 207 930 3522 1016">
     <span class='ocr_line' id='line_1_9' title="bbox 207 930 3522 1016; baseline 0.005 -35"><span class='ocrx_word' id='word_1_102' title='bbox 207 944 344 982; x_wconf 88' lang='lat' dir='ltr'><strong><em>mum</em></strong></span> <span class='ocrx_word' id='word_1_103' title='bbox 365 930 602 1000; x_wconf 87' lang='lat' dir='ltr'><strong><em>superari</em></strong></span> <span class='ocrx_word' id='word_1_104' title='bbox 641 933 846 987; x_wconf 86' lang='lat' dir='ltr'><strong><em>astruit.</em></strong></span> <span class='ocrx_word' id='word_1_105' title='bbox 904 931 1138 1004; x_wconf 83' lang='lat' dir='ltr'><strong><em>Denique</em></strong></span> <span class='ocrx_word' id='word_1_106' title='bbox 1158 936 1243 989; x_wconf 88' lang='lat' dir='ltr'><strong><em>ubi</em></strong></span> <span class='ocrx_word' id='word_1_107' title='bbox 1265 938 1547 1008; x_wconf 86' lang='lat' dir='ltr'><strong><em>virginitati</em></strong></span> <span class='ocrx_word' id='word_1_108' title='bbox 1576 941 1821 996; x_wconf 89' lang='lat' dir='ltr'><strong><em>adversus</em></strong></span> <span class='ocrx_word' id='word_1_109' title='bbox 1841 942 2141 1016; x_wconf 84' lang='lat' dir='ltr'><strong><em>conjugium</em></strong></span> <span class='ocrx_word' id='word_1_110' title='bbox 2172 943 2365 1012; x_wconf 87' lang='lat' dir='ltr'><strong><em>primas</em></strong></span> <span class='ocrx_word' id='word_1_111' title='bbox 2388 943 2679 1006; x_wconf 81' lang='lat' dir='ltr'><strong><em>vindicavit,</em></strong></span> <span class='ocrx_word' id='word_1_112' title='bbox 2715 941 3034 1010; x_wconf 86' lang='lat' dir='ltr'><strong><em>ostenditque</em></strong></span> <span class='ocrx_word' id='word_1_113' title='bbox 3063 939 3218 1011; x_wconf 86' lang='lat' dir='ltr'><strong><em>(Cap.</em></strong></span> <span class='ocrx_word' id='word_1_114' title='bbox 3256 943 3344 1007; x_wconf 76' lang='grc' dir='ltr'><strong><em>Μ,</em></strong></span> <span class='ocrx_word' id='word_1_115' title='bbox 3373 960 3522 997; x_wconf 88' lang='lat' dir='ltr'><strong><em>num.</em></strong></span> 
     </span>
    </p>
   </div>
   <div class='ocr_carea' id='block_1_10' title="bbox 209 1020 3530 1109">
    <p class='ocr_par' dir='ltr' id='par_1_10' title="bbox 209 1020 3530 1109">
     <span class='ocr_line' id='line_1_10' title="bbox 209 1020 3530 1109; baseline 0.004 -33"><span class='ocrx_word' id='word_1_116' title='bbox 209 1020 299 1094; x_wconf 76' lang='grc'><strong><em>84)</em></strong></span> <span class='ocrx_word' id='word_1_117' title='bbox 327 1023 464 1077; x_wconf 88' lang='lat' dir='ltr'><strong><em>solos</em></strong></span> <span class='ocrx_word' id='word_1_118' title='bbox 491 1022 796 1080; x_wconf 89' lang='lat' dir='ltr'><strong><em>idololatras</em></strong></span> <span class='ocrx_word' id='word_1_119' title='bbox 821 1043 1062 1097; x_wconf 86' lang='lat' dir='ltr'><strong><em>umquam</em></strong></span> <span class='ocrx_word' id='word_1_120' title='bbox 1091 1030 1366 1097; x_wconf 72' lang='lat' dir='ltr'><strong><em>exstitisse,</em></strong></span> <span class='ocrx_word' id='word_1_121' title='bbox 1391 1033 1478 1102; x_wconf 80' lang='lat' dir='ltr'><strong><em>qui</em></strong></span> <span class='ocrx_word' id='word_1_122' title='bbox 1505 1050 1679 1103; x_wconf 79' lang='lat' dir='ltr'><strong><em>ptenas</em></strong></span> <span class='ocrx_word' id='word_1_123' title='bbox 1703 1035 1995 1109; x_wconf 80' lang='lat' dir='ltr'><strong><em>irrOgarent</em></strong></span> <span class='ocrx_word' id='word_1_124' title='bbox 2015 1036 2272 1102; x_wconf 89' lang='lat' dir='ltr'><strong><em>viduitati,</em></strong></span> <span class='ocrx_word' id='word_1_125' title='bbox 2293 1052 2355 1090; x_wconf 82' lang='lat' dir='ltr'><strong><em>ex</em></strong></span> <span class='ocrx_word' id='word_1_126' title='bbox 2378 1039 2474 1090; x_wconf 82' lang='lat' dir='ltr'><strong><em>hoc</em></strong></span> <span class='ocrx_word' id='word_1_127' title='bbox 2502 1036 2707 1090; x_wconf 84' lang='lat' dir='ltr'><strong><em>deducit</em></strong></span> <span class='ocrx_word' id='word_1_128' title='bbox 2738 1035 3042 1088; x_wconf 79' lang='lat' dir='ltr'><strong><em>Christianis</em></strong></span> <span class='ocrx_word' id='word_1_129' title='bbox 3070 1036 3302 1089; x_wconf 85' lang='lat' dir='ltr'><strong><em>omnibus</em></strong></span> <span class='ocrx_word' id='word_1_130' title='bbox 3326 1035 3530 1103; x_wconf 80' lang='lat' dir='ltr'><strong><em>feminis</em></strong></span> 
     </span>
    </p>
   </div>
   <div class='ocr_carea' id='block_1_11' title="bbox 212 1113 3535 1200">
    <p class='ocr_par' dir='ltr' id='par_1_11' title="bbox 212 1113 3535 1200">
     <span class='ocr_line' id='line_1_11' title="bbox 212 1113 3535 1200; baseline 0.005 -35"><span class='ocrx_word' id='word_1_131' title='bbox 212 1113 434 1166; x_wconf 84' lang='lat' dir='ltr'><strong><em>maritali</em></strong></span> <span class='ocrx_word' id='word_1_132' title='bbox 456 1115 755 1168; x_wconf 80' lang='lat' dir='ltr'><strong><em>necessitate</em></strong></span> <span class='ocrx_word' id='word_1_133' title='bbox 775 1117 1023 1172; x_wconf 82' lang='lat' dir='ltr'><strong><em>absolutis</em></strong></span> <span class='ocrx_word' id='word_1_134' title='bbox 1049 1136 1080 1171; x_wconf 89' lang='lat' dir='ltr'><strong><em>a</em></strong></span> <span class='ocrx_word' id='word_1_135' title='bbox 1110 1129 1214 1173; x_wconf 91' lang='lat' dir='ltr'><strong><em>tam</em></strong></span> <span class='ocrx_word' id='word_1_136' title='bbox 1240 1121 1479 1193; x_wconf 90' lang='lat' dir='ltr'><strong><em>religioso</em></strong></span> <span class='ocrx_word' id='word_1_137' title='bbox 1502 1126 1764 1195; x_wconf 90' lang='lat' dir='ltr'><strong><em>proposito</em></strong></span> <span class='ocrx_word' id='word_1_138' title='bbox 1796 1143 1898 1180; x_wconf 93' lang='lat' dir='ltr'><strong><em>non</em></strong></span> <span class='ocrx_word' id='word_1_139' title='bbox 1921 1128 2259 1181; x_wconf 86' lang='lat' dir='ltr'><strong><em>recedendum</em></strong></span> <span class='ocrx_word' id='word_1_140' title='bbox 2284 1145 2302 1184; x_wconf 89' lang='lat'><strong><em>:</em></strong></span> <span class='ocrx_word' id='word_1_141' title='bbox 2327 1129 2573 1182; x_wconf 85' lang='lat' dir='ltr'><strong><em>discussis</em></strong></span> <span class='ocrx_word' id='word_1_142' title='bbox 2599 1137 2852 1200; x_wconf 90' lang='lat' dir='ltr'><strong><em>postremo</em></strong></span> <span class='ocrx_word' id='word_1_143' title='bbox 2882 1143 2998 1199; x_wconf 75' lang='lat' dir='ltr'><strong><em>qua:</em></strong></span> <span class='ocrx_word' id='word_1_144' title='bbox 3024 1128 3192 1181; x_wconf 80' lang='lat' dir='ltr'><strong><em>viduw</em></strong></span> <span class='ocrx_word' id='word_1_145' title='bbox 3223 1132 3535 1198; x_wconf 85' lang='lat' dir='ltr'><strong><em>nupturien-</em></strong></span> 
     </span>
    </p>
   </div>
   <div class='ocr_carea' id='block_1_12' title="bbox 211 1205 3537 1289">
    <p class='ocr_par' dir='ltr' id='par_1_12' title="bbox 211 1205 3537 1289">
     <span class='ocr_line' id='line_1_12' title="bbox 211 1205 3537 1289; baseline 0.004 -31"><span class='ocrx_word' id='word_1_146' title='bbox 211 1212 283 1259; x_wconf 87' lang='lat' dir='ltr'><strong><em>tes</em></strong></span> <span class='ocrx_word' id='word_1_147' title='bbox 302 1205 547 1260; x_wconf 89' lang='lat' dir='ltr'><strong><em>adhibere</em></strong></span> <span class='ocrx_word' id='word_1_148' title='bbox 567 1206 750 1270; x_wconf 87' lang='lat' dir='ltr'><strong><em>solent,</em></strong></span> <span class='ocrx_word' id='word_1_149' title='bbox 776 1207 986 1263; x_wconf 89' lang='lat' dir='ltr'><strong><em>larvatis</em></strong></span> <span class='ocrx_word' id='word_1_150' title='bbox 1011 1211 1315 1278; x_wconf 88' lang='lat' dir='ltr'><strong><em>rationibus,</em></strong></span> <span class='ocrx_word' id='word_1_151' title='bbox 1345 1214 1532 1268; x_wconf 86' lang='lat' dir='ltr'><strong><em>acriter</em></strong></span> <span class='ocrx_word' id='word_1_152' title='bbox 1562 1225 1705 1288; x_wconf 75' lang='lat' dir='ltr'><strong><em>urget</em></strong></span> <span class='ocrx_word' id='word_1_153' title='bbox 1733 1216 1784 1270; x_wconf 91' lang='lat' dir='ltr'><strong><em>in</em></strong></span> <span class='ocrx_word' id='word_1_154' title='bbox 1815 1216 1934 1270; x_wconf 86' lang='lat' dir='ltr'><strong><em>libri</em></strong></span> <span class='ocrx_word' id='word_1_155' title='bbox 1971 1216 2110 1271; x_wconf 83' lang='lat' dir='ltr'><strong><em>calce</em></strong></span> <span class='ocrx_word' id='word_1_156' title='bbox 2133 1217 2289 1289; x_wconf 85' lang='lat' dir='ltr'><strong><em>(Cap.</em></strong></span> <span class='ocrx_word' id='word_1_157' title='bbox 2327 1217 2413 1277; x_wconf 73' lang='grc'><strong><em>15.</em></strong></span> <span class='ocrx_word' id='word_1_158' title='bbox 2441 1233 2581 1270; x_wconf 91' lang='lat' dir='ltr'><strong><em>num.</em></strong></span> <span class='ocrx_word' id='word_1_159' title='bbox 2613 1216 2738 1287; x_wconf 77' lang='lat'><strong>86);</strong></span> <span class='ocrx_word' id='word_1_160' title='bbox 2767 1226 2819 1269; x_wconf 91' lang='lat' dir='ltr'><strong><em>at</em></strong></span> <span class='ocrx_word' id='word_1_161' title='bbox 2849 1218 2974 1270; x_wconf 84' lang='lat' dir='ltr'><strong><em>satis</em></strong></span> <span class='ocrx_word' id='word_1_162' title='bbox 3008 1227 3143 1286; x_wconf 89' lang='lat' dir='ltr'><strong><em>patet</em></strong></span> <span class='ocrx_word' id='word_1_163' title='bbox 3175 1235 3286 1270; x_wconf 86' lang='lat' dir='ltr'><strong><em>cum</em></strong></span> <span class='ocrx_word' id='word_1_164' title='bbox 3330 1235 3433 1272; x_wconf 89' lang='lat' dir='ltr'><strong><em>non</em></strong></span> <span class='ocrx_word' id='word_1_165' title='bbox 3471 1219 3537 1272; x_wconf 73' lang='lat' dir='ltr'><strong><em>ob</em></strong></span> 
     </span>
    </p>
   </div>
   <div class='ocr_carea' id='block_1_13' title="bbox 213 1296 3538 1380">
    <p class='ocr_par' dir='ltr' id='par_1_13' title="bbox 213 1296 3538 1380">
     <span class='ocr_line' id='line_1_13' title="bbox 213 1296 3538 1380; baseline 0.004 -30"><span class='ocrx_word' id='word_1_166' title='bbox 213 1296 359 1350; x_wconf 86' lang='lat' dir='ltr'><strong><em>aliud</em></strong></span> <span class='ocrx_word' id='word_1_167' title='bbox 378 1307 484 1350; x_wconf 89' lang='lat' dir='ltr'><strong><em>tam</em></strong></span> <span class='ocrx_word' id='word_1_168' title='bbox 513 1300 766 1352; x_wconf 87' lang='lat' dir='ltr'><strong><em>concitata</em></strong></span> <span class='ocrx_word' id='word_1_169' title='bbox 793 1302 1116 1369; x_wconf 88' lang='lat' dir='ltr'><strong><em>peroratione</em></strong></span> <span class='ocrx_word' id='word_1_170' title='bbox 1137 1319 1288 1356; x_wconf 89' lang='lat' dir='ltr'><strong><em>usum</em></strong></span> <span class='ocrx_word' id='word_1_171' title='bbox 1318 1305 1418 1358; x_wconf 86' lang='lat' dir='ltr'><strong><em>nisi</em></strong></span> <span class='ocrx_word' id='word_1_172' title='bbox 1449 1313 1504 1358; x_wconf 89' lang='lat' dir='ltr'><strong><em>ut</em></strong></span> <span class='ocrx_word' id='word_1_173' title='bbox 1528 1307 1820 1375; x_wconf 87' lang='lat' dir='ltr'><strong><em>perculsam</em></strong></span> <span class='ocrx_word' id='word_1_174' title='bbox 1841 1305 2060 1374; x_wconf 80' lang='lat' dir='ltr'><strong><em>huiusce</em></strong></span> <span class='ocrx_word' id='word_1_175' title='bbox 2086 1308 2317 1362; x_wconf 88' lang='lat' dir='ltr'><strong><em>mulieris</em></strong></span> <span class='ocrx_word' id='word_1_176' title='bbox 2339 1316 2556 1362; x_wconf 87' lang='lat' dir='ltr'><strong><em>mentem</em></strong></span> <span class='ocrx_word' id='word_1_177' title='bbox 2582 1324 2612 1360; x_wconf 92' lang='lat' dir='ltr'><strong><em>a</em></strong></span> <span class='ocrx_word' id='word_1_178' title='bbox 2640 1309 2854 1362; x_wconf 90' lang='lat' dir='ltr'><strong><em>consilio</em></strong></span> <span class='ocrx_word' id='word_1_179' title='bbox 2875 1309 3014 1378; x_wconf 88' lang='lat' dir='ltr'><strong><em>quod</em></strong></span> <span class='ocrx_word' id='word_1_180' title='bbox 3050 1309 3296 1379; x_wconf 82' lang='lat' dir='ltr'><strong><em>agitabat,</em></strong></span> <span class='ocrx_word' id='word_1_181' title='bbox 3329 1310 3538 1380; x_wconf 88' lang='lat' dir='ltr'><strong><em>facilius</em></strong></span> 
     </span>
    </p>
   </div>
   <div class='ocr_carea' id='block_1_14' title="bbox 213 1389 3541 1474">
    <p class='ocr_par' dir='ltr' id='par_1_14' title="bbox 213 1389 3541 1474">
     <span class='ocr_line' id='line_1_14' title="bbox 213 1389 3541 1474; baseline 0.005 -30"><span class='ocrx_word' id='word_1_182' title='bbox 213 1390 503 1446; x_wconf 81' lang='lat' dir='ltr'><strong><em>deterreret.</em></strong></span> <span class='ocrx_word' id='word_1_183' title='bbox 536 1389 692 1445; x_wconf 84' lang='lat' dir='ltr'><strong><em>Nihil</em></strong></span> <span class='ocrx_word' id='word_1_184' title='bbox 716 1391 818 1446; x_wconf 89' lang='lat' dir='ltr'><strong><em>dici</em></strong></span> <span class='ocrx_word' id='word_1_185' title='bbox 843 1394 1008 1463; x_wconf 87' lang='lat' dir='ltr'><strong><em>potuit</em></strong></span> <span class='ocrx_word' id='word_1_186' title='bbox 1037 1407 1128 1448; x_wconf 90' lang='lat' dir='ltr'><strong><em>aut</em></strong></span> <span class='ocrx_word' id='word_1_187' title='bbox 1153 1396 1458 1468; x_wconf 89' lang='lat' dir='ltr'><strong><em>prudentius</em></strong></span> <span class='ocrx_word' id='word_1_188' title='bbox 1482 1409 1568 1452; x_wconf 91' lang='lat' dir='ltr'><strong><em>aut</em></strong></span> <span class='ocrx_word' id='word_1_189' title='bbox 1592 1416 1706 1453; x_wconf 90' lang='lat' dir='ltr'><strong><em>cum</em></strong></span> <span class='ocrx_word' id='word_1_190' title='bbox 1736 1417 1864 1454; x_wconf 88' lang='lat' dir='ltr'><strong><em>sana</em></strong></span> <span class='ocrx_word' id='word_1_191' title='bbox 1893 1401 2132 1456; x_wconf 86' lang='lat' dir='ltr'><strong><em>doctrina</em></strong></span> <span class='ocrx_word' id='word_1_192' title='bbox 2157 1401 2321 1471; x_wconf 88' lang='lat' dir='ltr'><strong><em>magis</em></strong></span> <span class='ocrx_word' id='word_1_193' title='bbox 2345 1417 2649 1465; x_wconf 88' lang='lat' dir='ltr'><strong><em>consonum,</em></strong></span> <span class='ocrx_word' id='word_1_194' title='bbox 2682 1419 2799 1456; x_wconf 90' lang='lat' dir='ltr'><strong><em>cum</em></strong></span> <span class='ocrx_word' id='word_1_195' title='bbox 2827 1419 2989 1474; x_wconf 88' lang='lat' dir='ltr'><strong><em>neque</em></strong></span> <span class='ocrx_word' id='word_1_196' title='bbox 3028 1406 3278 1459; x_wconf 87' lang='lat' dir='ltr'><strong><em>secundas</em></strong></span> <span class='ocrx_word' id='word_1_197' title='bbox 3299 1405 3541 1460; x_wconf 89' lang='lat' dir='ltr'><strong><em>condent-</em></strong></span> 
     </span>
    </p>
   </div>
   <div class='ocr_carea' id='block_1_15' title="bbox 216 1483 3543 1563">
    <p class='ocr_par' dir='ltr' id='par_1_15' title="bbox 216 1483 3543 1563">
     <span class='ocr_line' id='line_1_15' title="bbox 216 1483 3543 1563; baseline 0.004 -26"><span class='ocrx_word' id='word_1_198' title='bbox 216 1484 352 1538; x_wconf 84' lang='lat' dir='ltr'><strong><em>narit</em></strong></span> <span class='ocrx_word' id='word_1_199' title='bbox 381 1483 610 1554; x_wconf 87' lang='lat' dir='ltr'><strong><em>nuptias,</em></strong></span> <span class='ocrx_word' id='word_1_200' title='bbox 644 1501 802 1556; x_wconf 88' lang='lat' dir='ltr'><strong><em>neque</em></strong></span> <span class='ocrx_word' id='word_1_201' title='bbox 831 1487 1006 1556; x_wconf 80' lang='lat' dir='ltr'><strong><em>ofﬁcio</em></strong></span> <span class='ocrx_word' id='word_1_202' title='bbox 1031 1504 1125 1542; x_wconf 92' lang='lat' dir='ltr'><strong><em>suo</em></strong></span> <span class='ocrx_word' id='word_1_203' title='bbox 1151 1488 1388 1559; x_wconf 77' lang='lat' dir='ltr'><strong><em>defuerit,</em></strong></span> <span class='ocrx_word' id='word_1_204' title='bbox 1431 1506 1532 1558; x_wconf 88' lang='lat' dir='ltr'><strong><em>quo</em></strong></span> <span class='ocrx_word' id='word_1_205' title='bbox 1579 1491 1873 1546; x_wconf 86' lang='lat' dir='ltr'><strong><em>viduitatem</em></strong></span> <span class='ocrx_word' id='word_1_206' title='bbox 1920 1492 2026 1547; x_wconf 89' lang='lat' dir='ltr'><strong><em>illis</em></strong></span> <span class='ocrx_word' id='word_1_207' title='bbox 2070 1494 2350 1563; x_wconf 85' lang='lat' dir='ltr'><strong><em>anteferre,</em></strong></span> <span class='ocrx_word' id='word_1_208' title='bbox 2373 1492 2676 1562; x_wconf 77' lang='lat' dir='ltr'><strong><em>animusque</em></strong></span> <span class='ocrx_word' id='word_1_209' title='bbox 2700 1492 3037 1546; x_wconf 83' lang='lat' dir='ltr'><strong><em>sollicitudini</em></strong></span> <span class='ocrx_word' id='word_1_210' title='bbox 3068 1509 3176 1548; x_wconf 83' lang='lat' dir='ltr'><strong><em>sute</em></strong></span> <span class='ocrx_word' id='word_1_211' title='bbox 3202 1495 3422 1549; x_wconf 89' lang='lat' dir='ltr'><strong><em>creditas</em></strong></span> <span class='ocrx_word' id='word_1_212' title='bbox 3472 1495 3543 1550; x_wconf 88' lang='lat' dir='ltr'><strong><em>ad</em></strong></span> 
     </span>
    </p>
   </div>
   <div class='ocr_carea' id='block_1_16' title="bbox 216 1577 1346 1649">
    <p class='ocr_par' dir='ltr' id='par_1_16' title="bbox 216 1577 1346 1649">
     <span class='ocr_line' id='line_1_16' title="bbox 216 1577 1346 1649; baseline 0.004 -20"><span class='ocrx_word' id='word_1_213' title='bbox 216 1577 529 1648; x_wconf 83' lang='lat' dir='ltr'><strong><em>perfectiora</em></strong></span> <span class='ocrx_word' id='word_1_214' title='bbox 553 1593 753 1648; x_wconf 86' lang='lat' dir='ltr'><strong><em>semper</em></strong></span> <span class='ocrx_word' id='word_1_215' title='bbox 779 1579 1040 1649; x_wconf 86' lang='lat' dir='ltr'><strong><em>impellere</em></strong></span> <span class='ocrx_word' id='word_1_216' title='bbox 1064 1581 1346 1634; x_wconf 86' lang='lat' dir='ltr'><strong><em>tenebatur.</em></strong></span> 
     </span>
    </p>
   </div>
   <div class='ocr_carea' id='block_1_17' title="bbox 292 1669 3543 1742">
    <p class='ocr_par' dir='ltr' id='par_1_17' title="bbox 292 1669 3543 1742">
     <span class='ocr_line' id='line_1_17' title="bbox 292 1669 3543 1742; baseline 0.001 -16"><span class='ocrx_word' id='word_1_217' title='bbox 292 1670 548 1726; x_wconf 74' lang='lat' dir='ltr'><strong><em>Cazterum</em></strong></span> <span class='ocrx_word' id='word_1_218' title='bbox 577 1669 713 1724; x_wconf 87' lang='lat' dir='ltr'><strong><em>illud</em></strong></span> <span class='ocrx_word' id='word_1_219' title='bbox 741 1685 848 1724; x_wconf 88' lang='lat' dir='ltr'><strong><em>esse</em></strong></span> <span class='ocrx_word' id='word_1_220' title='bbox 876 1671 1036 1725; x_wconf 89' lang='lat' dir='ltr'><strong><em>voluit</em></strong></span> <span class='ocrx_word' id='word_1_221' title='bbox 1071 1671 1220 1725; x_wconf 77' lang='lat' dir='ltr'><strong><em>istius</em></strong></span> <span class='ocrx_word' id='word_1_222' title='bbox 1250 1670 1370 1725; x_wconf 85' lang='lat' dir='ltr'><strong><em>libri</em></strong></span> <span class='ocrx_word' id='word_1_223' title='bbox 1399 1671 1704 1740; x_wconf 88' lang='lat' dir='ltr'><strong><em>exordium,</em></strong></span> <span class='ocrx_word' id='word_1_224' title='bbox 1738 1672 1877 1742; x_wconf 88' lang='lat' dir='ltr'><strong><em>quod</em></strong></span> <span class='ocrx_word' id='word_1_225' title='bbox 1915 1688 2114 1728; x_wconf 88' lang='lat' dir='ltr'><strong><em>omnem</em></strong></span> <span class='ocrx_word' id='word_1_226' title='bbox 2162 1673 2226 1727; x_wconf 90' lang='lat' dir='ltr'><strong><em>de</em></strong></span> <span class='ocrx_word' id='word_1_227' title='bbox 2258 1672 2423 1740; x_wconf 86' lang='lat' dir='ltr'><strong><em>ipsius</em></strong></span> <span class='ocrx_word' id='word_1_228' title='bbox 2463 1681 2673 1727; x_wconf 89' lang='lat' dir='ltr'><strong><em>auctore</em></strong></span> <span class='ocrx_word' id='word_1_229' title='bbox 2709 1671 3078 1726; x_wconf 89' lang='lat' dir='ltr'><strong><em>dubitationem</em></strong></span> <span class='ocrx_word' id='word_1_230' title='bbox 3121 1685 3392 1741; x_wconf 90' lang='lat' dir='ltr'><strong><em>amoveat,</em></strong></span> <span class='ocrx_word' id='word_1_231' title='bbox 3437 1675 3543 1730; x_wconf 88' lang='lat' dir='ltr'><strong><em>nisi</em></strong></span> 
     </span>
    </p>
   </div>
   <div class='ocr_carea' id='block_1_18' title="bbox 216 1762 3536 1838">
    <p class='ocr_par' dir='ltr' id='par_1_18' title="bbox 216 1762 3536 1838">
     <span class='ocr_line' id='line_1_18' title="bbox 216 1762 3536 1838; baseline 0.001 -20"><span class='ocrx_word' id='word_1_232' title='bbox 216 1765 307 1818; x_wconf 84' lang='lat' dir='ltr'><strong><em>cui</em></strong></span> <span class='ocrx_word' id='word_1_233' title='bbox 367 1762 526 1818; x_wconf 83' lang='lat' dir='ltr'><strong><em>libros</em></strong></span> <span class='ocrx_word' id='word_1_234' title='bbox 580 1763 650 1821; x_wconf 88' lang='lat' dir='ltr'><strong><em>de</em></strong></span> <span class='ocrx_word' id='word_1_235' title='bbox 709 1763 1019 1835; x_wconf 80' lang='lat' dir='ltr'><strong><em>Virginibus</em></strong></span> <span class='ocrx_word' id='word_1_236' title='bbox 1070 1766 1341 1820; x_wconf 82' lang='lat' dir='ltr'><strong><em>Ambrosio</em></strong></span> <span class='ocrx_word' id='word_1_237' title='bbox 1388 1767 1545 1822; x_wconf 90' lang='lat' dir='ltr'><strong><em>etiam</em></strong></span> <span class='ocrx_word' id='word_1_238' title='bbox 1595 1766 1897 1838; x_wconf 82' lang='lat' dir='ltr'><strong><em>abjudicare</em></strong></span> <span class='ocrx_word' id='word_1_239' title='bbox 1951 1767 2194 1833; x_wconf 86' lang='lat' dir='ltr'><strong><em>libuerit;</em></strong></span> <span class='ocrx_word' id='word_1_240' title='bbox 2249 1767 2386 1835; x_wconf 90' lang='lat' dir='ltr'><strong><em>quod</em></strong></span> <span class='ocrx_word' id='word_1_241' title='bbox 2440 1783 2594 1837; x_wconf 87' lang='lat' dir='ltr'><strong><em>quant</em></strong></span> <span class='ocrx_word' id='word_1_242' title='bbox 2647 1766 2713 1820; x_wconf 87' lang='lat' dir='ltr'><strong><em>sit</em></strong></span> <span class='ocrx_word' id='word_1_243' title='bbox 2769 1765 3051 1820; x_wconf 87' lang='lat' dir='ltr'><strong><em>absurdum</em></strong></span> <span class='ocrx_word' id='word_1_244' title='bbox 3109 1767 3309 1838; x_wconf 84' lang='lat' dir='ltr'><strong><em>ignorat</em></strong></span> <span class='ocrx_word' id='word_1_245' title='bbox 3364 1785 3536 1824; x_wconf 88' lang='lat' dir='ltr'><strong><em>nemo.</em></strong></span> 
     </span>
    </p>
   </div>
   <div class='ocr_carea' id='block_1_19' title="bbox 229 1855 3545 1930">
    <p class='ocr_par' dir='ltr' id='par_1_19' title="bbox 229 1855 3545 1930">
     <span class='ocr_line' id='line_1_19' title="bbox 229 1855 3545 1930; baseline 0.001 -19"><span class='ocrx_word' id='word_1_246' title='bbox 229 1855 601 1912; x_wconf 77' lang='lat' dir='ltr'><strong><em>Verumtamen</em></strong></span> <span class='ocrx_word' id='word_1_247' title='bbox 641 1855 1029 1912; x_wconf 88' lang='lat' dir='ltr'><strong><em>Centuriatores</em></strong></span> <span class='ocrx_word' id='word_1_248' title='bbox 1071 1858 1262 1926; x_wconf 80' lang='lat' dir='ltr'><strong><em>iniecta</em></strong></span> <span class='ocrx_word' id='word_1_249' title='bbox 1307 1857 1466 1924; x_wconf 80' lang='lat' dir='ltr'><strong><em>huius</em></strong></span> <span class='ocrx_word' id='word_1_250' title='bbox 1511 1858 1741 1930; x_wconf 87' lang='lat' dir='ltr'><strong><em>ejusdem</em></strong></span> <span class='ocrx_word' id='word_1_251' title='bbox 1785 1857 1905 1912; x_wconf 90' lang='lat' dir='ltr'><strong><em>libri</em></strong></span> <span class='ocrx_word' id='word_1_252' title='bbox 1949 1857 2238 1922; x_wconf 88' lang='lat' dir='ltr'><strong><em>mentione,</em></strong></span> <span class='ocrx_word' id='word_1_253' title='bbox 2271 1873 2371 1910; x_wconf 92' lang='lat' dir='ltr'><strong><em>non</em></strong></span> <span class='ocrx_word' id='word_1_254' title='bbox 2413 1858 2523 1911; x_wconf 85' lang='lat' dir='ltr'><strong><em>sine</em></strong></span> <span class='ocrx_word' id='word_1_255' title='bbox 2563 1857 2775 1928; x_wconf 88' lang='lat' dir='ltr'><strong><em>fastidio</em></strong></span> <span class='ocrx_word' id='word_1_256' title='bbox 2814 1856 3086 1912; x_wconf 88' lang='lat' dir='ltr'><strong><em>scribunt:</em></strong></span> <span class='ocrx_word' id='word_1_257' title='bbox 3112 1859 3467 1925; x_wconf 85' lang='lat' dir='ltr'><strong><em>Ambrosius,</em></strong></span> <span class='ocrx_word' id='word_1_258' title='bbox 3500 1859 3545 1914; x_wconf 90' lang='lat' dir='ltr'><strong><em>si</em></strong></span> 
     </span>
    </p>
   </div>
   <div class='ocr_carea' id='block_1_20' title="bbox 215 1947 3547 2022">
    <p class='ocr_par' dir='ltr' id='par_1_20' title="bbox 215 1947 3547 2022">
     <span class='ocr_line' id='line_1_20' title="bbox 215 1947 3547 2022; baseline 0.001 -20"><span class='ocrx_word' id='word_1_259' title='bbox 215 1957 408 2004; x_wconf 82' lang='lat' dir='ltr'><strong><em>tamen</em></strong></span> <span class='ocrx_word' id='word_1_260' title='bbox 439 1947 718 2004; x_wconf 82' lang='lat' dir='ltr'><strong><em>Ambrosii</em></strong></span> <span class='ocrx_word' id='word_1_261' title='bbox 746 1957 850 2013; x_wconf 86' lang='lat' dir='ltr'><strong><em>cst,</em></strong></span> <span class='ocrx_word' id='word_1_262' title='bbox 883 1948 1150 2018; x_wconf 87' lang='lat' dir='ltr'><strong><em>permulta</em></strong></span> <span class='ocrx_word' id='word_1_263' title='bbox 1187 1963 1369 2004; x_wconf 81' lang='lat' dir='ltr'><strong><em>crassa</em></strong></span> <span class='ocrx_word' id='word_1_264' title='bbox 1408 1949 1576 2003; x_wconf 72' lang='lat' dir='ltr'><strong><em>habet.</em></strong></span> <span class='ocrx_word' id='word_1_265' title='bbox 1612 1949 1680 2004; x_wconf 84' lang='lat' dir='ltr'><strong><em>de</em></strong></span> <span class='ocrx_word' id='word_1_266' title='bbox 1712 1948 2027 2006; x_wconf 86' lang='lat' dir='ltr'><strong><em>invocandis</em></strong></span> <span class='ocrx_word' id='word_1_267' title='bbox 2057 1948 2262 2005; x_wconf 83' lang='lat' dir='ltr'><strong><em>sanctis</em></strong></span> <span class='ocrx_word' id='word_1_268' title='bbox 2291 1949 2519 2004; x_wconf 81' lang='lat' dir='ltr'><strong><em>mortuis</em></strong></span> <span class='ocrx_word' id='word_1_269' title='bbox 2546 1947 2780 2020; x_wconf 89' lang='lat' dir='ltr'><strong><em>(Centur.</em></strong></span> <span class='ocrx_word' id='word_1_270' title='bbox 2806 1950 2861 2016; x_wconf 75' lang='grc'><strong><em>4,</em></strong></span> <span class='ocrx_word' id='word_1_271' title='bbox 2905 1965 3021 2020; x_wconf 88' lang='lat' dir='ltr'><strong><em>cap.</em></strong></span> <span class='ocrx_word' id='word_1_272' title='bbox 3060 1947 3142 2018; x_wconf 71' lang='grc'><strong><em>4).</em></strong></span> <span class='ocrx_word' id='word_1_273' title='bbox 3180 1950 3292 2015; x_wconf 82' lang='lat' dir='ltr'><strong><em>Quo</em></strong></span> <span class='ocrx_word' id='word_1_274' title='bbox 3335 1951 3547 2022; x_wconf 83' lang='lat' dir='ltr'><strong><em>quidem</em></strong></span> 
     </span>
    </p>
   </div>
   <div class='ocr_carea' id='block_1_21' title="bbox 219 2041 3550 2116">
    <p class='ocr_par' dir='ltr' id='par_1_21' title="bbox 219 2041 3550 2116">
     <span class='ocr_line' id='line_1_21' title="bbox 219 2041 3550 2116; baseline 0.001 -21"><span class='ocrx_word' id='word_1_275' title='bbox 219 2042 387 2096; x_wconf 90' lang='lat' dir='ltr'><strong><em>dubio</em></strong></span> <span class='ocrx_word' id='word_1_276' title='bbox 415 2041 540 2111; x_wconf 87' lang='lat' dir='ltr'><strong><em>quid</em></strong></span> <span class='ocrx_word' id='word_1_277' title='bbox 575 2043 840 2113; x_wconf 89' lang='lat' dir='ltr'><strong><em>ineptius?</em></strong></span> <span class='ocrx_word' id='word_1_278' title='bbox 868 2043 931 2100; x_wconf 90' lang='lat' dir='ltr'><strong><em>Si</em></strong></span> <span class='ocrx_word' id='word_1_279' title='bbox 959 2053 1128 2098; x_wconf 85' lang='lat' dir='ltr'><strong><em>tamen</em></strong></span> <span class='ocrx_word' id='word_1_280' title='bbox 1169 2045 1242 2099; x_wconf 87' lang='lat' dir='ltr'><strong><em>eis</em></strong></span> <span class='ocrx_word' id='word_1_281' title='bbox 1289 2061 1391 2099; x_wconf 89' lang='lat' dir='ltr'><strong><em>non</em></strong></span> <span class='ocrx_word' id='word_1_282' title='bbox 1427 2045 1659 2116; x_wconf 84' lang='lat' dir='ltr'><strong><em>sufficiat</em></strong></span> <span class='ocrx_word' id='word_1_283' title='bbox 1693 2043 1832 2114; x_wconf 88' lang='lat' dir='ltr'><strong><em>quod</em></strong></span> <span class='ocrx_word' id='word_1_284' title='bbox 1850 2045 1967 2115; x_wconf 87' lang='lat' dir='ltr'><strong><em>jam</em></strong></span> <span class='ocrx_word' id='word_1_285' title='bbox 2001 2044 2253 2110; x_wconf 77' lang='lat' dir='ltr'><strong><em>diximus,</em></strong></span> <span class='ocrx_word' id='word_1_286' title='bbox 2285 2043 2638 2112; x_wconf 89' lang='lat' dir='ltr'><strong><em>voluerintque</em></strong></span> <span class='ocrx_word' id='word_1_287' title='bbox 2667 2043 2765 2096; x_wconf 85' lang='lat' dir='ltr'><strong><em>hac</em></strong></span> <span class='ocrx_word' id='word_1_288' title='bbox 2801 2042 2865 2096; x_wconf 89' lang='lat' dir='ltr'><strong><em>de</em></strong></span> <span class='ocrx_word' id='word_1_289' title='bbox 2890 2057 2946 2097; x_wconf 90' lang='lat' dir='ltr'><strong><em>re</em></strong></span> <span class='ocrx_word' id='word_1_290' title='bbox 2973 2043 3036 2096; x_wconf 92' lang='lat' dir='ltr'><strong><em>ab</em></strong></span> <span class='ocrx_word' id='word_1_291' title='bbox 3072 2042 3342 2097; x_wconf 84' lang='lat' dir='ltr'><strong><em>Ambrosio</em></strong></span> <span class='ocrx_word' id='word_1_292' title='bbox 3370 2044 3550 2099; x_wconf 89' lang='lat' dir='ltr'><strong><em>doceri</em></strong></span> 
     </span>
    </p>
   </div>
   <div class='ocr_carea' id='block_1_22' title="bbox 219 2131 3556 2208">
    <p class='ocr_par' dir='ltr' id='par_1_22' title="bbox 219 2131 3556 2208">
     <span class='ocr_line' id='line_1_22' title="bbox 219 2131 3556 2208; baseline -0.001 -19"><span class='ocrx_word' id='word_1_293' title='bbox 219 2135 486 2208; x_wconf 72' lang='lat' dir='ltr'><strong><em>expressis</em></strong></span> <span class='ocrx_word' id='word_1_294' title='bbox 529 2133 731 2203; x_wconf 87' lang='lat' dir='ltr'><strong><em>verbis,</em></strong></span> <span class='ocrx_word' id='word_1_295' title='bbox 776 2135 964 2188; x_wconf 88' lang='lat' dir='ltr'><strong><em>adeant</em></strong></span> <span class='ocrx_word' id='word_1_296' title='bbox 1007 2135 1238 2208; x_wconf 88' lang='lat' dir='ltr'><strong><em>ejusdem</em></strong></span> <span class='ocrx_word' id='word_1_297' title='bbox 1281 2133 1717 2190; x_wconf 87' lang='lat' dir='ltr'><strong><em>Commentarium</em></strong></span> <span class='ocrx_word' id='word_1_298' title='bbox 1761 2135 1815 2188; x_wconf 90' lang='lat' dir='ltr'><strong><em>in</em></strong></span> <span class='ocrx_word' id='word_1_299' title='bbox 1850 2133 2194 2206; x_wconf 86' lang='lat' dir='ltr'><strong><em>Evangelium</em></strong></span> <span class='ocrx_word' id='word_1_300' title='bbox 2223 2133 2506 2187; x_wconf 87' lang='lat' dir='ltr'><strong><em>secundum</em></strong></span> <span class='ocrx_word' id='word_1_301' title='bbox 2543 2131 2773 2197; x_wconf 88' lang='lat' dir='ltr'><strong><em>Lucam,</em></strong></span> <span class='ocrx_word' id='word_1_302' title='bbox 2816 2141 2866 2186; x_wconf 91' lang='lat' dir='ltr'><strong><em>et</em></strong></span> <span class='ocrx_word' id='word_1_303' title='bbox 2903 2131 3014 2186; x_wconf 90' lang='lat' dir='ltr'><strong><em>illic</em></strong></span> <span class='ocrx_word' id='word_1_304' title='bbox 3056 2131 3556 2187; x_wconf 81' lang='lat' dir='ltr'><strong><em>Commentationem</em></strong></span> 
     </span>
    </p>
   </div>
   <div class='ocr_carea' id='block_1_23' title="bbox 221 2224 3557 2302">
    <p class='ocr_par' dir='ltr' id='par_1_23' title="bbox 221 2224 3557 2302">
     <span class='ocr_line' id='line_1_23' title="bbox 221 2224 3557 2302; baseline -0.001 -18"><span class='ocrx_word' id='word_1_305' title='bbox 221 2231 365 2284; x_wconf 88' lang='lat' dir='ltr'><strong><em>hanc</em></strong></span> <span class='ocrx_word' id='word_1_306' title='bbox 415 2232 478 2285; x_wconf 88' lang='lat' dir='ltr'><strong><em>ab</em></strong></span> <span class='ocrx_word' id='word_1_307' title='bbox 520 2247 579 2285; x_wconf 92' lang='lat' dir='ltr'><strong><em>eo</em></strong></span> <span class='ocrx_word' id='word_1_308' title='bbox 619 2247 713 2302; x_wconf 91' lang='lat' dir='ltr'><strong><em>pro</em></strong></span> <span class='ocrx_word' id='word_1_309' title='bbox 747 2247 843 2284; x_wconf 88' lang='lat' dir='ltr'><strong><em>sua</em></strong></span> <span class='ocrx_word' id='word_1_310' title='bbox 881 2238 1060 2299; x_wconf 90' lang='lat' dir='ltr'><strong><em>quater</em></strong></span> <span class='ocrx_word' id='word_1_311' title='bbox 1101 2239 1156 2283; x_wconf 90' lang='lat' dir='ltr'><strong><em>ut</em></strong></span> <span class='ocrx_word' id='word_1_312' title='bbox 1199 2229 1470 2284; x_wconf 87' lang='lat' dir='ltr'><strong><em>minimum</em></strong></span> <span class='ocrx_word' id='word_1_313' title='bbox 1513 2229 1758 2295; x_wconf 90' lang='lat' dir='ltr'><strong><em>citatam,</em></strong></span> <span class='ocrx_word' id='word_1_314' title='bbox 1805 2229 2146 2296; x_wconf 89' lang='lat' dir='ltr'><strong><em>lectoremque</em></strong></span> <span class='ocrx_word' id='word_1_315' title='bbox 2187 2226 2256 2280; x_wconf 91' lang='lat' dir='ltr'><strong><em>ad</em></strong></span> <span class='ocrx_word' id='word_1_316' title='bbox 2294 2226 2442 2280; x_wconf 89' lang='lat' dir='ltr'><strong><em>illam</em></strong></span> <span class='ocrx_word' id='word_1_317' title='bbox 2485 2225 2758 2280; x_wconf 89' lang='lat' dir='ltr'><strong><em>remissum</em></strong></span> <span class='ocrx_word' id='word_1_318' title='bbox 2798 2224 3078 2280; x_wconf 72' lang='lat' dir='ltr'><strong><em>invenient.</em></strong></span> <span class='ocrx_word' id='word_1_319' title='bbox 3131 2225 3238 2280; x_wconf 83' lang='lat' dir='ltr'><strong><em>Sed</em></strong></span> <span class='ocrx_word' id='word_1_320' title='bbox 3284 2236 3339 2279; x_wconf 89' lang='lat' dir='ltr'><strong><em>ut</em></strong></span> <span class='ocrx_word' id='word_1_321' title='bbox 3389 2228 3557 2297; x_wconf 90' lang='lat' dir='ltr'><strong><em>magis</em></strong></span> 
     </span>
    </p>
   </div>
   <div class='ocr_carea' id='block_1_24' title="bbox 217 2317 3561 2396">
    <p class='ocr_par' dir='ltr' id='par_1_24' title="bbox 217 2317 3561 2396">
     <span class='ocr_line' id='line_1_24' title="bbox 217 2317 3561 2396; baseline -0.001 -17"><span class='ocrx_word' id='word_1_322' title='bbox 217 2341 280 2379; x_wconf 90' lang='lat' dir='ltr'><strong><em>ac</em></strong></span> <span class='ocrx_word' id='word_1_323' title='bbox 315 2324 486 2395; x_wconf 89' lang='lat' dir='ltr'><strong><em>magis</em></strong></span> <span class='ocrx_word' id='word_1_324' title='bbox 526 2323 712 2392; x_wconf 89' lang='lat' dir='ltr'><strong><em>quanti</em></strong></span> <span class='ocrx_word' id='word_1_325' title='bbox 749 2323 988 2394; x_wconf 88' lang='lat' dir='ltr'><strong><em>facienda</em></strong></span> <span class='ocrx_word' id='word_1_326' title='bbox 1017 2323 1084 2378; x_wconf 92' lang='lat' dir='ltr'><strong><em>sit</em></strong></span> <span class='ocrx_word' id='word_1_327' title='bbox 1124 2321 1381 2396; x_wconf 89' lang='lat' dir='ltr'><strong><em>ejusmodi</em></strong></span> <span class='ocrx_word' id='word_1_328' title='bbox 1417 2338 1685 2377; x_wconf 83' lang='lat' dir='ltr'><strong><em>censorum</em></strong></span> <span class='ocrx_word' id='word_1_329' title='bbox 1714 2321 2030 2387; x_wconf 90' lang='lat' dir='ltr'><strong><em>auctoritas,</em></strong></span> <span class='ocrx_word' id='word_1_330' title='bbox 2062 2321 2229 2389; x_wconf 89' lang='lat' dir='ltr'><strong><em>quivis</em></strong></span> <span class='ocrx_word' id='word_1_331' title='bbox 2267 2319 2556 2390; x_wconf 87' lang='lat' dir='ltr'><strong><em>intelligat,</em></strong></span> <span class='ocrx_word' id='word_1_332' title='bbox 2586 2318 2837 2373; x_wconf 87' lang='lat' dir='ltr'><strong><em>addemus</em></strong></span> <span class='ocrx_word' id='word_1_333' title='bbox 2871 2317 3184 2390; x_wconf 82' lang='lat' dir='ltr'><strong><em>Hieronymi</em></strong></span> <span class='ocrx_word' id='word_1_334' title='bbox 3211 2321 3561 2374; x_wconf 88' lang='lat' dir='ltr'><strong><em>testimonium</em></strong></span> 
     </span>
    </p>
   </div>
   <div class='ocr_carea' id='block_1_25' title="bbox 219 2406 3557 2487">
    <p class='ocr_par' dir='ltr' id='par_1_25' title="bbox 219 2406 3557 2487">
     <span class='ocr_line' id='line_1_25' title="bbox 219 2406 3557 2487; baseline -0.003 -14"><span class='ocrx_word' id='word_1_335' title='bbox 219 2434 284 2473; x_wconf 83' lang='lat' dir='ltr'><strong><em>ex</em></strong></span> <span class='ocrx_word' id='word_1_336' title='bbox 307 2419 470 2487; x_wconf 87' lang='lat' dir='ltr'><strong><em>epist.</em></strong></span> <span class='ocrx_word' id='word_1_337' title='bbox 500 2417 570 2474; x_wconf 83' lang='lat'><strong><em>50</em></strong></span> <span class='ocrx_word' id='word_1_338' title='bbox 603 2417 672 2470; x_wconf 89' lang='lat' dir='ltr'><strong><em>ad</em></strong></span> <span class='ocrx_word' id='word_1_339' title='bbox 704 2413 1104 2470; x_wconf 85' lang='lat' dir='ltr'><strong><em>Pammachium</em></strong></span> <span class='ocrx_word' id='word_1_340' title='bbox 1129 2430 1148 2469; x_wconf 90' lang='lat'><strong><em>:</em></strong></span> <span class='ocrx_word' id='word_1_341' title='bbox 1175 2413 1344 2486; x_wconf 76' lang='lat' dir='ltr'><strong><em>Legat</em></strong></span> <span class='ocrx_word' id='word_1_342' title='bbox 1365 2455 1380 2481; x_wconf 93' lang='lat'><strong><em>,</em></strong></span> <span class='ocrx_word' id='word_1_343' title='bbox 1411 2414 1614 2486; x_wconf 87' lang='lat' dir='ltr'><strong><em>inquit,</em></strong></span> <span class='ocrx_word' id='word_1_344' title='bbox 1644 2414 1820 2469; x_wconf 87' lang='lat' dir='ltr'><strong><em>sancti</em></strong></span> <span class='ocrx_word' id='word_1_345' title='bbox 1851 2411 2130 2468; x_wconf 82' lang='lat' dir='ltr'><strong><em>Ambrosii</em></strong></span> <span class='ocrx_word' id='word_1_346' title='bbox 2165 2411 2233 2466; x_wconf 87' lang='lat' dir='ltr'><strong><em>de</em></strong></span> <span class='ocrx_word' id='word_1_347' title='bbox 2259 2409 2450 2466; x_wconf 83' lang='lat' dir='ltr'><strong><em>Viduis</em></strong></span> <span class='ocrx_word' id='word_1_348' title='bbox 2476 2409 2674 2464; x_wconf 85' lang='lat' dir='ltr'><strong><em>librum</em></strong></span> <span class='ocrx_word' id='word_1_349' title='bbox 2720 2408 2965 2480; x_wconf 71' lang='lat' dir='ltr'><strong><em>(Apolog.</em></strong></span> <span class='ocrx_word' id='word_1_350' title='bbox 2996 2410 3114 2462; x_wconf 90' lang='lat' dir='ltr'><strong><em>adv.</em></strong></span> <span class='ocrx_word' id='word_1_351' title='bbox 3147 2406 3377 2478; x_wconf 88' lang='lat' dir='ltr'><strong><em>Jovin.).</em></strong></span> <span class='ocrx_word' id='word_1_352' title='bbox 3415 2409 3557 2478; x_wconf 86' lang='lat' dir='ltr'><strong><em>Quid</em></strong></span> 
     </span>
    </p>
   </div>
   <div class='ocr_carea' id='block_1_26' title="bbox 216 2497 3560 2583">
    <p class='ocr_par' dir='ltr' id='par_1_26' title="bbox 216 2497 3560 2583">
     <span class='ocr_line' id='line_1_26' title="bbox 216 2497 3560 2583; baseline -0 -23"><span class='ocrx_word' id='word_1_353' title='bbox 216 2506 396 2578; x_wconf 83' lang='lat' dir='ltr'><strong><em>igitur</em></strong></span> <span class='ocrx_word' id='word_1_354' title='bbox 435 2507 488 2560; x_wconf 92' lang='lat' dir='ltr'><strong><em>in</em></strong></span> <span class='ocrx_word' id='word_1_355' title='bbox 526 2523 690 2561; x_wconf 89' lang='lat' dir='ltr'><strong><em>causa</em></strong></span> <span class='ocrx_word' id='word_1_356' title='bbox 729 2507 861 2578; x_wconf 90' lang='lat' dir='ltr'><strong><em>fuit,</em></strong></span> <span class='ocrx_word' id='word_1_357' title='bbox 902 2523 997 2560; x_wconf 87' lang='lat' dir='ltr'><strong><em>cur</em></strong></span> <span class='ocrx_word' id='word_1_358' title='bbox 1039 2506 1140 2583; x_wconf 63' lang='lat' dir='ltr'><strong><em>ista</em></strong></span> <span class='ocrx_word' id='word_1_359' title='bbox 1175 2505 1560 2561; x_wconf 75' lang='lat' dir='ltr'><strong><em>dissimularent</em></strong></span> <span class='ocrx_word' id='word_1_360' title='bbox 1603 2497 2118 2578; x_wconf 79' lang='lat' dir='ltr'><strong><em>Magdeburgenses?</em></strong></span> <span class='ocrx_word' id='word_1_361' title='bbox 2158 2500 2428 2557; x_wconf 86' lang='lat' dir='ltr'><strong><em>Nimirum</em></strong></span> <span class='ocrx_word' id='word_1_362' title='bbox 2467 2512 2525 2556; x_wconf 89' lang='lat' dir='ltr'><strong><em>ut</em></strong></span> <span class='ocrx_word' id='word_1_363' title='bbox 2563 2517 2678 2573; x_wconf 71' lang='lat' dir='ltr'><strong><em>qua:</em></strong></span> <span class='ocrx_word' id='word_1_364' title='bbox 2712 2518 2868 2570; x_wconf 90' lang='lat' dir='ltr'><strong><em>super</em></strong></span> <span class='ocrx_word' id='word_1_365' title='bbox 2903 2513 3201 2556; x_wconf 89' lang='lat' dir='ltr'><strong><em>sanctorum</em></strong></span> <span class='ocrx_word' id='word_1_366' title='bbox 3231 2504 3560 2560; x_wconf 88' lang='lat' dir='ltr'><strong><em>invocatione</em></strong></span> 
     </span>
    </p>
   </div>
   <div class='ocr_carea' id='block_1_27' title="bbox 222 2593 3555 2669">
    <p class='ocr_par' dir='ltr' id='par_1_27' title="bbox 222 2593 3555 2669">
     <span class='ocr_line' id='line_1_27' title="bbox 222 2593 3555 2669; baseline -0 -19"><span class='ocrx_word' id='word_1_367' title='bbox 222 2597 394 2651; x_wconf 89' lang='lat' dir='ltr'><strong><em>tradit</em></strong></span> <span class='ocrx_word' id='word_1_368' title='bbox 425 2596 543 2665; x_wconf 87' lang='lat' dir='ltr'><strong><em>pius</em></strong></span> <span class='ocrx_word' id='word_1_369' title='bbox 583 2595 778 2651; x_wconf 88' lang='lat' dir='ltr'><strong><em>Doctor</em></strong></span> <span class='ocrx_word' id='word_1_370' title='bbox 811 2595 965 2669; x_wconf 86' lang='lat' dir='ltr'><strong><em>(Cap.</em></strong></span> <span class='ocrx_word' id='word_1_371' title='bbox 1013 2596 1078 2661; x_wconf 88' lang='lat'><strong><em>9,</em></strong></span> <span class='ocrx_word' id='word_1_372' title='bbox 1132 2613 1275 2650; x_wconf 91' lang='lat' dir='ltr'><strong><em>num.</em></strong></span> <span class='ocrx_word' id='word_1_373' title='bbox 1319 2595 1438 2667; x_wconf 83' lang='grc'><strong><em>55).</em></strong></span> <span class='ocrx_word' id='word_1_374' title='bbox 1472 2597 1628 2667; x_wconf 87' lang='lat' dir='ltr'><strong><em>paulo</em></strong></span> <span class='ocrx_word' id='word_1_375' title='bbox 1657 2597 1911 2651; x_wconf 89' lang='lat' dir='ltr'><strong><em>audacius</em></strong></span> <span class='ocrx_word' id='word_1_376' title='bbox 1939 2611 2122 2651; x_wconf 85' lang='lat' dir='ltr'><strong><em>crassa</em></strong></span> <span class='ocrx_word' id='word_1_377' title='bbox 2150 2595 2399 2650; x_wconf 88' lang='lat' dir='ltr'><strong><em>dicerent.</em></strong></span> <span class='ocrx_word' id='word_1_378' title='bbox 2434 2594 2541 2651; x_wconf 90' lang='lat' dir='ltr'><strong><em>Sed</em></strong></span> <span class='ocrx_word' id='word_1_379' title='bbox 2569 2593 2702 2648; x_wconf 87' lang='lat' dir='ltr'><strong><em>nihil</em></strong></span> <span class='ocrx_word' id='word_1_380' title='bbox 2736 2605 3097 2665; x_wconf 87' lang='lat' dir='ltr'><strong><em>promoverunt</em></strong></span> <span class='ocrx_word' id='word_1_381' title='bbox 3126 2597 3384 2669; x_wconf 86' lang='lat' dir='ltr'><strong><em>ingeniosi</em></strong></span> <span class='ocrx_word' id='word_1_382' title='bbox 3415 2597 3555 2664; x_wconf 87' lang='lat' dir='ltr'><strong><em>viri;</em></strong></span> 
     </span>
    </p>
   </div>
   <div class='ocr_carea' id='block_1_28' title="bbox 223 2683 3559 2759">
    <p class='ocr_par' dir='ltr' id='par_1_28' title="bbox 223 2683 3559 2759">
     <span class='ocr_line' id='line_1_28' title="bbox 223 2683 3559 2759; baseline -0.001 -14"><span class='ocrx_word' id='word_1_383' title='bbox 223 2703 388 2745; x_wconf 88' lang='lat' dir='ltr'><strong><em>nemo</em></strong></span> <span class='ocrx_word' id='word_1_384' title='bbox 441 2687 636 2759; x_wconf 88' lang='lat' dir='ltr'><strong><em>quippe</em></strong></span> <span class='ocrx_word' id='word_1_385' title='bbox 685 2704 790 2742; x_wconf 90' lang='lat' dir='ltr'><strong><em>non</em></strong></span> <span class='ocrx_word' id='word_1_386' title='bbox 841 2687 1087 2758; x_wconf 88' lang='lat' dir='ltr'><strong><em>intelligit</em></strong></span> <span class='ocrx_word' id='word_1_387' title='bbox 1139 2686 1278 2755; x_wconf 89' lang='lat' dir='ltr'><strong><em>quod</em></strong></span> <span class='ocrx_word' id='word_1_388' title='bbox 1329 2685 1413 2740; x_wconf 90' lang='lat' dir='ltr'><strong><em>illi</em></strong></span> <span class='ocrx_word' id='word_1_389' title='bbox 1464 2703 1700 2742; x_wconf 88' lang='lat' dir='ltr'><strong><em>crassum</em></strong></span> <span class='ocrx_word' id='word_1_390' title='bbox 1756 2688 2021 2751; x_wconf 84' lang='lat' dir='ltr'><strong><em>vocitant,</em></strong></span> <span class='ocrx_word' id='word_1_391' title='bbox 2081 2685 2426 2741; x_wconf 77' lang='lat' dir='ltr'><strong><em>orthodoxam</em></strong></span> <span class='ocrx_word' id='word_1_392' title='bbox 2479 2683 2752 2740; x_wconf 77' lang='lat' dir='ltr'><strong><em>Ambrosio</em></strong></span> <span class='ocrx_word' id='word_1_393' title='bbox 2804 2686 2968 2740; x_wconf 84' lang='lat' dir='ltr'><strong><em>visum</em></strong></span> <span class='ocrx_word' id='word_1_394' title='bbox 3023 2688 3216 2757; x_wconf 88' lang='lat' dir='ltr'><strong><em>fuisse;</em></strong></span> <span class='ocrx_word' id='word_1_395' title='bbox 3271 2705 3363 2742; x_wconf 91' lang='lat' dir='ltr'><strong><em>nec</em></strong></span> <span class='ocrx_word' id='word_1_396' title='bbox 3417 2690 3559 2743; x_wconf 91' lang='lat' dir='ltr'><strong><em>enim</em></strong></span> 
     </span>
    </p>
   </div>
   <div class='ocr_carea' id='block_1_29' title="bbox 218 2775 3562 2850">
    <p class='ocr_par' dir='ltr' id='par_1_29' title="bbox 218 2775 3562 2850">
     <span class='ocr_line' id='line_1_29' title="bbox 218 2775 3562 2850; baseline -0.001 -13"><span class='ocrx_word' id='word_1_397' title='bbox 218 2798 346 2837; x_wconf 88' lang='lat' dir='ltr'><strong><em>eum</em></strong></span> <span class='ocrx_word' id='word_1_398' title='bbox 404 2779 593 2834; x_wconf 88' lang='lat' dir='ltr'><strong><em>cudere</em></strong></span> <span class='ocrx_word' id='word_1_399' title='bbox 637 2780 864 2834; x_wconf 84' lang='lat' dir='ltr'><strong><em>voluisse</em></strong></span> <span class='ocrx_word' id='word_1_400' title='bbox 912 2795 1100 2835; x_wconf 90' lang='lat' dir='ltr'><strong><em>novum</em></strong></span> <span class='ocrx_word' id='word_1_401' title='bbox 1153 2780 1382 2850; x_wconf 90' lang='lat' dir='ltr'><strong><em>dogma,</em></strong></span> <span class='ocrx_word' id='word_1_402' title='bbox 1429 2778 1520 2833; x_wconf 90' lang='lat' dir='ltr'><strong><em>sed</em></strong></span> <span class='ocrx_word' id='word_1_403' title='bbox 1567 2779 1772 2833; x_wconf 90' lang='lat' dir='ltr'><strong><em>veritati</em></strong></span> <span class='ocrx_word' id='word_1_404' title='bbox 1821 2777 2091 2833; x_wconf 76' lang='lat' dir='ltr'><strong><em>catholica:</em></strong></span> <span class='ocrx_word' id='word_1_405' title='bbox 2143 2777 2492 2831; x_wconf 88' lang='lat' dir='ltr'><strong><em>testimonium</em></strong></span> <span class='ocrx_word' id='word_1_406' title='bbox 2537 2775 2846 2831; x_wconf 78' lang='lat' dir='ltr'><strong><em>reddidisse.</em></strong></span> <span class='ocrx_word' id='word_1_407' title='bbox 2897 2775 3054 2831; x_wconf 85' lang='lat' dir='ltr'><strong><em>Enim</em></strong></span> <span class='ocrx_word' id='word_1_408' title='bbox 3106 2795 3224 2832; x_wconf 90' lang='lat' dir='ltr'><strong><em>vero</em></strong></span> <span class='ocrx_word' id='word_1_409' title='bbox 3277 2795 3562 2850; x_wconf 88' lang='lat' dir='ltr'><strong><em>numquam</em></strong></span> 
     </span>
    </p>
   </div>
   <div class='ocr_carea' id='block_1_30' title="bbox 221 2865 3559 2943">
    <p class='ocr_par' dir='ltr' id='par_1_30' title="bbox 221 2865 3559 2943">
     <span class='ocr_line' id='line_1_30' title="bbox 221 2865 3559 2943; baseline -0 -16"><span class='ocrx_word' id='word_1_410' title='bbox 221 2889 282 2927; x_wconf 91' lang='lat' dir='ltr'><strong><em>ea</em></strong></span> <span class='ocrx_word' id='word_1_411' title='bbox 315 2885 446 2943; x_wconf 78' lang='lat' dir='ltr'><strong><em>qua:</em></strong></span> <span class='ocrx_word' id='word_1_412' title='bbox 486 2869 574 2924; x_wconf 89' lang='lat' dir='ltr'><strong><em>isti</em></strong></span> <span class='ocrx_word' id='word_1_413' title='bbox 611 2879 888 2942; x_wconf 89' lang='lat' dir='ltr'><strong><em>propterea</em></strong></span> <span class='ocrx_word' id='word_1_414' title='bbox 920 2877 1120 2924; x_wconf 89' lang='lat' dir='ltr'><strong><em>tantum</em></strong></span> <span class='ocrx_word' id='word_1_415' title='bbox 1161 2869 1459 2940; x_wconf 86' lang='lat' dir='ltr'><strong><em>exagitant,</em></strong></span> <span class='ocrx_word' id='word_1_416' title='bbox 1494 2869 1616 2940; x_wconf 89' lang='lat' dir='ltr'><strong><em>quia</em></strong></span> <span class='ocrx_word' id='word_1_417' title='bbox 1656 2884 1774 2923; x_wconf 91' lang='lat' dir='ltr'><strong><em>cum</em></strong></span> <span class='ocrx_word' id='word_1_418' title='bbox 1820 2868 2066 2924; x_wconf 79' lang='lat' dir='ltr'><strong><em>Romana:</em></strong></span> <span class='ocrx_word' id='word_1_419' title='bbox 2105 2865 2356 2922; x_wconf 74' lang='lat' dir='ltr'><strong><em>Ecclesia:</em></strong></span> <span class='ocrx_word' id='word_1_420' title='bbox 2394 2867 2599 2938; x_wconf 88' lang='lat' dir='ltr'><strong><em>placitis</em></strong></span> <span class='ocrx_word' id='word_1_421' title='bbox 2640 2876 2816 2937; x_wconf 86' lang='lat' dir='ltr'><strong><em>aperte</em></strong></span> <span class='ocrx_word' id='word_1_422' title='bbox 2851 2867 3084 2936; x_wconf 88' lang='lat' dir='ltr'><strong><em>faciunt,</em></strong></span> <span class='ocrx_word' id='word_1_423' title='bbox 3119 2870 3559 2939; x_wconf 88' lang='lat' dir='ltr'><strong><em>prudentissimus</em></strong></span> 
     </span>
    </p>
   </div>
   <div class='ocr_carea' id='block_1_31' title="bbox 225 2958 3560 3034">
    <p class='ocr_par' dir='ltr' id='par_1_31' title="bbox 225 2958 3560 3034">
     <span class='ocr_line' id='line_1_31' title="bbox 225 2958 3560 3034; baseline -0.001 -15"><span class='ocrx_word' id='word_1_424' title='bbox 225 2964 432 3034; x_wconf 76' lang='lat' dir='ltr'><strong><em>prtesul</em></strong></span> <span class='ocrx_word' id='word_1_425' title='bbox 481 2979 546 3017; x_wconf 80' lang='lat' dir='ltr'><strong><em>ex</em></strong></span> <span class='ocrx_word' id='word_1_426' title='bbox 589 2970 835 3033; x_wconf 88' lang='lat' dir='ltr'><strong><em>suggestu</em></strong></span> <span class='ocrx_word' id='word_1_427' title='bbox 875 2961 1069 3032; x_wconf 88' lang='lat' dir='ltr'><strong><em>populo</em></strong></span> <span class='ocrx_word' id='word_1_428' title='bbox 1114 2961 1500 3032; x_wconf 84' lang='lat' dir='ltr'><strong><em>proposuisset,</em></strong></span> <span class='ocrx_word' id='word_1_429' title='bbox 1553 2960 1598 3014; x_wconf 82' lang='lat' dir='ltr'><strong><em>si</em></strong></span> <span class='ocrx_word' id='word_1_430' title='bbox 1644 2960 1767 3030; x_wconf 91' lang='lat' dir='ltr'><strong><em>quid</em></strong></span> <span class='ocrx_word' id='word_1_431' title='bbox 1815 2969 1904 3013; x_wconf 89' lang='lat' dir='ltr'><strong><em>aut</em></strong></span> <span class='ocrx_word' id='word_1_432' title='bbox 1949 2959 2230 3014; x_wconf 85' lang='lat' dir='ltr'><strong><em>abhorrens</em></strong></span> <span class='ocrx_word' id='word_1_433' title='bbox 2273 2975 2305 3012; x_wconf 91' lang='lat' dir='ltr'><strong><em>a</em></strong></span> <span class='ocrx_word' id='word_1_434' title='bbox 2352 2958 2576 3028; x_wconf 88' lang='lat' dir='ltr'><strong><em>pietate.</em></strong></span> <span class='ocrx_word' id='word_1_435' title='bbox 2629 2967 2718 3011; x_wconf 91' lang='lat' dir='ltr'><strong><em>aut</em></strong></span> <span class='ocrx_word' id='word_1_436' title='bbox 2763 2974 2964 3028; x_wconf 88' lang='lat' dir='ltr'><strong><em>quoquo</em></strong></span> <span class='ocrx_word' id='word_1_437' title='bbox 3016 2961 3168 3014; x_wconf 92' lang='lat' dir='ltr'><strong><em>modo</em></strong></span> <span class='ocrx_word' id='word_1_438' title='bbox 3213 2963 3560 3031; x_wconf 67' lang='lat' dir='ltr'><strong><em>infirmiora»:</em></strong></span> 
     </span>
    </p>
   </div>
   <div class='ocr_carea' id='block_1_32' title="bbox 227 3050 3568 3126">
    <p class='ocr_par' dir='ltr' id='par_1_32' title="bbox 227 3050 3568 3126">
     <span class='ocr_line' id='line_1_32' title="bbox 227 3050 3568 3126; baseline 0 -16"><span class='ocrx_word' id='word_1_439' title='bbox 227 3053 516 3123; x_wconf 64' lang='lat' dir='ltr'><strong><em>offensioni</em></strong></span> <span class='ocrx_word' id='word_1_440' title='bbox 569 3053 850 3108; x_wconf 85' lang='lat' dir='ltr'><strong><em>obnoxium</em></strong></span> <span class='ocrx_word' id='word_1_441' title='bbox 899 3054 1064 3109; x_wconf 89' lang='lat' dir='ltr'><strong><em>inesse</em></strong></span> <span class='ocrx_word' id='word_1_442' title='bbox 1107 3052 1162 3106; x_wconf 92' lang='lat' dir='ltr'><strong><em>in</em></strong></span> <span class='ocrx_word' id='word_1_443' title='bbox 1205 3053 1302 3106; x_wconf 89' lang='lat' dir='ltr'><strong><em>hac</em></strong></span> <span class='ocrx_word' id='word_1_444' title='bbox 1350 3051 1591 3106; x_wconf 84' lang='lat' dir='ltr'><strong><em>doctrina</em></strong></span> <span class='ocrx_word' id='word_1_445' title='bbox 1637 3053 1999 3108; x_wconf 88' lang='lat' dir='ltr'><strong><em>existimasset.</em></strong></span> <span class='ocrx_word' id='word_1_446' title='bbox 2045 3050 2171 3107; x_wconf 78' lang='lat' dir='ltr'><strong><em>Non</em></strong></span> <span class='ocrx_word' id='word_1_447' title='bbox 2223 3061 2298 3106; x_wconf 90' lang='lat' dir='ltr'><strong><em>est</em></strong></span> <span class='ocrx_word' id='word_1_448' title='bbox 2347 3064 2520 3105; x_wconf 82' lang='lat' dir='ltr'><strong><em>autent</em></strong></span> <span class='ocrx_word' id='word_1_449' title='bbox 2569 3068 2661 3105; x_wconf 91' lang='lat' dir='ltr'><strong><em>cur</em></strong></span> <span class='ocrx_word' id='word_1_450' title='bbox 2711 3051 2992 3118; x_wconf 82' lang='lat' dir='ltr'><strong><em>offeramus</em></strong></span> <span class='ocrx_word' id='word_1_451' title='bbox 3041 3053 3093 3106; x_wconf 88' lang='lat' dir='ltr'><strong><em>in</em></strong></span> <span class='ocrx_word' id='word_1_452' title='bbox 3145 3056 3372 3108; x_wconf 86' lang='lat' dir='ltr'><strong><em>medium</em></strong></span> <span class='ocrx_word' id='word_1_453' title='bbox 3426 3057 3568 3126; x_wconf 87' lang='lat' dir='ltr'><strong><em>quod</em></strong></span> 
     </span>
    </p>
   </div>
   <div class='ocr_carea' id='block_1_33' title="bbox 223 3145 3560 3222">
    <p class='ocr_par' dir='ltr' id='par_1_33' title="bbox 223 3145 3560 3222">
     <span class='ocr_line' id='line_1_33' title="bbox 223 3145 3560 3222; baseline 0.001 -17"><span class='ocrx_word' id='word_1_454' title='bbox 223 3149 444 3218; x_wconf 82' lang='lat' dir='ltr'><strong><em>scripsit</em></strong></span> <span class='ocrx_word' id='word_1_455' title='bbox 468 3146 801 3214; x_wconf 82' lang='lat' dir='ltr'><strong><em>Perkiasius,</em></strong></span> <span class='ocrx_word' id='word_1_456' title='bbox 832 3146 1031 3203; x_wconf 86' lang='lat' dir='ltr'><strong><em>librum</em></strong></span> <span class='ocrx_word' id='word_1_457' title='bbox 1059 3147 1128 3203; x_wconf 87' lang='lat' dir='ltr'><strong><em>de</em></strong></span> <span class='ocrx_word' id='word_1_458' title='bbox 1158 3145 1346 3204; x_wconf 85' lang='lat' dir='ltr'><strong><em>Viduis</em></strong></span> <span class='ocrx_word' id='word_1_459' title='bbox 1377 3162 1619 3217; x_wconf 85' lang='lat' dir='ltr'><strong><em>pugnare</em></strong></span> <span class='ocrx_word' id='word_1_460' title='bbox 1643 3161 1766 3202; x_wconf 91' lang='lat' dir='ltr'><strong><em>cum</em></strong></span> <span class='ocrx_word' id='word_1_461' title='bbox 1793 3145 2204 3202; x_wconf 84' lang='lat' dir='ltr'><strong><em>Commentario</em></strong></span> <span class='ocrx_word' id='word_1_462' title='bbox 2232 3147 2284 3200; x_wconf 91' lang='lat' dir='ltr'><strong><em>in</em></strong></span> <span class='ocrx_word' id='word_1_463' title='bbox 2315 3161 2436 3216; x_wconf 87' lang='lat' dir='ltr'><strong><em>cap.</em></strong></span> <span class='ocrx_word' id='word_1_464' title='bbox 2462 3163 2478 3201; x_wconf 83' lang='grc' dir='ltr'>ι</span> <span class='ocrx_word' id='word_1_465' title='bbox 2500 3145 2677 3216; x_wconf 85' lang='lat' dir='ltr'><strong><em>Epist.</em></strong></span> <span class='ocrx_word' id='word_1_466' title='bbox 2707 3147 2774 3200; x_wconf 83' lang='lat' dir='ltr'><strong><em>ad</em></strong></span> <span class='ocrx_word' id='word_1_467' title='bbox 2798 3147 3110 3215; x_wconf 83' lang='lat' dir='ltr'><strong><em>Romanos;</em></strong></span> <span class='ocrx_word' id='word_1_468' title='bbox 3137 3152 3560 3222; x_wconf 72' lang='lat' dir='ltr'><strong><em>quandoquidem</em></strong></span> 
     </span>
    </p>
   </div>
   <div class='ocr_carea' id='block_1_34' title="bbox 232 3237 3561 3314">
    <p class='ocr_par' dir='ltr' id='par_1_34' title="bbox 232 3237 3561 3314">
     <span class='ocr_line' id='line_1_34' title="bbox 232 3237 3561 3314; baseline 0.001 -17"><span class='ocrx_word' id='word_1_469' title='bbox 232 3241 455 3297; x_wconf 86' lang='lat' dir='ltr'><strong><em>Rivetus</em></strong></span> <span class='ocrx_word' id='word_1_470' title='bbox 483 3237 643 3313; x_wconf 88' lang='lat' dir='ltr'><strong><em>(Crit.</em></strong></span> <span class='ocrx_word' id='word_1_471' title='bbox 673 3237 811 3310; x_wconf 87' lang='lat' dir='ltr'><strong><em>sac.)</em></strong></span> <span class='ocrx_word' id='word_1_472' title='bbox 842 3241 952 3312; x_wconf 90' lang='lat' dir='ltr'><strong><em>ipse</em></strong></span> <span class='ocrx_word' id='word_1_473' title='bbox 979 3242 1095 3313; x_wconf 87' lang='lat' dir='ltr'><strong><em>ejus</em></strong></span> <span class='ocrx_word' id='word_1_474' title='bbox 1123 3249 1274 3295; x_wconf 77' lang='lat' dir='ltr'><strong><em>secta:</em></strong></span> <span class='ocrx_word' id='word_1_475' title='bbox 1303 3248 1454 3311; x_wconf 87' lang='lat' dir='ltr'><strong><em>atque</em></strong></span> <span class='ocrx_word' id='word_1_476' title='bbox 1493 3239 1692 3294; x_wconf 88' lang='lat' dir='ltr'><strong><em>ordinis</em></strong></span> <span class='ocrx_word' id='word_1_477' title='bbox 1728 3239 1983 3294; x_wconf 89' lang='lat' dir='ltr'><strong><em>rationem</em></strong></span> <span class='ocrx_word' id='word_1_478' title='bbox 2022 3238 2151 3294; x_wconf 88' lang='lat' dir='ltr'><strong><em>adeo</em></strong></span> <span class='ocrx_word' id='word_1_479' title='bbox 2195 3237 2397 3310; x_wconf 89' lang='lat' dir='ltr'><strong><em>futilem</em></strong></span> <span class='ocrx_word' id='word_1_480' title='bbox 2417 3280 2431 3306; x_wconf 91' lang='lat'><strong><em>,</em></strong></span> <span class='ocrx_word' id='word_1_481' title='bbox 2475 3239 2622 3295; x_wconf 88' lang='lat' dir='ltr'><strong><em>nulla</em></strong></span> <span class='ocrx_word' id='word_1_482' title='bbox 2658 3256 2870 3311; x_wconf 85' lang='lat' dir='ltr'><strong><em>prorsus</em></strong></span> <span class='ocrx_word' id='word_1_483' title='bbox 2899 3241 3318 3297; x_wconf 87' lang='lat' dir='ltr'><strong><em>consideratione</em></strong></span> <span class='ocrx_word' id='word_1_484' title='bbox 3346 3243 3561 3314; x_wconf 90' lang='lat' dir='ltr'><strong><em>dignam</em></strong></span> 
     </span>
    </p>
   </div>
   <div class='ocr_carea' id='block_1_35' title="bbox 233 3331 651 3404">
    <p class='ocr_par' dir='ltr' id='par_1_35' title="bbox 233 3331 651 3404">
     <span class='ocr_line' id='line_1_35' title="bbox 233 3331 651 3404; baseline -0.005 -16"><span class='ocrx_word' id='word_1_485' title='bbox 233 3350 346 3388; x_wconf 87' lang='lat' dir='ltr'><strong><em>esse</em></strong></span> <span class='ocrx_word' id='word_1_486' title='bbox 366 3331 651 3404; x_wconf 86' lang='lat' dir='ltr'><strong><em>judicavit.</em></strong></span> 
     </span>
    </p>
   </div>
   <div class='ocr_carea' id='block_1_36' title="bbox 315 3418 3568 3497">
    <p class='ocr_par' dir='ltr' id='par_1_36' title="bbox 315 3418 3568 3497">
     <span class='ocr_line' id='line_1_36' title="bbox 315 3418 3568 3497; baseline 0.001 -19"><span class='ocrx_word' id='word_1_487' title='bbox 315 3425 404 3480; x_wconf 84' lang='lat' dir='ltr'><strong><em>Ex</em></strong></span> <span class='ocrx_word' id='word_1_488' title='bbox 451 3425 516 3479; x_wconf 91' lang='lat' dir='ltr'><strong><em>iis</em></strong></span> <span class='ocrx_word' id='word_1_489' title='bbox 561 3423 797 3479; x_wconf 87' lang='lat' dir='ltr'><strong><em>omnibus</em></strong></span> <span class='ocrx_word' id='word_1_490' title='bbox 841 3437 954 3495; x_wconf 75' lang='lat' dir='ltr'><strong><em>qua:</em></strong></span> <span class='ocrx_word' id='word_1_491' title='bbox 1000 3423 1250 3477; x_wconf 89' lang='lat' dir='ltr'><strong><em>hactenus</em></strong></span> <span class='ocrx_word' id='word_1_492' title='bbox 1291 3438 1324 3476; x_wconf 91' lang='lat' dir='ltr'><strong><em>a</em></strong></span> <span class='ocrx_word' id='word_1_493' title='bbox 1366 3421 1513 3476; x_wconf 91' lang='lat' dir='ltr'><strong><em>nobis</em></strong></span> <span class='ocrx_word' id='word_1_494' title='bbox 1558 3420 1859 3475; x_wconf 84' lang='lat' dir='ltr'><strong><em>examinata</em></strong></span> <span class='ocrx_word' id='word_1_495' title='bbox 1898 3429 2054 3487; x_wconf 88' lang='lat' dir='ltr'><strong><em>sunt,</em></strong></span> <span class='ocrx_word' id='word_1_496' title='bbox 2098 3418 2387 3492; x_wconf 88' lang='lat' dir='ltr'><strong><em>intelligere</em></strong></span> <span class='ocrx_word' id='word_1_497' title='bbox 2415 3429 2488 3476; x_wconf 88' lang='lat' dir='ltr'><strong><em>est</em></strong></span> <span class='ocrx_word' id='word_1_498' title='bbox 2520 3419 2658 3475; x_wconf 86' lang='lat' dir='ltr'><strong><em>hunc</em></strong></span> <span class='ocrx_word' id='word_1_499' title='bbox 2702 3421 2895 3476; x_wconf 90' lang='lat' dir='ltr'><strong><em>librum</em></strong></span> <span class='ocrx_word' id='word_1_500' title='bbox 2930 3423 3267 3492; x_wconf 85' lang='lat' dir='ltr'><strong><em>sermonibus,</em></strong></span> <span class='ocrx_word' id='word_1_501' title='bbox 3296 3425 3351 3478; x_wconf 91' lang='lat' dir='ltr'><strong><em>in</em></strong></span> <span class='ocrx_word' id='word_1_502' title='bbox 3380 3426 3568 3497; x_wconf 88' lang='lat' dir='ltr'><strong><em>quibus</em></strong></span> 
     </span>
    </p>
   </div>
   <div class='ocr_carea' id='block_1_37' title="bbox 233 3509 3570 3589">
    <p class='ocr_par' dir='ltr' id='par_1_37' title="bbox 233 3509 3570 3589">
     <span class='ocr_line' id='line_1_37' title="bbox 233 3509 3570 3589; baseline -0 -16"><span class='ocrx_word' id='word_1_503' title='bbox 233 3519 460 3573; x_wconf 86' lang='lat' dir='ltr'><strong><em>viduam</em></strong></span> <span class='ocrx_word' id='word_1_504' title='bbox 487 3517 632 3589; x_wconf 88' lang='lat' dir='ltr'><strong><em>illam</em></strong></span> <span class='ocrx_word' id='word_1_505' title='bbox 661 3515 730 3572; x_wconf 91' lang='lat' dir='ltr'><strong><em>ad</em></strong></span> <span class='ocrx_word' id='word_1_506' title='bbox 755 3515 984 3571; x_wconf 88' lang='lat' dir='ltr'><strong><em>secunda</em></strong></span> <span class='ocrx_word' id='word_1_507' title='bbox 1021 3516 1323 3584; x_wconf 88' lang='lat' dir='ltr'><strong><em>nuptiarum</em></strong></span> <span class='ocrx_word' id='word_1_508' title='bbox 1350 3522 1466 3567; x_wconf 88' lang='lat' dir='ltr'><strong><em>vota</em></strong></span> <span class='ocrx_word' id='word_1_509' title='bbox 1502 3511 1822 3583; x_wconf 89' lang='lat' dir='ltr'><strong><em>aspirantem</em></strong></span> <span class='ocrx_word' id='word_1_510' title='bbox 1861 3510 2136 3582; x_wconf 87' lang='lat' dir='ltr'><strong><em>compellat</em></strong></span> <span class='ocrx_word' id='word_1_511' title='bbox 2167 3519 2378 3564; x_wconf 89' lang='lat' dir='ltr'><strong><em>sanctus</em></strong></span> <span class='ocrx_word' id='word_1_512' title='bbox 2415 3509 2634 3578; x_wconf 87' lang='lat' dir='ltr'><strong><em>Doctor,</em></strong></span> <span class='ocrx_word' id='word_1_513' title='bbox 2663 3513 3008 3582; x_wconf 86' lang='lat' dir='ltr'><strong><em>compositum</em></strong></span> <span class='ocrx_word' id='word_1_514' title='bbox 3034 3529 3141 3568; x_wconf 89' lang='lat' dir='ltr'><strong><em>esse</em></strong></span> <span class='ocrx_word' id='word_1_515' title='bbox 3163 3529 3182 3568; x_wconf 82' lang='lat'><strong><em>.°</em></strong></span> <span class='ocrx_word' id='word_1_516' title='bbox 3202 3531 3353 3584; x_wconf 88' lang='lat' dir='ltr'><strong><em>quem</em></strong></span> <span class='ocrx_word' id='word_1_517' title='bbox 3379 3517 3570 3572; x_wconf 89' lang='lat' dir='ltr'><strong><em>litteris</em></strong></span> 
     </span>
    </p>
   </div>
   <div class='ocr_carea' id='block_1_38' title="bbox 231 3599 3568 3676">
    <p class='ocr_par' dir='ltr' id='par_1_38' title="bbox 231 3599 3568 3676">
     <span class='ocr_line' id='line_1_38' title="bbox 231 3599 3568 3676; baseline 0.001 -14"><span class='ocrx_word' id='word_1_518' title='bbox 231 3609 438 3665; x_wconf 88' lang='lat' dir='ltr'><strong><em>deinde</em></strong></span> <span class='ocrx_word' id='word_1_519' title='bbox 469 3625 504 3664; x_wconf 89' lang='lat' dir='ltr'><strong><em>a</em></strong></span> <span class='ocrx_word' id='word_1_520' title='bbox 544 3624 602 3663; x_wconf 86' lang='lat' dir='ltr'><strong><em>se</em></strong></span> <span class='ocrx_word' id='word_1_521' title='bbox 641 3606 1059 3662; x_wconf 87' lang='lat' dir='ltr'><strong><em>commendatum</em></strong></span> <span class='ocrx_word' id='word_1_522' title='bbox 1099 3621 1202 3660; x_wconf 90' lang='lat' dir='ltr'><strong><em>non</em></strong></span> <span class='ocrx_word' id='word_1_523' title='bbox 1243 3604 1408 3659; x_wconf 90' lang='lat' dir='ltr'><strong><em>multo</em></strong></span> <span class='ocrx_word' id='word_1_524' title='bbox 1452 3614 1567 3674; x_wconf 88' lang='lat' dir='ltr'><strong><em>post</em></strong></span> <span class='ocrx_word' id='word_1_525' title='bbox 1609 3603 1776 3658; x_wconf 74' lang='lat' dir='ltr'><strong><em>editos</em></strong></span> <span class='ocrx_word' id='word_1_526' title='bbox 1817 3602 1978 3658; x_wconf 88' lang='lat' dir='ltr'><strong><em>libros</em></strong></span> <span class='ocrx_word' id='word_1_527' title='bbox 2019 3602 2088 3658; x_wconf 87' lang='lat' dir='ltr'><strong><em>de</em></strong></span> <span class='ocrx_word' id='word_1_528' title='bbox 2118 3599 2469 3673; x_wconf 76' lang='lat' dir='ltr'><strong><em>Virginibus,</em></strong></span> <span class='ocrx_word' id='word_1_529' title='bbox 2502 3603 2599 3658; x_wconf 92' lang='lat' dir='ltr'><strong><em>hoc</em></strong></span> <span class='ocrx_word' id='word_1_530' title='bbox 2627 3612 2734 3673; x_wconf 88' lang='lat' dir='ltr'><strong><em>est,</em></strong></span> <span class='ocrx_word' id='word_1_531' title='bbox 2766 3613 2881 3676; x_wconf 90' lang='lat' dir='ltr'><strong><em>post</em></strong></span> <span class='ocrx_word' id='word_1_532' title='bbox 2920 3620 3116 3659; x_wconf 90' lang='lat' dir='ltr'><strong><em>annum</em></strong></span> <span class='ocrx_word' id='word_1_533' title='bbox 3159 3605 3266 3661; x_wconf 85' lang='grc'><strong><em>577</em></strong></span> <span class='ocrx_word' id='word_1_534' title='bbox 3309 3608 3364 3662; x_wconf 89' lang='lat' dir='ltr'><strong><em>in</em></strong></span> <span class='ocrx_word' id='word_1_535' title='bbox 3399 3609 3568 3664; x_wconf 88' lang='lat' dir='ltr'><strong><em>lucem</em></strong></span> 
     </span>
    </p>
   </div>
   <div class='ocr_carea' id='block_1_39' title="bbox 228 3695 1739 3771">
    <p class='ocr_par' dir='ltr' id='par_1_39' title="bbox 228 3695 1739 3771">
     <span class='ocr_line' id='line_1_39' title="bbox 228 3695 1739 3771; baseline -0.004 -13"><span class='ocrx_word' id='word_1_536' title='bbox 228 3703 488 3759; x_wconf 86' lang='lat' dir='ltr'><strong><em>emissum</em></strong></span> <span class='ocrx_word' id='word_1_537' title='bbox 514 3700 722 3756; x_wconf 91' lang='lat' dir='ltr'><strong><em>abunde</em></strong></span> <span class='ocrx_word' id='word_1_538' title='bbox 753 3700 817 3754; x_wconf 88' lang='lat' dir='ltr'><strong><em>ab</em></strong></span> <span class='ocrx_word' id='word_1_539' title='bbox 849 3699 965 3771; x_wconf 89' lang='lat' dir='ltr'><strong><em>ipso</em></strong></span> <span class='ocrx_word' id='word_1_540' title='bbox 992 3699 1162 3770; x_wconf 84' lang='lat' dir='ltr'><strong><em>aperis</em></strong></span> <span class='ocrx_word' id='word_1_541' title='bbox 1192 3697 1407 3752; x_wconf 84' lang='lat' dir='ltr'><strong><em>exordio</em></strong></span> <span class='ocrx_word' id='word_1_542' title='bbox 1435 3695 1739 3752; x_wconf 89' lang='lat' dir='ltr'><strong><em>declaravit.</em></strong></span> 
     </span>
    </p>
   </div>
   <div class='ocr_carea' id='block_1_40' title="bbox 229 3810 712 3835">
    <p class='ocr_par' dir='ltr' id='par_1_40' title="bbox 233 3821 712 3835">
     <span class='ocr_line' id='line_1_40' title="bbox 233 3821 712 3835; baseline 0 0"><span class='ocrx_word' id='word_1_543' title='bbox 233 3823 314 3835; x_wconf 63' lang='grc' dir='ltr'><strong><em>Α-</em></strong></span> <span class='ocrx_word' id='word_1_544' title='bbox 323 3821 712 3835; x_wconf 45' lang='lat' dir='ltr'><strong><em>&quot;vc-Im.-</em></strong></span> 
     </span>
    </p>
   </div>
   <div class='ocr_carea' id='block_1_41' title="bbox 1175 3853 1830 3870">
    <p class='ocr_par' dir='ltr' id='par_1_41' title="bbox 1175 3853 1830 3867">
     <span class='ocr_line' id='line_1_41' title="bbox 1175 3853 1830 3867; baseline -0.005 0"><span class='ocrx_word' id='word_1_545' title='bbox 1175 3853 1830 3867; x_wconf 58' lang='lat' dir='ltr'><strong><em>mm</em></strong></span> 
     </span>
    </p>
   </div>
   <div class='ocr_carea' id='block_1_42' title="bbox 1414 4219 2398 4307">
    <p class='ocr_par' dir='ltr' id='par_1_42' title="bbox 1414 4219 2398 4307">
     <span class='ocr_line' id='line_1_42' title="bbox 1414 4219 2398 4307; baseline -0.004 -2"><span class='ocrx_word' id='word_1_546' title='bbox 1414 4221 1996 4307; x_wconf 81' lang='lat' dir='ltr'><strong><em>MEDIOLANENSIS</em></strong></span> <span class='ocrx_word' id='word_1_547' title='bbox 2052 4219 2398 4304; x_wconf 83' lang='lat' dir='ltr'><strong><em>EPISCOPI</em></strong></span> 
     </span>
    </p>
   </div>
   <div class='ocr_carea' id='block_1_43' title="bbox 1268 4381 2569 4536">
    <p class='ocr_par' dir='ltr' id='par_1_43' title="bbox 1268 4381 2569 4536">
     <span class='ocr_line' id='line_1_43' title="bbox 1268 4381 2569 4536; baseline -0.002 -4"><span class='ocrx_word' id='word_1_548' title='bbox 1268 4388 1649 4532; x_wconf 51' lang='lat' dir='ltr'><strong><em>DE»</em></strong></span> <span class='ocrx_word' id='word_1_549' title='bbox 1711 4381 2569 4536; x_wconf 82' lang='lat' dir='ltr'><strong><em>VIDUIS</em></strong></span> 
     </span>
    </p>
   </div>
   <div class='ocr_carea' id='block_1_44' title="bbox 1558 4631 2324 4710">
    <p class='ocr_par' dir='ltr' id='par_1_44' title="bbox 1558 4631 2324 4710">
     <span class='ocr_line' id='line_1_44' title="bbox 1558 4631 2324 4710; baseline 0.003 -2"><span class='ocrx_word' id='word_1_550' title='bbox 1558 4633 1903 4710; x_wconf 83' lang='lat' dir='ltr'><strong>LIBER</strong></span> <span class='ocrx_word' id='word_1_551' title='bbox 1944 4631 2223 4706; x_wconf 86' lang='lat' dir='ltr'><strong><em>UNUS</em></strong></span> <span class='ocrx_word' id='word_1_552' title='bbox 2267 4631 2324 4710; x_wconf 75' lang='grc'><strong><em>⁸.</em></strong></span> 
     </span>
    </p>
   </div>
   <div class='ocr_carea' id='block_1_45' title="bbox 695 4857 3604 4950">
    <p class='ocr_par' dir='ltr' id='par_1_45' title="bbox 695 4857 3604 4950">
     <span class='ocr_line' id='line_1_45' title="bbox 695 4857 3604 4950; baseline -0.002 -20"><span class='ocrx_word' id='word_1_553' title='bbox 695 4875 852 4950; x_wconf 76' lang='lat'><strong><em>185</em></strong></span> <span class='ocrx_word' id='word_1_554' title='bbox 890 4871 1122 4930; x_wconf 77' lang='lat' dir='ltr'><strong><em>CAPUT</em></strong></span> <span class='ocrx_word' id='word_1_555' title='bbox 1161 4865 1452 4925; x_wconf 80' lang='lat' dir='ltr'><strong><em>PRIMUM.</em></strong></span> <span class='ocrx_word' id='word_1_556' title='bbox 1905 4863 1961 4926; x_wconf 82' lang='lat' dir='ltr'><strong><em>A</em></strong></span> <span class='ocrx_word' id='word_1_557' title='bbox 2056 4859 2312 4925; x_wconf 90' lang='lat' dir='ltr'><strong><em>avaritia,</em></strong></span> <span class='ocrx_word' id='word_1_558' title='bbox 2344 4858 2437 4929; x_wconf 88' lang='lat' dir='ltr'><strong><em>qui</em></strong></span> <span class='ocrx_word' id='word_1_559' title='bbox 2464 4857 2589 4912; x_wconf 88' lang='lat' dir='ltr'><strong><em>dum</em></strong></span> <span class='ocrx_word' id='word_1_560' title='bbox 2621 4860 2923 4914; x_wconf 86' lang='lat' dir='ltr'><strong><em>communia</em></strong></span> <span class='ocrx_word' id='word_1_561' title='bbox 2959 4859 3056 4916; x_wconf 91' lang='lat' dir='ltr'><strong><em>sibi</em></strong></span> <span class='ocrx_word' id='word_1_562' title='bbox 3092 4874 3384 4936; x_wconf 86' lang='lat' dir='ltr'><strong><em>arrogant,</em></strong></span> <span class='ocrx_word' id='word_1_563' title='bbox 3413 4868 3604 4924; x_wconf 88' lang='lat' dir='ltr'><strong><em>divinis</em></strong></span> 
     </span>
    </p>
   </div>
   <div class='ocr_carea' id='block_1_46' title="bbox 240 4953 2778 5052">
    <p class='ocr_par' dir='ltr' id='par_1_46' title="bbox 240 4953 2778 5052">
     <span class='ocr_line' id='line_1_46' title="bbox 240 4953 2778 5052; baseline -0.011 -15"><span class='ocrx_word' id='word_1_564' title='bbox 240 4979 553 5052; x_wconf 85' lang='lat' dir='ltr'><strong><em>Postquam</em></strong></span> <span class='ocrx_word' id='word_1_565' title='bbox 582 4981 761 5027; x_wconf 86' lang='lat' dir='ltr'><strong><em>actum</em></strong></span> <span class='ocrx_word' id='word_1_566' title='bbox 788 4978 864 5024; x_wconf 91' lang='lat' dir='ltr'><strong><em>est</em></strong></span> <span class='ocrx_word' id='word_1_567' title='bbox 895 4967 958 5022; x_wconf 89' lang='lat' dir='ltr'><strong><em>de</em></strong></span> <span class='ocrx_word' id='word_1_568' title='bbox 985 4964 1288 5037; x_wconf 88' lang='lat' dir='ltr'><strong><em>virginibus,</em></strong></span> <span class='ocrx_word' id='word_1_569' title='bbox 1313 4962 1376 5016; x_wconf 90' lang='lat' dir='ltr'><strong><em>de</em></strong></span> <span class='ocrx_word' id='word_1_570' title='bbox 1399 4958 1571 5014; x_wconf 88' lang='lat' dir='ltr'><strong><em>viduis</em></strong></span> <span class='ocrx_word' id='word_1_571' title='bbox 1599 4964 1886 5030; x_wconf 81' lang='lat' dir='ltr'><strong><em>Opportune</em></strong></span> <span class='ocrx_word' id='word_1_572' title='bbox 2059 4955 2332 5027; x_wconf 89' lang='lat' dir='ltr'><strong><em>promissis</em></strong></span> <span class='ocrx_word' id='word_1_573' title='bbox 2355 4969 2465 5010; x_wconf 86' lang='lat' dir='ltr'><strong><em>sese</em></strong></span> <span class='ocrx_word' id='word_1_574' title='bbox 2488 4953 2778 5024; x_wconf 89' lang='lat' dir='ltr'><strong><em>privarunt.</em></strong></span> 
     </span>
    </p>
   </div>
   <div class='ocr_carea' id='block_1_47' title="bbox 313 5053 2510 5138">
    <p class='ocr_par' dir='ltr' id='par_1_47' title="bbox 313 5053 2510 5138">
     <span class='ocr_line' id='line_1_47' title="bbox 313 5053 2510 5138; baseline -0.016 -9"><span class='ocrx_word' id='word_1_575' title='bbox 313 5071 579 5134; x_wconf 87' lang='lat' dir='ltr'><strong><em>tractari,</em></strong></span> <span class='ocrx_word' id='word_1_576' title='bbox 612 5083 734 5120; x_wconf 91' lang='lat' dir='ltr'><strong><em>cum</em></strong></span> <span class='ocrx_word' id='word_1_577' title='bbox 765 5081 851 5119; x_wconf 90' lang='lat' dir='ltr'><strong><em>eas</em></strong></span> <span class='ocrx_word' id='word_1_578' title='bbox 890 5063 1001 5117; x_wconf 90' lang='lat' dir='ltr'><strong><em>illis</em></strong></span> <span class='ocrx_word' id='word_1_579' title='bbox 1043 5058 1324 5131; x_wconf 87' lang='lat' dir='ltr'><strong><em>Apostolus</em></strong></span> <span class='ocrx_word' id='word_1_580' title='bbox 1360 5053 1654 5117; x_wconf 89' lang='lat' dir='ltr'><strong><em>sociaverit,</em></strong></span> <span class='ocrx_word' id='word_1_581' title='bbox 1709 5058 1890 5121; x_wconf 90' lang='lat' dir='ltr'><strong><em>utpote</em></strong></span> <span class='ocrx_word' id='word_1_582' title='bbox 2074 5131 2088 5138; x_wconf 62' lang='lat'>_</span> <span class='ocrx_word' id='word_1_583' title='bbox 2162 5129 2198 5138; x_wconf 66' lang='lat'><strong><em>_</em></strong></span> 
     </span>
    </p>
   </div>
   <div class='ocr_carea' id='block_1_48' title="bbox 315 5124 3605 5238">
    <p class='ocr_par' dir='ltr' id='par_1_48' title="bbox 315 5124 3605 5238">
     <span class='ocr_line' id='line_1_48' title="bbox 315 5124 3605 5238; baseline -0.009 -16"><span class='ocrx_word' id='word_1_584' title='bbox 315 5124 738 5238; x_wconf 61' lang='lat' dir='ltr'><strong><em>quodammodo</em></strong></span> <span class='ocrx_word' id='word_1_585' title='bbox 782 5124 1102 5226; x_wconf 64' lang='lat' dir='ltr'><strong><em>virginitatis</em></strong></span> <span class='ocrx_word' id='word_1_586' title='bbox 1138 5152 1414 5224; x_wconf 86' lang='lat' dir='ltr'><strong><em>magistras</em></strong></span> <span class='ocrx_word' id='word_1_587' title='bbox 1439 5189 1454 5216; x_wconf 93' lang='lat'><strong><em>,</em></strong></span> <span class='ocrx_word' id='word_1_588' title='bbox 1504 5155 1553 5203; x_wconf 92' lang='lat' dir='ltr'><strong><em>et</em></strong></span> <span class='ocrx_word' id='word_1_589' title='bbox 1595 5143 1890 5218; x_wconf 84' lang='lat' dir='ltr'><strong><em>conjugatis</em></strong></span> <span class='ocrx_word' id='word_1_590' title='bbox 1995 5131 2121 5238; x_wconf 61' lang='lat' dir='ltr'><strong><em>mi.</em></strong></span> <span class='ocrx_word' id='word_1_591' title='bbox 2160 5129 2306 5187; x_wconf 86' lang='lat' dir='ltr'><strong><em>Bene</em></strong></span> <span class='ocrx_word' id='word_1_592' title='bbox 2341 5126 2570 5238; x_wconf 43' lang='lat' dir='ltr'><strong><em>accidit,</em></strong></span> <span class='ocrx_word' id='word_1_593' title='bbox 2614 5124 2664 5238; x_wconf 34' lang='lat' dir='ltr'><strong><em>bl</em></strong></span> <span class='ocrx_word' id='word_1_594' title='bbox 2685 5125 2917 5231; x_wconf 33' lang='lat' dir='ltr'><strong><em>fratres?</em></strong></span> <span class='ocrx_word' id='word_1_595' title='bbox 2965 5130 3322 5238; x_wconf 50' lang='lat' dir='ltr'><strong><em>ul&#39;quotiiani</em></strong></span> <span class='ocrx_word' id='word_1_596' title='bbox 3431 5131 3605 5234; x_wconf 76' lang='lat' dir='ltr'><strong><em>tribus</em></strong></span> 
     </span>
    </p>
   </div>
   <div class='ocr_carea' id='block_1_49' title="bbox 320 5218 3606 5330">
    <p class='ocr_par' dir='ltr' id='par_1_49' title="bbox 320 5218 3606 5330">
     <span class='ocr_line' id='line_1_49' title="bbox 320 5218 3606 5330; baseline -0.011 -17"><span class='ocrx_word' id='word_1_597' title='bbox 320 5218 490 5330; x_wconf 70' lang='lat' dir='ltr'><strong><em>longe</em></strong></span> <span class='ocrx_word' id='word_1_598' title='bbox 519 5218 1048 5325; x_wconf 43' lang='lat' dir='ltr'><strong><em>superiores-Quam</em></strong></span> <span class='ocrx_word' id='word_1_599' title='bbox 1076 5218 1246 5301; x_wconf 75' lang='lat' dir='ltr'><strong><em>viduis</em></strong></span> <span class='ocrx_word' id='word_1_600' title='bbox 1268 5244 1557 5316; x_wconf 87' lang='lat' dir='ltr'><strong><em>gloriosum</em></strong></span> <span class='ocrx_word' id='word_1_601' title='bbox 1578 5239 1643 5293; x_wconf 86' lang='lat' dir='ltr'><strong><em>sit</em></strong></span> <span class='ocrx_word' id='word_1_602' title='bbox 1663 5235 1802 5308; x_wconf 87' lang='lat' dir='ltr'><strong><em>quod</em></strong></span> <span class='ocrx_word' id='word_1_603' title='bbox 1823 5232 1893 5289; x_wconf 89' lang='lat' dir='ltr'><strong><em>ad</em></strong></span> <span class='ocrx_word' id='word_1_604' title='bbox 1995 5224 2156 5281; x_wconf 79' lang='lat' dir='ltr'><strong><em>libris</em></strong></span> <span class='ocrx_word' id='word_1_605' title='bbox 2202 5218 3303 5330; x_wconf 31' lang='lat' dir='ltr'><strong><em>Sltl‘tel‘iOI&#39;ibu?sifi‘Vithttltttt-ia-Itdibus</em></strong></span> <span class='ocrx_word' id='word_1_606' title='bbox 3342 5221 3606 5326; x_wconf 74' lang='lat' dir='ltr'><strong><em>disserui-</em></strong></span> 
     </span>
    </p>
   </div>
   <div class='ocr_carea' id='block_1_50' title="bbox 317 5311 3608 5419">
    <p class='ocr_par' dir='ltr' id='par_1_50' title="bbox 317 5311 3608 5419">
     <span class='ocr_line' id='line_1_50' title="bbox 317 5311 3608 5419; baseline -0.007 -11"><span class='ocrx_word' id='word_1_607' title='bbox 317 5311 553 5409; x_wconf 59' lang='lat' dir='ltr'><strong><em>viduam</em></strong></span> <span class='ocrx_word' id='word_1_608' title='bbox 582 5311 749 5419; x_wconf 76' lang='lat' dir='ltr'><strong><em>fuerit</em></strong></span> <span class='ocrx_word' id='word_1_609' title='bbox 779 5311 928 5397; x_wconf 76' lang='lat' dir='ltr'><strong><em>Elius</em></strong></span> <span class='ocrx_word' id='word_1_610' title='bbox 957 5311 1288 5396; x_wconf 62' lang='lat' dir='ltr'><strong><em>destinatusi</em></strong></span> <span class='ocrx_word' id='word_1_611' title='bbox 1303 5335 1509 5390; x_wconf 84' lang='lat' dir='ltr'><strong><em>Atillas</em></strong></span> <span class='ocrx_word' id='word_1_612' title='bbox 1532 5331 1688 5388; x_wconf 89' lang='lat' dir='ltr'><strong><em>laude</em></strong></span> <span class='ocrx_word' id='word_1_613' title='bbox 1711 5331 1896 5404; x_wconf 89' lang='lat' dir='ltr'><strong><em>dignas</em></strong></span> <span class='ocrx_word' id='word_1_614' title='bbox 2005 5333 2158 5419; x_wconf 57' lang='lat' dir='ltr'><strong><em>tntis.</em></strong></span> <span class='ocrx_word' id='word_1_615' title='bbox 2212 5317 2498 5419; x_wconf 52' lang='grc' dir='ltr'><strong><em>νίάυξηξηῐξ</em></strong></span> <span class='ocrx_word' id='word_1_616' title='bbox 2554 5320 2822 5419; x_wconf 47' lang='lat' dir='ltr'><strong><em>immanis</em></strong></span> <span class='ocrx_word' id='word_1_617' title='bbox 2861 5311 3177 5419; x_wconf 38' lang='grc' dir='ltr'><strong><em>’ίῐξθίάίξΐθῑί</em></strong></span> <span class='ocrx_word' id='word_1_618' title='bbox 3211 5329 3410 5416; x_wconf 34' lang='grc' dir='ltr'><strong><em>,ηςίιυε</em></strong></span> <span class='ocrx_word' id='word_1_619' title='bbox 3463 5316 3608 5372; x_wconf 75' lang='grc' dir='ltr'><strong><em>θηίιη</em></strong></span> 
     </span>
    </p>
   </div>
   <div class='ocr_carea' id='block_1_51' title="bbox 326 5407 3615 5512">
    <p class='ocr_par' dir='ltr' id='par_1_51' title="bbox 326 5407 3615 5512">
     <span class='ocr_line' id='line_1_51' title="bbox 326 5407 3615 5512; baseline -0.01 -10"><span class='ocrx_word' id='word_1_620' title='bbox 326 5407 435 5502; x_wconf 82' lang='lat' dir='ltr'><strong><em>non</em></strong></span> <span class='ocrx_word' id='word_1_621' title='bbox 464 5407 610 5507; x_wconf 46' lang='lat' dir='ltr'><strong><em>esse,</em></strong></span> <span class='ocrx_word' id='word_1_622' title='bbox 650 5438 754 5492; x_wconf 86' lang='lat' dir='ltr'><strong><em>nisi</em></strong></span> <span class='ocrx_word' id='word_1_623' title='bbox 783 5438 1020 5491; x_wconf 86' lang='lat' dir='ltr'><strong><em>virtutem</em></strong></span> <span class='ocrx_word' id='word_1_624' title='bbox 1047 5434 1200 5488; x_wconf 90' lang='lat' dir='ltr'><strong><em>istius</em></strong></span> <span class='ocrx_word' id='word_1_625' title='bbox 1225 5431 1511 5494; x_wconf 86' lang='lat' dir='ltr'><strong><em>imitentur,</em></strong></span> <span class='ocrx_word' id='word_1_626' title='bbox 1537 5427 1761 5482; x_wconf 82' lang='lat' dir='ltr'><strong><em>maxime</em></strong></span> <span class='ocrx_word' id='word_1_627' title='bbox 1782 5439 1901 5478; x_wconf 86' lang='lat' dir='ltr'><strong><em>vero</em></strong></span> <span class='ocrx_word' id='word_1_628' title='bbox 2008 5415 2305 5512; x_wconf 77' lang='lat' dir='ltr'><strong><em>iulionoras</em></strong></span> <span class='ocrx_word' id='word_1_629' title='bbox 2331 5407 2622 5463; x_wconf 88' lang='lat' dir='ltr'><strong><em>debuimus</em></strong></span> <span class='ocrx_word' id='word_1_630' title='bbox 2657 5407 2962 5512; x_wconf 59' lang='lat' dir='ltr'><strong><em>praterite.</em></strong></span> <span class='ocrx_word' id='word_1_631' title='bbox 2997 5413 3053 5458; x_wconf 74' lang='grc' dir='ltr'>ει</span> <span class='ocrx_word' id='word_1_632' title='bbox 3093 5418 3129 5512; x_wconf 56' lang='grc' dir='ltr'><strong><em>ξι</em></strong></span> <span class='ocrx_word' id='word_1_633' title='bbox 3173 5407 3442 5512; x_wconf 46' lang='lat' dir='ltr'><strong><em>virginum</em></strong></span> <span class='ocrx_word' id='word_1_634' title='bbox 3475 5423 3615 5512; x_wconf 43' lang='lat' dir='ltr'><strong><em>{trai-</em></strong></span> 
     </span>
    </p>
   </div>
   <div class='ocr_carea' id='block_1_52' title="bbox 326 5496 3619 5612">
    <p class='ocr_par' dir='ltr' id='par_1_52' title="bbox 326 5496 3619 5612">
     <span class='ocr_line' id='line_1_52' title="bbox 326 5496 3619 5612; baseline -0.012 -15"><span class='ocrx_word' id='word_1_635' title='bbox 326 5496 795 5612; x_wconf 33' lang='lat' dir='ltr'><strong><em>lios&#39;piialitatem.</em></strong></span> <span class='ocrx_word' id='word_1_636' title='bbox 850 5531 980 5598; x_wconf 67' lang='lat' dir='ltr'><strong><em>Qua:</em></strong></span> <span class='ocrx_word' id='word_1_637' title='bbox 1025 5529 1185 5583; x_wconf 87' lang='lat' dir='ltr'><strong><em>virtus</em></strong></span> <span class='ocrx_word' id='word_1_638' title='bbox 1241 5533 1436 5593; x_wconf 88' lang='lat' dir='ltr'><strong><em>quanta</em></strong></span> <span class='ocrx_word' id='word_1_639' title='bbox 1485 5524 1643 5594; x_wconf 89' lang='lat' dir='ltr'><strong><em>fuerit</em></strong></span> <span class='ocrx_word' id='word_1_640' title='bbox 1699 5520 1752 5572; x_wconf 91' lang='lat' dir='ltr'><strong><em>in</em></strong></span> <span class='ocrx_word' id='word_1_641' title='bbox 1806 5519 1903 5571; x_wconf 84' lang='lat' dir='ltr'><strong><em>hac</em></strong></span> <span class='ocrx_word' id='word_1_642' title='bbox 2010 5507 2172 5612; x_wconf 41' lang='lat' dir='ltr'><strong><em>C(‘t‘nio</em></strong></span> <span class='ocrx_word' id='word_1_643' title='bbox 2199 5496 3262 5612; x_wconf 55' lang='lat' dir='ltr'><strong><em>separare,qunsapOStolicasententia</em></strong></span> <span class='ocrx_word' id='word_1_644' title='bbox 3296 5513 3420 5612; x_wconf 63' lang='lat' dir='ltr'><strong><em>cum</em></strong></span> <span class='ocrx_word' id='word_1_645' title='bbox 3454 5502 3619 5612; x_wconf 43' lang='lat' dir='ltr'><strong><em>virgi-</em></strong></span> 
     </span>
    </p>
   </div>
   <div class='ocr_carea' id='block_1_53' title="bbox 331 5589 3622 5709">
    <p class='ocr_par' dir='ltr' id='par_1_53' title="bbox 331 5589 3622 5709">
     <span class='ocr_line' id='line_1_53' title="bbox 331 5589 3622 5709; baseline -0.002 -19"><span class='ocrx_word' id='word_1_646' title='bbox 598 5589 928 5698; x_wconf 47' lang='lat' dir='ltr'><strong><em>exponitui:</em></strong></span> <span class='ocrx_word' id='word_1_647' title='bbox 956 5623 1046 5679; x_wconf 89' lang='lat' dir='ltr'><strong><em>sed</em></strong></span> <span class='ocrx_word' id='word_1_648' title='bbox 1071 5623 1216 5695; x_wconf 88' lang='lat' dir='ltr'><strong><em>prius</em></strong></span> <span class='ocrx_word' id='word_1_649' title='bbox 1244 5589 1612 5691; x_wconf 79' lang='lat' dir='ltr'><strong><em>perstringitur</em></strong></span> <span class='ocrx_word' id='word_1_650' title='bbox 1637 5613 1908 5709; x_wconf 76' lang='lat' dir='ltr'><strong><em>hominum</em></strong></span> <span class='ocrx_word' id='word_1_651' title='bbox 2014 5600 2173 5658; x_wconf 84' lang='lat' dir='ltr'><strong><em>nibus</em></strong></span> <span class='ocrx_word' id='word_1_652' title='bbox 2205 5596 2505 5669; x_wconf 68' lang='grc' dir='ltr'><strong><em>ουρυιεινῖιι</em></strong></span> <span class='ocrx_word' id='word_1_653' title='bbox 2528 5595 2685 5665; x_wconf 66' lang='grc' dir='ltr'><strong><em>Ῐυκῑίι</em></strong></span> <span class='ocrx_word' id='word_1_654' title='bbox 2713 5589 3150 5709; x_wconf 31' lang='grc' dir='ltr'><strong><em>(ἰυθδξξπθίρίίΠη</em></strong></span> <span class='ocrx_word' id='word_1_655' title='bbox 3181 5599 3266 5645; x_wconf 50' lang='lat' dir='ltr'><strong><em>est</em></strong></span> <span class='ocrx_word' id='word_1_656' title='bbox 3292 5608 3306 5646; x_wconf 73' lang='grc'>³</span> <span class='ocrx_word' id='word_1_657' title='bbox 3339 5592 3405 5648; x_wconf 60' lang='grc' dir='ltr'><strong><em>δ’</em></strong></span> <span class='ocrx_word' id='word_1_658' title='bbox 3435 5596 3622 5652; x_wconf 60' lang='lat' dir='ltr'><strong><em>&quot;mu&quot;</em></strong></span> 
     </span>
    </p>
   </div>
   <div class='ocr_carea' id='block_1_54' title="bbox 341 5697 3403 5818">
    <p class='ocr_par' dir='ltr' id='par_1_54' title="bbox 341 5697 3403 5818">
     <span class='ocr_line' id='line_1_54' title="bbox 341 5697 3403 5818; baseline -0.026 8"><span class='ocrx_word' id='word_1_659' title='bbox 341 5697 370 5792; x_wconf 30' lang='grc' dir='ltr'><strong>ὲ</strong></span> <span class='ocrx_word' id='word_1_660' title='bbox 402 5697 635 5818; x_wconf 44' lang='grc' dir='ltr'><strong><em>δοτῖέιί·</em></strong></span> <span class='ocrx_word' id='word_1_661' title='bbox 674 5741 821 5796; x_wconf 64' lang='lat' dir='ltr'><strong><em>Circa</em></strong></span> <span class='ocrx_word' id='word_1_662' title='bbox 853 5757 946 5818; x_wconf 63' lang='lat'><strong><em>‘1&quot;;</em></strong></span> <span class='ocrx_word' id='word_1_663' title='bbox 975 5738 1104 5794; x_wconf 74' lang='lat'><strong><em>577-</em></strong></span> <span class='ocrx_word' id='word_1_664' title='bbox 1209 5812 1225 5818; x_wconf 84' lang='lat'>_</span> <span class='ocrx_word' id='word_1_665' title='bbox 1296 5817 1300 5818; x_wconf 12' lang='grc' dir='ltr'>ί</span> <span class='ocrx_word' id='word_1_666' title='bbox 1459 5815 1468 5818; x_wconf 85' lang='lat'>_</span> <span class='ocrx_word' id='word_1_667' title='bbox 1641 5803 1652 5815; x_wconf 42' lang='lat'><em>.</em></span> <span class='ocrx_word' id='word_1_668' title='bbox 1689 5697 1701 5710; x_wconf 45' lang='lat'><strong>&#39;</strong></span> <span class='ocrx_word' id='word_1_669' title='bbox 1729 5817 1735 5818; x_wconf 11' lang='grc' dir='ltr'><em>γ</em></span> <span class='ocrx_word' id='word_1_670' title='bbox 1799 5805 1877 5818; x_wconf 36' lang='grc' dir='ltr'><strong><em>Δ.-</em></strong></span> <span class='ocrx_word' id='word_1_671' title='bbox 2087 5728 2112 5758; x_wconf 77' lang='grc'><strong><em>⁸</em></strong></span> <span class='ocrx_word' id='word_1_672' title='bbox 2143 5710 2397 5773; x_wconf 83' lang='lat' dir='ltr'><strong><em>Nonnulli</em></strong></span> <span class='ocrx_word' id='word_1_673' title='bbox 2422 5722 2581 5774; x_wconf 83' lang='lat' dir='ltr'><strong><em>mss.,</em></strong></span> <span class='ocrx_word' id='word_1_674' title='bbox 2613 5711 2836 5776; x_wconf 89' lang='lat' dir='ltr'><strong><em>quatuor</em></strong></span> <span class='ocrx_word' id='word_1_675' title='bbox 2862 5697 3009 5756; x_wconf 89' lang='lat' dir='ltr'><strong><em>libris</em></strong></span> <span class='ocrx_word' id='word_1_676' title='bbox 3030 5701 3403 5770; x_wconf 58' lang='lat' dir='ltr'><strong><em>superioribus,</em></strong></span> 
     </span>
    </p>
   </div>
   <div class='ocr_carea' id='block_1_55' title="bbox 339 5803 1900 5886">
    <p class='ocr_par' dir='ltr' id='par_1_55' title="bbox 339 5803 1900 5886">
     <span class='ocr_line' id='line_1_55' title="bbox 339 5803 1900 5886; baseline -0.02 -4"><span class='ocrx_word' id='word_1_677' title='bbox 339 5825 371 5865; x_wconf 70' lang='grc' dir='ltr'><strong><em>ι)</em></strong></span> <span class='ocrx_word' id='word_1_678' title='bbox 404 5803 559 5880; x_wconf 63' lang='lat' dir='ltr'><strong><em>Cod:</em></strong></span> <span class='ocrx_word' id='word_1_679' title='bbox 585 5817 741 5886; x_wconf 76' lang='lat' dir='ltr'><strong><em>Reg.</em></strong></span> <span class='ocrx_word' id='word_1_680' title='bbox 772 5822 827 5869; x_wconf 88' lang='lat' dir='ltr'><strong><em>et</em></strong></span> <span class='ocrx_word' id='word_1_681' title='bbox 855 5812 970 5867; x_wconf 87' lang='lat' dir='ltr'><strong><em>Col.</em></strong></span> <span class='ocrx_word' id='word_1_682' title='bbox 1004 5825 1164 5875; x_wconf 85' lang='lat' dir='ltr'><strong><em>unus,</em></strong></span> <span class='ocrx_word' id='word_1_683' title='bbox 1197 5812 1385 5879; x_wconf 82' lang='lat' dir='ltr'><strong><em>frater,</em></strong></span> <span class='ocrx_word' id='word_1_684' title='bbox 1412 5815 1469 5862; x_wconf 88' lang='lat' dir='ltr'><strong><em>ut</em></strong></span> <span class='ocrx_word' id='word_1_685' title='bbox 1494 5803 1765 5874; x_wconf 87' lang='lat' dir='ltr'><strong><em>quoniam,</em></strong></span> <span class='ocrx_word' id='word_1_686' title='bbox 1793 5805 1900 5857; x_wconf 87' lang='lat' dir='ltr'><strong><em>etc.</em></strong></span> 
     </span>
    </p>
   </div>
   <div class='ocr_carea' id='block_1_56' title="bbox 839 5863 3014 5968">
    <p class='ocr_par' dir='ltr' id='par_1_56' title="bbox 839 5863 3014 5968">
     <span class='ocr_line' id='line_1_56' title="bbox 839 5863 3014 5968; baseline -0.002 0"><span class='ocrx_word' id='word_1_687' title='bbox 839 5863 1118 5968; x_wconf 40' lang='lat' dir='ltr'><strong><em>libram.</em></strong></span> <span class='ocrx_word' id='word_1_688' title='bbox 1149 5863 1164 5875; x_wconf 46' lang='grc' dir='ltr'><strong><em>Ι</em></strong></span> <span class='ocrx_word' id='word_1_689' title='bbox 1184 5863 1384 5966; x_wconf 58' lang='grc' dir='ltr'><strong><em>ἐίνιί</em></strong></span> <span class='ocrx_word' id='word_1_690' title='bbox 1508 5863 1520 5874; x_wconf 37' lang='grc' dir='ltr'>ν</span> <span class='ocrx_word' id='word_1_691' title='bbox 1749 5863 1763 5871; x_wconf 31' lang='grc' dir='ltr'><strong><em>ν</em></strong></span> <span class='ocrx_word' id='word_1_692' title='bbox 2975 5863 3014 5924; x_wconf 79' lang='lat'><strong>8</strong></span> 
     </span>
    </p>
   </div>
  </div>
