4054 6306
293 244 402 299 2-37
1504 242 1592 298 DE
1639 241 1863 300 VIDUIS
1902 241 2112 300 LIBER
2149 241 2352 300 UNUS.
3487 251 3594 305 238

293 357 502 422 finitur,
547 359 645 415 sed
675 360 875 416 virtute
900 359 1209 431 designatur
1235 376 1246 413 :
1273 361 1357 415 cui
1392 369 1659 431 prtecepta
1691 377 1797 416 non
1817 361 1889 417 do
1916 362 1964 423 Α
1999 362 2088 429 ι·ἰι,
2122 379 2257 434 quas
2283 361 2468 431 utique
2501 373 2523 399 ε
2557 362 2872 433 Apostolica
2895 372 3162 436 prmcepta
3191 381 3297 421 non
3317 366 3600 435 damnant,

291 464 416 520 ego,
451 451 546 506 sed
571 450 871 520 Apostolus
894 454 1106 511 tribuit.
1139 453 1626 509 Honorilicentiam
1655 470 1762 510 non
1797 470 1888 510 so-
1994 455 2147 525 quasi
2176 453 2348 509 fructu
2382 454 2609 525 pudoris
2637 455 2864 523 omisso,
2899 457 2943 511 si
2976 473 3165 512 rursus
3196 459 3374 514 soluta
3425 461 3590 516 fuerit

292 541 376 596 Ius
404 544 710 612 impartior,
749 547 908 618 188
935 545 1027 600 sed
1052 546 1290 618 gentium
1334 547 1534 602 Doctor
1562 549 1709 617 prius
1737 547 1891 604 detu-
1990 548 2130 611 viro,
2155 546 2223 602 ab
2246 545 2441 602 aﬁ'ectu
2474 546 2754 602 viduitatis
2784 559 3021 603 arcetur.
3059 549 3290 606 llabebit
3343 551 3431 605 illa
3465 554 3591 622 qui-

291 637 597 694 litdicens:
635 638 836 694 Viduas
859 639 1076 704 honora,
1129 657 1244 711 qua:
1270 657 1400 695 certe
1441 641 1609 696 vidua:
1637 652 1774 696 sunt.
1827 640 1890 700 Si
1994 639 2116 695 dem
2141 640 2226 695 vel
2267 653 2404 695 sera:
2423 641 2677 695 meritum
2702 641 2972 695 castitatis
2993 684 3006 705 ,
3038 642 3133 696 sed
3165 644 3445 712 probatior
3489 647 3595 700 erit

290 748 391 801 qua
417 741 588 786 autem
645 733 804 787 vidua
833 734 968 802 ﬁlios
1000 743 1090 788 aut
1138 741 1346 806 nepotes
1373 733 1562 800 habet,
1595 735 1757 788 discat
1785 734 1893 803 pri-
1993 749 2115 804 qua:
2138 733 2361 790 alterius
2394 748 2500 787 non
2526 731 2689 788 fuerit
2716 743 2939 803 experta
2984 736 3334 805 coniugium;
3393 737 3444 792 in
3497 738 3590 794 illa

291 841 434 878 mum
459 840 607 879 suam
637 825 845 880 domum
876 842 1072 897 regere,
1112 835 1160 880 et
1209 837 1436 881 mutuam
1483 828 1639 882 cicem
1679 827 1892 882 reddere
1993 829 2139 885 enim
2168 829 2374 884 eminet
2413 827 2654 883 studium
2687 828 2994 885 castitatis:
3037 828 3160 883 huic
3179 837 3270 885 aut
3291 840 3547 887 senectus
3579 873 3591 897 ,

290 918 592 989 parentibus
620 917 678 986 (l
708 916 842 973 Tim.
868 933 922 983 v,
943 921 993 985 5,
1012 919 1086 991 4).
1129 918 1280 976 Unde
1305 920 1892 976 etadvertiturutrttm-

291 1025 401 1076 que
433 1009 649 1080 pietatis
677 1009 929 1065 allectum
962 1011 1136 1066 vidua:
1164 1012 1342 1067 inesse
1389 1012 1589 1069 debere
1613 1056 1627 1078 ,
1664 1021 1722 1067 ut
1753 1013 1892 1068 filios

292 1101 501 1172 diligat,
532 1103 847 1172 parentibus
879 1101 1104 1158 deferat.
1134 1102 1208 1159 Ita
1235 1105 1361 1159 dum
1397 1113 1422 1142 ει
1449 1106 1765 1173 obsequium
1799 1121 1892 1177 pa-

296 1196 550 1250 rentibus
581 1197 865 1264 rependit,
896 1197 1262 1267 magisterium
1302 1211 1517 1254 exercet
1545 1198 1572 1237 ι)
1603 1199 1655 1255 in
1712 1199 1853 1254 ﬁlios
1875 1241 1889 1264 ,

289 1305 502 1362 suoque
531 1306 589 1346 se
629 1290 744 1361 ipsa
776 1301 1152 1348 remuneratur
1189 1292 1410 1361 ofﬁcio;
1468 1309 1591 1350 cum
1649 1293 1698 1348 id
1747 1295 1889 1366 quod

289 1383 417 1439 aliis
445 1381 621 1440 defert
642 1385 743 1441 sibi
776 1387 1005 1456 prolicit.

369 1478 423 1534 8.
456 1477 574 1532 Hoc
591 1479 752 1545 enim,
778 1480 970 1546 inquit,
991 1492 1262 1554 acceptum
1284 1491 1354 1538 est
1370 1500 1543 1538 coram
1562 1481 1890 1555 Deo(lbid.);

291 1571 418 1631 ideo
449 1574 494 1628 si
516 1575 741 1643 cogitas,
775 1575 958 1642 vidua,
989 1592 1107 1648 qua:
1137 1577 1230 1632 Dei
1273 1588 1420 1645 sunt,
1453 1578 1619 1634 debes
1661 1579 1712 1634 id
1741 1579 1893 1649 sequi

290 1669 440 1741 quod
476 1669 588 1726 Deo
612 1669 832 1740 placere
860 1669 1119 1726 didicisti.
1153 1672 1220 1726 Et
1242 1687 1401 1743 supra
1432 1671 1646 1743 quidem
1674 1681 1895 1727 sanctus

1995 935 2086 978 aut
2118 923 2292 992 pudor
2322 921 2540 977 modum
2565 922 2782 978 videtur
2801 920 2998 978 fecisse
3027 923 3289 978 nubendi.

2068 1020 2156 1073 ll.
2185 1017 2294 1073 Nec
2316 1017 2428 1073 sola
2463 1027 2643 1073 tamen
2676 1017 2898 1073 castitas
2924 1019 3173 1088 corporis
3227 1017 3404 1074 vidua!
3437 1018 3594 1075 forti-

1998 1112 2126 1168 tudo
2151 1120 2257 1176 est,
2287 1112 2381 1167 sed
2412 1128 2606 1181 magna
2628 1121 2682 1167 et
2713 1112 2989 1167 uberrima
3015 1111 3307 1180 disciplina
3337 1113 3584 1170 virtutis:

2000 1206 2130 1272 ρηω
2158 1205 2212 1258 in
2231 1205 2466 1276 operibus
2492 1205 2635 1260 bonis
2661 1206 3008 1260 testimonium
3042 1204 3201 1278 189
3226 1205 3427 1275 habeat,
3458 1209 3502 1262 si
3528 1210 3593 1276 ﬁ-

1995 1299 2093 1353 lios
2114 1299 2424 1365 educaverit,
2447 1298 2490 1352 si
2514 1299 2738 1370 hospitio
2767 1298 3017 1368 receperit
3044 1341 3057 1360 .
3102 1299 3146 1352 si
3177 1309 3473 1354 sanctorum
3503 1317 3593 1371 pe-

2002 1395 2092 1449 des
2124 1394 2328 1459 lnverit,
2353 1394 2398 1446 si
2421 1392 2802 1448 tribulatione»:
2832 1393 3145 1462 patientibus
3176 1393 3597 1451 subministrave-

1998 1491 2103 1554 rit,
2153 1490 2197 1543 si
2242 1498 2501 1559 postremo
2553 1504 2704 1542 onme
2748 1504 2875 1560 opus
2903 1488 3092 1542 bonum
3143 1487 3298 1558 fuerit
3328 1489 3599 1545 subsecuta

1999 1579 2202 1651 (lbid.,
2236 1577 2704 1651 10).Vides'quam
2731 1579 2931 1635 multas
2956 1579 3216 1634 virtutum
3239 1581 3601 1652 comprehcn-

1999 1673 2513 1744 deritdiseiplinas:
2560 1672 2818 1744 primum,
2841 1671 3060 1744 pietatis
3090 1672 3363 1730 oflicium:
3406 1689 3602 1730 secun-

291 1762 596 1833 Apostolus
624 1761 689 1817 ad
721 1763 1066 1819 continentia:
1093 1762 1328 1819 studium
1354 1764 1543 1820 viduas
1558 1765 1894 1833 cohortatus,
1929 1768 1974 1830 B
2003 1766 2551 1837 dum,ltOSpitalitatis
2567 1766 3230 1834 studium,ethumilitatis
3249 1768 3598 1841 obsequium:

291 1856 434 1911 dixit
475 1870 568 1911 eas
600 1857 839 1928 cogitare
866 1873 983 1927 qua:
1008 1867 1135 1912 sunt
1163 1858 1372 1913 Domini
1409 1857 1461 1930 (Ι
1490 1857 1608 1913 Cor.
1648 1874 1740 1923 vn,
1774 1857 1890 1929 5i).

291 1949 438 2007 Alibi
466 1959 646 2007 autem
673 1951 760 2006 tibi
792 1953 1008 2024 eligitur
1039 1953 1193 2008 vidua
1226 1969 1347 2024 quae
1375 1953 1599 2024 probata
1632 1963 1712 2009 est
1739 1997 1754 2021 ,
1789 1969 1895 2008 non

291 2046 470 2100 solum
501 2045 740 2116 cogitare
769 2047 1102 2117 praecipitur,
1134 2047 1227 2102 sed
1251 2049 1413 2102 etiam
1443 2061 1666 2118 Sperare
1696 2047 1763 2102 de
1792 2047 1900 2102 Do-

292 2137 485 2194 mino:
521 2139 653 2206 Qua:
679 2141 813 2193 enim
843 2157 956 2196 vere
985 2142 1138 2195 vidua
1167 2152 1270 2208 est,
1304 2143 1500 2212 inquit,
1554 2153 1602 2196 et
1625 2143 1855 2198 desolata
1882 2185 1896 2208 ,

291 2237 465 2300 speret
491 2231 543 2283 in
572 2228 767 2295 Deum,
801 2241 848 2285 et
877 2235 1025 2287 instet
1056 2232 1493 2288 obsecrationibus
1519 2245 1563 2288 et
1587 2236 1900 2290 orationibus

295 2327 386 2381 die
417 2344 477 2382 ac
505 2338 653 2382 nocte
684 2327 742 2402 (Ι
776 2328 909 2383 Tim.
958 2345 1012 2398 v,
1040 2329 1120 2402 5).
1173 2330 1282 2385 Nec
1323 2331 1596 2387 immerito
1638 2331 1732 2387 ltas
1765 2332 1901 2386 irrc-

296 2420 699 2490 prebensibiles
731 2421 973 2478 ostendit
999 2437 1120 2478 esse
1173 2423 1396 2488 debere,
1431 2423 1625 2495 quibus
1667 2433 1728 2479 ut
1768 2441 1903 2494 opus

295 2513 521 2568 virtutis
551 2513 824 2583 indicitur,
845 2516 914 2569 ita
936 2515 1097 2570 etiam
1120 2515 1536 2572 honoriﬁcentia
1562 2517 1708 2590 larga
1728 2515 1906 2573 defer-

299 2618 415 2676 tur,
448 2612 685 2664 utetiam
715 2610 782 2664 ab
804 2611 1072 2681 episcopis
1103 2609 1458 2666 bonorentur.

380 2704 434 2760 9.
468 2704 658 2774 Qualis
688 2711 864 2760 autem
885 2704 1006 2776 eligi
1033 2704 1249 2771 debeat,
1287 2717 1306 2744 ε
1338 2706 1506 2775 ipsius
1528 2705 1770 2761 Doctoris
1794 2721 1911 2760 ser-

300 2812 467 2853 mone
497 2797 856 2852 describitur:
897 2794 1018 2850 Non
1049 2799 1239 2866 minus,
1274 2797 1469 2869 inquit,
1503 2799 1774 2872 sexaginta
1811 2815 1906 2852 an-

308 2907 503 2946 norum
527 2934 540 2956 ,
572 2905 686 2960 quae
729 2890 884 2961 fuerit
910 2891 1062 2943 unius
1091 2891 1186 2944 riri
1235 2907 1366 2946 uxor
1396 2892 1412 2962 (
1441 2889 1603 2958 Ibid.,
1635 2892 1667 2947 9
1701 2894 1739 2962 ).
1791 2892 1908 2946 Non

303 3000 418 3055 qtto
445 2980 471 3019 ἀ
512 2992 762 3038 senectus
792 2983 903 3037 sola
937 2982 1150 3038 viduam
1183 2982 1363 3048 faciat,
1389 2983 1483 3038 sed
1527 2999 1632 3054 quo
1678 2985 1908 3039 viduita-

306 3080 382 3133 tis
412 3078 603 3133 merita
635 3077 908 3148 stipendia
943 3079 1049 3132 sint
1073 3076 1388 3134 senectutis.
1419 3077 1553 3133 Nam
1585 3079 1768 3150 utique
1821 3079 1909 3134 illa

2003 1859 2249 1926 tertium,
2280 1859 2673 1916 misericordiae
2703 1858 3071 1915 ministerium
3099 1901 3114 1927 ,
3147 1860 3600 1934 liberalitatisque

2001 1953 2308 2009 subsidium
2341 1972 2352 2008 :
2405 1953 2470 2009 ad
2509 1969 2776 2010 summam
2809 1955 2989 2011 omnis
3034 1956 3444 2013 exsecutionem
3477 1957 3604 2014 boni

2003 2048 2184 2119 operis
2213 2047 2499 2120 ﬂagitavit.

2099 2141 2186 2196 12.
2251 2141 2320 2197 Et
2371 2141 2491 2198 ideo
2547 2141 3007 2199 adolescentiores
3065 2141 3376 2200 divitandas
3454 2153 3611 2215 putat

2005 2236 2217 2309 (tbid.,
2245 2236 2359 2308 11),
2388 2252 2455 2292 eo
2480 2237 2624 2306 quod
2656 2251 2763 2293 non
2795 2246 2999 2307 queant
3031 2243 3198 2292 tantae
3224 2252 3448 2308 operam
3499 2237 3605 2294 im-

2007 2331 2161 2402 plere
2179 2330 2424 2385 virtutis.
2460 2329 2676 2386 Etenim
2712 2331 2890 2385 vicina
2914 2338 2998 2385 est
3021 2330 3264 2401 lapsibus
3287 2329 3610 2386 adolescen-

2006 2424 2104 2492 tia,
2137 2423 2261 2494 quia
2289 2423 2564 2478 variarum
2602 2420 2621 2459 τ
2648 2432 2814 2478 aestus
2863 2423 3223 2492 cupiditatum
3279 2423 3492 2478 fervore
3521 2438 3613 2479 ca-

2009 2518 2172 2574 lentis
2197 2518 2569 2574 inﬂammatur
2597 2519 2774 2573 artatis
2796 2534 2808 2571 :
2834 2517 3069 2588 bonique
3096 2516 3338 2573 doctoris
3359 2529 3463 2583 est,
3496 2534 3612 2573 ma-

2011 2612 2206 2666 teriam
2243 2626 2435 2667 arcere
2466 2611 2697 2682 peccati.
2750 2611 2928 2667 Prima
2959 2611 3104 2667 enim
3138 2610 3500 2666 institutionis
3531 2621 3613 2666 est

2011 2705 2296 2777 disciplina
2329 2705 2545 2776 culpam
2574 2714 2848 2772 avertere,
2876 2705 3113 2761 secunda
3150 2706 3404 2761 virtutem
3437 2704 3617 2760 infun-

2013 2798 2166 2854 dere.
2194 2799 2398 2854 Tamen
2432 2813 2553 2854 cum
2579 2799 2876 2869 Apostolus
2925 2798 3094 2854 sciret
3119 2799 3328 2853 Annam
3372 2798 3519 2854 illam
3549 2799 3618 2855 ab

2015 2892 2386 2948 adolescentia
2457 2892 2864 2964 octogenariam
2925 2893 3142 2948 viduam
3212 2892 3614 2948 Dominicorum

2015 3001 2242 3055 operum
2271 2983 2548 3040 exstitisse
2575 2983 2937 3052 prtcnuutiam
2973 2981 3126 3054 (Luc.
3154 2998 3213 3044 tt.
3239 2983 3329 3049 56,
3357 2983 3472 3049 57),
3507 2998 3614 3039 non

2019 3087 2149 3148 puto
2203 3076 2348 3148 quod
2378 3075 2626 3144 juniores
2669 3075 3007 3131 revocandas
3057 3077 3259 3146 putarit
3289 3090 3319 3129 a
3345 3075 3626 3130 viduitatis

312 3171 660 3244 prteclarior,
697 3187 816 3242 quae
846 3171 1082 3227 calorem
1135 3171 1514 3227 adolescentia:
1539 3215 1554 3238 ,
1608 3183 1660 3227 ct
1685 3171 1915 3242 iunioris
1944 3183 1990 3245 ρ
2021 3169 2241 3234 affectu,
2268 3170 2504 3225 maxime
2529 3185 2652 3224 cum
2677 3167 2910 3223 dixerit:
2944 3167 3136 3223 Melius
3162 3178 3234 3223 est
3255 3168 3444 3224 nubere
3467 3185 3621 3238 quam

311 3264 715 3320 fervescentem
770 3265 988 3320 edomat
1033 3266 1210 3320 aetatis
1264 3265 1553 3331 ardorem;
1587 3282 1684 3322 nec
1735 3267 1914 3322 mariti

319 3361 568 3430 gratiam,
603 3375 702 3416 nec
724 3359 973 3415 uberiora
1003 3360 1296 3415 liberorum
1329 3360 1724 3416 oblccmmeuta
1770 3361 1917 3417 desi-

319 3452 558 3508 derans:
588 3468 744 3523 quam
775 3453 1084 3523 queeﬁ‘eta
1113 3453 1225 3525 jam
1255 3470 1508 3525 corpore,
1539 3453 1727 3526 frigida
1752 3470 1914 3511 sene-

323 3555 478 3604 ctute
501 3590 514 3614 ,
549 3558 753 3603 matura
809 3547 931 3614 aevi,
967 3563 1067 3604 nec
1111 3549 1288 3603 calere
1317 3547 1684 3619 voluptatibus
1718 3556 1918 3620 potest,

321 3655 429 3696 nec
457 3657 678 3711 sperare
708 3642 776 3698 de
808 3651 990 3712 partu.

402 3735 489 3791 10.
519 3735 703 3808 Neque
732 3751 860 3792 vero
882 3737 927 3792 si
955 3751 1059 3807 qua
1101 3735 1152 3790 in
1173 3735 1443 3791 secundas
1468 3736 1684 3807 nuptias
1713 3735 1918 3792 incide-

322 3875 529 3932 dictam
559 3887 573 3940 ;
604 3876 832 3946 ipsemet
850 3875 994 3930 enim
1025 3877 1096 3928 ita
1140 3873 1454 3946 subiungit:
1501 3873 1607 3929 Sed
1633 3872 1928 3945 religiosam

323 3944 764 4016 ntulierem,'qua’
790 3949 1128 4016 prteveniente
1163 3944 1288 4010 Deo,
1311 3963 1460 4014 quant
1478 3944 1738 3998 modicam
1764 3947 1816 3998 iu
1839 3961 1930 3998 ca-

325 4036 431 4095 psa
464 4018 710 4095 farinam,
729 4029 829 4071 tam
855 4018 1171 4095 magnmnin
1194 4017 1346 4095 corde
1374 4017 1584 4095 habebat
1611 4017 1785 4086 ﬁdem.

407 4098 434 4160 ρ
473 4089 702 4157 Quidam
733 4104 888 4156 tuss.,
916 4090 1213 4160 parentibus
1235 4090 1431 4158 deferat
1450 4090 1712 4142 honorem.

405 4159 433 4199 ι’
473 4161 565 4216 Sic
590 4163 812 4218 Amerb.
839 4173 894 4216 et
915 4159 1104 4218 emnes
1135 4176 1292 4226 mss.,
1336 4162 1546 4229 aliquot
1576 4162 1843 4227 exceptis,
1875 4159 1928 4213 in

325 4233 532 4305 quibus
561 4234 728 4305 legas,
762 4234 812 4286 in
843 4235 979 4302 ﬁlios
1002 4250 1156 4288 suos:
1180 4248 1292 4305 qua:
1337 4250 1389 4287 se
1432 4234 1601 4303 ipsam
1632 4249 1930 4305 remunera-

327 4317 442 4360 tur.
475 4303 636 4361 liras:
659 4305 793 4361 edit.
821 4321 884 4360 ac
906 4321 1020 4374 seq.
1049 4305 1117 4358 ab
1174 4304 1430 4362 Ambet-b.
1470 4312 1676 4358 tantum
1725 4303 1931 4358 discre-

327 4387 488 4450 pant,
513 4378 654 4445 quod
680 4378 732 4431 in
752 4379 833 4431 Itis
863 4377 1124 4450 particula
1147 4376 1449 4450 sejugulata
1467 4387 1569 4430 est.
1603 4375 1930 4450 Nouatlver-

327 4447 524 4504 terunt
546 4451 752 4504 scilicet
783 4447 1132 4504 Ambrosium
1159 4447 1326 4503 verbo
1349 4448 1668 4503 remunerari
1713 4449 1765 4502 in
1797 4448 1930 4501 acti-

331 4535 406 4576 va
435 4520 831 4590 signiﬁcatione
858 4522 934 4574 uti
955 4521 1198 4590 solitum.

415 4603 435 4629 ε
484 4589 603 4648 Vet.
654 4593 812 4658 edit.,
845 4593 955 4665 ipso
986 4589 1224 4647 Doctoris
1275 4607 1548 4656 sermone;
1578 4591 1768 4658 Rom.,
1822 4592 1936 4660 ipso

335 4663 585 4734 Doctoris
613 4666 838 4734 gentium
865 4663 1116 4717 sermone.

412 4732 438 4770 δ
487 4732 802 4792 Ambrosius
830 4737 970 4790 ltttne
1001 4736 1250 4804 Apostoli
1299 4736 1480 4790 locum
1537 4735 1607 4790 ita
1657 4734 1932 4806 explicat,

332 4809 500 4879 quasi
531 4825 638 4863 non
674 4820 780 4862 tam
835 4810 1244 4876 sexagenariam
1282 4808 1460 4878 exigat
1488 4815 1704 4862 aetatem
1728 4849 1744 4873 ,
1774 4823 1934 4875 quam

335 4883 686 4952 gravitatem,
713 4879 957 4951 aliasque
1002 4881 1229 4952 virtutes
1267 4895 1402 4948 quas
1435 4894 1532 4950 par
1557 4890 1641 4933 est
1674 4879 1856 4952 inesse
1887 4880 1936 4932 itt

335 4950 720 5024 sexagenaria,
737 4968 854 5022 qua:
871 4950 1107 5024 proinde
1135 4953 1250 5006 siin
1271 4953 1463 5024 minori
1479 4959 1637 5024 gutate
1658 4950 1940 5024 reperian-

340 5034 460 5092 tur,
483 5021 550 5078 ἔτι
585 5039 695 5078 non
734 5021 949 5079 excludi
980 5023 1173 5078 debeat
1204 5038 1231 5076 a
1266 5021 1606 5092 professione
1634 5021 1936 5076 viduitatis.

337 5097 714 5167 Hieronymus
753 5110 969 5164 quoque
999 5109 1087 5164 ep.
1115 5095 1179 5150 ad
1207 5094 1427 5149 Furiam
1456 5095 1700 5167 iuniores
1749 5094 1940 5167 viduas

335 5184 370 5224 a
403 5165 570 5226 Paulo
600 5167 754 5237 rejici
805 5167 1076 5220 inticiatur
1105 5207 1119 5228 ,
1149 5167 1352 5222 docens
1389 5167 1439 5218 in
1492 5167 1555 5218 iis
1600 5166 1733 5218 solis
1765 5165 1835 5237 ab
1875 5181 1942 5237 eo

343 5241 555 5308 requiri
579 5236 850 5308 b'O'annos
871 5279 886 5302 ,
917 5254 1037 5308 quae
1093 5237 1348 5292 Ecclesia:
1376 5237 1682 5306 sumptibus
1728 5236 1943 5292 alenda:

340 5307 570 5368 essent:
617 5307 765 5380 quod
797 5307 958 5362 etiam
988 5325 1037 5364 c.
1072 5325 1128 5364 ιιι
1161 5309 1314 5364 Isaiae
1344 5309 1460 5376 ipse
1487 5310 1791 5364 conﬁrmat.
1840 5309 1948 5363 Ne-

340 5399 448 5453 que
481 5385 710 5438 forsitan
759 5381 991 5436 absurde
1045 5382 1134 5435 illo
1167 5381 1473 5435 referantur
1517 5396 1638 5453 cunt
1670 5381 1785 5435 lure
1831 5381 1940 5447 ipsa

344 5451 630 5512 Ambrosii
656 5455 842 5517 verba,
876 5465 984 5506 tum
1013 5453 1294 5522 superiora
1326 5453 1417 5505 illa
1445 5470 1456 5504 :
1513 5451 1712 5519 Quibus
1736 5453 1809 5505 ita
1855 5453 1945 5506 Ito-

344 5526 675 5594 noriﬁcentia
708 5527 855 5597 larga
878 5529 1125 5593 defertur,
1154 5525 1386 5597 utetiam
1415 5523 1479 5577 ab
1509 5524 1766 5597 episcopis
1785 5528 1946 5597 Itono-

345 5610 528 5654 rentur
552 5615 574 5664 ;
606 5611 768 5652 voces
788 5594 931 5650 enim
951 5597 1115 5650 Itonor
1135 5609 1178 5650 et
1200 5594 1591 5666 honoriﬁcentia
1613 5595 1752 5666 apud
1774 5595 1950 5662 scrip-

347 5679 500 5726 tores
549 5668 953 5724 ecclesiasticos
999 5668 1299 5723 subsidium
1346 5682 1454 5738 quo
1503 5667 1622 5736 quis
1651 5665 1704 5720 in
1735 5674 1950 5738 susten-

352 5743 512 5797 tanda
547 5742 655 5794 vita
687 5740 991 5810 adiuvatur,
1026 5738 1350 5810 signiﬁcant.
1409 5740 1476 5793 At
1506 5752 1636 5810 vero
1665 5737 1869 5810 mavult
1900 5737 1952 5810 in

353 5813 452 5871 lib.
484 5815 551 5871 de
580 5802 966 5868 sacris'Ordin.
992 5802 1188 5868 Exire.
1223 5810 1312 5876 to,
1343 5825 1462 5881 cap.
1490 5809 1544 5877 2,
1598 5809 1764 5866 Pater
1797 5802 1957 5864 Hori-

2024 3265 2108 3316 uri
2142 3261 2200 3335 (l
2228 3261 2346 3317 Cor.
2379 3277 2474 3329 vtt,
2508 3260 2587 3332 9).
2619 3261 2752 3316 Nam
2775 3263 2960 3332 utique
2990 3275 3087 3331 pro
3137 3261 3381 3316 remedio
3407 3260 3628 3332 nuptias

2023 3355 2215 3419 suasit,
2242 3365 2299 3408 ut
2322 3354 2558 3422 peritura
2581 3362 2804 3408 sanetur
2838 3370 2850 3405 :
2897 3367 3002 3407 non
3025 3369 3122 3424 pro
3143 3353 3416 3409 electione
3441 3363 3465 3401 8
3486 3368 3622 3424 pra:-

2027 3453 2267 3524 scripsit,
2303 3469 2370 3509 ne
2389 3453 2691 3509 castitatem
2725 3451 3016 3508 continens
3047 3463 3338 3524 sequatur;
3364 3450 3508 3507 aliud
3538 3460 3624 3509 est

2027 3549 2172 3604 enim
2199 3546 2498 3603 subvenire
2521 3547 2746 3614 labenti,
2781 3545 2927 3603 aliud
2961 3546 3192 3602 suadere
3235 3545 3515 3603 virtutem.

2103 3641 2188 3696 15.
2224 3641 2291 3696 Ει
2338 3641 2466 3713 quid
2495 3640 2563 3698 de
2609 3639 2865 3698 humanis
2891 3639 3110 3712 judiciis
3143 3641 3353 3708 loquar,
3387 3657 3508 3696 eum
3545 3641 3627 3697 di-

2022 3735 2397 3806 vinisjudiciis
2451 3735 2504 3790 in
2540 3735 2688 3791 nullo
2742 3736 2960 3807 gravius
2990 3733 3161 3792 Judaei
3187 3734 3486 3799 Dominum
3540 3735 3632 3791 la:-

2037 3888 2136 3925 ntts
2166 3871 2376 3925 ltuncce
2406 3885 2670 3923 annorum
2690 3883 2978 3923 numerum
3009 3885 3116 3925 non
3141 3869 3195 3924 in
3235 3869 3486 3926 omnibus
3510 3886 3634 3940 quae

2041 3944 2307 3997 vitlttalent
2339 3941 2728 3996 continentiam
2778 3942 3196 4009 profiterentur,
3237 3957 3358 3997 esse
3389 3941 3590 3997 debere
3616 3983 3632 4009 ,

2039 4015 2135 4072 sed
2169 4015 2217 4068 in
2254 4015 2318 4068 iis
2352 4023 2558 4067 tantum
2593 4028 2712 4082 qum
2731 4012 2796 4065 ad
2823 4028 3016 4066 munus
3046 4015 3368 4068 diacmtissae
3391 4029 3636 4068 assume-

2037 4097 2246 4142 rentur.
2293 4083 2428 4140 Hinc
2454 4085 2572 4138 illas
2600 4085 2881 4150 eligendae
2910 4087 3126 4154 pra'cipi
3155 4127 3169 4148 ,
3224 4101 3344 4155 qua:
3397 4086 3486 4138 uni
3519 4087 3636 4140 viro

2037 4162 2190 4228 prius
2209 4159 2543 4227 nupsissent.
2564 4156 2733 4225 Negat
2758 4167 2937 4210 autem
2954 4156 3386 4211 Thaumassinus
3406 4157 3629 4227 Discipl.

2038 4231 2188 4286 Eccl.
2242 4239 2380 4299 part.
2415 4244 2454 4292 ι,
2510 4243 2630 4297 cap.
2663 4229 2756 4294 55,
2786 4229 2890 4282 alia
2922 4230 3281 4284 commodiori
3329 4229 3413 4283 via
3445 4228 3636 4284 Patres

2038 4310 2140 4357 ttoc
2173 4303 2289 4356 loco
2321 4299 2610 4355 conciliari
2642 4315 2824 4369 posse,
2873 4316 3033 4370 quant
3066 4302 3110 4354 si
3143 4301 3390 4355 dicamus
3423 4316 3519 4356 eos
3541 4301 3633 4371 qui

2037 4372 2429 4440 Sexageuarias
2479 4371 2672 4426 viduas
2731 4387 2853 4426 esse
2883 4373 3111 4437 volunt,
3159 4372 3544 4442 intelligendos
3568 4372 3638 4427 de

2038 4447 2218 4501 viduis
2245 4444 2349 4500 illis
2376 4459 2497 4511 qua:
2525 4443 2588 4498 ad
2610 4457 2806 4498 munus
2827 4443 3050 4514 aliquod
3075 4443 3508 4500 ecclesiasticum
3539 4444 3641 4499 eli-

1959 4512 2008 4572 Ι)
2034 4525 2291 4589 gerentur
2317 4534 2330 4570 ;
2364 4516 2452 4586 qui
2486 4531 2618 4589 vero
2649 4517 2812 4589 etiam
2845 4512 3035 4589 eadem
3069 4525 3230 4589 actate
3261 4516 3501 4571 minores
3525 4532 3634 4571 nott

2041 4587 2315 4657 rejicittnt,
2345 4604 2440 4644 eos
2469 4587 2538 4642 de
2569 4587 2748 4642 viduis
2779 4587 2949 4642 solam
2977 4588 3282 4642 castitatem
3318 4602 3640 4656 nuncupan-

2041 4661 2185 4716 tibus
2237 4661 2464 4716 loeutos.
2519 4657 2629 4714 Nec
2656 4674 2789 4714 sane
2845 4659 3128 4730 quisquam
3177 4659 3278 4714 sibi
3306 4659 3640 4729 persuadeat

2039 4732 2360 4798 Apostolnm
2388 4775 2401 4796 ,
2452 4744 2520 4786 ne
2552 4731 2729 4786 viduae
2770 4731 2981 4786 debiles
3012 4731 3149 4785 infra
3177 4747 3378 4786 annum
3411 4746 3639 4800 sexage-

2041 4808 2253 4859 narium
2280 4805 2560 4860 alerentur
2591 4803 2661 4858 ab
2691 4802 2954 4868 Ecclesia,
2994 4803 3345 4873 prohibuisse
3370 4819 3384 4868 ;
3412 4819 3534 4858 cum
3581 4801 3634 4857 id

2043 4877 2158 4931 fieri
2193 4883 2377 4946 postea
2403 4876 2454 4929 in
2507 4889 2664 4930 conc.
2697 4890 2746 4929 tv
2780 4874 2964 4930 Cartlt.
3015 4891 3138 4930 can.
3170 4873 3266 4932 101
3303 4883 3354 4930 et
3390 4874 3494 4930 102
3541 4874 3639 4929 dc-

2041 4956 2248 5004 crctum
2277 4946 2457 5003 fuerit.

2119 5023 2144 5051 °
2183 5019 2422 5074 Advorte
2455 5018 2740 5075 Doctorem
2771 5028 3018 5074 nostrum
3063 5017 3438 5073 moderatione
3465 5015 3641 5070 multo

2044 5094 2385 5163 superiorem
2417 5090 2503 5145 hic
2530 5107 2678 5154 esse,
2715 5106 2822 5146 non
2845 5093 3020 5146 solum
3048 5092 3113 5145 iis
3139 5092 3230 5162 qtti
3253 5101 3438 5163 contra
3457 5087 3645 5142 Eccle-

2046 5161 2138 5219 sia:
2169 5165 2497 5219 senteutiam
2543 5164 2765 5218 omnino
2807 5161 3184 5233 proscripscre
3228 5161 3496 5215 secundas
3541 5174 3638 5233 nu-

2047 5236 2206 5305 ptias,
2239 5243 2299 5288 ttt
2321 5235 2687 5289 Tertulliantts
2711 5245 2764 5289 et
2794 5227 2921 5298 alii;
2950 5227 3045 5287 seti
3070 5234 3230 5286 etiam
3264 5241 3510 5305 veterum
3541 5227 3645 5305 Pa-

2047 5302 2187 5362 trum
2222 5322 2327 5360 non
2358 5308 2569 5376 paucis,
2601 5307 2692 5376 qui
2723 5306 2884 5377 paulo
2909 5305 3155 5359 severius
3183 5302 3399 5357 easdem
3422 5304 3638 5373 nuptias

2046 5378 2300 5434 videntur
2333 5380 2734 5450 perstrinxisse.

2125 5451 2143 5488 ί
2187 5444 2358 5515 Εάίιξς
2389 5461 2547 5504 (estus
2577 5451 2919 5519 cupiditatum
2942 5444 3645 5519 fervoremcalentisinﬂamf

2050 5533 2156 5576 mat
2186 5523 2348 5576 a’tatis
2375 5540 2386 5574 ε
2414 5525 2593 5590 aptius
2625 5515 2816 5574 omnes
2841 5515 2972 5572 mss.
2998 5526 3056 5572 ut
3085 5517 3134 5569 itt
3163 5523 3334 5590 textu,
3366 5515 3468 5569 nisi
3496 5515 3642 5586 quod

2051 5595 2191 5648 Tell.
2224 5589 2500 5662 Iegit.,....
2521 5593 2689 5652 [error
2719 5592 3007 5662 inﬂammat
3033 5589 3224 5662 catulis.

2128 5674 2152 5712 π
2191 5655 2396 5719 Onines
2441 5661 2573 5717 edit.
2609 5676 2732 5716 cum
2773 5655 2892 5714 solo
2945 5657 3068 5713 eod.
3119 5655 3257 5713 Teii.
3285 5699 3300 5721 ,
3352 5660 3646 5730 prtereripit

2053 5746 2192 5791 casta
2221 5744 2267 5788 et
2314 5734 2580 5787 continens
2623 5732 2748 5801 quid
2776 5739 3019 5801 sequatur
3061 5745 3079 5784 :
3109 5731 3291 5786 caeteri
3315 5737 3498 5788 autem
3531 5747 3647 5788 mae

2056 5823 2165 5879 gito
2194 5818 2472 5864 consensu
2491 5803 2774 5860 nobiseum
2793 5801 3020 5858 faciunt.
