4054 6306
457 307 564 365 259

1820 302 2064 362 SANC’I‘I
2101 305 2427 368 AMBROSII

3654 309 3764 367 2‘0

457 425 598 480 sisse
629 423 949 494 prodantur,
978 436 1142 494 quam
1171 421 1317 494 quod
1366 419 1544 476 vidum
1573 419 1798 491 gratiam
1825 459 1840 486 ,
1883 417 2060 475 mino—
2085 427 2138 485 Δ
2164 419 2358 496 (Ibid.,
2387 422 2446 494 7)
2471 439 2486 492 ;
2511 433 2571 479 ut
2599 422 2889 496 gloriosius
2915 423 3129 480 scilicet
3152 421 3309 480 [idem
3350 422 3616 480 derelicta
3643 438 3760 480 sero

455 515 835 587 rumquejnra
867 514 1174 572 violarent?
1207 513 1332 570 llaec
1361 511 1698 586 prepheticis
1719 525 1879 567 causa
1903 513 2054 568 voci-

463 611 567 666 bus
596 609 1008 676 conclamatur,
1059 623 1182 680 qua:
1213 608 1468 665 meritum
1511 605 1714 663 ludatis
1744 605 2058 678 rejectionis

459 703 756 760 invexerit.
783 703 910 760 llaec
931 704 1047 760 sola
1071 719 1234 758 causa
1255 702 1438 759 delicti
1461 701 1718 757 invidiam
1744 701 2057 774 mitigatura

461 807 800 853 memoratur
827 797 873 852 si
903 797 1207 852 honoretur
1235 796 1400 852 vidua
1419 838 1434 861 ,
1469 795 1886 865 minoribusque
1915 794 2057 864 atqui

455 889 868 961 justitiajndicii
891 889 1202 956 deferatur;
1227 889 1306 946 sic
1318 889 1464 945 enim
1488 888 1683 943 habes:
1707 887 2057 958 Judicatepu-

461 982 614 1053 pillo,
633 992 681 1038 et
695 982 986 1056 justi/icate
1005 983 1254 1048 viduam;
1281 991 1327 1036 et
1354 981 1536 1047 venite,
1556 981 1906 1052 disputemus,
1931 978 2058 1034 dicit

459 1075 718 1132 Dominus
734 1074 904 1148 (Esai.
921 1091 958 1142 ι,
976 1074 1065 1143 17,
1092 1073 1206 1148 18).
1224 1073 1433 1130 Etalibi
1454 1089 1468 1126 :
1493 1071 1772 1142 Pupillum
1785 1082 1829 1126 et
1845 1071 2056 1125 uiduam

452 1170 700 1240 suscipiet
727 1168 1155 1241 (Psal.cxt.v,9).
1182 1169 1250 1224 Et
1273 1168 1435 1224 alibi:
1475 1165 1695 1222 Viduam
1712 1169 1826 1235 ejus
1847 1164 2059 1220 benedi-

454 1280 576 1320 cens
604 1262 900 1318 benedicam
954 1261 1126 1336 (Psal.
1160 1277 1344 1327 cum,
1399 1257 1516 1332 15).
1549 1258 1610 1315 1η
1640 1273 1749 1330 quo
1790 1257 2056 1314 Eeclcsia:

455 1371 673 1429 quoque
705 1357 873 1428 ligura
898 1357 1238 1427 prmtexitur.
1262 1353 1474 1411 Videtis
1499 1353 1684 1424 igitur,
1738 1361 1944 1408 sancta:
1974 1351 2057 1407 vi-

454 1449 598 1515 dure,
630 1462 968 1519 nequaquam
1002 1445 1218 1502 lubrico
1245 1459 1444 1502 munus
1469 1444 1650 1500 studio
1665 1442 2052 1512 deserendum,

455 1541 600 1614 quod
632 1541 829 1598 divina:
861 1539 1266 1598 benedictionis
1287 1539 1550 1596 subsidiis
1580 1537 1900 1594 honoratur.

1062 1679 1294 1738 CAPUT
1323 1679 1415 1736 Ill.

2161 524 2338 572 varet.

2235 609 2322 666 16.
2349 608 2567 667 Habent
2608 611 2792 682 itaque
2817 626 3011 667 omnes
3039 609 3182 682 quod
3231 609 3515 666 imitentur
3559 624 3762 665 exem-

2164 702 2314 775 plum
2337 746 2352 770 ,
2413 705 2677 776 virgines,
2714 715 2898 776 nuptae
2923 713 2975 760 et
3033 703 3233 760 viduae.
3268 704 3334 760 Et
3354 703 3587 760 fortasse
3640 701 3767 758 ideo

2162 795 2408 852 Ecclesia
2441 797 2615 868 virgo,
2651 806 2842 869 nupta,
2875 798 3040 853 vidua
3067 814 3082 864 ;
3115 797 3237 868 quia
3271 813 3438 854 unum
3469 811 3680 868 corpus
3709 795 3763 851 in

2158 885 2383 945 Christo
2411 901 2558 945 sunt.
2596 890 2720 947 Ila-c
2749 891 2912 962 igitur
2939 891 3034 946 illa
3053 891 3214 947 vidua
3233 901 3339 960 est,
3355 901 3763 964 propterquam

2158 983 2309 1040 verbi
2341 984 2582 1041 cmlestis
2607 985 2831 1042 siccitas
2857 1002 2982 1042 eum
3009 996 3158 1043 esset
3184 987 3238 1042 in
3267 986 3449 1054 terris,
3470 989 3764 1060 propheta:

2158 1087 2287 1134 sunt
2313 1077 2572 1136 destinati
2598 1097 2612 1146 ;
2642 1090 2762 1136 erat
2792 1080 2938 1136 enim
2968 1080 3156 1150 vidua,
3189 1097 3312 1150 qua:
3355 1081 3563 1139 sterilis
3605 1089 3726 1138 crat
3746 1123 3761 1148 ,

2157 1171 2253 1228 sed
2285 1182 2500 1244 partum
2531 1189 2633 1229 suo
2659 1185 2906 1246 tempore
2936 1175 3278 1232 reservabat.

2234 1264 2322 1320 17.
2371 1262 2528 1321 Unde
2558 1280 2662 1322 nee
2697 1265 2850 1322 illius
2891 1268 3051 1324 nobis
3080 1267 3301 1325 videtur
3357 1283 3597 1338 persona
3649 1285 3762 1326 me-

2159 1357 2384 1426 diocris,
2415 1360 2507 1432 qui
2530 1359 2740 1416 aridam
2771 1370 2997 1428 terram,
3035 1362 3190 1419 verbi
3216 1363 3412 1434 rigavit
3439 1379 3567 1420 rore
3597 1365 3766 1421 caele-

2159 1451 2253 1517 sti,
2277 1451 2634 1524 clausumque
2659 1453 2857 1510 caelum
2888 1469 2996 1511 non
3016 1454 3254 1511 humana
3285 1457 3764 1528 uliqnepotestate

2167 1545 2460 1601 rescravit.
2487 1545 2624 1615 Quis
2681 1545 2828 1603 enim
2853 1558 2940 1604 est
2969 1547 3062 1620 qui
3088 1549 3288 1606 caelum
3310 1558 3487 1620 potest
3515 1551 3762 1621 aperire,

2159 1638 2264 1696 nisi
2292 1638 2548 1696 Christus
2573 1683 2588 1708 ,
2613 1641 2701 1696 cui
2731 1641 2980 1712 quotidie
3009 1641 3080 1698 de
3106 1643 3492 1715 peccatoribus
3518 1641 3548 1682 δ
3576 1643 3759 1709 cibus,

2157 1734 2422 1792 Ecclesia:
2445 1735 2697 1794 cumulus
2734 1738 3141 1810 congregatur?
3170 1738 3354 1810 Neque
3383 1739 3529 1796 enim
3559 1737 3761 1795 buma-

453 1817 602 1874 lledit
632 1817 700 1872 ad
729 1817 1109 1890 Sarreptanam
1135 1817 1370 1884 viduam,
1433 1816 1486 1872 in
1515 1831 1616 1887 qua
1637 1813 1886 1870 Ecclesia:
1913 1815 2045 1888 ﬁgu-

2158 1843 2241 1883 na:
2266 1829 2547 1884 facultatis
2575 1839 2660 1886 est
2686 1828 2906 1888 dicere:
2961 1831 3168 1904 Hydria
3189 1833 3378 1906 {arinte
3397 1850 3500 1888 non
3522 1833 3756 1902 deﬁciet,

516 1929 630 1966 ram
653 1912 909 1967 exstitisse
933 1910 1175 1977 ostendit,
1202 1921 1358 1981 atque
1412 1907 1589 1964 Esaiae
1609 1908 1898 1963 testimonia
1925 1923 2050 1962 con-

519 2005 728 2071 ﬁrmat;
755 2002 894 2058 unde
921 2003 1121 2074 colligit
1145 2003 1200 2057 in
1218 2003 1314 2057 illa
1331 2002 1614 2076 uirginibus
1638 2045 1652 2069 ,
1687 2001 1862 2071 nuptis
1886 2017 1947 2054 ac
1975 2000 2050 2054 vi-

516 2095 636 2150 duis
686 2095 947 2166 exemplar
994 2111 1124 2150 esse.
1159 2093 1444 2150 Conversus
1484 2093 1553 2147 ad
1604 2092 1941 2165 praphetam,
1992 2093 2049 2147 in

516 2205 576 2244 eo
621 2185 884 2242 Christum
935 2203 1135 2260 quoque
1159 2186 1510 2258 signiﬁcatum
1532 2185 1692 2250 dicit,
1723 2185 1915 2257 quippe
1960 2185 2048 2254 qui

517 2282 691 2336 diuina
735 2280 980 2352 mysteria
1007 2289 1056 2335 et
1091 2283 1326 2352 futuram
1375 2278 1936 2349 pluviceirrigationem
1981 2277 2049 2332 sit

517 2375 798 2443 pollicitus.
837 2371 1038 2429 Eodem
1063 2373 1215 2428 etiam
1259 2373 1518 2446 geminum
1549 2369 1802 2426 Cedeonis
1829 2370 2040 2442 signum

520 2469 742 2539 refertur
773 2477 928 2538 atque
950 2467 1259 2538 explicatur.
1291 2463 1338 2520 E
1358 2465 1543 2535 quibus
1571 2463 1708 2518 elicit
1746 2479 1839 2518 nec
1865 2465 2047 2537 cujus-

519 2564 594 2619 vis
616 2579 727 2619 esse
777 2562 1033 2618 miracula
1080 2567 1272 2634 facere,
1324 2571 1374 2616 et
1401 2559 1596 2616 Christi
1637 2559 2048 2615 incarnationem

519 2656 926 2730 Judworumque
955 2655 1330 2712 abdicationem
1351 2655 1463 2710 illic
1491 2653 1814 2710 adumbrari.

523 2772 610 2830 14.
665 2773 807 2844 Quid
838 2788 967 2829 vero
998 2771 1151 2838 illud,
1187 2779 1246 2828 ut
1269 2771 1336 2828 ad
1382 2772 1670 2843 superiora
1729 2770 2044 2840 redeamus,

445 2866 592 2938 quod
621 2881 742 2922 cum
761 2867 814 2920 in
843 2864 993 2920 omni
1015 2873 1164 2921 terra
1191 2873 1340 2921 esset
1364 2863 1540 2921 fames
1564 2864 1840 2930 maxima;
1868 2863 2047 2920 viduae

447 2968 626 3014 la'nen
666 2957 778 3014 Deo
807 2972 938 3012 cura
971 2972 1080 3012 non
1108 2954 1313 3020 deluit,
1341 2965 1505 3026 atque
1534 2963 1560 2993 α
1591 2954 1660 3010 ad
1691 2954 1950 3011 alendum
1974 2954 2044 3010 ad

445 3065 564 3104 eam
585 3048 852 3123 propheta
875 3049 1120 3106 directus
1141 3058 1227 3105 est
1253 3047 1356 3119 (111
1386 3047 1514 3119 lleg.
1537 3063 1670 3115 xvu,
1702 3047 1820 3120 14)?
1843 3047 1902 3102 In
1937 3062 2048 3120 quo

446 3165 570 3204 cum
601 3163 690 3204 me
717 3147 1010 3204 admoneat
1040 3145 1301 3200 Dominus
1333 3143 1486 3216 (Luc.
1538 3158 1616 3211 iv,
1643 3141 1760 3215 25),
1795 3141 1940 3214 quod
1991 3143 2044 3198 in

2151 1932 2202 1978 et
2228 1939 2314 1978 vas
2343 1923 2442 1978 olei
2470 1941 2571 1978 non
2614 1923 2819 1994 deﬁciet
2846 1942 3005 1997 usque
3029 1927 3081 1980 in
3110 1926 3245 1982 diem
3269 1969 3286 1996 ,
3313 1945 3414 1998 quo
3437 1927 3588 1983 dabit
3640 1926 3753 1984 Do-

2153 2016 2325 2070 minus
2348 2016 2582 2086 pluviam
2600 2034 2759 2088 super
2786 2028 2976 2074 terram
3003 2019 3107 2093 (111
3137 2019 3267 2095 Reg.
3296 2037 3432 2089 xvn,
3463 2018 3580 2092 ll).
3617 2021 3756 2077 Nam

2150 2108 2281 2164 licet
2309 2124 2426 2165 mos
2455 2110 2530 2165 sit
2557 2109 2632 2165 ita
2665 2111 2882 2182 prmiari
2913 2113 3214 2185 prophetis,
3247 2123 3430 2170 tamen
3463 2115 3583 2171 lucc
3627 2131 3758 2171 vera

2153 2200 2250 2258 Dei
2295 2217 2404 2257 vox
2455 2210 2559 2257 est.
2592 2201 2720 2259 ldeo
2771 2205 3113 2272 praemissum
3147 2215 3270 2262 est:
3323 2205 3460 2275 Quia
3481 2206 3598 2263 haec
3633 2207 3758 2262 dicit

2154 2300 2406 2357 Dominus
2458 2300 2703 2376 (lbid.);
2767 2303 2981 2360 Domini
3009 2303 3159 2362 enim
3197 2313 3286 2362 est
3336 2307 3759 2377 perpetuitatem

2149 2405 2621 2451 sacramentorum
2649 2395 2925 2464 spondere
2949 2397 3255 2454 caelestium
3281 2441 3296 2467 ,
3318 2409 3374 2454 et
3398 2413 3507 2455 non
3535 2397 3761 2456 defutu-

2149 2501 2264 2543 ram
2293 2487 2555 2558 spiritalis
2583 2489 2964 2545 exsultationis
2992 2489 3226 2560 gratiam
3261 2490 3529 2562 polliceri,
3563 2490 3760 2564 largiri

2149 2581 2492 2637 munimenta
2519 2581 2669 2649 vitm,
2700 2582 2826 2640 ﬁdei
2854 2583 3134 2654 signacula
3159 2627 3176 2653 ,
3209 2583 3357 2640 dona
3387 2585 3686 2642 virtutum.

2224 2675 2469 2746 l8.Quid
2498 2685 2814 2736 estautem:
2847 2677 3022 2751 Usque
3048 2679 3103 2733 in
3127 2678 3284 2734 illum
3305 2681 3461 2747 diem,
3478 2698 3588 2752 quo
3617 2681 3760 2738 dabit

2148 2767 2407 2825 Dominus
2441 2771 2672 2843 pluviam
2694 2787 2851 2843 super
2883 2781 3074 2826 terram
3119 2771 3354 2847 (lbid.);
3388 2773 3491 2828 nisi
3516 2774 3654 2846 quia
3702 2783 3757 2830 et

2148 2863 2419 2921 descendet
2449 2864 2581 2919 sicut
2609 2864 2788 2937 pluvia
2810 2865 2868 2922 in
2893 2865 3079 2933 vellus,
3099 2875 3147 2921 et
3174 2867 3310 2921 sicut
3336 2864 3618 2922 stillicidia
3643 2867 3758 2923 stil-
3791 2923 3802 2932 ,

2146 2959 2309 3015 lautia
2350 2975 2504 3032 super
2545 2971 2734 3014 terram
2761 2959 2938 3030 (Psal.
2969 2975 3118 3027 Lm,
3165 2960 3271 3034 6)?
3300 2959 3356 3016 In
3386 2975 3495 3030 quo
3537 2960 3751 3019 veteris

2150 3053 2472 3126 mysterium
2523 3061 2804 3109 reseratur
2851 3051 3096 3109 historiae
3133 3067 3242 3125 quo
3269 3063 3495 3110 sanctus
3522 3053 3757 3112 Gedeon

2149 3145 2365 3218 mystici
2391 3143 2710 3202 certaminis
2737 3143 3037 3215 pra-linter,
3058 3143 3254 3200 futura:
3279 3144 3504 3216 capiens
3535 3144 3758 3218 insigne

445 3241 676 3297 veritate
700 3240 956 3296 dicturus
979 3239 1073 3307 sit,
1100 3235 1168 3294 ad
1192 3237 1516 3309 mysterium
1551 3234 1764 3290 videtur
1785 3234 2048 3290 sollicita—
2072 3227 2119 3292 C
2150 3239 2418 3306 victoriae,
2447 3238 2695 3311 spiritale
2717 3247 3121 3296 sacramentum
3137 3239 3326 3311 vigore
3355 3236 3560 3294 mentis
3590 3254 3759 3310 agno-

447 3350 503 3390 re
526 3349 706 3391 aures.
737 3331 877 3402 Quid
905 3331 1051 3387 enim
1078 3327 1265 3387 verius
1291 3328 1493 3385 Christi
1521 3337 1576 3384 et
1602 3327 1763 3400 190
1783 3325 2045 3383 Ecclesia:

448 3437 626 3498 potest
651 3441 774 3483 esse
812 3423 1124 3499 mysterio?
1173 3423 1290 3479 Non
1323 3423 1488 3494 igitur
1530 3421 1710 3478 otiose
1740 3422 1883 3478 inter
1907 3422 2047 3478 mul-

446 3533 528 3578 tas
554 3521 744 3578 viduas
772 3536 875 3576 una
904 3518 1218 3590 praefertur.
1249 3518 1382 3588 Quae
1401 3518 1548 3575 enim
1582 3516 1709 3573 talis
1733 3558 1748 3585 ,
1781 3516 1848 3572 ad
1879 3532 2042 3589 quam

447 3623 633 3670 tantus
658 3613 950 3688 propheta,
979 3611 1074 3684 qui
1096 3610 1164 3667 ad
1183 3611 1382 3668 caelum
1408 3619 1599 3682 raptus
1624 3619 1729 3677 est,
1753 3609 2043 3682 dirigatur,

447 3726 514 3764 co
565 3708 865 3778 praesertim
914 3716 1160 3777 tempore
1187 3705 1404 3777 quando
1425 3705 1671 3762 clausum
1711 3713 1796 3761 est
1845 3704 2045 3760 cmlum

445 3801 607 3858 annis
634 3800 808 3856 tribus
834 3809 889 3856 et
911 3797 1192 3856 mensibus
1222 3812 1342 3866 sex,
1371 3814 1494 3854 cum
1522 3799 1658 3852 facta
1697 3805 1845 3854 esset
1871 3795 2046 3854 fames

443 3910 639 3968 magna
678 3894 734 3950 in
759 3893 910 3950 omni
944 3891 1134 3950 terra?
1164 3891 1375 3964 Ubique
1398 3906 1534 3964 ergo
1564 3890 1742 3947 fames
1784 3899 1907 3947 erat
1933 3932 1948 3956 ,
1983 3904 2041 3948 et

444 3988 624 4044 adhuc
653 3998 831 4043 tamen
861 3985 978 4042 hmo
999 3985 1160 4042 vidua
1178 4001 1286 4041 non
1316 3985 1530 4057 egebat.
1562 3983 1667 4052 Qui
1693 3993 1821 4040 sunt
1843 3982 1901 4038 bi
1929 3992 2043 4040 tres

445 4083 604 4138 anni?
633 4080 716 4140 Ne
764 4079 908 4138 forte
955 4079 1034 4136 illi
1061 4079 1261 4151 quibus
1289 4078 1553 4135 Dominus
1583 4077 1733 4134 venit
1759 4077 1814 4132 in
1846 4084 2040 4142 terras,

445 4186 500 4231 et
529 4177 765 4231 fructum
815 4175 868 4230 in
901 4173 1134 4230 liculnca
1165 4173 1413 4229 invenire
1460 4186 1567 4226 non
1624 4170 1838 4240 potuit,
1889 4171 2042 4240 juxta

445 4267 586 4329 quod
611 4267 877 4338 scriptum
928 4274 1018 4324 est
1057 4283 1070 4320 :
1099 4265 1238 4320 Ecce
1259 4265 1384 4319 anni
1426 4273 1527 4318 tres
1546 4272 1682 4331 sunt,
1717 4279 1782 4318 ex
1803 4279 1905 4334 quo
1925 4263 2042 4318 ueni

445 4375 674 4430 guwrens
687 4361 912 4430 fructum
928 4358 984 4412 in
995 4357 1218 4428 ﬁculnea
1235 4356 1356 4422 hac,
1371 4364 1418 4409 et
1433 4371 1533 4410 non
1547 4353 1748 4410 invenio
1760 4353 1813 4426 (Ι
1821 4355 1926 4410 bid.
1937 4355 1990 4423 ,7
1997 4371 2040 4425 ).

521 4451 608 4507 15.
637 4450 763 4505 llaec
785 4459 870 4505 est
914 4450 1163 4520 proiecto
1201 4448 1362 4505 vidua
1393 4448 1485 4504 illa
1509 4489 1526 4517 ,
1577 4447 1648 4504 de
1673 4464 1778 4519 qua
1833 4447 2040 4505 dictum

445 4550 532 4598 est
551 4560 565 4598 :
588 4540 808 4611 Lwtare,
832 4542 1024 4596 sterilis
1043 4557 1158 4614 qua:
1171 4557 1272 4596 non
1294 4541 1456 4614 paris,
1477 4557 1691 4610 erumpe
1707 4551 1756 4596 et
1777 4541 2038 4610 exclama,

2147 3332 2246 3399 vit,
2275 3331 2514 3404 pluviam
2543 3331 2690 3388 illam
2712 3331 2875 3388 Verbi
2904 3347 3087 3388 rorem
3108 3346 3234 3388 esse
3253 3329 3457 3388 divini:
3489 3347 3622 3404 quae
3646 3331 3756 3403 pri-

2152 3440 2246 3482 mo
2276 3423 2416 3496 pluit
2445 3423 2500 3478 in
2530 3423 2731 3493 vellus,
2762 3439 2886 3480 eum
2908 3433 3056 3482 terra
3104 3424 3285 3481 omnis
3314 3424 3610 3497 perpetuis
3648 3425 3756 3480 sic-

2147 3518 2406 3574 citatibus
2437 3525 2697 3574 aestuaret
2723 3532 2738 3572 :
2769 3516 3012 3574 secundo
3036 3516 3390 3574 veroindieio
3416 3528 3438 3558 ο
3477 3519 3756 3576 universae

2151 3619 2313 3668 terra:
2334 3626 2515 3666 aream
2540 3611 2660 3667 fuso
2676 3610 2850 3668 imbre
2871 3609 3190 3680 madefecit,
3216 3626 3341 3668 cum
3361 3609 3588 3669 siccitas
3607 3618 3758 3669 esset

2149 3706 2206 3764 in
2235 3707 2444 3764 vellere
2482 3705 2682 3779 (Judic.
2712 3721 2790 3774 vt,
2823 3706 2892 3762 77
2917 3715 2966 3761 et
2987 3705 3147 3778 seq.).

2236 3800 2324 3857 l9.
2359 3799 2618 3856 Advertit
2646 3799 2796 3856 enim
2842 3799 2924 3856 vir
2951 3813 3230 3871 praesagus
3269 3797 3465 3856 lutum
3487 3798 3755 3858 Ecclesia:

2148 3893 2451 3949 crescentis
2495 3891 2729 3964 insigne.
2757 3891 2892 3948 Nam
2942 3893 3119 3962 primo
3141 3891 3284 3948 intra
3313 3891 3558 3949 Judmam
3598 3893 3752 3966 191

2150 3984 2320 4042 divini
2370 3985 2536 4056 cmpit
2579 3999 2674 4040 ros
2703 3985 2975 4040 sermonis
3003 3983 3322 4040 humeseere
3375 3983 3579 4056 (notus
3609 3986 3752 4041 enim

2154 4076 2326 4150 (Psal.
2351 4074 2574 4150 Lxsvﬁ)
2598 4077 2652 4132 in
2663 4075 2696 4131 Ι
2704 4076 2852 4132 udam
2868 4075 3030 4148 Deus)
3050 4091 3173 4132 cum
3197 4073 3223 4113 ἀ
3250 4076 3402 4132 arida
3434 4074 3562 4132 ﬁdei
3591 4076 3756 4132 totius

2149 4169 2299 4226 orbis
2327 4168 2582 4225 universa
2615 4177 2759 4224 terra
2786 4178 3054 4224 maneret.
3083 4166 3190 4225 Sed
3213 4167 3303 4224 ubi
3333 4166 3540 4238 Josepb
3559 4183 3756 4241 greges

2151 4262 2324 4320 Deum
2375 4277 2577 4335 negare
2611 4271 2938 4334 coeperunt,
2980 4267 3038 4318 et
3063 4275 3202 4317 ausu
3247 4259 3400 4317 vario
3431 4259 3752 4317 immanium

2149 4355 2476 4414 delictorum
2515 4355 2842 4412 contrahere
2860 4354 3160 4412 divinitatis
3179 4353 3441 4411 oliensam
3457 4396 3472 4420 ,
3506 4364 3638 4410 tunc
3657 4370 3755 4427 per

2152 4461 2344 4505 omnes
2359 4459 2533 4504 terras
2547 4446 2667 4504 fuso
2685 4445 2879 4504 imbris
2895 4462 3020 4504 rore
3033 4446 3561 4519 ctelestis,p0pulus.l
3571 4447 3753 4504 uda-o-

2149 4557 2268 4597 rum
2295 4550 2433 4597 testu
2463 4539 2707 4611 perﬁdia:
2750 4555 2863 4596 sua:
2889 4541 3056 4612 coepit
3077 4556 3352 4610 arescere,
3384 4540 3510 4597 cum
3563 4541 3753 4598 Eccle-

443 4651 555 4704 qua:
574 4652 680 4690 non
724 4635 988 4706 parturis;
1031 4635 1275 4706 quoniam
1319 4634 1471 4690 multi
1494 4633 1595 4704 ﬁlii
1623 4633 1832 4689 deserta:
1875 4635 2041 4708 magis
2067 4626 2123 4688 D
2147 4635 2283 4690 siam
2312 4642 2557 4690 sanctam
2589 4649 2653 4688 ex
2675 4633 2933 4690 omnibus
2962 4643 3226 4691 terrarum
3255 4635 3502 4705 partibus
3520 4649 3750 4707 congre-

445 4745 596 4802 quam
647 4731 762 4802 ejus
799 4744 913 4798 qua:
941 4728 1091 4784 habet
1127 4728 1294 4784 uirum
1333 4725 1503 4801 (Esai.
1534 4743 1643 4796 LIV,
1674 4726 1751 4798 1).
1783 4726 1855 4782 Ει
1899 4727 2040 4784 bene

447 4829 631 4898 vidua,
671 4827 760 4884 cui
786 4826 931 4881 bene
951 4823 1188 4880 dicitur:
1218 4821 1530 4894 Ignominia:
1557 4831 1602 4877 et
1633 4822 1898 4878 viduttatis
1941 4831 2044 4879 tua:

443 4941 545 4980 non
571 4925 674 4979 eris
703 4935 938 4986 memor;
969 4917 1094 4990 quia
1112 4933 1203 4988 ego
1229 4913 1484 4972 Dominus
1501 4915 1588 4987 qui
1615 4915 1752 4986 facio
1772 4926 1820 4971 te
1845 4913 2038 4988 (lbid.,

447 5018 503 5083 4,
540 5019 620 5090 5).
661 5017 730 5073 Et
769 5015 1002 5070 fortasse
1036 5011 1159 5068 ideo
1215 5009 1402 5079 vidua,
1434 5025 1556 5080 qua:
1595 5009 1778 5065 amisit
1820 5009 2042 5081 quidem

439 5111 641 5176 virum,
677 5105 978 5164 secundmn
1005 5104 1256 5176 corporis
1283 5101 1616 5174 passionem;
1645 5101 1812 5159 sedin
1842 5102 1934 5160 die
1955 5103 2046 5174 ju-

442 5201 598 5272 dicii,
629 5201 832 5260 Filium
856 5196 1093 5256 hominis
1129 5211 1291 5269 quem
1330 5194 1584 5252 amisisse
1625 5199 1739 5252 visa
1781 5206 1902 5265 est,
1947 5213 2034 5256 rec

435 5302 656 5368 ceptura
685 5290 952 5364 :Tempus
1008 5288 1145 5346 enim
1194 5286 1362 5356 breve,
1411 5286 1617 5359 inquit,
1675 5287 1923 5360 dereliqui
1984 5298 2032 5346 te

510 5463 538 5492 ι
574 5453 721 5510 Edit.
757 5467 954 5510 omnes
990 5465 1116 5509 enm
1155 5447 1275 5506 solo
1317 5461 1424 5504 ms.
1479 5448 1617 5506 Tell.
1643 5493 1658 5519 ,
1690 5450 1760 5506 ad
1787 5450 2030 5508 alendam

437 5541 654 5668 inﬁnita
689 5597 932 5668 plerique
953 5609 1112 5668 mss.;
1135 5592 1270 5668 edit.
1296 5607 1430 5668 vero
1453 5591 1661 5668 eteod.
1693 5593 1860 5668 Tell.,
1885 5595 2030 5668 cibus

436 5661 948 5736 Ecclesice'cumulo;
975 5661 1115 5724 alius
1131 5665 1318 5737 etiam,
1335 5665 1480 5722 cibus
1499 5661 1752 5724 Ecclesia:
1776 5667 2020 5735 cumulis,

435 5750 544 5852 me.
573 5810 710 5894 Cod.
745 5810 914 5882 Tell.,
949 5811 1187 5872 universa
1215 5819 1524 5881 terrarum;
1551 5808 1648 5870 alii
1674 5810 1921 5870 nonnulli
1966 5818 2025 5870 et

129 5982 461 6088 ﬂ

2145 4734 2327 4798 gatam
2357 4725 2694 4798 prophetica:
2723 4727 2896 4782 nubes
2925 4735 2981 4782 et
3025 4726 3283 4784 salutaris
3314 4726 3496 4784 imber
3530 4735 3750 4798 aposto-

2143 4819 2285 4876 licus
2331 4819 2641 4892 irrigarent.
2690 4818 2820 4876 Haec
2845 4829 2929 4876 est
2959 4819 3050 4875 illa
3084 4821 3264 4892 pluvia
3317 4836 3425 4877 non
3478 4831 3748 4878 terrarum

2143 4914 2396 4979 humida,
2431 4931 2538 4969 non
2568 4913 2835 4970 nebuloso
2859 4923 2882 4952 ε
2908 4926 3168 4972 concreta
3199 4916 3488 4979 montium.
3513 4915 3612 4972 sed
3641 4930 3750 4973 ca:-

2144 5009 2362 5067 lestium
2386 5008 2792 5080 Scripturarum
2813 5008 3017 5066 salubri
3038 5025 3135 5082 per
3160 5021 3333 5068 totum
3354 5011 3546 5069 orbem
3568 5012 3748 5069 imbre

2145 5103 2365 5160 dill'usa.

2210 5197 2302 5254 20.
2335 5197 2652 5256 Ostenditur
2692 5197 2857 5270 igitur
2884 5198 3136 5270 exemplo
3181 5213 3292 5256 non
3337 5199 3580 5256 omnium
3622 5212 3748 5256 esse

2135 5289 2340 5348 divina:
2370 5290 2568 5348 mereri
2589 5290 2848 5348 miracula
2877 5291 3188 5363 potestatis,
3212 5291 3310 5351 sed
3334 5306 3526 5350 eorum
3549 5291 3748 5366 quibus

2135 5451 2296 5520 edit.,
2328 5455 2622 5510 universam
2651 5463 2864 5511 terram.

2209 5526 2238 5564 (ί
2265 5527 2464 5582 Omnes
2499 5527 2657 5590 edit.,
2682 5527 2832 5582 arido
2858 5527 2984 5598 ﬁdei
3021 5528 3178 5585 totius
3205 5527 3344 5586 orbis
3373 5527 3614 5585 universa
3639 5537 3748 5583 tor-

2131 5607 2341 5670 rerent;
2387 5611 2580 5653 (uttues
2636 5613 2770 5670 mss.
2803 5609 3044 5670 excepto
3087 5600 3225 5657 Tell.
3259 5609 3319 5654 ut
3371 5601 3425 5655 in
3483 5609 3658 5666 textu,
3687 5608 3746 5656 et

2130 5669 2294 5739 paulo
2321 5680 2440 5739 pom
2469 5683 2661 5726 manes
2683 5668 2842 5735 edit.,
2864 5679 2916 5724 et
2943 5668 3076 5726 ausu
3103 5671 3330 5742 nefario,
3357 5686 3551 5729 omnes
3581 5686 3738 5738 mss,

2127 5751 2177 5797 et
2205 5757 2340 5796 ausu
2369 5747 2534 5796 uario.

2203 5821 2228 5852 θ
2253 5811 2385 5871 Mss.
2405 5813 2638 5886 aliquot,
2659 5821 2968 5886 congregata
2995 5815 3267 5872 montium.
