4054 6306
317 360 422 418 241

1533 356 1621 414 DE
1662 355 1887 415 VIDUIS
1923 353 2131 413 LIBER
2175 352 2377 413 UNUS.

3527 355 3635 415 242

327 479 625 550 religiosa:
673 479 976 536 devotionis
1005 477 1177 534 studia
1223 476 1622 548 sulfragentur:
1674 486 1728 530 et
1767 475 1933 530 divini
1961 481 2011 542 Α
2041 471 2365 528 conducunt.
2392 471 2447 525 In
2477 469 2580 526 hoc
2619 469 2879 526 Ecclesiae
2908 481 2991 526 est
3011 469 3240 541 opulens
3267 469 3286 510 τ
3311 471 3623 544 disciplina,

318 588 417 628 eos
470 572 654 628 fructu
700 575 882 643 operis
911 570 1170 636 abdicari,
1202 571 1289 640 qui
1315 571 1634 625 reverentiae
1661 579 1790 624 sunt
1817 584 1928 625 c03-

319 665 479 721 lestis
509 675 784 720 exsortes.
808 663 1126 720 Ostenditur
1169 663 1334 719 etiam
1388 664 1440 718 in
1475 663 1758 735 mysterio,
1783 662 1925 733 quod

319 759 385 814 ad
414 757 825 813 instaurandum
852 758 1172 824 Ecclesiam,
1196 757 1287 810 Dei
1313 756 1715 811 Filiushumani
1733 769 1928 826 corpo-

318 855 395 910 ris
419 863 446 892 α
473 867 822 910 sacramenta
852 851 1177 924 susceperit,
1208 851 1460 907 abdicato
1485 851 1686 921 populo
1712 849 1928 904 Judmo-

318 963 465 1014 rum,
492 948 691 1016 quibus
722 947 1067 1003 consiliarius
1109 955 1162 1002 et
1196 945 1460 1017 propheta
1484 943 1656 1018 (Esai.
1692 959 1770 1010 ιιι,
1797 943 1848 1010 1,
1879 954 1926 997 et

319 1041 482 1116 seq.),
512 1043 1016 1113 beneticioruntque
1037 1041 1287 1111 adempta
1309 1051 1434 1095 sunt
1463 1041 1724 1094 miracula
1745 1038 1924 1093 Domi-

319 1135 606 1202 nicorum;
637 1150 704 1191 eo
725 1135 869 1206 quod
892 1133 920 1174 δ
951 1135 1125 1190 civico
1164 1133 1398 1206 quodam
1428 1132 1645 1190 invidia:
1689 1147 1842 1188 nzevo
1869 1132 1922 1186 in

324 1231 416 1288 Dei
443 1229 644 1286 Filium
667 1231 892 1288 credere
922 1230 1232 1286 noluerunt.

961 1346 1190 1405 CAPUT
1231 1345 1321 1402 Ν.

323 1449 512 1517 Qualis
540 1450 814 1506 viduarum
865 1451 970 1506 vita
1022 1468 1129 1507 esse
1161 1451 1359 1517 debeat,
1409 1449 1651 1522 patefacit
1689 1449 1923 1520 exemplo

389 1546 556 1600 Anna:
573 1562 592 1601 :
617 1562 770 1617 quam
797 1546 850 1601 in
876 1546 1096 1619 singulis
1117 1546 1222 1601 suis
1249 1545 1506 1612 tatatibus,
1527 1545 1777 1600 castitatis
1801 1560 1921 1616 spe-

389 1638 556 1692 cimen
605 1637 827 1692 edidisse
855 1637 1187 1692 demonstrat.
1231 1635 1510 1707 Triplicem
1553 1652 1616 1690 ex
1639 1636 1718 1690 his
1740 1635 1923 1689 astruit

386 1731 623 1806 ejusdem
650 1732 848 1786 virtutis
877 1731 1100 1803 gradum
1130 1747 1259 1798 esse,
1291 1747 1415 1802 gnos
1467 1730 1658 1803 gradus
1692 1728 1922 1783 Ecclesia

387 1841 566 1880 omnes
585 1824 932 1893 amplectitur,
964 1841 1054 1880 nec
1082 1842 1185 1880 non
1230 1825 1446 1895 singulis
1465 1822 1772 1894 exemplain
1796 1822 1916 1877 Ma—

385 1919 486 1984 ria,
522 1918 575 1971 in
620 1918 769 1972 Anna
800 1927 950 1989 atque
986 1919 1041 1972 in
1068 1917 1310 1974 Susanna
1356 1919 1617 1990 proponit.
1649 1917 1808 1971 Addit
1839 1927 1917 1970 ta-

385 2028 504 2066 nien
533 2011 653 2065 aliis
682 2011 876 2065 duobus
908 2021 1153 2081 pt‘wstarc
1179 2022 1370 2066 statum
1395 2011 1722 2082 virginitatis,
1749 2009 1916 2064 vidua:

383 2113 556 2159 autent
599 2119 780 2158 curam
821 2104 1086 2160 servanda:
1134 2106 1289 2176 fama:
1315 2109 1566 2176 majorem
1611 2120 1718 2160 esse
1761 2120 1917 2175 opor-

391 2208 515 2254 tere.

382 2335 475 2390 2|.
512 2335 703 2392 Docuit
724 2336 886 2408 igitur
915 2336 1233 2408 Scripturac
1253 2348 1511 2410 quantam
1531 2340 1755 2396 collatio
1785 2354 1917 2395 con-

307 2430 454 2485 ferat
473 2431 726 2501 gratiam,
757 2439 1018 2502 quantum
1046 2433 1208 2486 etiam
1237 2434 1308 2487 sit
1355 2449 1549 2489 munus
1591 2433 1790 2488 divina:
1821 2434 1917 2490 be-

307 2523 648 2578 ncdictionis
679 2524 731 2578 in
765 2523 959 2579 viduis.
991 2525 1198 2592 Quibus
1245 2527 1503 2598 quoniam
1554 2527 1917 2583 honoriﬁcen-

311 2616 388 2670 tia
419 2630 449 2670 a
500 2615 614 2670 Deo
645 2625 790 2670 tanta
816 2617 1116 2684 confertur,
1151 2627 1233 2672 cst
1295 2618 1586 2673 advertere
1615 2618 1792 2687 qualis
1819 2619 1916 2674 de-

309 2709 442 2764 beat
463 2709 569 2763 vita
590 2719 933 2780 competere;
965 2711 1125 2766 docet
1146 2712 1292 2766 enim
1323 2711 1477 2766 Anna
1508 2712 1696 2783 quales
1725 2711 1916 2767 deccat

305 2817 437 2858 esse
485 2803 698 2872 viduas,
722 2820 843 2874 qua:
891 2804 1184 2859 immaturo
1237 2805 1416 2859 mariti
1449 2805 1602 2860 obitu
1630 2804 1916 2872 destituta,

307 2908 542 2953 matura:
566 2908 744 2952 tamen
771 2895 1074 2953 dadoream
1117 2899 1290 2953 laudis
1322 2898 1569 2954 invenit:
1599 2914 1704 2954 non
1736 2901 1916 2954 minus

306 2994 592 3064 religionis
623 2993 823 3060 officio,
855 3009 1013 3064 quam
1039 2993 1221 3048 studio
1249 2994 1515 3048 castitatis
1571 2995 1801 3050 intenta.
1825 2994 1917 3049 Vi-

306 3086 446 3151 dua,
476 3085 690 3157 inquit,
741 3088 1017 3157 octoginta
1066 3095 1120 3141 et
1170 3097 1400 3157 quatuor
1439 3089 1916 3155 annorum,vidua

306 3195 436 3252 qua:
468 3196 576 3235 non
609 3179 915 3236 discederet
939 3179 1008 3236 de
1032 3183 1257 3251 templo,
1284 3182 1442 3237 vidua
1467 3199 1588 3253 qua:
1616 3183 1839 3253 jejuniis
1861 3192 1918 3239 et

2032 566 2175 637 quod
2207 581 2341 636 quos
2395 564 2672 636 praeferat,
2703 564 2900 618 habet:
2942 580 3079 634 quos
3135 566 3367 636 rejiciat,
3397 584 3502 626 non
3538 568 3633 622 ha-

2029 659 2121 715 bet
2148 676 2162 724 ;
2195 669 2358 728 atque
2385 660 2591 712 utinam
2627 657 2833 712 habere
2861 672 3153 728 numquam
3191 659 3396 727 possit!
3427 657 3504 712 Ita
3536 659 3635 729 igi-

2029 763 2115 810 tur
2141 753 2504 824 virginitatem
2537 753 2976 824 prmdicavimus,
3002 761 3063 807 ut
3087 751 3277 808 viduas
3303 769 3408 808 non
3443 753 3636 824 rejice-

2028 861 2215 902 remus
2247 863 2259 899 :
2296 846 2370 900 ita
2412 846 2600 901 viduas
2632 845 2989 910 honoramus,
3027 854 3085 898 ut
3115 859 3246 899 suus
3299 845 3472 900 honos
3502 861 3635 902 con-

2021 938 2175 1008 jugio
2222 947 2556 994 reservetur.
2604 937 2725 993 Non
2783 945 2968 992 nostra
3016 935 3121 992 hoc
3166 947 3436 1008 prmcepta
3466 979 3481 1006 ,
3533 939 3629 995 sed

2027 1031 2209 1086 divina
2238 1030 2544 1086 testimonia
2583 1029 2800 1084 docent.

2096 1122 2189 1178 24.
2218 1122 2657 1180 Reminiscamur
2707 1123 2889 1194 itaque
2939 1123 3397 1191 quemadmodum
3437 1123 3629 1190 Maria,

2025 1217 2480 1288 quemadmodum
2523 1217 2698 1284 Anna,
2728 1214 3184 1287 quemadmodum
3231 1216 3479 1271 Susanna
3513 1217 3629 1270 lau-

2024 1312 2244 1367 dentur.
2296 1311 2402 1366 Sed
2447 1312 2706 1381 quoniam
2761 1324 2868 1365 non
2908 1308 3097 1365 laudes
3143 1324 3331 1365 earum
3392 1318 3633 1364 tantum-

2027 1405 2192 1461 modo
2238 1405 2599 1476 przedicandze
2648 1412 2806 1469 sunt,
2834 1403 2930 1459 sed
2962 1403 3262 1474 disciplina:
3297 1404 3461 1458 etiam
3507 1411 3634 1457 sunt

2026 1499 2346 1569 sequendae,
2382 1497 2798 1552 reminiscamur
2821 1495 2912 1550 tibi
2943 1496 3189 1551 Susanna
3218 1494 3382 1566 (Dan.
3409 1512 3524 1561 xm,
3550 1495 3630 1565 7),

2025 1591 2114 1645 ubi
2142 1591 2302 1647 Anna
2351 1589 2503 1662 (Luc.
2538 1605 2606 1656 ιι,
2656 1589 2775 1660 58),
2806 1589 2901 1644 ubi
2942 1589 3109 1644 Maria
3143 1588 3298 1660 (Luc.
3340 1588 3496 1660 t,28)
3523 1591 3634 1644 sint

2025 1693 2258 1752 repertae
2305 1694 2406 1740 :et
2478 1683 2826 1739 advertamus
2895 1683 3350 1753 quemadmodum
3406 1684 3632 1753 singulae

2024 1778 2169 1848 aptis
2219 1777 2470 1832 laudibus
2509 1776 2895 1848 przcdicentur,
2928 1784 2985 1830 et
3031 1775 3252 1830 ubinam
3293 1790 3633 1830 commeren-

1950 1882 1994 1941 Β
2024 1879 2112 1925 tur
2142 1879 2200 1924 τε
2227 1879 2391 1942 nupta
2443 1871 2494 1924 in
2527 1868 2803 1939 paradiso,
2834 1867 2992 1922 vidua
3027 1867 3080 1921 in
3120 1867 3348 1936 templo,
3395 1867 3549 1936 virgo
3575 1867 3629 1919 in

2021 1973 2256 2020 secreto.

2089 2057 2181 2112 25.
2207 2055 2314 2111 Sed
2343 2055 2395 2110 in
2425 2055 2530 2110 illis
2553 2055 2757 2110 tardior
2775 2054 3007 2120 fructus,
3026 2054 3078 2109 in
3102 2054 3310 2124 virgine
3331 2051 3628 2108 maturior:

2019 2149 2142 2204 illas
2168 2155 2426 2204 senectus
2457 2148 2673 2217 probat,
2706 2146 2992 2217 virginitas
3022 2146 3141 2201 laus
3168 2146 3345 2200 aetatis
3376 2153 3499 2211 est;
3528 2160 3631 2200 nec

2019 2242 2328 2311 adjumenta
2358 2240 2556 2310 qumrit
2586 2255 2878 2303 annorum,
2900 2255 3021 2310 qua:
3044 2238 3292 2294 omnium
3314 2247 3399 2293 est
3421 2239 3629 2294 fructus

2019 2345 2263 2393 aetatum.
2308 2333 2752 2390 Adolescentiam
2805 2333 3003 2400 decet,
3050 2333 3389 2403 juventutem
3442 2339 3627 2397 ornat,

2018 2427 2314 2498 ampliﬁcat
2343 2435 2682 2483 senectutem
2724 2427 3025 2497 :omnique
3074 2440 3190 2480 mvo
3217 2423 3627 2495 habetjustitiae

2019 2537 2134 2577 suae
2185 2536 2355 2577 cauos
2380 2564 2394 2586 ,
2451 2521 2820 2576 maturitatem
2853 2518 3158 2592 gravitatis,
3186 2520 3432 2574 velamen
3460 2518 3632 2588 pudo-

2018 2616 2116 2682 ris,
2149 2613 2174 2651 ιι
2199 2632 2320 2686 qua:
2347 2615 2692 2671 devotionem
2735 2629 2844 2669 non
2875 2613 3154 2684 impediat,
3184 2611 3504 2682 religionem
3534 2627 3628 2666 au-

2016 2721 2161 2780 geat.
2189 2709 2540 2766 Advertimus
2570 2709 2718 2765 enim
2749 2723 2816 2773 ex
2855 2708 3218 2778 sequentibus
3245 2708 3368 2778 quia
3399 2715 3628 2778 quotan—

2019 2803 2104 2857 nis
2128 2802 2180 2856 in
2208 2802 2294 2857 die
2325 2802 2552 2858 solemni
2601 2801 2824 2856 Pascha:
2851 2809 3041 2856 sancta
3081 2801 3246 2855 Maria
3277 2816 3398 2856 cum
3416 2799 3622 2869 Joseph

2021 2893 2360 2948 Hierusalem
2415 2893 2635 2963 petebat
2662 2891 2820 2964 (Luc.
2871 2908 2932 2959 ιι,
2980 2894 3095 2961 Μ).
3128 2892 3338 2961 Ubique
3393 2891 3623 2961 impigra

2017 2986 2259 3052 devotio,
2289 2985 2490 3057 ubique
2539 2985 2792 3040 assiduus
2833 2985 3043 3056 Virgini
3074 3000 3262 3040 comes
3287 2985 3510 3056 pudoris
3532 2983 3625 3038 ad-

2013 3079 2280 3150 jungitttr.
2307 3078 2419 3134 Nec
2447 3078 2667 3133 inﬂatur
2698 3079 2909 3133 Domini
2934 3087 3128 3145 mater,
3160 3078 3313 3148 quasi
3341 3092 3530 3132 secura
3556 3081 3624 3132 de

2020 3173 2264 3228 meritis:
2289 3172 2386 3227 sed
2420 3188 2527 3242 quo
2575 3171 2827 3226 meritum
2859 3170 3033 3241 magis
3080 3170 3318 3240 agnovit,
3343 3184 3410 3224 eo
3436 3179 3620 3223 votum

306 3273 790 3330 obsecrationibus
833 3273 922 3330 die
975 3289 1041 3328 ac
1085 3284 1247 3330 nocte
1291 3276 1525 3330 serviret
1550 3273 1702 3348 (Luc.
1731 3291 1790 3344 ιι,
1821 3275 1909 3344 56,
1940 3279 1985 3342 C
2019 3267 2238 3322 uberius
2285 3265 2538 3330 exsolvit,
2569 3263 2812 3320 officium
2869 3263 3148 3334 copiosius
3177 3263 3393 3330 detulit,
3424 3277 3623 3318 munus

310 3366 434 3437 ξπ).

390 3460 480 3514 ‘29..
502 3459 663 3516 Vides
685 3459 864 3532 qualis
893 3461 1054 3517 vidua
1072 3461 1422 3534 pne-dicetur,
1449 3461 1612 3516 unius
1633 3461 1732 3516 viri
1757 3475 1914 3526 uxor,

313 3553 498 3606 mtatis
524 3567 738 3623 quoque
785 3554 896 3623 jam
945 3555 1168 3624 probata
1198 3569 1478 3626 processu,
1509 3564 1531 3592 ο
1572 3553 1752 3608 vivida
1785 3553 1917 3608 reli-

307 3646 558 3717 gioni,et
579 3647 738 3703 effeta
763 3647 874 3718 jam
894 3664 1123 3719 corpore
1149 3671 1161 3707 :
1192 3651 1276 3705 cui
1301 3649 1664 3705 diversorium
1689 3649 1744 3703 in
1777 3657 1913 3704 lein-

305 3740 423 3810 plo,
463 3740 795 3812 colloquium
830 3742 883 3796 in
931 3757 1114 3812 prece,
1147 3743 1255 3796 vita
1284 3742 1337 3796 in
1375 3743 1616 3813 jejunio:
1648 3756 1770 3812 qua:
1794 3740 1915 3795 die-

302 3850 431 3890 rum
486 3836 833 3906 noctiumque
877 3834 1212 3906 temporibus
1263 3835 1551 3890 indcfessae
1605 3833 1915 3889 devotionis

299 3928 738 3998 obsequio,cum
770 3929 1024 3998 corporis
1052 3935 1375 3996 agnosceret
1396 3935 1757 3992 senectutem,
1801 3926 1916 3996 pic-

303 4019 440 4075 tatis
469 4029 651 4074 tamen
685 4018 926 4074 nesciret
953 4027 1188 4074 mtatem.
1233 4017 1324 4074 Sic
1353 4019 1650 4073 instituitur
1671 4034 1698 4070 a
1721 4016 1915 4085 juven-

300 4121 426 4169 tute
455 4111 639 4176 vidua,
688 4113 768 4167 sic
803 4110 1132 4183 prardicatur
1161 4111 1316 4184 192
1368 4111 1419 4164 in
1451 4118 1733 4166 senectute
1764 4119 1915 4164 vete-

300 4222 440 4263 rana
472 4225 484 4260 :
515 4223 636 4278 qua:
667 4206 987 4263 viduitatem
1022 4225 1130 4261 non
1162 4208 1453 4262 occasione
1486 4205 1768 4276 temporis,
1805 4220 1911 4258 non

300 4298 683 4355 imbecillitate
735 4300 1004 4370 corporis,
1048 4300 1143 4354 scd
1195 4301 1416 4354 virtutis
1469 4299 1913 4370 magnanimitate

297 4393 637 4450 servaverit.
672 4393 884 4448 Etenim
914 4409 1034 4448 cum
1059 4394 1194 4449 dicit
1215 4405 1422 4464 septem
1457 4394 1614 4448 annis
1636 4408 1756 4447 eam
1788 4408 1910 4448 cum

301 4487 430 4540 viro
454 4485 627 4542 fuisse
655 4501 686 4540 a
715 4487 1025 4559 virginitate
1059 4502 1179 4553 sua,
1210 4487 1278 4541 ab
1306 4487 1694 4542 adolescentia:
1729 4486 1914 4554 utique

298 4582 506 4638 Studiis
528 4581 781 4636 inchoata
818 4583 1074 4652 prtedicat
1102 4581 1342 4637 subsidia
1374 4581 1695 4636 senectutis.

2018 3357 2332 3429 religiosius
2361 3357 2526 3423 vexit,
2553 3357 2836 3428 mysticum
2860 3364 3074 3425 tempus
3097 3353 3362 3424 implevit.

2085 3449 2179 3506 26.
2211 3451 2423 3518 Quanto
2443 3449 2606 3520 igitur
2631 3464 2730 3504 vos
2761 3449 2937 3520 magis
2959 3449 3214 3504 convenit
3235 3450 3473 3504 intentas
3498 3463 3620 3506 esse

2014 3542 2194 3597 studio
2216 3541 2482 3596 castitatis
2507 3583 2522 3607 ,
2567 3556 2635 3596 ne
2661 3540 2839 3596 locum
2870 3541 3107 3596 sinistrae
3154 3541 3476 3612 relinquatis
3505 3543 3623 3611 opi-

2016 3635 2186 3700 nioni,
2216 3651 2336 3706 quzc
2368 3635 2643 3705 pudicitiae
2692 3635 3067 3690 testimonium
3117 3635 3171 3690 in
3224 3635 3358 3690 solis
3413 3635 3624 3692 habetis

2014 3727 2290 3783 moribus!
2326 3727 2489 3797 Virgo
2530 3729 2694 3792 enim,
2729 3727 2854 3782 licet
2883 3726 2934 3781 in
2983 3742 3044 3782 ea
3090 3741 3310 3798 quoque
3354 3727 3528 3798 major
3551 3728 3624 3782 sit

2015 3837 2225 3877 morum
2260 3821 2616 3891 praerogativa
2647 3835 2806 3891 quam
2840 3820 3084 3891 corporis
3111 3862 3127 3889 ,
3169 3820 3496 3876 calumniam
3543 3829 3622 3874 ta-

2015 3931 2140 3971 men
2161 3915 2473 3986 integritate
2495 3917 2674 3970 caruis
2691 3915 2935 3985 abjurat;
2965 3914 3145 3983 vidua,
3170 3930 3293 3983 qum
3323 3914 3620 3984 probanda:

2013 4007 2316 4063 subsidium
2353 4008 2684 4078 virginitatis
2729 4006 2994 4074 amiserit,
3030 4022 3136 4061 non
3171 4008 3223 4062 in
3279 4021 3411 4062 voce
3439 4007 3622 4061 obste-

2015 4103 2187 4168 tricis,
2221 4100 2317 4156 sed
2350 4102 2402 4155 in
2450 4103 2565 4156 suis
2591 4101 2832 4155 moribus
2857 4099 3018 4154 habet
3059 4099 3326 4154 castitatis
3357 4113 3618 4154 examen.

2015 4196 2212 4252 Docuit
2267 4197 2431 4267 igitur
2472 4196 2755 4266 Scriptura
2784 4210 2944 4266 quam
2994 4204 3235 4252 attentus
3275 4192 3452 4249 vidua:
3498 4207 3623 4250 esse

2014 4291 2214 4347 debeat
2237 4301 2290 4346 et
2314 4291 2602 4362 religiosus
2624 4287 2871 4344 allectus.

2541 4404 2696 4478 193
2721 4402 2949 4461 CAPUT
2972 4403 3034 4459 v.

2017 4496 2374 4553 Liberalitatis
2417 4514 2540 4566 erga
2591 4514 2841 4567 pauperes
2871 4497 3163 4564 exemplum
3191 4498 3244 4552 in
3265 4497 3422 4554 vidua
3453 4496 3625 4552 Evan-

2089 4593 2253 4664 gelica
2275 4591 2608 4662 proponitur,
2636 4595 2787 4664 cujus
2816 4591 2918 4645 duo
2944 4592 3146 4648 minuta
3202 4592 3514 4665 largioribus
3538 4592 3594 4646 di
3604 4621 3624 4632 -

381 4679 475 4731 25.
503 4677 777 4732 Docemur
807 4679 987 4748 itaque
1019 4678 1286 4747 triplicem
1333 4677 1601 4732 eaStitaliS
1649 4691 1774 4732 esse
1803 4677 1912 4732 νῖν·
1936 4671 1991 4731 Ι)
2085 4687 2247 4740 vitum
2269 4686 2421 4740 donis
2450 4685 2791 4740 ostenduntur
2812 4702 2919 4740 esse
2941 4688 3166 4756 potiora.
3220 4685 3449 4742 Docetur
3471 4687 3624 4742 etiam

300 4781 485 4828 tutem
520 4789 532 4826 :
561 4788 723 4825 unam
755 4772 1120 4842 conjugaletn,
1153 4772 1312 4827 aliam
1363 4771 1661 4837 viduitatis,
1695 4772 1911 4827 tertiam

301 4866 670 4936 virginitatis;
715 4883 820 4922 non
852 4868 996 4922 enim
1023 4867 1182 4922 aliam
1206 4869 1286 4922 sic
1308 4866 1694 4937 praedicamus,
1731 4875 1790 4922 ut
1817 4882 1914 4922 ex-

298 4961 595 5015 cludamus
625 4962 781 5018 alias.
823 4961 946 5018 Suis
993 4960 1295 5032 quibusque
1333 4959 1766 5031 professionibus
1811 4963 1914 5019 ista

388 5134 417 5196 ξι
442 5124 561 5179 Non
579 5124 735 5192 pauci
755 5138 926 5196 mss.,,
941 5140 1089 5178 sacra
1111 5123 1356 5196 suscepit.

388 5195 415 5234 δ
447 5197 675 5262 Quidam
693 5211 850 5261 mss.,
884 5195 1014 5249 ciues
1035 5193 1492 5260 quodain’invidim
1516 5212 1684 5251 meno.

388 5278 410 5306 ο
443 5269 647 5323 Omnes
669 5269 800 5322 edit.
833 5278 885 5320 et
911 5268 1032 5323 cod.
1062 5267 1224 5332 'I‘ell.,
1258 5280 1447 5335 quanta
1495 5269 1747 5336 collatio;
1777 5269 1919 5324 Tell.

303 5357 323 5396 ι
357 5357 520 5394 manu
550 5383 566 5405 ,
617 5339 922 5401 consolatio,
979 5339 1202 5408 gratiae;
1236 5340 1426 5407 reliqui
1469 5355 1626 5405 mss.,
1677 5350 1922 5409 quantam

304 5412 526 5466 collatio
555 5415 787 5482 conferat
819 5412 1060 5480 gratiam.
1091 5410 1185 5464 Est
1221 5419 1402 5464 autem
1434 5410 1539 5467 hoc
1575 5413 1677 5466 loci
1713 5412 1921 5466 collatio

307 5486 457 5539 idem
487 5499 551 5537 ac
579 5483 935 5549 beneﬁcentia
976 5494 1136 5551 atque
1167 5483 1534 5553 eleemosyna.

390 5552 417 5592 ἀ
446 5555 571 5610 Vet.
599 5554 758 5616 edit.,
789 5569 820 5604 a
855 5555 959 5607 er
991 5552 1452 5607 remunerationem
1486 5555 1655 5608 laudis
1682 5554 1873 5608 invenit
1899 5570 1917 5608 :

311 5627 477 5683 Rom.
505 5639 638 5681 vero
663 5640 786 5679 cum
831 5640 961 5679 mss.
1009 5625 1281 5691 omnibus,
1326 5625 1584 5690 adoream,
1638 5637 1746 5680 etc.
1798 5627 1927 5678 Erat

312 5697 605 5770 prunnium
637 5697 870 5770 militare
893 5697 1056 5770 quod
1090 5711 1156 5750 ex
1216 5697 1372 5770 farris
1411 5711 1611 5770 genere
1641 5695 1928 5751 constabat

315 5766 432 5840 'quo
463 5769 692 5823 Romani
721 5782 812 5820 an.
857 5767 925 5822 ab
965 5766 1111 5822 Urbe
1157 5767 1376 5840 condita
1424 5767 1531 5823 500
1589 5770 1926 5824 victitarunt.

318 5839 482 5910 Unde
503 5841 704 5895 adorea
738 5854 833 5908 per
855 5851 1066 5910 tropum
1100 5854 1196 5906 pro
1221 5839 1377 5894 laude
1397 5847 1560 5910 atque
1600 5840 1806 5895 honore
1837 5853 1924 5893 su-

324 5909 493 5967 mitur
516 5927 581 5967 ac
601 5910 940 5982 potissimum
971 5909 1212 5964 militari.
1443 5929 1450 5938 -

2091 4780 2232 4833 hisce
2271 4780 2472 4835 duobus
2504 4781 2717 4834 minutis
2739 4789 3010 4850 utrumque
3041 4780 3418 4837 Testamentum
3447 4783 3625 4854 signa-

2093 4883 2199 4926 tum
2228 4890 2354 4929 esse.
2406 4873 2536 4940 Quis
2588 4875 2674 4928 ille
2727 4875 2997 4928 thesaurus
3036 4875 3123 4938 sit,
3175 4875 3313 4928 unde
3352 4889 3624 4945 magorum

2094 4968 2325 5036 exemplo
2357 4968 2458 5021 tria
2501 4983 2736 5031 munera,
2771 4978 2861 5020 aut
2895 4965 3224 5038 Evangelicat
3249 4967 3418 5021 uidua:
3440 4968 3624 5031 instar,

2102 5137 2125 5200 ἒ
2150 5127 2277 5200 Mss.
2311 5143 2416 5183 non
2443 5128 2618 5200 pauci,
2637 5129 2867 5200 uiduaet
2897 5126 3043 5200 e/I‘eta
3060 5131 3175 5200 jam
3200 5145 3431 5199 corpore.

2103 5199 2120 5235 τ
2157 5199 2446 5268 Disciplina
2482 5199 2614 5253 nihil
2670 5199 2772 5254 hoc
2800 5199 2922 5255 loco
2961 5199 3104 5253 aliud
3131 5209 3234 5265 est,
3262 5215 3425 5269 quam
3471 5199 3596 5254 iusti

2027 5278 2162 5334 tuta,
2195 5271 2362 5338 leges,
2391 5279 2445 5325 et
2462 5271 2906 5334 consuetudines,
2933 5285 3053 5338 qua:
3079 5273 3264 5339 vigent
3293 5272 3344 5323 in
3379 5271 3624 5326 Ecclesia

2023 5341 2289 5395 catholica
2317 5357 2331 5405 ;
2365 5357 2486 5395 cum
2509 5356 2571 5396 ea
2614 5356 2718 5396 vox
2750 5358 2858 5396 non
2915 5356 3038 5394 raro
3064 5356 3162 5410 pro
3186 5342 3429 5395 doctrina
3461 5352 3624 5412 atque

2023 5413 2327 5468 eruditione
2341 5423 2606 5466 sumatur.

2099 5492 2123 5530 8
2153 5482 2287 5538 Cod.
2316 5499 2454 5538 unus
2485 5499 2515 5538 e
2535 5481 2801 5550 Colbert.,
2830 5481 3014 5553 Nupta
3039 5482 3092 5533 in
3124 5481 3354 5553 pomerio
3381 5501 3402 5549 ;
3429 5482 3545 5553 lege
3569 5485 3627 5540 in

2027 5554 2634 5630 pangat-iotetintellige
2682 5555 2926 5630 Latinam
2981 5565 3170 5630 vocem
3205 5567 3302 5630 pro
3326 5552 3512 5630 Graeca
3534 5571 3629 5626 pa—
3687 5619 3704 5630 α

2031 5623 2212 5680 radiso
2264 5625 2510 5696 ejusdem
2569 5623 2762 5680 sensus
2815 5623 2981 5678 fuisse
3010 5623 3240 5690 positam
3292 5626 3344 5679 in
3397 5625 3500 5681 hoc
3536 5623 3626 5682 co-
3687 5623 3694 5634 "

2028 5698 2166 5752 dice.
3649 5701 3651 5703 ’

2104 5767 2131 5805 ιι
2161 5768 2363 5822 Omnes
2386 5765 2544 5830 edit.,
2589 5766 2675 5835 qui
2707 5764 3067 5837 deuotionem;
3092 5777 3283 5824 omnes
3312 5783 3469 5836 mss.,
3512 5784 3628 5837 quae

2034 5840 2372 5898 devotionem,
2401 5839 2595 5904 nempe
2620 5835 2902 5906 virginitas.
