4054 6306
435 375 544 434 245

1796 382 1874 438 Si
1884 379 2042 440 NCT!
2076 380 2406 442 AMBROSII

3642 392 3754 450 2η

505 494 610 552 duo
631 513 740 554 tera
780 499 1018 571 depromi
1059 503 1380 576 jubeamur?
1404 502 1534 561 Post
1555 521 1668 576 qua:
1697 507 1922 578 sequitur
1970 508 2042 562 ad
2067 512 2118 572 Α
2146 507 2326 565 llabes
2347 518 2403 565 et
2427 517 2480 564 tu
2509 508 2823 566 thesaurum
2856 511 3018 578 hunc,
3049 511 3094 567 si
3135 511 3190 566 in
3247 518 3299 566 te
3329 509 3616 582 requiras:
3644 509 3760 566 lla-

506 591 693 649 uidaas
719 590 976 650 bonorum
1004 611 1216 672 operum
1243 597 1417 654 studio
1436 599 1838 670 inﬂammandas
1858 601 2042 657 exhor-

504 685 650 742 latio.

497 843 592 900 27.
625 844 826 903 Docuit
845 848 1166 907 etiamlibro
1191 850 1407 921 eodem,
1438 851 1536 909 sed
1566 853 1676 909 alio
1695 853 1842 920 loco,
1872 867 2035 927 quam

431 935 843 996 misericordem
866 939 930 996 in
980 957 1244 1013 pauperes
1273 953 1328 1000 et
1349 944 1637 1002 liberalem
1681 960 1806 1004 esse
1828 961 2034 1005 conve—

429 1031 578 1097 niat,
631 1047 732 1089 nec
784 1037 1116 1106 paupertatis
1137 1038 1336 1096 debere
1374 1041 1838 1112 contemplatione
1867 1057 2029 1100 revo-

430 1123 581 1193 cari;
615 1125 740 1197 quia
799 1127 1097 1186 liberalitas
1152 1147 1259 1188 non
1307 1133 1528 1190 cumulo
1571 1137 1908 1208 patrimonii,
1931 1140 2033 1198 sed

2145 601 2319 659 bemus
2341 604 2477 660 enim
2530 606 2831 660 thesaurum
2873 606 2928 661 in
2957 605 3092 661 uasis
3143 603 3389 676 ﬁctilibus
3419 603 3487 678 (ll
3517 603 3640 664 Cor.
3670 619 3754 673 tv,

2143 693 2221 770 7).
2253 695 2434 754 Habes
2461 713 2651 755 aurum
2683 698 2826 770 quod
2847 699 3097 755 conferas
3126 713 3274 765 ;non
3315 698 3462 754 enim
3509 699 3762 755 reniten-

2143 791 2310 845 tentis
2341 791 2547 846 metalli
2582 793 2812 863 pretium
2865 791 2935 848 de
2986 801 3039 848 te
3093 793 3234 848 Deus
3269 793 3460 865 exigit,
3489 793 3585 849 sed
3614 793 3756 850 illud

2141 898 2331 939 aurum
2365 885 2510 956 quod
2538 887 2589 940 in
2609 885 2800 957 judicii
2825 886 2912 942 die
2945 887 3336 959 nequeatignis
3362 902 3619 944 exurere.
3640 887 3757 946 Nec

2138 977 2283 1034 dona
2305 980 2544 1050 pretiosa
2567 980 2839 1052 deposcit,
2872 980 2968 1037 sed
2993 980 3216 1038 odorem
3241 980 3392 1050 ﬁdei,
3424 997 3587 1054 quem
3609 983 3758 1038 alta-

2139 1073 2217 1130 ria
2242 1075 2317 1130 tui
2365 1076 2549 1132 cordis
2577 1076 2860 1144 exhalent,
2891 1085 2948 1134 et
2997 1075 3271 1148 religiosae
3327 1077 3529 1134 mentis
3579 1076 3758 1149 spiret

2136 1165 2386 1224 affectus.

427 1217 694 1336 frangis
741 1217 996 1336 “"93"”
1041 1220 1257 1336 δσθθξυ·
1287 1224 1541 1336 Denique
1581 1229 1866 1288 Domimca
1898 1247 2033 1291 νθθθ
2058 1267 2106 1328 Υ
2435 1261 2539 1319 hoc
2579 1261 2745 1334 igitur
2792 1261 3052 1320 thesauro
3078 1278 3186 1319 non
3234 1263 3414 1320 solum
3467 1279 3757 1336 magorum

423 1309 517 1365 illa
545 1310 706 1367 vidua
739 1312 991 1369 omnibus
1037 1314 1366 1385 antefertur,
1397 1319 1467 1376 de
1513 1335 1619 1392 qua
1663 1323 1862 1379 dictum
1895 1334 1981 1381 est
2012 1344 2025 1382 :

436 1402 608 1460 Vidua
627 1407 737 1462 hac
760 1405 876 1478 plus
897 1407 1134 1464 omnibus
1163 1411 1304 1466 misit
1323 1409 1475 1483 (Luc.
1505 1427 1565 1482 ιι,
1590 1415 1669 1487 5).
1697 1413 1757 1472 In
1784 1431 1893 1488 quo
1914 1432 2032 1473 mo-

425 1495 617 1553 raliter
642 1497 906 1556 Dominus
933 1497 1174 1559 instituit
1203 1503 1515 1574 universos,
1545 1522 1613 1562 ne
1653 1509 1774 1580 quis
1803 1523 1832 1564 a
1864 1511 2031 1568 colla-

421 1591 573 1646 tione
601 1590 918 1661 ministerii,
946 1595 1288 1664 paupertatis
1332 1597 1542 1668 pudore
1563 1610 1894 1656 revocetur:
1929 1615 2032 1659 nec

420 1683 522 1740 sibi
541 1683 1124 1758 divites‘blandiamur,
1145 1689 1290 1761 quod
1321 1691 1440 1762 plus
1463 1691 1753 1751 videantur
1773 1694 2030 1754 conferre

418 1793 580 1848 quam
612 1793 908 1852 pauperes.
937 1779 1170 1839 Uberior
1193 1794 1278 1840 est
1303 1785 1449 1840 enim
1489 1801 1747 1844 nummus
1773 1801 1804 1844 e
1831 1805 2023 1861 parvo,

2139 1354 2244 1410 tria
2275 1370 2523 1423 munera,
2549 1355 2646 1412 sed
2673 1358 2837 1411 etiam
2893 1355 3004 1412 duo
3047 1356 3226 1412 vidum
3254 1371 3363 1412 tera
3396 1366 3756 1430 promuntur,

2130 1449 2188 1504 in
2233 1450 2433 1520 quibus
2487 1451 2704 1522 integra
2749 1450 2998 1508 ctelestis
3052 1451 3231 1523 imago
3281 1451 3431 1523 regis
3463 1451 3752 1524 eﬂulgeat,

2132 1542 2397 1614 splendor
2435 1542 2624 1613 gloria:
2650 1542 2793 1614 ejus,
2819 1551 2879 1598 et
2921 1542 3106 1615 imago
3125 1543 3467 1602 substantia.
3493 1544 3644 1601 Dona
3692 1555 3756 1603 et

2131 1635 2222 1692 illa
2251 1637 2413 1708 plane
2445 1635 2714 1692 laboriosa
2755 1635 3024 1706 stipendia
3065 1637 3358 1703 castitatis,
3391 1651 3518 1709 qum
3543 1637 3618 1694 de
3639 1652 3745 1694 suo

2129 1743 2326 1800 opere,
2362 1740 2384 1768 ο
2416 1728 2849 1800 quotidianoquc
2889 1743 3087 1799 penso,
3116 1729 3365 1788 conferat
3413 1729 3598 1800 vidua,
3653 1747 3754 1788 no—

2135 1823 2343 1879 cturnis
2373 1823 2577 1894 pariter
2597 1837 2662 1878 se
2699 1821 2910 1878 diurnis
2931 1823 3045 1894 iugi
3067 1837 3331 1880 exercens
3357 1823 3550 1882 labore
3569 1839 3743 1896 pensa

415 1887 576 1942 quam
611 1874 901 1991 thesaurus
929 1890 961 1932 e
1004 1877 1283 1991 maxime;
1311 1879 1436 1952 quia
1466 1895 1575 1991 anon
1631 1894 1894 1991 quitum“
1924 1884 2025 1991 (ξδ’
2056 1916 2102 1978 Β
2131 1874 2491 1988 temporibus,
2524 1925 2578 1973 et
2603 1916 2886 1988 pudicitia
2931 1874 3260 1989 qmpstuosre
3295 1919 3548 1991 pervigili
3573 1935 3744 1991 opere

416 1975 506 2020 tur
533 2007 546 2030 ,
573 1966 668 2022 sed
711 1979 974 2040 quantum
1021 1971 1278 2040 resideat,
1304 1975 1648 2048 expenditur.
1691 1977 1864 2035 Nemo
1903 1979 2025 2052 plus

487 2149 583 2206 28.
604 2151 745 2220 Quid
770 2160 855 2222 'tu,
907 2153 1083 2222 dives,
1115 2159 1272 2228 egeni
1304 2162 1710 2230 comparatione
1731 2172 1784 2219 te
1807 2163 2022 2235 jactas;

419 2250 476 2298 et
528 2257 652 2299 cum
679 2251 794 2301 tcta
837 2249 1086 2305 onereris
1123 2265 1280 2320 auro,
1338 2253 1628 2322 pretiosam
1659 2271 1758 2327 per
1798 2256 2021 2314 humum

425 2335 654 2394 trahens
677 2350 910 2407 vestem,
940 2341 1096 2412 quasi
1123 2343 1352 2400 inferior
1382 2345 1484 2402 tuis
1515 2357 1570 2404 et
1600 2363 1762 2419 parva
1791 2347 2018 2418 divitiis,

416 2431 676 2488 honorari
698 2431 999 2504 desideras,
1029 2436 1156 2510 quia
1189 2439 1410 2510 inopem
1449 2443 1743 2501 collatione
1795 2444 2024 2505 vicisti?

417 2523 489 2580 Et
517 2523 740 2582 flumina
772 2528 1135 2600 superﬂuunt,
1161 2545 1286 2587 cum
1315 2533 1622 2591 redundant
1655 2552 1670 2604 ;
1701 2539 1906 2610 gratior
1936 2550 2020 2595 ta-

420 2633 546 2675 men
577 2619 808 2678 baustus
837 2635 869 2680 e
911 2623 1091 2681 rivulo
1134 2635 1239 2683 est.
1282 2625 1545 2699 Spumant
1588 2643 1644 2687 et
1690 2640 1865 2688 musta
1892 2634 2019 2692 dum

417 2712 654 2781 fervent,
688 2729 789 2771 nec
818 2715 1074 2774 damnum
1097 2727 1253 2790 putat
1283 2720 1520 2793 agricola
1547 2725 1687 2796 quod
1721 2723 2018 2784 efﬂuxerit.

419 2805 776 2866 Gementibus
815 2812 979 2882 areis,
1013 2811 1139 2870 dum
1171 2815 1400 2873 caeditur
1431 2820 1697 2888 messis,1>
1748 2821 2018 2882 frumenta

415 2900 713 2958 desiliunt:
756 2905 853 2962 sed
903 2907 1282 2968 deﬁcientibus
1336 2913 1628 2983 messibus,
1670 2932 1780 2973 non
1836 2917 2022 2976 deﬁcit

415 2994 607 3070 hydria
637 2997 706 3054 de
727 2997 934 3068 farina,
977 3011 1034 3058 et
1072 3003 1229 3074 plena
1285 3003 1388 3061 olei
1423 3014 1560 3063 testa
1609 3007 1861 3066 desudat.
1885 3013 2021 3068 Exi-

417 3090 626 3146 nanivit
675 3101 853 3149 tamen
885 3094 1026 3151 dolia
1078 3097 1302 3154 divitum
1361 3099 1602 3168 siccitas,
1661 3117 1782 3158 cum
1842 3104 2018 3162 viduze

419 3185 776 3254 pauxillulum
820 3187 1084 3246 olearinm
1112 3191 1434 3249 redundarit
1464 3193 1555 3264 (lll
1577 3192 1708 3270 Reg.
1736 3213 1864 3268 xvtt,
1899 3197 2014 3272 15).

412 3277 528 3336 Non
560 3293 690 3355 ergo
719 3281 846 3354 quid
878 3281 1095 3341 fastidio
1124 3289 1500 3371 exspuashsed
1543 3301 1805 3364 quantum
1853 3297 2018 3351 devo-
2046 3308 2092 3372 ρ

414 3375 561 3430 tione
585 3374 860 3444 conferas,
886 3378 1264 3436 mstimandum
1301 3390 1404 3437 est.
1443 3381 1688 3455 Denique
1714 3385 1862 3442 nulla
1890 3387 2016 3461 plus

414 3465 626 3534 tribuit,
668 3483 828 3540 quam
859 3469 952 3526 illa
998 3487 1120 3544 quae
1147 3471 1217 3528 de
1263 3473 1501 3528 llliorum
1551 3476 1827 3534 alimentis
1873 3483 2019 3550 pavit

415 3564 760 3632 prophetali).
811 3563 878 3619 Et
905 3563 1027 3620 ideo
1052 3567 1175 3637 quia
1229 3564 1374 3623 nulla
1415 3568 1537 3642 plus
1585 3573 1836 3642 Contulit,
1871 3576 2016 3631 nulla

414 3655 540 3722 plus
564 3657 780 3712 meruit.
816 3657 944 3714 Haec
967 3660 1262 3718 moraliter.

483 3743 578 3802 29.
602 3744 716 3802 Nec
746 3749 976 3820 mystice
999 3763 1178 3806 tamen
1210 3749 1528 3826 despexeris
1559 3757 1700 3815 hanc
1733 3761 2015 3820 mulierem

412 3834 468 3889 in
497 3835 948 3912 gazophylacium
999 3836 1108 3900 duo
1147 3859 1258 3900 tera
1283 3847 1610 3906 mittentem.
1639 3850 1824 3924 Magna
1858 3853 2018 3926 plane

413 3927 618 3989 femina
645 3975 660 3999 ,
711 3949 834 4006 qua:
879 3935 1066 3994 divino
1099 3937 1309 4018 judicio
1356 3943 1552 4000 meruit
1576 3947 1830 4004 omnibus
1857 3959 2013 4005 ante-

411 4021 570 4082 ferri.
592 4020 674 4083 Ne
704 4018 844 4084 forte
871 4027 965 4084 illa
995 4030 1069 4086 sit
1098 4047 1219 4102 qua:
1263 4031 1334 4090 de
1364 4032 1468 4090 ﬁde
1489 4049 1582 4091 sua
1614 4033 1681 4093 ad
1711 4038 2015 4096 subsidium

412 4115 694 4178 hominum
735 4122 843 4180 duo
896 4127 1580 4198 testamentacontulerit;
1611 4140 1669 4186 et
1698 4131 1822 4188 ideo
1867 4135 2014 4192 nulla

416 4213 539 4284 plus
563 4215 712 4273 fecit.
743 4211 856 4275 Nec
895 4219 1182 4292 quisquam
1221 4221 1501 4280 hominum
1537 4227 1890 4298 quantitatem
1920 4247 2016 4302 po-

412 4312 517 4368 tuit
539 4312 844 4369 collationis
863 4314 981 4385 ejus
1015 4330 1254 4387 aequare,
1285 4333 1407 4390 quae
1439 4317 1600 4375 ﬁdem
1645 4335 1766 4377 cum
1797 4323 2014 4382 miseri-

414 4405 602 4462 cordia
625 4407 920 4478 copulavit.
950 4408 1018 4464 Et
1047 4415 1103 4464 tu
1144 4409 1310 4481 igitur
1335 4425 1690 4485 quascumque
1711 4415 1874 4472 vitam
1903 4427 2016 4475 stu-

412 4495 503 4554 dio
525 4497 810 4554 viduitatis
837 4509 1094 4570 exerces,
1123 4516 1193 4557 ne
1223 4500 1443 4558 dubites
1473 4503 1538 4558 ad
1567 4503 2014 4580 gazOphylacium

411 4591 521 4648 duo
549 4607 656 4648 tera
680 4591 924 4661 deferre,
953 4593 1038 4650 vel
1061 4593 1192 4652 ﬁdei
1214 4593 1394 4666 plena,
1419 4595 1504 4654 vel
1530 4599 1742 4670 gratiae.

2129 2011 2440 2068 mercedem
2463 2027 2804 2086 congregans
2827 2031 2842 2082 ;
2863 2023 2923 2070 ut
2944 2015 3329 2072 intemeratum
3352 2015 3747 2073 defuncticon-

2120 2105 2268 2178 jugis
2314 2109 2496 2166 cubile
2523 2109 2818 2175 custodiat,
2869 2109 3016 2166 alere
3071 2109 3263 2167 dulces
3291 2111 3496 2168 liberos
3540 2111 3738 2182 possit,

2126 2199 2442 2256 ministrare
2491 2201 2842 2272 pauperibus.
2867 2201 2994 2258 Haec
3030 2209 3116 2258 est
3166 2201 3508 2272 prmfercntla
3555 2203 3740 2260 diviti-

2125 2293 2226 2350 bus
2260 2312 2275 2349 :
2302 2293 2420 2350 haec
2437 2302 2526 2352 est
2551 2311 2672 2368 qua:
2700 2295 2903 2352 Christi
2923 2296 3192 2370 judicium
3214 2312 3323 2353 non
3350 2297 3585 2354 timebit.

2197 2389 2288 2444 '52.
2312 2388 2462 2446 Hane
2484 2389 2841 2460 temulamini,
2872 2391 2998 2447 ﬁlia:
3027 2409 3042 2446 :
3071 2390 3278 2447 Bonam
3307 2403 3382 2448 est
3404 2391 3552 2448 enim
3573 2408 3737 2449 amu-

2125 2481 2222 2537 lari
2248 2483 2303 2536 iu
2331 2482 2484 2538 bona.
2517 2482 2874 2540 ﬂmulamini
2899 2485 3116 2541 meliora
3141 2483 3460 2541 charismata
3485 2483 3625 2556 (Gul.
3654 2500 3732 2560 tv,

2123 2574 2238 2644 18).
2260 2575 2483 2648 Spectat
2512 2592 2612 2634 vos
2635 2577 2893 2634 Dominus
2939 2594 3190 2650 semper;
3213 2589 3446 2650 spectat,
3479 2580 3731 2653 inquam,

2120 2668 2302 2742 Jesus,
2333 2685 2457 2727 cum
2485 2671 2552 2728 ad
2588 2671 3031 2746 gazophylacium
3063 2669 3092 2711 ἀ
3115 2675 3348 2742 accedit,
3406 2685 3462 2731 et
3509 2674 3583 2732 de
3628 2675 3732 2732 bo-

2121 2778 2319 2818 norum
2342 2778 2571 2839 operum
2617 2765 2962 2822 mercedibus
2989 2765 3187 2838 stipem
3219 2767 3422 2838 putatis
3441 2767 3733 2842 egentibus

2121 2855 2534 2914 conferendam.
2567 2856 2838 2927 Quantum
2889 2867 2974 2915 est
2999 2859 3162 2931 igitur
3187 2867 3248 2916 ut
3275 2876 3383 2918 aera
3423 2871 3513 2918 tua
3541 2861 3734 2919 confe-

2121 2964 2231 3014 ras,
2265 2957 2322 3004 et
2359 2949 2563 3006 Christi
2606 2965 2806 3022 corpus
2850 2952 3142 3024 acquiras!
3198 2951 3319 3009 Noli
3363 2969 3500 3026 ergo
3554 2969 3732 3012 vacua

2121 3041 2346 3112 prodire
2377 3042 2430 3098 in
2453 3053 2802 3114 conspectum
2835 3043 3046 3100 Domini
3091 3044 3186 3102 Dei
3222 3046 3320 3113 tui,
3365 3063 3536 3104 vacua
3562 3047 3734 3104 mise-

2121 3136 2372 3194 ricordiae
2398 3179 2414 3204 ,
2466 3153 2636 3195 vacua
2695 3137 2844 3204 ﬁdei,
2880 3153 3044 3194 vacua
3099 3140 3404 3206 castitatis;
3439 3155 3547 3196 non
3580 3142 3732 3197 enim

2121 3229 2313 3286 inanes
2342 3230 2619 3294 Dominus,
2635 3230 2730 3286 sed
2755 3230 3043 3288 virtutibus
3064 3231 3274 3302 Opimas
3289 3242 3544 3305 spectare
3567 3231 3735 3290 Jesns

3057 3333 3108 3379 te
3137 3323 3546 3381 adolescentulo
3579 3325 3736 3380 labo-

2121 3428 2357 3484 rantem,
2387 3416 2564 3472 videat
2596 3415 3015 3477 ministrantem.
3043 3416 3172 3474 Haec
3213 3427 3302 3474 est
3337 3418 3487 3476 enim
3515 3433 3734 3474 merces

2121 3525 2282 3582 quam
2321 3509 2435 3566 Deo
2460 3508 2649 3576 debes,
2680 3519 2736 3564 ut
2766 3509 2834 3566 de
2861 3509 3088 3566 aliarum
3118 3524 3336 3580 quoque
3390 3509 3735 3581 profectibus

2122 3601 2431 3660 mercedem
2465 3611 2610 3658 tuam
2656 3602 2768 3658 Deo
2823 3602 3096 3660 conferas.
3146 3602 3305 3662 Nulla
3355 3619 3570 3660 merces
3617 3605 3734 3664 Deo

2122 3695 2336 3763 melior,
2361 3710 2522 3768 quam
2545 3710 2607 3752 ea
2638 3711 2762 3767 qua;
2784 3694 2949 3752 habet
2988 3696 3203 3766 pietatis
3224 3711 3470 3755 munera.

2715 3806 2943 3866 CAPUT
2987 3807 3074 3864 Vl.

2120 3921 2187 3978 In
2227 3919 2418 3978 Noemi
2447 3922 2740 3991 exemplum
2763 3921 2934 3978 virtute
2978 3937 3043 3976 ea:
3067 3937 3202 3976 nuru
3250 3923 3320 3977 ad
3345 3922 3586 3982 uirtutem
3635 3927 3736 3982 abs

2194 4031 2248 4071 se
2268 4015 2514 4071 instituta
2534 4015 2766 4087 fructum
2785 4016 3033 4088 capientis
3057 4014 3122 4070 ob
3145 4015 3324 4070 oculos
3343 4017 3736 4089 pauitantibus

2192 4107 2455 4180 colligitur
2475 4123 2755 4178 numquam
2783 4105 3026 4178 defutura
3053 4108 3199 4164 bona
3237 4107 3407 4164 vidum
3431 4113 3736 4167 necessaria

2187 4201 2439 4259 subsidio.
2475 4200 2631 4268 Quod
2659 4201 2704 4254 si
2731 4201 2930 4256 tristior
2957 4199 3193 4256 videatur
3233 4201 3382 4256 illius
3429 4203 3561 4270 vita,
3604 4212 3734 4260 tunc

2189 4294 2464 4350 beatiorem
2491 4293 2638 4348 illam
2661 4308 2790 4356 esse,
2813 4308 2931 4347 cum
2970 4293 3072 4364 ipsi
3095 4309 3130 4348 a
3151 4290 3378 4350 Domino
3407 4295 3605 4368 gaudia
3625 4296 3738 4353 sint

2186 4385 2443 4458 prmuissa
2457 4401 2477 4438 :
2505 4400 2604 4456 quo
2629 4384 2743 4438 loco
2763 4384 3019 4440 nonnulla
3043 4384 3111 4440 de
3128 4386 3482 4458 (mutarum
3503 4388 3737 4446 utilitate

2189 4477 2541 4550 disputantur.

2191 4615 2282 4672 ‘53.
2334 4613 2419 4670 An
2485 4629 2617 4671 vero
2670 4612 2962 4670 mediocris
3018 4613 3115 4670 tibi
3161 4614 3322 4671 vidua
3374 4616 3468 4674 illa
3512 4617 3734 4676 videtur

481 4687 574 4745 50.
599 4685 754 4743 Felix
772 4683 864 4744 illa
887 4700 1006 4759 quae
1028 4688 1096 4746 de
1122 4689 1380 4746 thesauro
1425 4706 1526 4748 suo
1565 4693 1832 4766 integram
1855 4694 2020 4770 Regis
2044 4699 2097 4761 D
2121 4704 2335 4774 Noemi,
2368 4722 2489 4778 quae
2515 4705 2831 4763 viduitatem
2871 4721 3022 4762 suam
3063 4707 3257 4762 messis
3284 4710 3585 4780 manipulis
3607 4727 3734 4768 sus-

411 4777 700 4851 imaginem
730 4777 960 4850 profert.
988 4780 1304 4837 Thesaurus
1335 4790 1457 4838 tuus
1488 4783 1775 4856 sapientia,
1795 4786 2014 4846 thesau-

415 4881 512 4926 rus
542 4879 666 4926 tuus
710 4873 932 4928 castitas
988 4882 1150 4944 atque
1173 4871 1382 4945 jnsritia
1433 4887 1537 4944 est,
1567 4877 1860 4938 thesaurus
1890 4891 2012 4940 tuus

413 4963 724 5020 intellectus
751 4963 963 5021 bonus:
993 4965 1149 5035 quasi
1176 4965 1268 5024 ille
1291 4967 1582 5026 thesaurus
1611 4971 1770 5046 195.
1813 4971 2012 5044 fuit,de

413 5071 520 5126 quo
572 5070 852 5134 magorum
909 5057 1030 5125 viri,
1061 5074 1252 5116 aurum
1285 5101 1301 5128 ,
1370 5063 1518 5129 thus,
1551 5067 1854 5138 myrrham,
1887 5083 2011 5125 cum

413 5145 707 5206 adorarent
748 5149 1060 5220 Dominum,
1114 5145 1462 5226 protulerunt
1509 5153 1731 5231 (Matth.
1783 5175 1846 5228 ιι,
1874 5159 2008 5234 tl):

411 5254 547 5299 auro
567 5245 714 5316 regis
742 5245 1041 5317 potentiam
1071 5245 1435 5316 declarantes,
1469 5251 1638 5310 Deum
1661 5254 1821 5312 thure
1843 5272 2011 5314 verte-

409 5342 614 5404 rantes,
646 5335 868 5410 myrrha
895 5339 1358 5396 resurrectionem
1391 5345 1635 5414 corporis
1659 5347 2008 5406 conﬁtentes.

486 5477 526 5552 ’ξΔ
539 5469 788 5542 Nonnulli
820 5485 978 5540 mss,
1001 5472 1099 5529 sibi
1121 5469 1312 5546 reliqui
1336 5475 1499 5552 fecit;
1526 5479 1744 5550 quidam
1771 5483 1870 5538 ,ιω
1885 5483 2008 5538 ηιξ.

409 5549 740 5701 ﬁglinum
791 5613 951 5701 edin,
979 5619 1242 5701 frumenta
1275 5616 1571 5701 defit-lium;
1598 5634 1791 5681 omnes
1842 5637 2006 5694 mss.,

412 5681 674 5747 frumento
701 5681 946 5742 desiliunt
968 5681 1228 5756 ,‘qnidam
1259 5681 1564 5748 dissiliuntf
1846 5681 1854 5682 '
1991 5681 2004 5694 '

416 5833 444 5836 -ί
471 5761 515 5836 κο
555 5753 835 5836 Ean-ite“.-
860 5753 1411 5836 .ί¹“.ί¹³“⁹.)’¹¹ἵίίῖἓῃὶ
1455 5762 1679 5836 hujusce
1714 5765 1824 5824 loci
1849 5765 2004 5824 elib.

2123 4797 2368 4855 tentahat
2419 4798 2652 4866 alienae,
2696 4813 2855 4870 quam
2913 4812 3034 4854 aevo
3083 4814 3304 4871 gravem
3343 4801 3530 4859 alebat
3559 4820 3736 4862 nurus

2119 4889 2284 4964 (Ruth
2307 4907 2366 4960 ll,
2402 4887 2439 4946 2
2469 4900 2517 4947 et
2539 4891 2718 4964 seq.)?
2751 4890 2882 4946 Nam
2911 4891 3013 4948 hoc
3054 4906 3271 4964 quoque
3318 4905 3374 4951 et
3419 4896 3490 4951 ad
3546 4899 3736 4955 subsi-

2120 4980 2266 5036 dium
2299 4988 2355 5038 et
2394 4982 2464 5038 ad
2511 4983 2738 5054 gratiam
2782 4982 2994 5053 proﬁcit
3023 4983 3328 5054 viduarum,
3359 4995 3419 5044 ut
3469 4989 3544 5045 ita
3571 4989 3734 5048 insti-

2122 5083 2278 5130 tuant
2297 5090 2468 5132 nurus
2507 5090 2656 5142 suas,
2685 5091 2791 5146 quo
2817 5077 3026 5147 possint
3052 5077 3107 5134 in
3151 5077 3238 5135 his
3266 5091 3494 5138 maturae
3522 5083 3734 5144 habere

2120 5167 2422 5223 subsidimn
2461 5169 2796 5237 senectutis;
2821 5178 2877 5224 et
2903 5170 3060 5240 quasi
3087 5171 3419 5242 stipendium
3471 5177 3733 5246 magiste-

2118 5260 2210 5328 rii,
2245 5259 2552 5317 mercedem
2586 5274 2801 5332 quoque
2822 5276 2935 5317 suae
2975 5277 3174 5334 capere
3200 5265 3528 5336 disciplinae.
3566 5269 3730 5342 195

2117 5349 2338 5414 Etenim
2371 5368 2490 5426 qua:
2517 5351 2658 5410 bene
2688 5353 3012 5424 instituerit,
3045 5355 3188 5414 bene
3217 5357 3484 5415 erudierit
3520 5375 3727 5422 nutum

2235 5485 2450 5565 gestent
2461 5489 2648 5565 addens
2671 5491 2830 5565 operi,
2861 5487 3164 5565 famulasque
3183 5493 3446 5565 ad_lt_1_mina
3472 5495 3628 5565 longo

2237 5547 2457 5616 Exercet
2477 5563 2650 5616 penso,
2675 5547 2864 5602 castum
2885 5560 2942 5603 ut
2961 5547 3166 5616 servare
3189 5556 3359 5608 cubile

2236 5609 2492 5676 Coniugis,
2511 5621 2566 5664 et
2588 5609 2738 5678 pem
2756 5627 2931 5678 parvos
2953 5615 3168 5669 educere
3193 5625 3349 5670 natos.

2179 5756 2210 5798 (ι
2239 5758 2334 5816 Sic
2367 5772 2561 5838 omnes
2583 5773 2735 5838 _mss.
2792 5772 3021 5838 excepto
3035 5761 3192 5836 j‘ell.
3225 5777 3362 5838 cum
3411 5777 3528 5838 quo
3582 5768 3721 5824 edit.

414 5820 884 5921 ﬁtttlﬁiﬂeidlubti‘
919 5827 990 5885 de
1015 5827 1206 5900 pudiea
1225 5820 1496 5904 ’ωηῆει-θ,
1523 5820 1834 5912 hminis“;
1857 5820 2002 5896 ibi.
2108 5831 2626 5921 omnes
2643 5820 3048 5921 [uapor-tritis:
3068 5820 3355 5921 egentibus,
3382 5820 3537 5910 et'cLV;
3577 5820 3720 5905 iiii;

411 5893 574 5953 nullis
602 5897 672 5952 ita
716 5897 888 5972 pergit
917 5917 929 5957 :

98 6010 351 6183 λβ
368 6004 539 6079 ³⁸

2108 5903 2284 5972 Prat.,
2307 5903 2524 5974 accedit.
2559 5903 2668 5963 Sed
2700 5904 2785 5980 de,
2801 5903 2916 5963 etc.
