4054 6306
339 325 447 380 215

342 458 523 511 suam,
557 442 706 500 Ruth
740 443 789 500 ei
834 444 1029 500 deesse
1056 457 1162 500 non
1208 443 1428 516 poterit,
1457 455 1576 513 qua
1614 439 1935 497 viduitatem
1962 439 2013 500 Α

340 548 535 592 socrus
564 544 808 607 paternae
848 535 1035 592 domui
1081 532 1376 605 praeferat:
1427 540 1483 588 et
1524 531 1571 587 si
1612 530 1693 587 vir
1722 544 1940 602 quoque

339 627 461 699 ejus
486 637 738 685 mortuus
766 626 946 693 fuerit,
977 643 1084 684 non
1129 625 1401 697 relinquat
1443 634 1644 693 tamen,
1678 623 1789 678 alat
1819 623 1938 680 ino-

335 734 485 792 pem,
543 721 758 777 soletur
801 731 1123 778 maerentem
1154 764 1171 789 ,
1228 734 1328 775 nee
1374 718 1596 774 dimissa
1646 716 1935 773 discedat:

334 814 519 869 nescit
567 812 713 868 enim
763 828 923 885 egere
949 811 1150 883 optima
1171 810 1476 883 disciplina.
1509 810 1599 868 Sic
1630 809 1720 865 illa
1747 808 1940 865 Noemi

337 903 556 961 duobus
586 904 845 960 destituta
877 905 1002 960 filiis
1029 913 1083 960 et
1129 904 1351 970 marito,
1382 920 1502 976 quae
1524 903 1729 960 fructus
1752 903 1938 961 fecun-

332 999 523 1056 ditatis
550 1001 832 1070 amiserat,
869 1001 1087 1072 pietatis
1124 1000 1494 1057 emolumenta
1517 1013 1624 1055 non
1662 998 1936 1070 perdidit;

332 1111 461 1151 nam
492 1107 547 1152 et
578 1096 833 1151 solatium
856 1094 1126 1163 maeroris,
1159 1104 1217 1152 et
1269 1095 1591 1151 subsidium-
1604 1094 1939 1167 paupertatis

330 1189 547 1246 invenit
573 1188 744 1261 (Ruth
773 1206 812 1256 ι.
839 1186 915 1260 5).

401 1285 494 1340 54.
533 1281 737 1339 Videtis
778 1283 971 1354 igitur,
1003 1290 1205 1338 saneta:
1244 1281 1461 1338 feminae
1482 1324 1495 1348 ,
1521 1297 1681 1355 quam
1711 1280 1938 1337 fecunda

327 1375 403 1430 sit
433 1375 595 1431 vidua
626 1377 777 1447 prole
806 1374 1101 1440 virtutum,
1131 1374 1560 1446 meritorumque
1597 1390 1818 1431 suorum
1849 1390 1939 1431 so-

325 1468 489 1539 bole,
519 1486 642 1543 quae
672 1470 850 1545 perire
878 1486 984 1526 non
1010 1469 1197 1540 possit.
1228 1468 1373 1524 Bona
1407 1469 1570 1540 igitur
1588 1468 1751 1526 vidua
1777 1483 1939 1540 egere

327 1578 442 1619 non
477 1563 632 1620 novit
660 1581 672 1617 :
698 1574 749 1620 et
770 1564 815 1620 si
847 1562 1004 1619 fessa:
1028 1561 1189 1619 fuerit
1218 1563 1417 1630 aetatis,
1441 1572 1498 1618 et
1516 1578 1786 1632 suprema:
1809 1577 1940 1632 pau-

323 1655 594 1727 pertatis,
627 1655 947 1711 eruditionis
969 1664 1148 1711 tamen
1179 1669 1293 1711 sua:
1321 1655 1462 1711 solet
1490 1653 1694 1711 habere
1723 1669 1937 1711 merce-

322 1749 478 1808 dem.
505 1752 619 1807 Etsi
634 1751 862 1823 proximi
901 1748 1175 1807 defuerint
1195 1789 1211 1814 .
1230 1751 1436 1806 itm-nit
1451 1759 1628 1807 tamen
1650 1760 1939 1806 extraneos

1550 320 1638 379 DE
1677 318 1908 378 VIDUIS
1947 317 2151 377 LIBER
2190 317 2401 377 UNUS.

3542 318 3654 380 2i6

2104 453 2264 510 quam
2279 435 2565 510 prudentia:
2585 436 2795 493 Iaudem
2807 437 3047 507 emicare,
3072 452 3275 495 summa
3292 441 3407 515 ejus
3427 440 3481 495 in
3500 449 3649 499 tanto

2112 550 2351 590 successu
2379 533 2634 589 modestia
2661 532 2982 589 declaratur.

2113 629 2204 686 37.
2236 627 2344 686 Sed
2358 643 2458 684 nec
2468 627 2724 684 fortitudo
2744 628 2904 684 bona:
2925 627 3101 684 vidum
3121 626 3315 685 deesse
3335 627 3640 689 consuevit.

2043 723 2171 781 Hac
2191 726 2336 780 enim
2360 738 2485 780 vera
2500 732 2587 780 est
2609 723 2892 791 fortitudo,
2922 722 3083 797 196
3097 740 3213 796 quae
3234 733 3441 780 natura:
3460 740 3647 793 usum,

2041 831 2213 873 sexus
2245 817 2632 885 infirmitatem,
2668 815 2868 872 mentis
2904 816 3195 873 devotione
3210 816 3643 888 transgreditur:

2042 912 2289 982 qualisin
2322 912 2414 967 illa
2444 910 2542 967 fuit
2567 951 2581 978 ,
2609 909 2695 966 cui
2716 925 2919 967 nomen
2957 910 3143 968 Juditlt
3164 952 3180 978 ,
3225 926 3347 981 qua:
3377 912 3526 967 viros
3547 911 3650 967 ob-

2040 1004 2254 1061 sidione
2282 1003 2514 1071 fractos,
2546 1002 2830 1075 perculsos
2859 1012 3005 1061 metu
3029 1040 3045 1070 ,
3077 1002 3294 1060 tabidos
3323 1001 3497 1070 fame,
3529 1002 3643 1058 sola

2045 1098 2222 1168 patuit
2266 1112 2297 1151 a
2336 1097 2645 1153 colluvione
2676 1111 2943 1153 revocare
2968 1138 2981 1162 ,
3014 1097 3084 1152 ab
3120 1098 3278 1153 hoste
3318 1095 3642 1153 defendere.

2044 1189 2117 1245 Ea
2137 1190 2305 1258 enim,
2323 1198 2381 1244 ut
2404 1189 2657 1261 legimus,
2677 1205 2801 1244 eum
2821 1188 3205 1260 Holophernes
3224 1203 3485 1246 successu
3511 1189 3649 1245 mul-

2044 1290 2223 1339 torum
2271 1282 2531 1338 terribilis
2564 1283 2916 1353 praeliorum,
2964 1283 3109 1338 intra
3149 1298 3333 1339 muros
3364 1284 3643 1339 innuntera

2041 1376 2283 1433 virorum
2314 1375 2478 1431 millia
2504 1376 2813 1447 coegisset,
2854 1375 3078 1431 armatis
3103 1376 3421 1446 paventibus
3443 1417 3461 1445 ,
3496 1383 3553 1432 et
3575 1375 3643 1431 de

2041 1481 2289 1527 extrema
2315 1466 2430 1539 jam
2458 1481 2605 1524 sorte
2623 1467 3001 1537 tractantibus,
3022 1476 3174 1524 extra
3194 1485 3407 1525 murum
3431 1485 3651 1541 proces-

2042 1563 2110 1620 sit
2143 1582 2156 1620 :
2190 1574 2243 1619 et
2274 1563 2368 1618 illo
2393 1563 2737 1635 pra-stantior
2765 1563 3005 1619 exercitu
3034 1604 3049 1630 ,
3078 1579 3238 1636 quem
3277 1562 3558 1631 liberavit;
3588 1572 3646 1621 et

2041 1675 2110 1716 eo
2140 1660 2355 1728 fortior,
2375 1674 2536 1731 quem
2560 1656 2765 1729 fugavit
2796 1656 3007 1731 (luditis
3034 1673 3147 1723 νιιι,
3172 1657 3206 1715 6
3233 1668 3281 1713 et
3305 1658 3460 1730 seq.).

2113 1753 2203 1810 38.
2232 1752 2337 1809 Sed
2372 1762 2427 1807 ut
2458 1752 2635 1806 discas
2666 1762 2892 1806 matura:
2930 1749 3209 1806 viduitatis
3238 1748 3524 1818 affectum,
3555 1764 3644 1806 se-

322 1844 420 1918 qui
443 1854 676 1901 matrem
703 1844 921 1913 colant,
955 1849 1316 1900 revereantur
1360 1852 1639 1913 parentem
1664 1885 1680 1909 ,
1727 1844 1936 1914 parvis-
1965 1845 2014 1905 B
2040 1845 2173 1901 riem
2208 1846 2378 1916 ipsam
2404 1857 2734 1915 persequere
2753 1841 3181 1913 Scripturarum.
3212 1839 3261 1897 Δ
3281 1840 3470 1897 diebus
3491 1839 3637 1898 enim

321 1954 434 2011 que
449 1938 834 1995 alimentorum
860 1938 1166 2008 sumptibus
1189 1946 1215 1975 ⁸
1246 1936 1552 1993 mercedem
1580 1937 1799 2009 cupiant
1822 1952 1935 1993 suae

319 2034 817 2091 commendationis
857 2035 1177 2107 acquirere;
1213 2032 1332 2104 plus
1360 2032 1505 2088 enim
1553 2032 1728 2087 viduae
1772 2029 1801 2069 ι)
1844 2047 1932 2088 re-

320 2128 571 2202 pendunt
602 2130 816 2186 merita.
841 2127 976 2184 Nam
1004 2126 1155 2185 cibos
1183 2128 1383 2200 quaerit
1405 2168 1420 2195 ,
1445 2135 1694 2196 sumptus
1725 2125 1936 2197 impen-

318 2220 424 2279 dit.

397 2315 489 2372 55.
512 2313 619 2372 Sed
667 2313 851 2371 tristes
890 2314 1103 2371 videtur
1139 2312 1340 2370 ducere
1386 2310 1505 2368 dies
1538 2333 1554 2379 ,
1589 2319 1647 2368 et
1676 2312 1934 2383 lacrymis

320 2417 540 2480 tempus
558 2408 794 2479 exigere.
824 2407 938 2463 Hoc
969 2407 1198 2471 beatior.
1233 2405 1378 2478 quod
1400 2417 1665 2478 perpetua
1684 2403 1785 2460 sibi
1802 2420 1935 2477 gau-

316 2501 411 2556 dia
443 2501 656 2572 exiguis
685 2500 903 2556 ﬂetibus
932 2500 1095 2566 emit,
1130 2499 1416 2570 parvisque
1458 2498 1748 2555 momentis
1794 2506 1933 2555 tem-

315 2608 455 2665 pora
485 2592 716 2665 acquirit
746 2599 967 2647 aeterna.
986 2590 1193 2659 Quibus
1217 2591 1356 2648 bene
1383 2591 1583 2646 dicitur
1608 2608 1620 2644 :
1647 2590 1823 2647 Beata:
1838 2591 1935 2646 tri-

311 2696 453 2749 stes.
470 2686 601 2755 ipsae
625 2686 767 2740 enim
787 2683 1032 2741 ridebitis
1055 2682 1410 2757 (Luc.vt,21).
1432 2683 1565 2751 Quis
1586 2682 1745 2755 igitur
1769 2682 1932 2739 falsas

312 2777 670 2850 praesentiunt
715 2778 976 2847 imagines
1010 2776 1352 2848 gaudiorum,
1387 2774 1576 2830 futurae
1620 2774 1930 2831 securitatis

311 2873 571 2942 praiferat
600 2870 899 2941 voluptati?
922 2872 1002 2925 An
1026 2868 1373 2939 deSpicabilis
1397 2867 1553 2923 nobis
1569 2877 1756 2924 auctor
1781 2868 1930 2925 vide-

307 2972 424 3031 tur,
448 2964 537 3018 ille
562 2961 830 3019 Dominici
857 2963 1102 3033 corporis
1123 2969 1316 3017 auctor
1330 2960 1553 3029 electus,
1579 2960 1668 3033 qui
1689 2961 1925 3018 cinerem

306 3057 460 3112 sicut
481 3072 680 3129 panem
709 3055 1101 3125 mandueabat,
1122 3065 1175 3111 et
1205 3066 1392 3127 potum
1422 3071 1546 3112 cum
1577 3054 1706 3112 ﬂetu
1733 3057 1929 3114 misee-

310 3151 439 3217 bat,
473 3161 528 3207 et
557 3149 889 3222 vespertinis
937 3149 1192 3223 Iacrymis
1228 3150 1507 3206 matutina:
1548 3150 1649 3205 sibi
1681 3149 1922 3204 ltetitiam

2040 1941 2141 1996 viri
2168 1940 2251 1996 sui
2280 1939 2476 2011 quibus
2504 1938 2599 1994 ille
2624 1936 2912 1993 defunctus
2933 1945 3037 2004 est,
3060 1946 3266 1993 vestem
3283 1935 3641 2007 iucunditatis

2037 2033 2309 2106 deposuit,
2332 2031 2587 2090 maeroris
2601 2030 2896 2101 assumpsit
2918 2049 2933 2085 :
2958 2045 3057 2101 per
3069 2044 3260 2087 omnes
3280 2029 3400 2086 dies
3426 2031 3635 2086 intenta

2031 2127 2264 2199 jejunio,
2319 2124 2346 2164 ἀ
2419 2125 2647 2182 sabbato
2690 2133 2928 2191 tantum,
2978 2131 3035 2179 et
3069 2122 3344 2180 dominica
3392 2132 3635 2179 sacrata-

2032 2235 2263 2292 rumque
2289 2220 2627 2292 temporibus
2655 2218 2911 2275 feriarum
2938 2262 2954 2287 ,
2990 2234 3098 2273 non
3131 2218 3415 2274 refectioni
3448 2218 3632 2276 indul-

2030 2332 2210 2389 gens,
2259 2316 2359 2374 sed
2408 2315 2653 2387 religioni
2702 2314 2977 2371 deferens.
3028 2313 3143 2369 Hoc
3189 2322 3274 2371 est
3293 2313 3462 2377 enim,
3520 2313 3637 2369 sive

2035 2410 2413 2477 manducetis,
2471 2410 2589 2466 sive
2634 2408 2841 2475 bibitis,
2888 2407 2943 2464 in
2989 2408 3212 2464 nomine
3264 2407 3397 2465 Jesu
3432 2404 3639 2463 Christi

2035 2504 2240 2576 agenda
2272 2519 2394 2560 esse
2416 2503 2594 2559 omnia
2625 2498 2833 2574 (lCor.
2858 2518 2913 2568 x,
2937 2502 3000 2557 5|
3028 2499 3080 2574 );
3112 2509 3172 2557 ut
3199 2500 3362 2557 etiam
3402 2499 3517 2571 ipsa
3542 2516 3635 2555 re-

2034 2598 2197 2653 fectio
2226 2596 2530 2667 corporalis
2576 2609 2750 2651 sacra:
2795 2593 3075 2666 religionis
3117 2593 3283 2649 cultui
3333 2590 3632 2648 deferatur.

2036 2693 2314 2750 Diuturnis
2340 2692 2503 2764 igitur
2529 2691 2854 2748 mter-oribus
2878 2730 2895 2755 ,
2933 2699 2988 2745 et
3015 2687 3346 2760 qu0tidianis
3373 2687 3633 2743 roborata

2027 2786 2251 2859 jejuniis
2278 2795 2466 2843 sancta
2485 2784 2670 2842 Judith
2699 2782 2908 2857 (Iudith
2930 2800 2983 2849 x,
3005 2784 3040 2839 5
3069 2792 3115 2837 et
3141 2780 3274 2853 seq.)
3295 2796 3415 2853 quae
3444 2780 3635 2837 saeculi

2032 2880 2424 2936 oblectamenta
2441 2894 2545 2935 non
2560 2876 3005 2950 qumrit,periculi
3018 2875 3632 2948 negligens,mortisque

2029 2981 2343 3043 contemptu
2362 2972 2569 3039 fortior;
2588 2982 2612 3010 ο
2629 2980 3003 3028 uteommenta
3022 2968 3403 3035 strueretdoli,
3423 2977 3629 3024 vestem

2030 3066 2177 3122 illam
2199 3066 2576 3137 jucunditatis,
2604 3081 2733 3136 qua,
2768 3066 2990 3119 vivente
3013 3064 3151 3131 viro,
3175 3062 3365 3117 vestiri
3397 3060 3627 3127 solebat,

2030 3174 2090 3215 se
2116 3159 2293 3214 induit
2325 3175 2338 3213 :
2364 3161 2513 3230 quasi
2546 3156 2811 3230 placitura
2839 3155 2983 3220 viro,
3011 3155 3056 3210 si
3089 3156 3317 3225 patriam
3341 3153 3621 3209 liberaret.

308 3245 704 3317 redemptionis
754 3245 1071 3317 acquirebat
1120 3242 1301 3317 (Psal.
1356 3260 1429 3313 et,
1457 3243 1584 3317 10)?
1608 3244 1762 3300 Unde
1822 3244 1921 3315 igi-
1954 3247 2000 3311 C
2031 3249 2139 3307 Sed
2160 3252 2336 3306 virum
2368 3250 2530 3305 alium
2558 3248 2803 3316 videbat,
2832 3248 2918 3304 cui
2964 3248 3177 3317 placere
3210 3244 3526 3317 quaerebat;
3560 3243 3625 3299 il-

311 3348 403 3393 tur
423 3338 715 3411 plurimum
756 3338 991 3410 gaudere
1035 3338 1274 3405 meruit,
1307 3339 1410 3395 nisi
1456 3339 1581 3411 quia
1625 3338 1920 3410 plurimum

313 3431 488 3502 ﬂevit,
512 3440 568 3488 el
590 3442 863 3505 tamquam
890 3435 1248 3507 lacrymarum
1279 3434 1455 3505 pretio
1481 3448 1699 3488 suarum
1723 3430 1921 3488 futurae

311 3525 427 3582 sibi
452 3525 639 3598 gloriae
666 3527 897 3600 gratiam
923 3527 1295 3598 comparavit?

385 3617 474 3673 36.
510 3618 685 3676 llabet
707 3621 868 3691 igitur
889 3619 1044 3676 vidua
1068 3620 1264 3675 bonam
1289 3618 1777 3676 commendationis
1805 3634 1920 3675 ma-

304 3715 538 3779 teriam,
572 3713 782 3768 utdum
820 3715 993 3768 virum
1038 3712 1208 3783 luget,
1251 3711 1378 3769 ﬂeat
1414 3713 1673 3768 saeculum
1722 3728 1736 3767 :
1770 3728 1835 3769 ac
1862 3712 1918 3768 in

301 3817 565 3883 promptu
595 3809 704 3864 sint
735 3809 991 3881 lacrymm
1005 3808 1424 3880 redemptrices,
1448 3806 1576 3863 dum
1598 3809 1921 3878 impendun-

302 3909 397 3955 tur
421 3900 673 3965 mortuis,
697 3900 1011 3958 viventibus
1036 3900 1355 3971 profuturee.
1385 3914 1405 3939 ε
1432 3900 1661 3957 Paratus
1681 3908 1764 3956 est
1783 3914 1919 3957 mte-

300 3993 561 4050 stitudini
594 3995 790 4050 anima:
819 3995 977 4051 ﬂetus
995 3997 1299 4053 oculorum:
1326 3996 1753 4053 misericordiam
1780 4011 1913 4053 con-

297 4087 488 4156 ciliat,
524 4086 766 4144 laborem
799 4089 1017 4156 minuit,
1049 4089 1294 4146 dolorem
1325 4089 1560 4155 ablevat,
1592 4100 1774 4148 servat
1814 4106 1914 4162 pu-

296 4180 531 4249 dorem;
563 4199 665 4239 nec
689 4183 800 4254 jam
846 4186 1044 4241 misera
1085 4185 1188 4242 sibi
1232 4187 1468 4254 videtur,
1496 4202 1620 4259 quae
1661 4189 1916 4244 consola-

303 4274 513 4329 tionem
544 4275 597 4331 in
635 4275 894 4350 lacrymis
922 4277 1105 4345 habet,
1138 4280 1190 4334 in
1224 4280 1419 4351 quibus
1463 4290 1591 4337 sunt
1627 4280 1914 4339 cbaritatis

294 4365 582 4436 stipendia
611 4377 669 4424 et
696 4368 918 4440 pietatis
946 4369 1145 4427 officia.

930 4460 1161 4517 CAPUT
1204 4462 1311 4519 νη.

294 4548 699 4606 Fortitudinem
728 4551 895 4607 viduis
929 4569 1031 4608 non
1061 4553 1233 4609 deesse
1272 4555 1323 4608 in
1358 4553 1547 4611 Iudith
1570 4558 1863 4613 ostenditur
1890 4576 1908 4614 :

2023 3343 2135 3399 lutn
2180 3344 2366 3414 utique
2388 3383 2404 3409 ,
2435 3342 2503 3398 de
2530 3356 2636 3414 quo
2669 3341 2872 3397 dictum
2902 3349 2986 3396 est
3030 3357 3044 3394 :
3080 3337 3207 3395 Post
3244 3354 3325 3392 me
3364 3338 3497 3392 venit
3523 3338 3622 3403 vir,

2023 3439 2112 3511 qui
2136 3448 2256 3493 ante
2276 3453 2355 3492 me
2376 3438 2547 3510 factus
2567 3447 2642 3491 est
2667 3432 2846 3508 (Joan.
2880 3451 2917 3502 t,
2951 3432 3068 3505 50).
3094 3433 3160 3489 Ει
3189 3432 3328 3489 bene
3355 3430 3621 3503 coniuga-

2022 3533 2103 3588 les
2134 3540 2434 3604 pugnatura
2484 3530 2778 3601 resumpsit
2820 3537 3080 3593 ornatus;
3125 3526 3250 3597 quia
3283 3524 3618 3580 monimenta

2023 3624 2263 3696 conjugii
2308 3638 2459 3678 arma
2512 3630 2638 3677 sunt
2682 3620 2948 3677 castitatis
2996 3635 3011 3673 :
3057 3632 3234 3689 neque
3283 3617 3429 3674 enim
3459 3615 3617 3671 vidua

2020 3717 2157 3773 alias
2181 3726 2273 3772 aut
2302 3715 2515 3786 placere
2546 3722 2765 3785 posset,
2796 3720 2889 3767 aut
2915 3710 3152 3767 vincere.

2090 3812 2183 3869 59.
2213 3809 2348 3878 Quid
2400 3816 2593 3865 caetera
2626 3821 3037 3878 persequamur,
3069 3803 3213 3875 quod
3261 3803 3407 3859 inter
3448 3801 3617 3857 millia

2018 3906 2255 3961 hostium
2278 3914 2427 3961 casm
2456 3900 2796 3973 permansit?
2818 3898 2958 3968 Quid
2982 3898 3104 3969 ejus
3129 3895 3455 3969 sapientiam
3480 3909 3622 3965 pra:-

2018 4000 2293 4065 dicemus,
2327 3997 2470 4068 quod
2502 3994 2878 4066 hujuscemodi
2929 3991 2948 4031 ι
2984 4003 3068 4049 est
3095 3999 3459 4048 commentata
3485 4004 3619 4046 con-

2016 4092 2230 4149 silium?
2259 4092 2546 4147 Potentem
2575 4088 2769 4160 elegit,
2796 4097 2856 4142 ut
2884 4085 3359 4155 intemperantiam
3387 4098 3417 4138 a
3449 4098 3511 4139 se
3535 4082 3617 4137 in-

2016 4182 2234 4240 ferioris
2272 4190 2515 4246 arceret,
2547 4181 2892 4235 occasionem
2923 4185 3142 4248 pararet
3172 4173 3435 4231 victoriae.
3469 4173 3615 4229 Abs-

2016 4278 2262 4335 tinentiae
2279 4277 2558 4341 meritum,
2593 4271 2866 4345 pudicitia:
2889 4272 3119 4342 gratiam
3151 4268 3477 4324 reservavit.
3506 4266 3617 4322 Nec

2014 4372 2138 4427 cibo
2179 4368 2354 4436 enim,
2402 4378 2462 4425 ut
2501 4366 2765 4439 legimus,
2811 4363 3077 4421 maculata
3101 4404 3115 4429 ,
3168 4376 3268 4418 nec
3308 4359 3611 4429 adulterio,

2014 4479 2122 4520 non
2162 4463 2427 4518 minorem
2463 4469 2694 4517 servatae
2722 4456 2991 4514 castitatis
3019 4471 3087 4513 ex
3118 4453 3367 4511 hostibus
3406 4453 3618 4510 revexit

2014 4557 2370 4631 triumphum,
2409 4565 2434 4604 Β
2473 4570 2634 4625 quam
2664 4554 2854 4626 patria:
2876 4552 3117 4610 liberatae
3144 4550 3355 4622 (Iudith
3382 4563 3477 4615 xu,
3508 4549 3535 4603 1
3570 4555 3618 4602 et

381 4643 533 4711 cujus
562 4653 693 4698 reste
732 4658 794 4698 ac
837 4644 1063 4715 jejuniis
1108 4649 1552 4714 commemoratis,
1603 4650 1908 4706 describitur
1934 4641 1987 4701 D
2012 4652 2144 4725 seq.)

376 4736 612 4803 eiusdem
643 4734 696 4788 in
726 4733 1109 4807 HOIOphernem
1133 4740 1467 4810 praeparatio.
1503 4741 1712 4806 Quanta
1750 4743 1907 4813 fuerit

374 4830 483 4901 ejus
508 4828 745 4896 castitas,
767 4829 984 4899 atquein
1006 4832 1398 4887 commentanda
1413 4832 1501 4903 pia
1513 4835 1699 4905 fraude
1710 4836 1910 4908 sapien-

371 4922 445 4977 tia
474 4937 494 4976 :
521 4931 721 4993 quanta
743 4923 899 4976 etiam
925 4924 1269 4992 temperantia
1281 4933 1326 4978 et
1350 4924 1618 4981 sobrietas.
1648 4927 1728 4981 Ad
1746 4940 1911 4985 extre—
1934 4961 1946 4970 -

373 5030 514 5068 mum
561 5014 914 5070 demonstrato
944 5032 1045 5072 non
1069 5019 1324 5091 majorem
1349 5019 1405 5093 in
1445 5019 1563 5088 ipsa
1591 5022 1906 5092 fortitudinis

376 5162 403 5191 ιι
426 5150 567 5208 Cod.
602 5150 768 5219 Vall.,
800 5152 985 5208 bonam
1004 5155 1497 5211 commendationem
1526 5159 1755 5213 materia:
1776 5176 1899 5217 suae.

371 5222 399 5263 δ
428 5222 643 5302 omnes
668 5223 813 5302 edit._
832 5239 1098 5302 cuttt__nts.
1137 5227 1302 5302 'fell_.,
1345 5229 1632 5299 rependunt
1681 5234 1863 5287 merita
1884 5275 1900 5302 ,

292 5311 449 5367 quam
481 5294 632 5350 cibus
653 5297 867 5365 quaerit;
889 5296 979 5351 alii
1008 5313 1138 5351 mss.
1173 5309 1229 5352 ut
1256 5299 1306 5352 iu
1340 5294 1616 5357 contextu.

373 5378 397 5407 ε
427 5367 652 5448 Editnac
680 5367 1002 5448 tnss..Tell.,‘
1020 5367 1246 5448 Paratus
1267 5380 1339 5448 est
1379 5370 1561 5448 (item.
1582 5374 1777 5430 delevit
1804 5378 1905 5448 est)

295 5440 654 5518 mmstitudine
665 5440 849 5518 animi;
864 5441 1034 5518 magis
1052 5442 1186 5518 scite
1216 5440 1404 5513 reliqui
1423 5458 1553 5518 mss.
1573 5456 1627 5518 nt
1642 5462 1739 5502 nos
1754 5440 1905 5518 supr'.

370 5508 397 5547 ἀ
429 5512 592 5585 lieni.
637 5510 770 5585 edit.
816 5511 929 5585 sola
959 5508 1298 5567 'coufoderat
1325 5508 1434 5585 [et
1453 5515 1712 5571 dominica
1735 5561 1751 5585 ,
1811 5508 1905 5576 sed

294 5597 421 5638 cum
454 5583 509 5655 in
539 5580 796 5655 omnibus
818 5581 940 5636 aliis
956 5585 1086 5639 edtt.
1113 5598 1176 5637 ac
1207 5597 1334 5655 mss.
1363 5584 1642 5655 habeatur,
1671 5580 1903 5646 domini-

297 5668 418 5710 cam
451 5654 541 5708 hic
573 5651 720 5706 idem
746 5666 868 5707 esse
897 5662 1056 5724 atque
1079 5658 1129 5708 in
1149 5653 1443 5723 Scriptura:
1472 5668 1578 5712 tam
1609 5651 1793 5716 multis
1818 5663 1900 5717 Io-

301 5727 384 5781 cis
408 5724 630 5796 Domini
650 5724 1027 5796 solemnitatem
1051 5728 1177 5796 quid
1207 5728 1399 5781 vetat?

376 5806 399 5834 ε
431 5795 556 5852 Vel.
604 5793 849 5869 edit._u_t
884 5793 1167 5851 commento
1224 5806 1442 5854 strueret
1492 5800 1705 5868 dolum;
1754 5801 1905 5869 Gill.,

297 5867 459 5928 Rom.
503 5875 562 5939 et
597 5879 705 5929 ms.
740 5864 896 5934 Tell.,
921 5877 977 5925 ut
1004 5869 1404 5929 commentitium
1437 5881 1650 5931 strueret
1686 5864 1910 5943 dolum,-

2080 4746 2171 4802 40.
2200 4743 2337 4814 Quid
2379 4742 2732 4799 sobrietatem
2785 4730 3018 4812 loquar?
3047 4736 3428 4810 Temperantia
3467 4735 3612 4792 enim

2009 4843 2180 4897 virtus
2209 4850 2295 4896 est
2320 4838 2664 4894 feminarum.
2693 4833 2983 4891 lnebriatis
3031 4834 3157 4889 vino
3180 4834 3313 4888 viris
3344 4840 3400 4888 et
3425 4844 3619 4885 somno

2011 4934 2234 5007 sepultis
2267 4930 2487 4988 abstulit
2532 4928 2692 4984 vidua
2733 4926 3005 4999 gladium,
3052 4923 3081 4963 δ
3106 4924 3318 4981 exeruit
3358 4936 3613 4987 manum,

2013 5024 2295 5084 bellatoris
2331 5020 2568 5080 abscidit
2593 5029 2755 5092 caput
2778 5063 2794 5089 ,
2825 5035 2925 5092 per
2954 5016 3162 5075 medias
3199 5016 3438 5073 hostium
3467 5013 3618 5071 acies

2016 5161 2211 5219 relicui
2245 5172 2486 5216 noStram
2517 5156 2779 5214 exhibent
2810 5155 3122 5213 lectionem.

2082 5233 2102 5271 τ
2135 5227 2211 5287 lta
2238 5247 2368 5287 mss.
2402 5245 2569 5302 prope
2600 5230 2666 5284 ad
2691 5245 2855 5284 unum
2882 5227 3058 5302 redit.
3087 5233 3264 5280 autem
3284 5264 3299 5290 ,
3327 5230 3616 5302 commenta

2008 5305 2300 5371 consilium,
2344 5295 2551 5357 ut'dttt'n
2578 5310 2832 5372 potentem
2863 5299 3000 5354 elirit
3050 5295 3466 5372 intemperantia,
3495 5310 3529 5372 _a
3557 5308 3612 5372 se

2007 5364 2507 5450 ittferiores'arceret
2534 5415 2548 5439 ,
2575 5364 2902 5450 occasionem
2926 5378 3132 5450 pararet
3155 5365 3382 5450 vic_toriw
3407 5405 3422 5431 ,
3452 5364 3610 5446 absti—

2011 5437 2291 5504 néntitc....
2327 5437 2675 5500 reservaret...
2711 5460 2811 5497 non
2835 5437 3027 5509 minus,
3058 5437 3279 5493 Amerb.
3312 5452 3414 5490 non
3441 5437 3606 5509 mitto.-

2010 5537 2140 5585 rem,
2171 5529 2481 5574 servatw....
2517 5517 2706 5571 revexit
2742 5513 3052 5585 trophazum.
3084 5509 3221 5565 Tell.
3255 5523 3385 5564 vero
3415 5508 3614 5578 partim

2012 5584 2137 5648 aliis
2163 5606 2322 5655 mss.,
2353 5589 2549 5659 partim
2576 5588 2708 5640 edit.
2735 5584 2967 5659 accedit.

2086 5672 2111 5711 8
2140 5660 2273 5717 Cod.
2301 5652 2447 5721 Vin"
2482 5674 2638 5727 quam
2669 5656 2862 5727 patritg
2876 5652 3180 5727 libertatem.

2086 5733 2111 5769 ιι
2127 5732 2270 5789 Edit.
2287 5719 2804 5788 ultimar'Parislcum
2821 5722 3088 5778 Tell.cod.
3100 5763 3114 5789 ,
3133 5719 3361 5777 exercuit
3376 5736 3613 5777 martum.

2018 5804 2084 5860 Et
2105 5805 2245 5860 intra
2271 5846 2286 5872 ,
2315 5815 2506 5860 onmes
2539 5799 2670 5857 edit.
2713 5810 2777 5853 ac
2804 5808 2938 5852 mss.
2974 5794 3258 5863 nonnulli,
3281 5791 3447 5849 ebrios
3474 5808 3621 5850 eaer-

2018 5877 2219 5932 citatos.
