4054 6306
447 256 554 314 (247
1787 249 2030 310 SANC'I'I
2072 254 2101 308 Α

2205 249 2398 312 ιιιοδιι
3637 252 3737 310 ειε

439 373 769 428 intemerata
796 370 1072 443 processit
1102 368 1310 443 (Iudith
1329 382 1442 436 xm,
1463 367 1500 422 4
1522 375 1570 422 et
1594 365 1728 440 seq.)
1750 366 2051 422 Advertitis
2081 375 2128 432 Α
2154 365 2280 420 aliis
2297 365 2542 422 videatur
2568 364 2824 436 implesse
2849 406 2865 434 ,
2889 365 3072 438 plures
3098 363 3265 430 alias,
3299 361 3378 420 vel
3407 363 3594 434 parilis
3614 406 3631 432 ,
3660 364 3741 420 vel

448 466 616 538 igitur
655 475 925 537 quantum
967 477 1170 520 nocere
1214 461 1533 516 mulieribus
1567 461 1741 529 possit
1769 459 2046 527 ebrietas,
2155 459 2424 530 proximae
2451 458 2616 515 fuisse
2649 460 2864 514 virtutis
2898 474 3233 530 nequaquam
3272 457 3628 514 dubitandum
3665 459 3742 512 vi.

451 557 676 631 quando
704 557 857 614 viros
885 556 1009 612 vina
1041 555 1122 612 sic
1151 555 1394 620 solvunt,
1427 561 1486 608 ut
1512 553 1804 608 vincantur
1833 567 1863 605 a
1897 548 2056 605 femi—
2152 551 2340 616 detur;
2365 551 2507 607 bona
2529 552 2674 608 enim
2695 566 2852 624 seges
2873 553 3136 624 plurimas
3157 551 3336 623 spicas
3372 549 3550 607 fructu
3581 549 3747 606 refer-

449 650 569 706 nis?
601 650 737 706 Esto
766 649 953 721 igitur,
981 647 1170 715 vidua,
1204 658 1521 717 temperans
1550 661 1564 699 :
1597 654 1745 701 casta
1764 641 2000 715 primum
2023 656 2054 696 a
2157 655 2239 699 tas
2277 643 2426 700 ferre
2472 645 2780 701 consuevit.
2839 644 2949 701 Nec
2995 644 3209 701 dubites
3236 641 3264 682 δ
3303 643 3476 711 illam,
3500 649 3746 700 veterum

453 744 616 812 vino,
645 752 708 800 ut
735 745 916 816 possis
942 751 1091 800 casta
1117 757 1242 799 esse
1277 741 1346 796 ab
1375 739 1668 796 adulterio.
1698 737 2055 808 Nequaquam
2156 749 2396 800 segetem
2428 748 2732 810 temporum
2766 740 2819 794 in
2849 739 3209 812 complurium
3240 737 3564 794 feminarum
3595 739 3752 794 mori-

453 848 510 899 te
536 839 631 895 ille
673 839 940 908 teutabit,
971 839 1018 896 si
1048 838 1174 894 vina
1213 853 1321 893 non
1359 845 1599 892 tentent.
1630 835 1764 891 Nam
1795 835 1839 889 si
1870 831 2057 890 Iudith

455 933 718 1002 bibisset,
751 932 1048 989 dormisset
1076 947 1202 988 cum
1246 930 1519 987 adultero.
1551 928 1658 986 Sed
1689 928 1814 1000 quia
1848 942 1957 983 non
1981 925 2064 982 bi-

457 1026 572 1094 bit;
605 1026 750 1082 haud
780 1025 1001 1083 difﬂcile
1025 1025 1054 1056 ⁸
1075 1026 1258 1084 ebrios
1287 1025 1582 1090 exercitus,
1611 1023 2062 1080 uniussobrietas

458 1131 512 1177 et
547 1120 771 1176 vincere
813 1121 1022 1191 potuit,
1047 1128 1102 1175 et
1122 1117 1371 1176 eludere.

527 1212 618 1269 41.
660 1213 772 1270 Nec
815 1213 1055 1270 dextera:
1103 1221 1313 1268 tantum
1373 1211 1479 1268 hoc
1511 1226 1677 1284 opus,
1737 1209 1831 1267 sed
1891 1209 2065 1266 multo

460 1307 635 1378 major
662 1307 905 1377 tropbma
935 1305 1240 1378 sapientiae.
1276 1305 1408 1361 Nam
1442 1320 1566 1361 cum
1597 1320 1757 1360 manu
1791 1303 1946 1377 197
1977 1317 2070 1358 so-

458 1400 570 1455 lum
605 1399 1010 1472 Holopberncm
1036 1399 1282 1466 vicisset,
1315 1399 1552 1454 consilio
1582 1411 1800 1453 omnem
1829 1397 2065 1452 hostium

2159 833 2261 888 bus
2304 831 2646 891 fecundasse.
2690 833 2796 891 Sed
2854 834 2979 908 quia
3028 835 3298 906 prolixum
3340 843 3425 890 est
3465 833 3752 904 complecti

2160 941 2373 992 omnes,
2397 936 2419 965 ο
2442 927 2759 998 cognoscite
2780 926 2993 998 aliquas
3011 969 3026 995 ,
3050 937 3105 983 et
3127 927 3402 998 pra‘cipue
3431 926 3752 994 Debboram,

2161 1019 2318 1090 cujus
2371 1021 2530 1076 nobis
2590 1021 2832 1092 prodidit
2902 1022 3183 1094 Scriptura
3242 1021 3497 1079 virtutem
3532 1020 3752 1094 (Iudic.

2163 1128 2255 1180 ιν,
2295 1113 2372 1187 ι).

2234 1204 2324 1262 ιι.
2367 1206 2495 1264 Haec
2543 1207 2688 1266 enim
2733 1207 2921 1266 docuit
2964 1224 3076 1265 non
3115 1208 3295 1265 solum
3325 1208 3430 1265 viri
3452 1208 3662 1265 auxilio
3684 1209 3759 1265 vi-

2165 1301 2303 1359 duas
2351 1320 2462 1360 non
2489 1320 2682 1377 egere,
2730 1305 3088 1363 verumetiam
3124 1306 3260 1362 viris
3301 1321 3426 1363 esse
3465 1305 3760 1362 subsidio:

2167 1410 2290 1466 quae
2318 1411 2421 1453 nec
2439 1412 2602 1452 sexus
2634 1396 2949 1454 inﬁrmitate
2994 1408 3245 1454 revocata
3270 1441 3287 1467 ,
3314 1399 3497 1454 munia
3529 1399 3764 1454 virorum

459 1495 589 1551 vicit
609 1497 914 1552 exercitum
941 1494 1152 1564 (Iudith
1177 1511 1286 1560 xiv,
1318 1496 1418 1551 let
1442 1493 1600 1565 seq.).
1625 1492 1906 1564 Suspenso
1923 1493 2068 1548 enim
2170 1489 2417 1544 obeunda
2466 1492 2742 1561 suscepit,
2787 1501 2839 1549 et
2887 1502 3138 1563 suscepta
3165 1492 3483 1549 cumulavit.
3529 1492 3768 1564 Denique

457 1588 830 1660 Holopbernis
862 1588 1044 1660 capite
1070 1631 1086 1657 ,
1115 1587 1261 1660 quod
1296 1589 1538 1644 virorum
1572 1602 1680 1642 non
1706 1587 1886 1656 potuit
1907 1601 2071 1642 exco-
2170 1598 2293 1639 cum
2339 1582 2512 1640 Iudaei
2542 1585 2796 1642 Iudicum
2825 1597 3147 1658 regerentur
3170 1586 3421 1652 arbitrio,
3448 1585 3583 1658 quia
3629 1584 3767 1642 virili

455 1681 617 1752 gilari
647 1681 889 1738 consilio
913 1721 929 1749 ,
954 1696 1183 1737 suorum
1215 1682 1392 1736 erexit
1419 1681 1666 1745 animos,
1700 1680 1936 1734 hostium
1963 1678 2072 1734 frc-
2174 1691 2284 1732 non
2313 1688 2568 1750 poterant
2601 1679 2686 1735 vel
2715 1680 2976 1750 aequitate
3009 1679 3164 1752 regi,
3195 1681 3276 1737 vel
3303 1681 3507 1736 virtute
3535 1679 3769 1747 defendi,

457 1775 537 1846 git
564 1793 578 1830 :
617 1790 756 1832 suos
801 1773 1010 1846 pudore
1051 1773 1331 1841 excitans,
1363 1773 1552 1831 hostes
1597 1787 1818 1844 quoque
1859 1780 2068 1828 terrore
2095 1765 2146 1828 B
2172 1773 2330 1831 bellis
2358 1773 2483 1829 hinc
2507 1773 2635 1830 inde
2663 1773 3006 1840 ardentibus,
3035 1774 3338 1831 Debboram
3369 1774 3473 1830 sibi
3503 1774 3665 1845 cujus
3693 1788 3772 1829 re-

461 1866 798 1938 percellens;
827 1881 1003 1938 coque
1031 1865 1157 1922 caesi
1188 1875 1317 1922 sunt
1353 1875 1409 1922 et
1441 1865 1636 1937 fugati.
1696 1865 1770 1921 Ita
1800 1866 1959 1920 unius
1990 1865 2068 1919 vi-
2167 1875 2426 1937 gerentur
2456 1865 2665 1937 judicio
2690 1908 2706 1932 ,
2752 1875 3104 1936 cooptarunt.
3161 1866 3347 1938 Itaque
3392 1867 3567 1922 multa
3617 1866 3772 1923 millia

462 1959 586 2017 dua:
617 1961 980 2032 temperantia
1010 1969 1174 2032 atque
1190 1959 1462 2016 sobrietas
1479 1975 1589 2015 non
1613 1959 1790 2015 solum
1814 1967 2069 2014 naturam
2175 1958 2336 2031 198
2368 1958 2609 2014 virorum
2642 1975 2746 2014 una
2783 1959 2943 2015 vidua
2987 1968 3046 2016 et
3096 1961 3150 2016 in
3205 1974 3338 2030 pace
3384 1961 3564 2028 rexit,
3611 1969 3666 2016 et
3713 1959 3776 2015 ab

460 2069 614 2112 suam
646 2057 812 2122 vicit,
845 2055 943 2112 sed
967 2055 1112 2127 quod
1150 2065 1234 2110 est
1269 2054 1531 2126 amplius,
1569 2053 1867 2110 fecitviros
1903 2053 2068 2109 etiam
2170 2049 2329 2106 hoste
2373 2050 2640 2106 defendit.
2690 2051 2842 2108 Multi
2873 2051 3097 2108 Iudices
3127 2052 3183 2108 in
3208 2051 3416 2120 Israel,
3445 2051 3473 2090 ει
3503 2052 3606 2109 sed
3643 2053 3778 2108 nulla

468 2147 730 2204 fortiores
759 2147 973 2222 (Iudith
993 2165 1083 2218 xv,
1103 2149 1130 2204 l
1159 2158 1207 2204 et
1227 2147 1388 2220 seq.).
2171 2152 2298 2199 ante
2319 2143 2489 2214 judex
2519 2144 2720 2200 femina
2762 2161 2776 2198 :
2819 2143 2979 2200 multi
3007 2143 3227 2201 Iudices
3273 2152 3398 2216 post
3425 2144 3618 2201 Iesum
3645 2186 3661 2212 ,
3691 2143 3778 2201 sed

539 2239 633 2294 42.
667 2238 781 2296 Nec
813 2240 899 2297 his
938 2249 1120 2297 tamen
1159 2241 1303 2297 elata
1335 2241 1719 2308 successibus,
1770 2240 1856 2296 cui
1889 2239 2076 2310 utique
2176 2238 2356 2294 nullus
2378 2239 2666 2310 prepheta.
2694 2239 2764 2296 Et
2789 2239 2913 2296 ideo
2939 2239 3138 2296 lectum
3166 2239 3328 2296 latius
3351 2249 3480 2311 puto
3501 2253 3631 2297 esse
3651 2239 3784 2310 judi—

478 2333 722 2403 gaudere
749 2343 806 2390 et
825 2329 1109 2391 exsultare
1133 2334 1330 2390 licebat
1349 2335 1478 2407 jure
1502 2334 1772 2402 victoria),
1798 2333 2078 2389 viduitatis
2177 2331 2344 2398 cium,
2374 2339 2429 2386 et
2451 2337 2606 2402 gesta
2637 2331 2756 2401 ejus
2787 2330 3028 2387 arbitror
3056 2346 3182 2388 esse
3221 2330 3498 2402 descripta
3524 2348 3542 2399 ;
3575 2346 3647 2388 ne
3673 2346 3786 2387 mu-

477 2427 700 2500 reliqnit
731 2427 972 2485 ofﬁcium
1018 2449 1032 2486 :
1062 2428 1160 2486 sed
1188 2429 1520 2502 contemptis
1550 2429 1924 2501 omnibus'qui
1963 2429 2082 2500 ejus
2180 2425 2342 2481 lieres
2363 2439 2394 2480 a
2415 2424 2847 2494 virtutisofllcio,
2866 2425 3148 2482 muliebris
3176 2440 3341 2483 sexus
3369 2427 3691 2482 inllrmitate
3710 2440 3789 2481 re-

481 2523 706 2591 nuptias
741 2523 1091 2592 ambiebant,
1141 2533 1347 2581 vestem
1382 2523 1744 2597 jucunditatis
1797 2523 2081 2594 deposuit,
2181 2531 2464 2578 vocentur.
2485 2520 2658 2577 Vidua
2681 2522 2916 2594 p0pulos
2941 2523 3104 2594 regit,
3132 2521 3296 2578 vidua
3311 2521 3464 2577 ducit
3488 2521 3786 2588 exercitus,

483 2616 764 2673 viduitatis
792 2617 1122 2690 resumpsit:
1145 2633 1246 2676 nec
1272 2619 1674 2690 triumphorum
1688 2633 1913 2675 suorum
1938 2633 2087 2674 ama-
2183 2614 2346 2670 vidua
2358 2614 2524 2670 duces
2544 2615 2714 2686 eligit,
2732 2613 2891 2671 vidua
2914 2614 3054 2670 bella
3075 2612 3342 2684 disponit,
3358 2612 3588 2670 mandat
3616 2612 3789 2668 trium-

487 2709 569 2764 vit
590 2717 848 2777 ornatus,
893 2709 1018 2767 illos
1056 2713 1380 2770 existimans
1420 2727 1544 2770 esse
1586 2712 1841 2770 meliores
1889 2713 2086 2786 quibus
2187 2710 2345 2782 pbos.
2372 2709 2490 2766 Non
2521 2725 2653 2782 ergo
2683 2721 2876 2766 natura
2901 2722 2995 2765 rea
3021 2718 3106 2765 est
3128 2709 3327 2780 culpat,
3364 2722 3464 2764 nec
3491 2703 3790 2764 inﬁrmitati

481 2802 609 2858 vitia
631 2803 910 2874 corporis,
929 2821 1091 2876 quam
1119 2806 1317 2878 quibus
1347 2805 1588 2864 hostium
1618 2821 1768 2864 arma
1792 2808 2088 2864 vincuntur

491 2893 706 2966 (Iudith
731 2911 846 2965 xu,
868 2896 939 2954 26
959 2907 1010 2954 et
1035 2897 1192 2972 seq.).

1077 2993 1310 3052 CAPUT
1345 2994 1486 3053 VIII.

491 3083 688 3141 Plures
712 3084 849 3142 alias
877 3086 1062 3144 viduas
1089 3104 1209 3161 qua:
1235 3089 1426 3146 virtute
1454 3090 1524 3146 ad
1550 3088 1738 3146 Iudith
1761 3090 2088 3158 accesserint,

2187 2806 2420 2863 obnoxia
2449 2823 2464 2860 :
2494 2817 2748 2864 strenuos
2777 2820 2886 2862 non
2913 2819 3075 2861 sexus
3099 2846 3114 2870 ,
3147 2804 3244 2862 sed
3267 2803 3440 2861 virtus
3473 2804 3632 2861 facit.
3759 2871 3766 2881 _

2260 2901 2354 2956 45.
2382 2901 2448 2956 Ει
2480 2901 2534 2956 in
2569 2915 2702 2970 pace
2744 2897 2962 2970 quidem
3011 2897 3164 2954 nulla
3201 2898 3550 2970 querimonia
3573 2940 3591 2967 ,
3620 2895 3792 2954 nullus

2191 3008 2347 3051 error
2371 2992 2620 3050 mulieris
2650 2992 2924 3048 invenitur
2953 3009 2968 3046 :
3012 3007 3135 3047 cum
3168 2991 3422 3063 plerique
3451 3007 3567 3048 non
3601 2991 3798 3048 medio-

2195 3087 2372 3142 crium
2406 3095 2756 3158 peccatorum
2785 3093 3040 3142 auctores
3063 3085 3262 3156 populo
3293 3100 3394 3143 suo
3429 3085 3664 3143 Iudices
3708 3100 3797 3142 ex-

560 3179 823 3235 exstitisse
851 3182 926 3236 ait
959 3182 1038 3237 uir
1065 3157 1311 3248 sanctus,
1343 3192 1399 3238 at
1437 3183 1505 3240 de
1534 3184 1649 3240 sola
1689 3184 1929 3241 Debbora
1957 3157 2094 3240 nunc
2121 3157 2167 3222 (ἶ
2201 3157 2492 3238 stitissent.
2522 3181 2626 3240 Ubi
2659 3195 2790 3237 vero
2811 3179 3130 3247 Cltananzei,
3150 3195 3288 3252 gens
3317 3180 3472 3236 ferox
3503 3181 3722 3252 prtelio,
3749 3187 3799 3235 et

561 3289 615 3328 se
642 3272 928 3328 dicturum.
961 3273 1170 3343 Quanta
1193 3275 1502 3332 documenta
1523 3276 1692 3332 viduis
1721 3293 1780 3331 ea
1807 3277 2095 3349 reliquerit,

555 3381 713 3436 quam
734 3367 833 3422 viri
858 3383 892 3421 a
921 3383 1022 3437 qua
1038 3379 1342 3443 regerentur
1363 3368 1862 3440 defenderenturque
1883 3411 1897 3435 ,
1922 3370 2095 3442 elege-

564 3469 712 3514 runt.
745 3458 1035 3516 Maximam
1070 3478 1271 3534 quoque
1317 3461 1464 3530 illius
1509 3463 1734 3536 gloriam
1773 3461 1897 3516 inde
1925 3462 2101 3535 profe-

572 3561 730 3618 ctam,
757 3553 900 3622 quod
928 3553 1098 3624 ﬁlium
1119 3571 1152 3608 a
1180 3572 1234 3610 se
1262 3555 1602 3625 informatum
1634 3555 1768 3610 bello
1784 3556 2100 3628 praefuerit,

571 3639 657 3695 hic
705 3651 876 3698 autem
917 3645 1128 3713 copias,
1169 3647 1270 3701 nisi
1297 3647 1495 3702 adesset
1537 3648 1665 3714 illa,
1708 3649 1968 3721 negaverit
1997 3664 2107 3703 sese

569 3733 868 3788 ducturum.
897 3733 1033 3790 Eam
1057 3737 1220 3807 igitur
1248 3748 1295 3793 et
1322 3740 1572 3794 exercitui
1599 3741 1876 3810 prtrfuisse
1903 3749 1950 3794 et
1970 3755 2106 3812 prte-

575 3827 837 3881 nuntiasse
877 3826 995 3882 belli
1023 3829 1256 3897 exitum;
1287 3831 1340 3886 in
1388 3848 1490 3903 qua
1537 3831 1784 3886 Ecclesia:
1829 3847 2018 3903 pugnae
2043 3847 2106 3886 ac

580 3917 866 3990 triumphi,
901 3937 993 3976 nec
1022 3938 1124 3977 non
1151 3924 1415 3994 spiritalia
1441 3941 1589 3980 arma
1617 3925 1886 3996 designata
1934 3935 2053 3980 sunt
2085 3941 2106 3981 :

576 4011 815 4069 historice
839 4031 960 4071 vero
998 4017 1206 4089 feminis
1235 4035 1408 4076 omnes
1453 4025 1763 4092 auferuntur
1787 4020 2106 4092 inﬁrmitatis

577 4109 950 4164 excusationes.

571 4197 663 4256 45.
705 4203 782 4258 Ac
806 4217 874 4258 ne
905 4218 1010 4258 una
1042 4203 1205 4260 vidua
1240 4213 1446 4262 tantum
1491 4204 1594 4262 hoc
1619 4221 1756 4272 opus
1782 4206 2102 4265 inimitabile

584 4343 610 4406 ξι
640 4333 764 4406 Mss.
799 4351 906 4391 non
933 4338 1111 4406 pauci,
1139 4335 1304 4391 ebrios
1323 4337 1572 4392 excitatos
1599 4335 1774 4404 unius,
1803 4347 1911 4394 etc.

583 4401 612 4481 ξ)
645 4404 894 4481 Plerique
924 4401 1082 4475 mss.,
1107 4409 1254 4463 illam
1288 4419 1506 4464 veterem
1533 4401 2103 4481 segetem'cumulasse:

511 4474 602 4528 sed
625 4477 767 4546 quia,
795 4474 902 4532 etc.

591 4557 614 4621 ἦ
639 4546 770 4621 Mss.
803 4547 1035 4616 aliquot,
1063 4550 1357 4621 cognoscite
1379 4551 1536 4606 alias.

589 4617 618 4654 ά
675 4617 800 4674 Mss.
833 4617 1161 4695 non_ptiuci,
1207 4623 1298 4676 sed
1328 4623 1472 4678 nulla
1500 4631 1619 4678 ante
1651 4621 1838 4678 Iudith
1884 4625 2111 4695 femina;

523 4703 772 4765 unus"..-
789 4701 906 4746 ante
932 4691 1222 4765 Debboram
1249 4695 1462 4764 femina.
1492 4695 1758 4750 Convenit
1783 4691 1946 4765 porro
1974 4698 2114 4752 inter

521 4757 869 4838 Ambrosium
912 4774 1080 4838 atque
1098 4757 1484 4838 Hieronymum
1516 4757 1817 4822 Debboram
1843 4766 2115 4838 Israelita-

523 4847 641 4905 rum
668 4832 948 4905 prsefuisse
969 4832 1188 4905 j‘udiciis
1213 4854 1226 4890 :
1253 4832 1432 4892 utrum
1459 4853 1590 4894 vero
1616 4839 1805 4894 eadem
1833 4837 1992 4891 vidua
2019 4855 2115 4894 ex-

521 4903 761 4968 stiterit,
794 4919 857 4959 ac
883 4903 1056 4961 mater
1086 4907 1324 4973 Baracb,
1356 4926 1462 4964 non
1491 4912 1860 4966 consentiunt.
1898 4908 2110 4965 Etenim

525 4973 886 5050 llieronymus
913 4979 1074 5050 epist.
1108 4979 1194 5046 10,
1219 4979 1286 5034 ad
1309 4979 1549 5041 Furiam,
1572 4982 1646 5036 ita
1671 4981 1908 5050 loquitur
1936 4996 1949 5036 :
1979 4980 2112 5048 Qui-

526 5046 644 5099 dam
665 5047 904 5116 imperite
930 5060 978 5103 et
1009 5049 1293 5103 Debboram
1321 5052 1452 5104 inter
1478 5051 1661 5106 viduas
1683 5046 2115 5114 memoranti“-

527 5132 736 5190 cemque
766 5117 968 5174 Barach
995 5120 1310 5174 arbitrantur
1339 5121 1587 5177 Debbora:
1617 5123 1801 5190 ﬁlium,
1829 5139 1943 5176 cum
1970 5123 2116 5176 aliud

533 5189 805 5258 Scriptura
853 5203 1233 5247 commemoret.
1270 5191 1433 5246 Nobis
1473 5193 1542 5246 ad
1580 5189 1679 5248 hoc
1733 5193 2112 5260 nominabitur,

528 5263 664 5329 quod
700 5263 1032 5336 prophetissa
1069 5263 1259 5336 fuerit,
1300 5271 1348 5317 et
1390 5265 1445 5336 in
1493 5265 1676 5336 ordine
1710 5261 1958 5318 Iudicum
1992 5283 2116 5336 sup-

531 5341 754 5402 putetur.
777 5334 983 5401 Quibus
1006 5333 1189 5390 verbis
1211 5335 1494 5402 imperitize
1521 5333 1866 5390 Ambrosium
1891 5333 2118 5390 insimu-

528 5399 624 5454 lari
659 5399 962 5477 Spencmus
1011 5399 1482 5477 autumatﬁFavet
1508 5421 1640 5462 sane
1674 5405 1914 5477 opinioni
1953 5409 2072 5476 ejus
2095 5448 2114 5472 ,

531 5473 674 5547 quod
701 5476 888 5547 eadem
919 5477 1150 5547 epismla
1193 5478 1390 5547 scripta
1431 5476 1594 5532 fuerit
1631 5473 1738 5532 non
1765 5479 1956 5547 multo
1984 5473 2117 5544 post

529 5545 682 5617 epist.
729 5546 800 5600 50
843 5545 1084 5617 ejusdem
1132 5545 1351 5605 Hieron.
1405 5549 1471 5603 ad
1502 5546 1852 5614 Pamtnach.,
1884 5565 1975 5602 an.
2005 5549 2113 5607 595

539 5611 742 5698 datam,
780 5611 888 5698 qua
907 5618 1066 5698 hujus
1105 5621 1284 5698 ipsius
1308 5619 1684 5698 Ambrosiam:
1708 5611 2118 5698 commentatio-

543 5689 625 5737 nis
656 5689 987 5764 mentionem
1028 5689 1176 5764 facit.
1226 5693 1322 5748 llic
1361 5694 1522 5764 igitur
1573 5689 1792 5762 ingenio
1831 5705 1930 5744 suo
1969 5707 2109 5747 non-

541 5766 826 5838 ῃμηὶειιιειῐη
866 5763 1445 5838 paulo_.vebementiori
1465 5763 1867 5838 obsecutus‘est
1890 5773 2114 5838 sanctus

534 5819 629 5880 ille
655 5819 830 5897 P'ater‘,
857 5819 950 5886 aut
965 5833 1156 5892 saltem
1171 5819 1358 5893 solam
1377 5819 1647 5894 ltebralcae
1673 5823 1868 5905 linguae
1889 5819 2112 5903 imperi-4

2200 3273 2538 3330 afﬂuentiam
2582 3273 2864 3343 copiarum
2903 3275 3088 3342 opima
3134 3287 3391 3329 successu
3418 3313 3435 3338 ,
3483 3271 3796 3329 bostilesia

2203 3369 2461 3442 pupulum
2503 3367 2814 3424 Iudaeorum
2862 3367 3077 3423 animos
3114 3369 3464 3434 extulerunt,
3498 3366 3668 3424 vidua
3697 3379 3800 3436 pro:

2203 3461 2419 3520 cmleris
2457 3461 2684 3518 bellicos
2711 3461 2931 3516 instruit
2957 3470 3272 3530 apparatus.
3305 3461 3372 3515 Et
3401 3469 3458 3514 ut
3482 3459 3670 3517 discas
3700 3473 3800 3515 non

2205 3553 2437 3626 publicis
2462 3553 2635 3624 e0piis
2661 3553 2992 3609 domesticas
3019 3553 3372 3610 necessitates
3402 3551 3578 3608 fuisse
3617 3551 3802 3610 subni-

2205 3663 2336 3717 xas,
2363 3647 2461 3704 sed
2489 3647 2802 3705 domesticis
2833 3647 3140 3718 disciplinis
3179 3661 3380 3703 munus
3411 3646 3697 3718 publicum
3716 3659 3805 3718 gu-

2206 3741 2494 3796 bernatum
2529 3781 2545 3808 ,
2588 3740 2754 3795 domo
2803 3740 3022 3810 propria
3093 3739 3264 3794 filium
3313 3739 3512 3795 ducem
3565 3735 3808 3810 producit

2205 3833 2512 3900 exercitus,
2541 3841 2564 3870 θ
2596 3841 2653 3887 ιιι
2681 3832 2993 3904 agnoscatis
3020 3831 3166 3900 quod
3202 3833 3374 3902 possit
3414 3831 3708 3888 instituere
3733 3828 3804 3883 vi-

2209 3927 2317 3982 dua
2348 3926 2666 3983 bellatorem
2716 3945 2730 3982 :
2783 3942 2944 3999 quem
2974 3927 3130 3998 quasi
3160 3937 3338 3983 mater
3365 3927 3571 3984 erudiit
3596 3969 3613 3997 ,
3659 3922 3804 3998 quasi

2206 4021 2383 4078 Iudex
2423 4020 2918 4090 prmposnit,quasi
2958 4021 3115 4076 fortis
3161 4019 3427 4087 instituit,
3474 4020 3637 4092 quasi
3685 4031 3804 4091 pro-

2210 4113 2451 4186 pbetissa
2483 4111 2722 4168 victoriae
2746 4121 2912 4168 cerne
2943 4112 3244 4169 transmisit
3273 4111 3466 4186 (Ibid,
3499 4112 3584 4182 6).

2282 4205 2374 4262 46.
2429 4205 2671 4277 Denique
2717 4207 2772 4262 in
2816 4206 3061 4262 mulieris
3112 4221 3275 4262 manu
3324 4220 3601 4263 summam
3652 4204 3808 4261 fuisse

2210 4337 2340 4411 tiam
2363 4335 2708 4411 significavit.
2727 4337 3152 4411 Quodautemgin
3174 4353 3237 4394 ea
3257 4338 3560 4411 qumstione
3581 4337 3807 4411 palmam

2223 4407 2552 4481 Hieronymo
2582 4409 2819 4466 tribuere
2846 4409 3056 4464 videtur
3079 4407 3222 4464 idem
3250 4407 3602 4481 Spencatus;
3637 4426 3743 4466 non
3763 4408 3809 4462 ci

2139 4521 2190 4581 D
2221 4479 3811 4581 aie_?...£=1c.i'a::'.‘i.Impulsam“:nec:Paulis?

2222 4552 2522 4608 Debboram
2549 4550 2827 4621 Scriptura
2845 4563 3002 4607 Vocet
3025 4567 3240 4606 uxorem
3271 4551 3561 4621 Lapidoth,
3580 4569 3704 4610 eam
3736 4561 3810 4606 ta-

2217 4641 2342 4680 men
2371 4624 2706 4680 contendunt
2748 4624 2963 4695 viduam
2987 4624 3268 4695 recteﬁtlici
3319 4637 3480 4695 posse
3505 4666 3522 4690 ,
3555 4627 3642 4682 vel
3670 4621 3807 4695 quod

2217 4712 2246 4750 a
2272 4695 2536 4763 Lapidutb
2567 4711 2728 4764 quem
2759 4694 3008 4750 eumdem
3035 4710 3098 4750 ac
3134 4694 3342 4750 Baracb
3381 4693 3554 4751 fuisse
3596 4693 3811 4766 putant,

2187 4775 2462 4838 .separata
2508 4763 2652 4834 quod
2681 4765 2748 4821 ad
2776 4775 2952 4838 torum
2995 4766 3238 4821 viveret:
3266 4767 3351 4822 vel
3366 4767 3523 4838 quod
3552 4763 3806 4838 Lapidoth

2219 4853 2326 4892 non
2350 4837 2450 4908 viri
2479 4853 2700 4904 nomen,
2721 4837 2816 4893 scd
2841 4839 2974 4892 artis
2999 4847 3163 4904 esset;
3190 4837 3526 4908 proindeque
3549 4837 3658 4894 non
3685 4852 3812 4894 uxo-

2218 4924 2333 4980 rem
2366 4906 2664 4978 Lapidotlt,
2695 4924 2878 4964 verum
2910 4906 3582 4980 mulieremLycbnariam
3607 4923 3813 4966 verten-

2216 4978 2345 5034 dum
2371 4991 2616 5047 censent,
2651 4996 2769 5050 qum
2792 4980 2961 5050 multo
2987 4978 3331 5050 coluimutiior
3360 4983 3550 5050 opinio
3576 4991 3682 5037 est.
3709 4981 3810 5036 Nos

2219 5059 2399 5105 tamen
2451 5049 2739 5107 Ambrosio
2780 5049 3040 5120 Lapidoth
3079 5051 3349 5108 Debborae
3393 5049 3576 5108 mariti
3620 5066 3809 5108 nomen

2220 5121 2390 5192 fuisse
2420 5124 2817 5186 existimamus,
2840 5121 2935 5176 sed
2967 5124 3161 5177 mortui
3192 5165 3209 5187 ,
3239 5131 3406 5192 atque
3434 5123 3574 5178 adeo
3605 5136 3813 5179 uxorem

2217 5191 2478 5266 Lapidem
2519 5194 2752 5260 positum
2796 5208 2892 5266 pro
2931 5192 3139 5266 viduam
3181 5191 3468 5266 Lapidoth,
3500 5195 3647 5266 quod
3675 5193 3808 5266 scri-

2217 5263 2466 5332 ptoribus
2495 5279 2600 5318 non
2623 5273 2708 5318 est
2747 5263 3006 5318 insolens.
3041 5264 3194 5332 Quod
3219 5263 3398 5320 auten.
3432 5263 3642 5323 Baracb
3677 5265 3810 5321 Deb-

2221 5335 2367 5390 borae
2389 5333 2555 5408 filium
2577 5335 2709 5390 dicit
2731 5333 3074 5398 Ambrosius,
3111 5338 3330 5406 neganti
3370 5338 3594 5408 quidem
3630 5339 3814 5393 lliero-

2219 5421 2402 5478 nymo,
2427 5406 2608 5476 plures
2636 5408 3029 5478 assentiuntur.
3063 5408 3169 5462 Sed
3199 5407 3269 5463 de
3311 5406 3404 5464 bis
3422 5411 3678 5466 omnibus
3709 5418 3814 5462 tur-

2219 5477 2360 5532 mam
2392 5477 2746 5546 interpretum
2777 5477 3028 5533 consulas
3055 5480 3199 5534 licet.

2293 5558 2316 5586 ε’
2351 5547 2421 5604 Ut
2445 5550 2736 5618 agnoscatis
2763 5547 2902 5618 quod
2929 5551 3092 5614 possit
3117 5551 3388 5606 instituere
3408 5552 3567 5607 uidua
3597 5550 3810 5606 bellato-

2215 5637 2346 5685 rem,
2380 5620 2432 5674 in
2462 5620 2609 5692 solis
2639 5620 2772 5692 edit.
2801 5629 2876 5692 et,
2905 5619 3042 5674 Tell.
3087 5621 3211 5676 cod.
3244 5624 3542 5692 reperitur.
3587 5625 3652 5679 Et
3697 5627 3814 5692 post

2219 5707 2386 5766 pauca
2421 5691 2508 5766 ubi
2541 5691 2746 5766 eaedem
2794 5691 3094 5766 edil.__cmn
3121 5691 3492 5766 eodentcod.,
3521 5695 3669 5762 quasi
3692 5691 3811 5766 pre-

2216 5757 2383 5832 phetis
2407 5763 2632 5816 uictoria:
2655 5772 2796 5817 certa
2814 5801 2830 5829 ,
2860 5757 3053 5831 reliqui
3081 5761 3214 5821 mss.
3247 5775 3307 5824 ut
3334 5767 3388 5824 in
3411 5757 3582 5824 testu;
