4054 6306
245 335 359 396 249

1474 331 1564 389 DE
1608 328 1838 388 VIDUIS
1871 325 2079 386 LIBER
2122 325 2328 385 UNUS.

3457 320 3567 379 250

248 454 499 510 victoria:
529 453 695 512 docet
740 452 944 511 Barach
974 452 1114 508 illius
1154 450 1341 507 dicens
1372 467 1386 506 :
1417 447 1536 504 Nisi
1575 459 1629 504 tu
1658 447 1856 504 ueneris
1883 450 1933 508 Α
1963 443 2319 499 mobilitatem
2352 450 2376 479 (³
2401 450 2640 498 vestram
2671 438 2878 496 referre
2904 435 3147 510 possitis.
3181 433 3327 492 Satis
3358 435 3573 492 unicui-

251 563 490 611 mecum,
543 564 651 601 non
703 547 826 614 ibo;
864 545 1134 616 quianon
1169 543 1284 598 noui
1315 543 1450 597 diem
1478 540 1529 595 iu
1554 555 1657 610 qua
1677 537 1859 610 dirigit

255 639 514 695 Dominus
541 640 787 712 angelum
805 655 953 693 suum
976 652 1170 693 mecum
1197 632 1423 707 (ludia,
1442 648 1523 698 ιν,
1547 631 1630 702 9).
1646 630 1862 699 Quanta

256 747 386 804 ergo
416 731 639 789 feminae
668 732 823 787 istius
854 731 1020 787 virtus
1040 770 1056 795 ,
1099 728 1185 784 cui
1228 727 1337 783 dux
1366 726 1495 782 dicit
1532 725 1811 781 exercitus
1844 742 1857 777 :

258 826 359 881 nisi
408 835 465 880 tu
511 825 743 891 ueneris,
796 840 899 878 non
946 822 1067 877 ibo?
1112 821 1320 891 Quanta
1353 861 1367 883 .
1395 818 1648 890 inquam,
1683 816 1861 871 vidua:

258 919 553 986 fortitudo,
579 934 701 991 qua:
721 934 749 974 a
774 916 1027 989 periculis
1049 916 1217 971 lilium
1246 929 1348 970 ncc
1369 921 1617 969 materno
1639 917 1865 967 revocat

254 1015 450 1072 allectu
475 1032 492 1083 ;
526 1015 695 1070 immo
719 1012 787 1069 ad
813 1013 1091 1069 victoriam
1112 1010 1281 1067 lilium
1305 1008 1485 1066 studio
1510 1006 1703 1068 matris
1728 1006 1861 1062 hor-

258 1120 404 1166 tatur
424 1151 440 1175 ,
472 1109 663 1166 dicens
684 1107 828 1181 quod
875 1108 930 1163 in
960 1123 1122 1164 manu
1152 1107 1394 1164 mulieris
1423 1108 1493 1164 sit
1522 1119 1733 1164 summa
1772 1104 1857 1161 vi-

255 1204 444 1261 ctorite
460 1203 487 1258 ἲ

323 1294 417 1350 47.
471 1294 728 1350 Debbora
777 1308 911 1366 ergo
956 1292 1127 1365 prmlii
1178 1292 1521 1364 prophetavit
1566 1299 1858 1358 eventum,

255 1388 463 1444 Barach
488 1387 679 1459 jussus
706 1388 963 1460 produxit
987 1386 1285 1443 exercitum
1309 1404 1324 1440 :
1349 1385 1464 1442 .Iael
1495 1385 1641 1457 cepit
1667 1384 1858 1441 trium-

254 1483 427 1556 phum
453 1499 468 1549 ;
504 1483 634 1539 huic
657 1482 800 1538 enim
828 1491 855 1520 ι
881 1482 1184 1555 prophetia:
1214 1481 1267 1537 in
1298 1480 1548 1537 Debbora
1581 1479 1860 1544 militavit.

255 1590 376 1646 quas
416 1575 647 1647 mystice
691 1572 851 1630 nobis
895 1581 1077 1629 ortum
1118 1581 1447 1627 surrectura:
1492 1586 1559 1627 ex
1610 1569 1865 1642 gentibus

256 1667 525 1725 Ecclesiae
551 1667 838 1735 revelavit,
868 1669 952 1722 cui
978 1665 1284 1738 triumphus
1306 1665 1375 1722 de
1401 1663 1580 1722 Sisara
1608 1662 1861 1732 spiritali,

255 1761 365 1819 hoc
395 1771 515 1829 est,
543 1760 612 1817 de
639 1761 966 1817 adversariis
995 1760 1355 1832 potestatibus
1381 1765 1737 1831 qumreretur.
1756 1755 1866 1813 No-

257 1853 343 1909 bis
391 1853 558 1924 igitur
603 1852 993 1925 prophetarum
1032 1851 1254 1907 oracula
1305 1852 1667 1914 dimicarunt,
1702 1850 1861 1905 nobis
1892 1850 1940 1910 Β

256 1947 350 2003 illa
398 1946 789 2019 prophetarum
828 1946 1030 2019 judicia
1062 1957 1117 2003 et
1162 1961 1312 2001 arma
1337 1946 1604 2001 vicerunt.
1651 1945 1716 1999 Et
1742 1942 1866 1998 ideo

257 2054 369 2096 nou
418 2040 649 2111 populus
688 2039 1004 2096 Judznorum
1032 2080 1047 2104 ,
1098 2037 1193 2094 sed
1224 2039 1387 2094 etiam
1430 2037 1547 2095 Jael
1580 2036 1861 2093 victoriam

256 2131 329 2187 de
386 2130 546 2187 hosne
588 2128 857 2202 quresivit.
902 2129 1094 2185 Infelix
1119 2144 1248 2201 ergo
1277 2129 1544 2200 populus,
1600 2129 1691 2199 qui
1756 2128 1859 2182 ho-

250 2232 395 2279 stem
424 2238 584 2294 quem
612 2223 851 2295 fugavit,
880 2222 1131 2293 persequi
1153 2222 1278 2278 lidei
1308 2223 1510 2277 virtute
1538 2236 1645 2276 non
1664 2220 1863 2291 potuit.

252 2316 442 2389 Itaque
467 2316 685 2372 illorum
719 2316 919 2372 delicto
962 2317 1110 2371 salus
1148 2316 1400 2386 gentibus
1433 2333 1447 2371 :
1475 2315 1699 2371 illorum
1722 2313 1866 2370 desi-

254 2411 346 2467 dia
372 2411 532 2467 nobis
554 2422 770 2468 servata
796 2412 1024 2467 victoria
1050 2419 1154 2466 est.

330 2503 426 2560 48.
458 2502 579 2560 Jael
607 2518 738 2575 ergo
765 2505 1054 2574 prostravit
1074 2502 1312 2559 Sisaram
1337 2544 1351 2567 ,
1383 2517 1540 2572 quem
1573 2509 1754 2556 tamen
1776 2515 1868 2557 co-

256 2613 420 2654 rusco
436 2597 597 2665 duce,
616 2596 721 2652 hoc
739 2598 883 2654 enim
901 2597 1170 2670 significat
1185 2595 1213 2635 δ
1234 2596 1614 2668 interpretatio
1636 2595 1863 2659 Barach,

258 2706 458 2746 manus
500 2698 748 2745 veterum
804 2690 1084 2760 fugaverat
1139 2688 1495 2756 Judmorum;
1550 2689 1711 2762 199
1753 2688 1863 2744 fre.

253 2783 671 2855 quenterenim,
696 2793 755 2838 ut
778 2782 1031 2852 legimus,
1055 2781 1399 2836 orationibus
1414 2790 1471 2837 et
1499 2781 1707 2837 meritis
1734 2794 1865 2851 pro-

258 2875 548 2945 phetarum
574 2873 816 2930 ctelestia
847 2874 1098 2930 Patribus
1120 2872 1323 2929 all‘uere
1345 2872 1609 2928 subsidia.
1643 2872 1752 2929 Sed
1780 2872 1864 2929 bis

251 2968 366 3039 jam
394 2978 524 3024 tunc
550 2967 621 3024 de
653 2967 908 3039 nequitiis
937 2968 1271 3039 spiritalibus
1299 2967 1523 3023 victoria
1553 2968 1861 3038 parabatur,

254 3061 460 3134 quibus
487 3061 687 3117 dicitur
717 3062 771 3117 in
800 3061 1094 3133 Evangelio
1118 3080 1132 3116 :
1185 3060 1382 3127 Venite,
1404 3061 1660 3117 benedicti
1689 3060 1865 3116 Patris

256 3156 396 3220 mei,
446 3155 704 3225 possidete
736 3164 979 3224 paratum
1015 3154 1157 3210 vobis
1184 3172 1400 3226 regnum
1438 3171 1468 3207 a
1500 3154 1866 3209 constitutione

1963 555 2068 609 que
2100 537 2335 609 praesidii
2364 544 2447 592 est
2469 578 2483 603 ,
2512 536 2558 591 si
2588 536 2761 590 virtus
2799 549 2909 588 non
2940 532 3081 589 desit
3105 534 3325 586 animae.
3355 532 3420 585 Et
3449 530 3568 600 ipse

1962 630 2018 687 in
2049 631 2226 687 viduis
2256 633 2513 703 frequens
2561 641 2854 701 processus
2883 625 3061 682 artatis
3091 624 3369 679 munimen
3400 620 3571 693 pudo-

1966 724 2042 780 ris
2068 732 2184 790 est;
2215 732 2270 779 et
2298 723 2413 795 ipse
2462 721 2649 777 amissi
2679 718 2925 791 conjugis
2956 717 3145 786 dolor,
3175 731 3308 772 usus
3349 715 3531 787 operis
3551 755 3568 781 ,

1964 815 2157 870 domus
2205 829 2368 884 cura,
2398 812 2714 870 sollicitudo
2738 813 3063 877 liberorum,
3116 809 3333 864 noxiam
3378 806 3572 878 pudori

1965 910 2107 967 solet
2137 924 2328 967 arcere
2376 908 2652 965 lasciviam
2685 926 2699 962 :
2726 917 2889 979 atque
2929 906 3047 976 ipse
3078 902 3325 974 lugubris
3354 901 3372 941 τ
3412 900 3570 956 babi-

1966 1012 2088 1072 tus,
2137 1017 2333 1073 pompa
2385 1002 2664 1069 funebris,
2714 999 2876 1055 ﬂetus
2921 996 3204 1063 assiduus,
3258 1004 3314 1051 et
3360 1002 3571 1050 mtestae

1967 1096 2133 1152 fronti
2164 1094 2509 1151 inarautibus
2549 1095 2697 1166 rugis
2746 1093 3010 1163 impressa
3045 1090 3293 1156 tristitia,
3320 1087 3571 1160 petulan-

1968 1189 2098 1244 tium
2130 1185 2326 1259 premit
2374 1188 2599 1252 oculos,
2646 1186 2940 1257 restinguit
2988 1184 3275 1251 libidines,
3310 1195 3572 1253 procaces

1966 1282 2163 1338 avertit
2190 1289 2462 1351 aspectus.
2495 1280 2679 1335 Bonus
2708 1285 2894 1335 custos
2941 1276 3185 1348 pudoris,
3217 1275 3437 1346 pietatis
3472 1274 3573 1328 do-

1967 1373 2054 1430 lor
2083 1391 2096 1428 :
2126 1389 2234 1429 non
2266 1371 2481 1442 obrepit
2509 1371 2664 1442 culpa
2685 1412 2699 1436 ,
2730 1372 2775 1425 si
2804 1384 2931 1426 cura
2962 1384 3068 1424 non
3100 1367 3266 1423 desit.

2591 1481 2820 1539 CAPUT
2860 1480 2955 1537 IX.

1969 1600 2168 1657 Earum
2195 1617 2310 1672 qua:
2335 1601 2673 1668 dictitarent,
2705 1599 2801 1654 sibi
2829 1599 3010 1653 melius
3058 1596 3173 1668 [ore
3199 1596 3244 1652 si
3288 1595 3419 1651 lanis
3447 1611 3571 1650 suc-

2039 1695 2268 1750 cessibus
2296 1694 2659 1759 abundarent,
2692 1692 2970 1763 objectioni
3006 1690 3268 1759 occurrit,
3301 1688 3575 1745 ostendens

2046 1806 2074 1843 e
2098 1790 2261 1844 sacris
2308 1788 2496 1843 litteris
2541 1786 2771 1841 subsidia
2801 1784 2972 1838 viduis
3015 1784 3068 1838 in
3093 1783 3232 1853 {ﬁliis
3273 1781 3576 1852 generisque

2037 1891 2304 1954 suppetere
2333 1898 2351 1936 :
2380 1880 2515 1953 quod
2545 1888 2817 1951 postquam
2847 1877 3084 1947 exemplo
3128 1892 3310 1931 socrus
3344 1874 3577 1931 Simonis

2038 1979 2404 2047 conﬁrmatum
2431 1985 2538 2043 est,
2571 1992 2658 2032 eos
2690 1975 2928 2030 hortatur
2955 1982 3012 2026 ut
3038 1972 3106 2026 ad
3133 1971 3411 2043 Apostolos
3443 1979 3573 2023 tam—

2037 2090 2193 2144 quam
2241 2072 2310 2125 ad
2354 2071 2617 2141 proximos
2663 2079 2816 2140 atque
2873 2067 3046 2138 omnes
3089 2064 3434 2137 confugiant;
3486 2060 3577 2117 ubi

2041 2165 2389 2239 pulcherrime
2416 2165 2793 2219 desanctorum
2820 2161 3144 2216 invocatione
3160 2158 3385 2214 disserit.
3416 2155 3581 2212 Post-

2037 2276 2099 2314 ea
2140 2258 2473 2330 querimoniis
2513 2256 2821 2327 quibusdam
2863 2256 2929 2311 de
2995 2251 3279 2309 solitudine
3317 2268 3378 2306 ac
3416 2248 3582 2323 patri-

2039 2351 2201 2406 monii
2227 2349 2565 2407 conservandi
2602 2352 2905 2405 necessitate
2950 2348 3226 2418 refutatis,
3268 2343 3576 2399 indecentis-

2039 2445 2227 2499 simum
2254 2461 2366 2501 esse
2394 2446 2709 2499 demonstrat
2737 2443 2946 2498 viduam
2982 2442 3065 2496 cui
3089 2441 3216 2511 [ilice
3233 2441 3350 2513 jam
3377 2437 3578 2493 uubiles

2038 2550 2128 2594 aut
2145 2540 2261 2611 jam
2290 2549 2468 2611 nupr
2491 2539 2616 2606 sint,
2649 2536 2824 2592 adhuc
2843 2535 3059 2591 nubere.

2039 2695 2132 2754 52.
2167 2695 2443 2751 Didicisﬁs
2469 2694 2655 2767 igitur,
2673 2692 2869 2761 vidum,
2889 2690 3240 2748 subsidiovos
3268 2702 3375 2745 non
3404 2702 3574 2759 egere

1970 2802 2208 2860 naturae,
2275 2801 2330 2847 et
2372 2805 2534 2862 posse
2623 2789 2995 2847 salubritatem
3049 2796 3239 2842 tenere
3300 2783 3568 2843 consilii;

1969 2902 2069 2942 nec
2094 2884 2397 2942 domestico
2421 2885 2664 2956 indigere
2687 2882 2960 2954 praesidio,
2996 2898 3117 2954 quae
3147 2882 3309 2938 etiam
3340 2879 3570 2951 publica:

1970 2977 2196 3051 potestis
2224 2979 2434 3049 apicem
2466 2978 2721 3049 potentia:
2749 2974 3047 3031 vindicare.

2039 3072 2127 3129 55.
2172 3072 2278 3129 Sed
2312 3072 2544 3129 fortasse
2573 3071 2704 3127 dicit
2731 3071 2932 3142 aliqua,
2960 3070 3008 3125 ei
3039 3068 3378 3125 tolerabilem
3408 3067 3572 3139 200

1970 3169 2292 3224 viduitatem
2337 3168 2425 3222 cui
2475 3165 2746 3237 prolluant
2796 3179 2888 3220 res
2952 3161 3208 3218 secunda:
3259 3182 3272 3218 :
3324 3160 3571 3215 adversis

255 3247 446 3301 mundi
467 3246 684 3319 (Matth.
718 3264 841 3313 xxv,
874 3246 991 3320 54).
1026 3248 1173 3319 Ergo
1198 3247 1521 3318 principium
1555 3247 1801 3302 victorias
1831 3262 1862 3302 a

1991 3278 2100 3317 πονο
2128 3262 2316 3317 viduas
2346 3263 2455 3317 cito
2487 3261 2691 3332 frangi,
2723 3259 2880 3315 facile
2929 3258 3309 3313 succumbere.
3348 3255 3425 3310 De
3464 3268 3573 3325 quo

264 3340 565 3409 majoribus
585 3382 600 3404 ,
626 3339 749 3396 linis
772 3340 824 3395 in
855 3339 1122 3396 Ecclesia.

340 3432 432 3489 49.
475 3433 709 3489 Ecclesia
738 3445 919 3488 autem
949 3448 1058 3489 non
1102 3433 1268 3489 armis
1304 3434 1663 3491 saecularibus
1693 3435 1864 3491 vincit

262 3525 605 3583 adversarios
636 3536 930 3599 pnteStatcs
955 3572 967 3594 ,
999 3528 1093 3583 sed
1136 3530 1303 3585 armis
1333 3529 1671 3600 spiritalibus
1695 3572 1710 3597 ,
1742 3546 1862 3602 quae

258 3628 397 3676 sunt
442 3619 598 3677 fortia
648 3622 764 3679 Deo
793 3623 860 3678 ad
887 3622 1246 3678 destruendas
1275 3624 1628 3690 munitiones,
1658 3632 1715 3681 et
1741 3624 1865 3680 alti-

258 3714 509 3771 tudinem
561 3716 816 3786 nequitize
857 3716 1118 3787 spiritalis
1161 3715 1240 3786 (II
1273 3715 1395 3771 Cor.
1429 3733 1485 3781 x,
1517 3715 1596 3788 5).
1627 3716 1694 3772 Et
1739 3717 1865 3773 ideo

254 3806 469 3864 Sisara:
494 3807 616 3864 sitis
642 3808 795 3863 lactis
819 3808 1016 3878 poculo
1039 3808 1386 3880 restinguitur
1408 3807 1607 3883 (Judic.
1645 3825 1721 3876 tv,
1747 3809 1860 3883 l9),

259 3912 284 3939 σε
313 3900 444 3972 uitia
475 3902 687 3957 ratione
717 3911 1040 3971 superatur;
1070 3901 1214 3973 quod
1267 3903 1411 3958 enim
1444 3902 1605 3972 nobis,
1628 3902 1866 3961 salutare

254 3994 326 4050 ad
359 4009 568 4062 escam,
599 3994 704 4050 hoc
731 3995 1053 4050 adversaria:
1085 3997 1334 4066 potestati
1364 3996 1566 4052 lethale
1609 3996 1675 4052 ad
1709 3996 1863 4053 infir-

255 4088 531 4143 mitatem.
565 4089 728 4144 Arma
763 4088 1022 4144 Ecclesiae
1053 4089 1185 4143 fides
1208 4131 1224 4157 ,
1256 4105 1403 4145 arma
1451 4089 1709 4146 Ecclesia:
1737 4105 1863 4147 ora-

258 4182 336 4236 lio
367 4190 475 4247 est,
505 4197 628 4253 qua:
657 4181 1028 4237 adversarium
1057 4181 1241 4238 vincit.

330 4275 426 4332 50.
470 4274 617 4346 Ergo
679 4276 979 4332 secundum
1034 4276 1315 4332 historiam
1366 4275 1433 4332 ad
1486 4275 1864 4349 provocandos

256 4368 481 4424 animos
510 4369 834 4424 feminarum
880 4368 1078 4425 femina
1106 4370 1402 4440 judicavit,
1436 4370 1633 4426 femina
1677 4371 1864 4440 dispo-

257 4460 412 4527 suit,
443 4458 646 4516 femina
692 4461 1074 4532 proiihetavit,
1130 4461 1327 4518 femina
1378 4462 1759 4530 triumphavit,
1810 4473 1864 4518 et

259 4551 603 4622 puellaribus
631 4554 940 4609 intermixta
968 4554 1160 4624 copiis,
1193 4554 1426 4623 imperio
1456 4552 1600 4609 viros
1626 4551 1651 4590 ἀ
1680 4554 1867 4611 docuit

1963 3357 2090 3424 etsi,
2121 3359 2240 3427 ipso
2261 3356 2553 3412 doceamur
2588 3370 2713 3422 ustt,
2746 3363 2771 3402 8
2795 3354 2914 3409 laeta
2943 3352 3121 3408 viduis
3165 3350 3373 3407 lubrica
3403 3349 3576 3420 magis

1964 3463 2089 3506 esse
2134 3464 2295 3520 quam
2344 3448 2521 3513 seria;
2565 3456 2743 3502 tamen
2789 3444 3196 3516 Scripturarum
3249 3443 3571 3499 instruimur

1964 3542 2233 3609 exemplis
2276 3539 2335 3614 (ι
2364 3541 2504 3597 Tim.
2537 3557 2591 3608 ν,
2624 3541 2737 3612 16),
2762 3541 3173 3596 infirmitatibus
3221 3554 3438 3609 quoque
3481 3537 3564 3591 vi-

1965 3633 2198 3690 duarum
2248 3651 2356 3690 non
2404 3633 2600 3691 deesse
2644 3635 2825 3691 solere
2884 3633 3128 3689 subsidia
3183 3654 3196 3690 :
3248 3632 3570 3703 faciliusque

1965 3740 2127 3797 quam
2159 3727 2376 3781 caneris
2423 3726 2606 3780 divina
2659 3734 2823 3797 atque
2875 3728 3108 3780 humana
3158 3735 3492 3795 Suppelere,
3522 3723 3569 3777 si

1960 3813 2107 3875 bene
2140 3819 2285 3874 [ilios
2317 3820 2633 3887 inStituaut,
2664 3835 2901 3892 generos
2926 3821 3127 3891 legant.
3168 3820 3411 3890 Denique
3438 3833 3563 3871 cum

1965 3925 2156 3967 socrus
2184 3911 2424 3967 Simonis
2456 3914 2666 3985 magnis
2697 3912 2941 3968 febribus
2972 3912 3344 3978 detineretur,
3381 3909 3574 3965 Petrus

1966 4012 2021 4059 et
2052 4007 2299 4059 Andreas
2329 4014 2660 4073 rogaverunt
2691 4005 2857 4059 Dt'lllll
2889 4020 2988 4075 pro
3018 4019 3080 4057 ea
3111 4021 3124 4057 :
3156 4001 3221 4056 Et
3249 4014 3391 4057 stans
3420 4018 3576 4073 suprr

1965 4095 2112 4149 illam
2131 4136 2146 4161 ,
2175 4095 2447 4167 imperavit
2474 4095 2641 4165 febri,
2673 4103 2724 4150 et
2754 4097 2948 4150 remisit
2978 4094 3157 4161 illam,
3187 4091 3216 4131 ιι
3242 4104 3287 4149 et
3326 4094 3575 4148 continuo

1966 4202 2183 4258 surgens
2214 4188 2537 4242 ministrabat
2564 4189 2677 4243 illis
2710 4187 2865 4261 (Luc.
2898 4202 2976 4258 tv,
3006 4188 3097 4256 '58,
3126 4186 3243 4258 59).

2037 4279 2129 4337 Μ.
2176 4280 2409 4355 Magnis,
2467 4284 2678 4355 inquit,
2727 4283 2989 4339 tenebatur
3038 4283 3303 4352 febribus,
3332 4291 3381 4337 et
3419 4297 3573 4352 roga-

1964 4385 2146 4430 verunt
2175 4376 2324 4431 illum
2357 4394 2451 4448 pro
2479 4395 2559 4433 ea.
2591 4378 2657 4432 Et
2690 4388 2743 4434 tu
2779 4377 2949 4434 habes
2995 4381 3274 4449 proximus
3302 4419 3319 4445 ,
3348 4377 3439 4447 qui
3475 4391 3573 4446 pro

1969 4476 2020 4523 te
2065 4469 2396 4540 supplicent.
2449 4470 2627 4526 llabes
2682 4471 2696 4508 ί
2752 4471 3030 4542 apostolos
3057 4471 3368 4542 proximos,
3402 4469 3575 4524 habes

1970 4572 2236 4631 martyres
2267 4565 2565 4631 proximos,
2598 4564 2642 4618 si
2678 4565 2729 4618 in
2759 4564 2875 4634 ipsa
2903 4564 3238 4635 martyribus
3266 4560 3577 4618 devotionis

261 4648 502 4703 militare
552 4647 808 4704 femineo.
839 4647 1145 4705 Secundum
1199 4647 1518 4720 mysterium
1561 4664 1689 4703 vero
1738 4648 1861 4705 fidei
1896 4636 1942 4697 ο
1968 4657 2270 4722 societate,
2309 4656 2700 4712 misericordia:
2750 4674 2967 4727 quoque
3021 4657 3338 4711 muneribus
3374 4671 3575 4726 appro.

260 4739 455 4793 militia
483 4738 743 4796 Ecclesiae.
771 4740 993 4796 victoria
1022 4749 1126 4796 est.

337 4830 427 4886 5!.
472 4830 592 4887 Non
620 4846 751 4904 ergo
796 4831 1009 4888 habetis
1055 4831 1199 4904 quod
1231 4847 1327 4903 per
1366 4839 1615 4887 naturam
1648 4849 1745 4889 vos
1770 4850 1867 4891 ex-

260 4925 493 4995 cusetis,
528 4926 768 4984 feminze.
799 4927 916 4983 Non
949 4926 1194 4997 habetis),
1224 4926 1424 4993 viduae,
1451 4926 1596 4997 quod
1623 4928 1689 4983 ad
1718 4930 1867 4984 inlir-

263 5019 509 5076 mitatem
539 5036 726 5087 sexus,
756 5020 919 5076 atuad
945 5019 1132 5077 amissi
1150 5034 1309 5075 onem
1326 5020 1550 5076 subsidii
1576 5022 1862 5092 maritalis,

339 5207 366 5235 ιι
397 5196 599 5255 Omnes
635 5196 794 5259 edit..
838 5198 1110 5267 prophetia
1139 5197 1388 5253 Debborae
1416 5200 1693 5266 militavit;
1726 5217 1858 5258 mss.

264 5268 438 5336 Tell.,
469 5269 742 5341 prophetia
762 5267 1000 5325 Debbora
1038 5272 1278 5325 militauit
1306 5272 1531 5336 ;c:eteri
1566 5282 1764 5329 nostra:
1785 5274 1863 5331 le-

270 5343 442 5396 Ctioui
471 5343 854 5410 astipulantur.

341 5410 370 5449 ιι
398 5412 521 5467 Mss.
550 5413 1138 5488 aliqu0t,i_uterpretatio
1158 5412 1322 5469 Balac
1347 5429 1554 5478 atauus,
1588 5430 1760 5470 verum
1784 5416 1862 5488 fu-

265 5495 477 5556 gaverat
505 5486 756 5556 gaudium
773 5482 1102 5539 Iudaeorum.

347 5564 371 5593 ο
405 5555 602 5612 Omnes
628 5555 789 5627 cdit.,
800 5557 1049 5627 oratione
1072 5566 1367 5627 superatur,
1397 5556 1539 5611 haud
1571 5556 1713 5613 male
1739 5577 1752 5613 :
1785 5557 1861 5615 in-

269 5624 351 5679 fra
385 5627 558 5692 enim,
594 5644 741 5682 arma
765 5626 1014 5683 Ecclesia:
1051 5624 1216 5683 oratio
1257 5639 1367 5693 est;
1392 5637 1446 5682 at
1471 5643 1662 5683 omnes
1701 5644 1857 5697 mss.,

268 5698 471 5752 ratione
488 5709 781 5769 superatur.
812 5699 1015 5754 Ibidem
1046 5716 1175 5756 vero
1205 5700 1320 5755 hzec
1349 5699 1515 5755 verba
1534 5740 1551 5763 ,
1576 5700 1736 5755 Arma
1761 5700 1865 5756 Ec-

269 5768 442 5842 clesiae
462 5768 612 5838 ﬁdes,
642 5787 764 5842 quae
795 5771 1061 5827 habentur
1094 5773 1144 5826 in
1175 5770 1428 5826 omnibus
1473 5771 1606 5826 edit.
1631 5786 1696 5826 ac
1728 5788 1861 5829 mss.

269 5839 596 5969 uin
625 5839 749 5899 aliis
778 5842 949 5899 multo
977 5842 1221 5913 pluribus
1245 5842 1740 5913 vetustioribnsque
1762 5844 1861 5900 tle-

553 5928 597 5969 r.

553 5928 597 5969 I's

1969 4749 2200 4821 pinques
2224 4792 2240 4817 ,
2273 4751 2554 4821 proximus
2600 4761 2684 4806 est
2728 4751 2875 4805 enim
2908 4751 2996 4821 qui
3030 4749 3461 4805 miscricordiam
3494 4746 3571 4801 fa-

1968 4841 2064 4896 cit.
2099 4840 2205 4897 Fac
2236 4853 2292 4898 et
2319 4850 2378 4898 tu
2408 4843 2876 4909 misericordiam,
2910 4852 2964 4897 et
3004 4843 3113 4897 eris
3143 4842 3307 4897 Petro
3336 4841 3580 4912 proxima

1967 4930 2125 5001 (Luc.
2160 4934 2351 5005 x,57).
2377 4933 2491 4989 Non
2523 4935 2805 5006 sanguinis
2828 4934 3198 4999 necessitudo,
3232 4933 3329 4989 sed
3360 4931 3578 4987 virtutis

1965 5027 2216 5098 cognatio
2246 5025 2374 5084 facit
2424 5028 2739 5098 proximos;
2769 5029 2895 5099 quia
2925 5043 3030 5084 non
3083 5026 3137 5083 in
3169 5041 3338 5083 carne
3381 5024 3572 5078 ambu-

2039 5204 2230 5280 f1_Mss_.
2246 5207 2575 5280 complures,
2609 5208 2755 5263 docet
2780 5208 3004 5263 militare
3031 5208 3243 5280 femina.
3274 5244 3288 5259 .
3333 5243 3347 5258 .
3397 5240 3411 5258 .
3441 5218 3562 5258 tura

1970 5276 2093 5341 ﬁdei
2122 5277 2275 5330 militi
2305 5274 2541 5333 Ecclesia
2567 5281 2781 5334 victoria
2808 5292 2901 5335 est.

2044 5359 2067 5421 ﬁ
2098 5347 2264 5421 Edit.,
2298 5361 2519 5404 uestram
2541 5359 2774 5405 astruere
2799 5352 3025 5421 possitis.

2044 5418 2064 5458 ί
2102 5419 2264 5475 Iidem
2291 5436 2447 5486 mss.,
2472 5421 2742 5475 habiturus
2770 5418 3010 5491 pompam
3036 5418 3230 5490 funeris
3254 5418 3406 5487 ﬂetus
3435 5418 3567 5472 assi-

1967 5490 2119 5564 duus,
2158 5500 2206 5544 et
2234 5492 2408 5564 mixtae
2436 5495 2621 5564 frontis
2644 5490 2986 5564 inarantibus,
3018 5502 3125 5544 etc.

2038 5572 2065 5610 ε
2098 5561 2172 5616 Ita
2199 5562 2332 5617 edit.
2364 5559 2553 5618 ouinos
2599 5579 2663 5619 ac
2691 5580 2820 5617 mss.
2846 5562 3054 5633 aliquot
3087 5579 3100 5615 :
3127 5560 3217 5615 alii
3252 5574 3382 5614 vero
3405 5559 3568 5633 longe

1967 5633 2216 5705 plurimi,
2247 5633 2393 5688 (tetas
2420 5634 2603 5688 viduas
2633 5634 2855 5688 lubricas
2885 5633 3182 5705 nmgisesse
3202 5648 3354 5705 quam
3378 5632 3562 5687 serias.

2038 5703 2067 5743 ιι
2098 5704 2164 5758 Et
2193 5707 2433 5759 continuo
2463 5720 2678 5774 surgens
2703 5703 3023 5757 ministrabat
3051 5703 3181 5769 illis,
3215 5704 3367 5757 abeSt
3401 5716 3430 5754 a
3456 5719 3565 5757 mas

1968 5777 2111 5846 xima
2140 5787 2294 5846 parte
2326 5792 2456 5831 mss.

2045 5845 2060 5882 ί
2096 5841 2228 5899 Vide
2256 5846 2399 5915 quod
2428 5843 2668 5915 supra_in
2699 5841 3087 5901 Admonitione
3114 5845 3184 5901 de
3210 5844 3552 5901 invocatione

1967 5912 2292 5970 Sanctorum
2322 5912 2748 5972 obseriavimusi
