4054 6306
487 349 584 407 251

1849 347 2097 411 SANC‘I'I
2134 347 2460 412 AMBROSII

3683 351 3804 410 25?.

486 469 692 536 lamus,
721 467 819 526 sed
868 470 924 526 in
973 470 1188 542 Spiritu.
1241 471 1374 527 Ama
1425 484 1560 543 ergo
1624 468 2083 541 propinquitatem
2110 467 2168 531 Α
2261 469 2352 527 58.
2394 470 2501 528 Sed
2530 479 2584 528 et
2617 469 3004 542 patrimonium
3036 471 3117 526 vis
3157 470 3315 528 tueri.
3348 467 3520 544 Maius
3565 469 3806 542 pudoris

488 563 658 632 Petri,
688 563 1014 620 affinitatem
1051 564 1320 633 Andreae;
1353 575 1409 620 ut
1441 580 1539 638 pro
1571 573 1624 620 te
1654 571 1880 636 rogent,
1916 571 1972 619 et
2000 578 2090 618 re-

485 657 686 714 cedant
732 657 1064 730 cupiditates
1115 667 1244 714 tuae.
1297 656 1476 714 Verbo
1519 655 1616 713 Dei
1660 657 1869 730 pulsata
1901 670 2093 727 surges

489 751 660 820 illico,
695 767 816 824 qua:
865 752 922 809 in
973 754 1138 810 terris
1158 753 1415 824 jacebas,
1447 762 1507 808 ut
1535 750 1754 808 Christo
1791 753 2089 810 ministres.

493 845 695 904 Nostra
742 847 889 904 enim
922 849 1243 904 conuersatio
1273 847 1324 902 in
1351 847 1490 902 caelis
1518 855 1622 915 est,
1654 845 1794 900 unde
1822 855 1868 901 et
1899 845 2088 902 Salva-

491 950 652 997 torem
701 954 1054 1016 exspectamus
1099 941 1381 998 Dominum
1418 940 1599 998 Jesum
1640 939 1813 1014 (Phil.
1845 957 1936 1006 ιιι,
1967 939 2089 1014 20).

485 1034 660 1093 Nemo
688 1037 833 1094 enim
858 1037 1051 1108 jacens
1079 1035 1298 1094 Christo
1339 1037 1636 1094 ministrat.
1672 1037 1918 1093 Ministra
1960 1051 2092 1109 pau-

491 1131 644 1202 peri,
673 1141 728 1188 et
776 1129 1097 1190 ministrasti
1124 1129 1341 1188 Christo
1373 1147 1388 1186 :
1420 1129 1573 1200 Quod
1608 1131 1747 1186 enim
1775 1130 1868 1185 uni
1907 1130 2091 1186 horum

488 1225 686 1298 fecistis
707 1267 722 1292 ,
751 1223 919 1296 mihi,
953 1226 1155 1298 inquit,
1184 1225 1380 1298 fecistis
1421 1224 1638 1298 (Matth.
1671 1238 1802 1292 xxv,
1832 1221 1948 1296 40).
1979 1221 2090 1278 Ha-

489 1317 630 1374 betis
654 1334 806 1391 ergo,
837 1319 1032 1384 vidum,
1063 1319 1322 1375 auxilium
1344 1359 1358 1387 ,
1389 1319 1436 1375 si
1467 1319 1607 1376 tales
1637 1317 1792 1374 vobis
1819 1332 2048 1388 generos
2069 1359 2087 1386 ,

488 1411 796 1482 posteritati
827 1422 1024 1469 vestrm
1055 1421 1349 1483 patronos,
1385 1412 1521 1467 tales
1551 1409 1828 1484 proximos
1855 1409 2088 1481 eligatis.

559 1506 649 1562 55.
679 1505 824 1578 Ergo
846 1515 1177 1577 rogaverunt
1204 1519 1303 1577 pro
1321 1504 1480 1561 vidua
1509 1504 1708 1561 Petrus
1737 1513 1789 1561 et
1817 1503 2084 1560 Andreas.

491 1597 703 1655 Utinam
751 1600 985 1656 exsistat
1029 1598 1228 1671 aliquis
1269 1597 1362 1669 qui
1412 1608 1524 1653 tam
1553 1597 1666 1652 cito
1695 1598 1868 1668 possit
1893 1609 2091 1666 rogare

485 1709 587 1766 pro
615 1695 795 1764 nobis,
823 1695 907 1751 vel
935 1704 1090 1752 certe.
1113 1695 1200 1750 isti
1228 1694 1320 1766 qui
1345 1709 1445 1766 pro
1465 1707 1627 1751 socru
1642 1704 1854 1765 rogant,
1870 1693 2086 1761 Petrus,

485 1799 542 1846 et
575 1789 827 1846 Andreas
857 1787 1027 1846 frater
1052 1789 1209 1860 ejus;
1245 1798 1374 1846 tunc
1419 1789 1568 1845 enim
1591 1797 1618 1828 ιι
1651 1803 1748 1860 pro
1786 1787 1953 1844 affine
1989 1804 2090 1860 po-

2193 571 2277 618 est
2320 563 2735 633 patrimonium,
2783 561 2929 636 quod
2982 561 3180 620 melius
3227 565 3368 636 regit
3420 565 3579 620 vidua
3626 581 3801 636 quam

2194 667 2384 728 nupta.
2435 657 2642 714 Servus
2687 657 2950 730 peccavit.
2981 656 3246 731 Ignosce;
3281 658 3475 714 melius
3519 667 3603 714 est
3646 659 3800 716 extim

2193 748 2418 806 alterius
2443 752 2660 822 culpam
2692 752 2868 819 feras,
2900 766 3060 824 quam
3095 761 3240 807 tuam
3265 751 3486 823 prodas.
3514 761 3539 790 ε
3569 751 3679 810 Sed
3713 753 3805 810 vis

2193 844 2417 903 nubere.
2449 845 2620 903 Licet.
2653 845 2772 903 Non
2815 845 2977 902 habet
3020 847 3229 902 crimen
3256 847 3490 918 simplex
3520 846 3796 904 voluntas.

2192 935 2426 994 Causam
2491 955 2598 994 non
2649 953 2836 1012 quaero
2883 956 2896 994 :
2949 954 3047 994 cur
3094 937 3351 1011 ﬁngitur?
3404 939 3462 997 Si
3510 938 3801 996 honestam

2193 1039 2376 1104 putas,
2402 1030 2574 1088 latere
2599 1051 2612 1087 :
2641 1033 2685 1088 si
2707 1031 3222 1104 incongruam,sile.
3246 1031 3324 1087 Ne
3350 1047 3577 1088 accuses
3601 1032 3800 1100 Deum,

2193 1141 2261 1183 ne
2303 1141 2530 1184 accuses
2560 1125 2893 1199 propinquos
2915 1169 2928 1192 ,
2958 1125 3102 1198 quod
3151 1127 3402 1198 praesidia
3433 1127 3533 1182 tibi
3574 1127 3801 1192 desint:

2194 1223 2403 1278 utinam
2435 1238 2544 1278 non
2577 1221 2718 1279 desit
2741 1222 3029 1278 voluntas!
3060 1221 3172 1278 Nec
3200 1230 3252 1277 te
3289 1221 3580 1278 consulere
3607 1221 3803 1278 liberis

2193 1317 2343 1375 dicas
2367 1362 2384 1389 ,
2415 1319 2614 1392 quibus
2646 1329 2875 1376 matrem
2903 1319 3092 1390 eripis.

2263 1413 2356 1471 59.
2401 1414 2495 1470 Est
2521 1414 2684 1470 etiam
2732 1413 2876 1485 quod
2923 1413 3183 1469 facultate
3209 1413 3369 1481 licet,
3397 1424 3451 1470 et
3478 1421 3640 1469 aetate
3686 1427 3800 1469 non

2189 1508 2339 1566 licet.
2381 1507 2490 1565 Cur
2535 1517 2797 1564 materna:
2842 1519 3108 1581 parantur
3134 1509 3339 1580 nuptis:
3386 1509 3529 1564 inter
3577 1509 3802 1580 nuptias

2192 1603 2452 1670 ﬁliarum,
2485 1611 2540 1658 et
2570 1601 2888 1674 plerumque
2921 1610 3041 1674 post
3067 1601 3312 1673 nuptias?
3341 1598 3453 1657 Cur
3480 1601 3660 1656 adulta
3684 1599 3796 1659 tilia

2191 1695 2351 1753 discit
2375 1696 2526 1768 prius
2553 1711 2812 1768 sponsum
2836 1697 3028 1752 matris
3052 1711 3211 1769 quam
3239 1711 3395 1752 suum
3421 1696 3798 1754 erubescere?

2190 1790 2501 1860 Suasimus,
2535 1789 2740 1860 fateor,
2771 1799 2830 1848 ut
2858 1801 3062 1849 vestem
3092 1803 3364 1858 mutares,
3397 1807 3504 1847 non
3536 1801 3596 1847 ut
3632 1791 3794 1847 llam-

487 1891 687 1951 Ieraut,
717 1897 862 1942 nunc
885 1883 996 1954 jam
1029 1891 1258 1956 possunt
1287 1898 1384 1954 pro
1414 1883 1592 1950 nobis,
1622 1891 1678 1940 et
1708 1897 1806 1956 pro
1831 1882 2087 1938 omnibus
2115 1867 2163 1928 Β
2193 1905 2374 1946 meum
2419 1905 2670 1947 sumeres
2696 1907 2710 1946 :
2745 1900 2803 1947 ut
2846 1907 2876 1946 a
2919 1891 3175 1961 sepulcro
3220 1891 3543 1960 recederes,
3575 1908 3686 1950 non
3737 1900 3798 1949 ut

487 1977 802 2048 impetrare.
833 1975 1044 2034 Videtis
1074 1977 1220 2032 enim
1249 1976 1394 2049 quod
1424 1991 1622 2048 magno
1651 1984 1875 2048 peccato
1912 1976 2086 2034 obno-
2190 1982 2488 2040 thalamum
2535 1998 2896 2055 prmparares.
2928 1982 3069 2053 Quid
3117 1985 3217 2040 sibi
3245 1984 3362 2041 vult
3407 1999 3549 2040 nova
3581 1996 3751 2056 nupta
3773 2031 3790 2056 ,

481 2069 601 2137 sia,
634 2070 814 2125 minus
845 2069 1038 2126 idonea
1085 2070 1159 2126 sit
1208 2084 1331 2142 qua:
1377 2084 1475 2140 pro
1519 2083 1581 2126 se
1617 2077 1908 2142 precetur,
1935 2078 2087 2125 certe
2187 2086 2314 2150 post
2339 2075 2617 2150 generos?
2644 2075 2663 2115 ί
2693 2076 2868 2148 Quam
2921 2076 3240 2134 indecorum
3281 2089 3366 2136 est
3407 2077 3663 2150 juniores
3692 2081 3792 2134 ha-

485 2177 606 2234 quae
637 2179 736 2234 pro
779 2178 840 2220 se
886 2162 1164 2236 impetret.
1193 2163 1463 2220 Adhibeat
1507 2163 1674 2234 igitur
1712 2161 1780 2218 ad
1811 2161 2084 2218 medicum
2191 2169 2320 2228 bere
2346 2171 2570 2239 liberos,
2603 2185 2764 2242 quam
2797 2173 3060 2244 nepotes!

483 2255 624 2312 alios
671 2266 1014 2328 precatores.
1066 2257 1220 2329 Εετί
1269 2258 1414 2314 enim
1460 2257 1565 2314 nisi
1593 2256 1661 2313 ad
1706 2269 1804 2313 eos
1849 2255 2088 2312 aliorum

485 2348 740 2422 precibus
769 2349 1014 2408 medicus
1035 2350 1203 2408 fuerit
1223 2349 1507 2416 invitatus,
1537 2363 1637 2421 pro
1665 2363 1725 2405 se
1755 2362 1951 2420 rogare
1979 2362 2086 2404 non

486 2451 738 2514 possunt.
771 2441 994 2500 lnlirma
1023 2454 1110 2502 est
1139 2457 1288 2514 caro,
1324 2458 1481 2501 meus
1507 2459 1648 2516 :rgra
1679 2451 1785 2511 est,
1815 2452 1871 2500 et
1899 2457 2089 2514 pecca-

485 2545 662 2594 torum
719 2539 950 2596 vinculis
1000 2538 1302 2610 impedita,
1349 2539 1417 2596 ad
1459 2540 1655 2596 medici
1705 2540 1854 2596 illius
1897 2538 2087 2596 sedem

487 2629 670 2686 debile
717 2647 826 2687 non
865 2642 1046 2718 potest
1097 2632 1375 2704 explicare
1405 2631 1717 2705 vestigium.
1751 2630 2088 2689 Obsecraudi

487 2735 618 2781 sunt
647 2725 824 2798 angeli
866 2741 965 2798 pro
1009 2725 1198 2794 nobis,
1229 2725 1320 2798 qui
1350 2725 1508 2782 nobis
1534 2725 1600 2781 ad
1631 2724 1944 2798 pra-sidium
1975 2723 2087 2780 dati

484 2828 615 2876 sunt
643 2838 656 2876 :
691 2828 960 2894 martyres
987 2819 1310 2877 obsecrandi
1331 2862 1346 2888 ,
1379 2837 1613 2892 quorum
1641 2821 1890 2877 videmur
1931 2819 2090 2877 nobis

486 2911 722 2984 quodam
769 2913 1016 2986 corporis
1065 2913 1291 2986 pignore
1355 2913 1718 2986 patrocinium
1785 2913 2084 2969 vindicare.

485 3004 721 3063 Possunt
770 3020 868 3078 pro
921 3007 1162 3078 peccatis
1205 3021 1399 3078 rogare
1443 3006 1682 3074 nostris,
1729 3003 1823 3078 qui
1870 3005 2092 3077 proprio

482 3100 772 3172 sanguine,
799 3101 964 3157 etiam
996 3101 1045 3157 si
1075 3115 1178 3172 qua
1203 3101 1514 3158 habuerunt
1541 3109 1785 3171 peccata,
1812 3097 2086 3165 laverunt;

481 3193 570 3250 isti
601 3195 745 3252 enim
773 3205 904 3252 sunt
949 3195 1044 3253 Dei
1077 3205 1350 3270 martyres
1371 3239 1388 3264 ,
1422 3195 1596 3252 nostri
1627 3195 1893 3268 prtesnles
1913 3237 1928 3264 ,
1958 3211 2088 3268 spe-

480 3289 751 3346 culatores
783 3291 906 3346 vitae
943 3267 1271 3363 actuumque
1325 3267 1662 3346 nostrorum.
1722 3289 1840 3346 Non
1892 3267 2162 3347 erube-C

478 3397 696 3440 scamus
740 3399 839 3442 eos
881 3385 1278 3444 intercessores
1319 3397 1524 3443 nostrae
1551 3383 1885 3444 inﬁrmitatis
1930 3385 2088 3442 adbi-

479 3476 634 3546 bere,
657 3479 782 3551 quia
807 3479 908 3550 lpsi
931 3479 1272 3537 inﬁrmitates
1288 3481 1560 3552 corporis,
1585 3479 1751 3536 etiam
1775 3477 1804 3518 ι)
1823 3493 1946 3536 cum
1971 3479 2087 3534 vin-

480 3579 688 3636 cerent,
721 3581 1122 3642 cognoverunt.

555 3661 646 3718 56.
688 3661 900 3720 Invenit
928 3679 1058 3735 ergo
1090 3663 1234 3721 Petri
1263 3681 1456 3722 socrus
1477 3665 1564 3737 qui
1593 3679 1692 3738 pro
1717 3680 1779 3722 se
1807 3676 2082 3738 rogarent.

481 3755 548 3812 Et
581 3768 669 3824 tu,
700 3757 889 3822 vidua,
916 3759 1132 3816 invenis
1179 3761 1269 3831 qui
1299 3776 1398 3832 pro
1447 3770 1499 3816 te
1545 3760 1850 3831 supplicent
1881 3777 1895 3814 :
1923 3760 2082 3834 201

475 3851 522 3907 si
551 3851 710 3925 quasi
741 3868 870 3909 vere
898 3852 1061 3909 vidua
1109 3865 1165 3912 et
1209 3855 1455 3911 desolata
1494 3866 1518 3894 ο
1545 3857 1598 3910 in
1635 3855 1803 3911 Deum
1849 3869 2038 3926 speres
2063 3896 2079 3922 ,

477 3943 648 4003 instes
679 3946 1174 4016 obsecrationibus,
1209 3948 1434 4006 insistas
1463 3949 1806 4006 orationibus
1830 3991 1846 4018 ,
1875 3950 2084 4006 aftieias

477 4053 677 4113 corpus
722 4049 873 4097 tuum
917 4043 1070 4114 quasi
1101 4043 1350 4114 quotidie
1397 4045 1676 4111 moriens,
1709 4052 1771 4100 ut
1797 4043 2084 4100 moriendo

477 4133 772 4189 reviviscas
802 4151 815 4187 :
849 4132 1028 4206 fugias
1065 4135 1318 4206 delicias,
1352 4145 1411 4192 ut
1439 4137 1605 4193 etiam
1651 4151 1793 4208 aegra
1827 4137 2038 4192 saneris
2067 4153 2080 4192 :

478 4223 620 4280 Nam
647 4241 763 4298 quat
792 4227 846 4282 in
876 4226 1076 4284 deliciis
1095 4237 1191 4295 est,
1219 4233 1390 4284 vivens
1419 4239 1626 4285 mortua
1653 4237 1728 4285 est
1759 4229 1806 4302 (Ι
1834 4227 1974 4284 Tim.
2006 4243 2040 4284 v
2063 4269 2080 4297 ,

477 4319 664 4390 5,6).

545 4411 637 4468 57.
679 4411 903 4468 Sublata
929 4423 1012 4470 est
1047 4413 1142 4470 tibi
1175 4429 1338 4471 causa
1369 4413 1636 4483 nubendi,
1667 4413 1838 4474 habes
1867 4414 1959 4488 qui
1983 4429 2084 4485 pro

475 4511 528 4559 te
555 4504 932 4574 intercedant;
963 4521 1032 4562 ne
1061 4506 1264 4563 dixeris
1294 4523 1310 4563 :
1355 4508 1631 4564 Destituta
1660 4523 1802 4564 sum.
1848 4507 2082 4578 Querela

473 4611 726 4671 nupturae
769 4610 876 4658 est.
927 4600 1006 4658 Ne
1051 4601 1303 4658 dixeris:
1335 4602 1463 4660 Sola
1517 4617 1620 4674 ego
1666 4617 1813 4659 sum.
1841 4599 2080 4658 Castitas

473 4691 826 4748 solitudinem
871 4694 1067 4765 qumrit
1115 4711 1132 4750 :

473 4799 827 4845 conventum.
857 4786 884 4826 ιι
915 4787 1020 4846 Sed
1043 4791 1328 4863 negotium
1369 4791 1538 4850 habes
1571 4810 1586 4848 :
1620 4791 1792 4850 babes
1825 4799 1881 4848 et
1909 4793 2075 4848 inter-

471 4896 775 4939 cessorem.
811 4883 1195 4941 Adversarium
1238 4887 1485 4944 vereris:
1517 4885 1662 4958 apud
1689 4886 1929 4958 judieem
1974 4899 2076 4956 pro

471 4984 526 5034 te
557 4977 819 5034 Dominus
866 4978 1162 5038 intervenit
1201 4979 1391 5038 dicens
1419 4999 1434 5036 :
1465 4963 1710 5039 Iudicate
1753 4981 1955 5056 pupillo
1977 5021 1992 5048 ,
2024 4989 2074 5037 et

457 5071 750 5144 justiﬁcate
778 5071 990 5129 viduam
1018 5071 1188 5146 (Esai.
1221 5090 1262 5144 ι,
1295 5075 1409 5147 17).

539 5263 567 5294 ι
597 5254 800 5332 omnes
825 5254 984 5324 edit.,
1015 5272 1110 5327 pro
1136 5257 1384 5329 afﬁnitate
1401 5266 1675 5332 poterant;
1696 5269 1888 5314 omnes
1911 5267 2072 5320 ηιμ..

473 5343 567 5396 pro
589 5327 738 5467 (ὅὶῑηε
761 5336 1018 5398 poterant,
1043 5339 1150 5384 etc.

537 5397 567 5437 δ
645 5402 855 5456 uaedam
885 5399 1043 5467 edit.,
1065 5401 1150 5458 etii

537 5397 567 5437 δ
596 5397 855 5467 Quaedam
885 5399 1043 5468 edit.,
1065 5401 1222 5458 etiam
1251 5417 1368 5456 cum
1391 5403 1638 5457 uiuerent.

545 5480 568 5509 ο
586 5465 854 5545 Plerique
883 5465 1042 5540 mss.,
1066 5477 1119 5528 in
1149 5471 1314 5528 Deum
1344 5471 1706 5545 spiritualibus
1732 5470 1892 5525 instes
1921 5465 2071 5523 obse-

472 5541 802 5596 orationibus.

543 5608 570 5648 ἀ
599 5611 678 5687 Ita
744 5628 877 5670 mss.
921 5630 1145 5687 omnes,
1199 5624 1430 5687 excepto
1477 5613 1780 5687 'l‘ell.,'_qu_l
1826 5613 1982 5687 sicut,
2013 5619 2072 5666 et

475 5681 696 5758 autem.
730 5694 890 5752 atque
945 5686 1096 5741 Erus.
1141 5681 1352 5743 istha-c'
1375 5687 1635 5758 praefert:
1667 5681 1775 5758 S'ed
1813 5685 2077 5758 negotium

487 5751 670 5820 habes,
699 5763 746 5809 et
775 5751 1158 5814 intercessorem
1203 5751 1488 5815 adversarii
1518 5757 1708 5814 vereris
1738 5751 1915 5825 ειη)ωᾶ
1931 5755 2082 5825 judi-

486 5839 594 5885 cent
625 5835 766 5892 ,etc.
801 5829 1044 5888 Pessime
1088 5847 1222 5890 vero
1251 5832 1384 5892 Gill.
1411 5846 1474 5888 ac
1502 5829 1664 5894 nam.
1692 5829 1824 5886 edit.
1853 5827 1908 5884 in
1932 5827 2086 5884 inme

491 5897 712 5968 modum
739 5915 756 5959 :
794 5898 904 5958 Sed
945 5903 1203 5978 negotium
1222 5903 1381 5977 babes
1403 5943 1420 5976 ,
1451 5913 1501 5963 et
1536 5903 1966 5978 intercessorem:
1993 5897 2088 5958 od-

2833 2284 3065 2343 CAPUT
3102 2285 3172 2346 Χ.

2190 2375 2272 2432 Ad
2301 2374 2559 2432 Christum
2584 2377 2718 2433 redit
2743 2381 2892 2452 cujus
2913 2393 3171 2435 summam
3207 2377 3263 2433 in
3291 2377 3550 2435 adeundis
3587 2381 3794 2438 miseris

2261 2471 2570 2541 quibuslibet
2609 2471 2973 2544 benignitatem
3015 2471 3244 2528 laudans
3265 2512 3284 2542 ,
3336 2489 3450 2527 eam
3489 2476 3660 2531 oculis
3703 2492 3803 2531 no-

2261 2566 2386 2622 stris
2435 2564 2704 2637 Ecastgelii
2747 2566 2993 2638 bene/icio
3040 2567 3322 2638 subjectum
3344 2569 3493 2626 dicit.
3527 2569 3640 2628 Sub
3685 2569 3803 2628 hac

2265 2661 2458 2731 uarias,
2485 2661 2672 2734 quibus
2698 2662 2755 2716 in
2777 2662 3008 2718 curando
3033 2663 3170 2718 idem
3199 2663 3432 2719 medicus
3463 2678 3644 2720 noster
3667 2683 3801 2722 usus

2265 2757 2521 2822 noscitur,
2550 2757 2776 2812 rationes
2820 2767 3002 2812 narrat
3033 2759 3262 2814 :deinde
3287 2761 3568 2815 curationis
3605 2762 3806 2834 pradi-

2263 2855 2347 2902 σαι
2393 2845 2726 2915 celeritatem,
2775 2847 3061 2902 dummodo
3107 2850 3348 2906 inuocare
3398 2851 3663 2908 medicum
3691 2870 3802 2910 non

2265 2940 2590 3012 negligemus
2637 2955 2658 2996 :
2695 2941 2812 2996 istis
2852 2941 3106 2996 subnectit
3143 2943 3394 3000 moralem
3431 2945 3499 3000 de
3537 2947 3806 3002 uoluntate

2261 3049 2416 3104 quam
2448 3035 2500 3089 in
2529 3049 2684 3090 socru
2714 3031 2856 3090 Petri
2879 3051 3176 3108 expressam
3200 3035 3371 3104 docet,
3399 3041 3762 3109 acceptionent
3781 3058 3803 3097 :

2265 3135 2525 3196 postremo
2573 3125 2659 3181 ubi
2705 3127 2944 3197 esposuit
2984 3129 3194 3199 qualem
3221 3127 3420 3186 Christi
3460 3133 3765 3188 ministrant
3785 3177 3802 3204 ,

2265 3221 2490 3277 maxime
2511 3235 2628 3276 uero
2655 3220 2955 3290 episcopum
2979 3237 3091 3277 esse
3113 3222 3314 3290 deceat,
3342 3225 3577 3296 ipsorum
3599 3228 3674 3281 ait
3693 3243 3808 3284 esse

2264 3313 2534 3384 praprium
2562 3328 2653 3385 per
2673 3314 2897 3387 gratiam
2923 3329 3154 3388 surgere.

2262 3467 2352 3526 60.
2397 3468 2506 3526 Sed
2555 3467 2622 3525 ad
2674 3471 3010 3542 propositum
3055 3482 3428 3541 revertamur,
3471 3491 3654 3547 neque
3700 3493 3806 3536 no-

2190 3570 2429 3617 strorum
2475 3561 2726 3620 dolentes
2749 3563 2970 3620 vulnera
3001 3577 3370 3638 peccatorum,
3403 3568 3682 3626 medicum
3715 3587 3808 3628 re-

2191 3653 2504 3725 linquamus
2534 3673 2546 3709 :
2575 3663 2630 3712 et
2658 3654 2788 3711 dum
2813 3657 3012 3713 alienis
3061 3658 3348 3716 medemur
3374 3661 3692 3731 ulceribus,
3723 3666 3810 3720 ui-

2187 3763 2311 3803 cera
2344 3757 2526 3806 nostra
2559 3750 2919 3806 cumulemus.
2962 3751 3204 3824 Rogatur
3228 3769 3358 3826 ergo
3388 3754 3476 3811 bic
3525 3757 3802 3816 medicus.

2185 3837 2266 3898 Ne
2293 3842 2510 3911 timeas,
2541 3845 2668 3916 quia
2695 3861 2921 3916 magnus
2951 3854 3040 3902 est
3065 3847 3353 3916 Dominus,
3381 3857 3440 3907 et
3465 3848 3710 3909 fortasse
3734 3855 3808 3910 ad

2187 3951 2387 4008 aegram
2425 3935 2756 4006 dediguetur
2801 3939 3022 4007 venire;
3053 3940 3204 3997 venit
3243 3943 3390 3998 enim
3425 3943 3491 3999 ad
3521 3960 3626 4001 nos
3649 3961 3810 4016 sape

2186 4027 2256 4084 de
2297 4029 2483 4085 caelo:
2527 4045 2628 4086 nec
2677 4029 2852 4086 solum
2898 4031 3136 4100 divites,
3167 4034 3266 4091 sed
3313 4035 3477 4092 etiam
3528 4053 3807 4110 pauperes

2185 4119 2328 4178 solet
2352 4129 2407 4178 et
2436 4122 2686 4178 servulos
2733 4138 3030 4196 pauperum
3079 4126 3327 4184 visitare.
3363 4129 3524 4185 Venit
3553 4140 3608 4186 ct
3654 4147 3807 4188 nunc

2185 4225 2409 4286 rogatus
2439 4215 2505 4270 ad
2535 4215 2681 4271 Petri
2715 4231 2930 4272 socrum
2955 4260 2969 4284 ,
2999 4229 3048 4273 et
3075 4233 3218 4276 stans
3242 4239 3399 4294 super
3424 4223 3600 4291 illam,
3633 4225 3806 4301 202

2184 4309 2456 4382 imperavit
2481 4307 2614 4378 [ebri
2631 4349 2646 4375 ,
2671 4319 2718 4364 et
2758 4311 2958 4366 remisit
2996 4312 3142 4366 illam
3173 4329 3192 4368 :
3219 4324 3265 4368 et
3293 4317 3540 4371 continuo
3579 4333 3806 4392 surgens

2185 4399 2510 4456 ministrabat
2555 4400 2664 4455 illis
2697 4398 2850 4474 (Luc.
2880 4417 2933 4457 tv
2953 4445 2969 4470 ,
2994 4401 3108 4476 59).
3141 4403 3298 4462 Sicut
3343 4407 3541 4480 dignus
3585 4426 3804 4466 memo-

2185 4493 2303 4559 ria,
2355 4494 2430 4549 ita
2477 4492 2672 4566 dignus
2719 4495 3027 4565 desiderio,
3077 4497 3276 4570 dignus
3315 4502 3477 4558 etiam
3525 4503 3802 4564 cbarilate

2183 4583 2481 4643 Dominicae
2513 4588 2566 4642 in
2596 4587 2862 4659 singulos,
2891 4588 3225 4662 dignationis
3249 4593 3498 4664 aﬂ‘ectus,
3525 4605 3552 4645 8
3579 4607 3635 4654 et
3653 4598 3800 4656 facta

1183 4693 1377 4765 pudica
1433 4673 1706 4752 sum"...
1733 4737 1748 4762 ,
1805 4693 2075 4767 impudica
2104 4673 2158 4736 D
2183 4680 2450 4737 miranda.
2486 4680 2722 4738 Visitare
2751 4681 2940 4739 viduas
2969 4700 3076 4740 non
3109 4685 3438 4759 dedignatur
3457 4730 3473 4756 ,
3503 4699 3560 4746 et
3589 4696 3800 4764 tugurii

2183 4775 2306 4832 vilis
2337 4775 2637 4846 penetralia
2684 4785 2912 4846 angusta
2944 4779 3263 4838 succedere.
3297 4781 3467 4852 Quasi
3515 4784 3657 4842 Deus
3690 4786 3800 4843 illl-

2181 4881 2360 4945 perat,
2390 4871 2545 4939 quasi
2575 4869 2738 4926 homo
2764 4871 2966 4928 visitat.

2251 4963 2344 5020 61.
2384 4961 2598 5020 Gratias
2645 4963 2944 5036 Evangelia
2998 4982 3096 5038 per
3149 4969 3294 5039 quod
3333 4971 3500 5028 etiam
3541 4988 3646 5030 nos
3696 4979 3798 5048 qui

2181 5062 2354 5120 oculis
2403 5061 2602 5118 nostris
2649 5062 2954 5118 venientem
3004 5063 3057 5118 in
3091 5062 3236 5121 hunc
3279 5067 3542 5124 mundum
3571 5085 3684 5127 non
3713 5073 3800 5128 vi-

2175 5247 2458 5307 uerscrium
2478 5244 2677 5318 cereris
2697 5243 2843 5312 apud
2863 5244 3124 5318 judicent.
3161 5248 3270 5306 Pro
3294 5261 3366 5316 te,
3395 5261 3505 5310 etc.

2253 5331 2278 5359 ε
2305 5317 2533 5375 Amerb.
2559 5327 2614 5372 et
2648 5317 2806 5390 item.
2839 5317 2998 5390 edit.,
3029 5318 3138 5373 Sed
3164 5323 3238 5376 vis
3267 5326 3474 5380 nubere.
3511 5325 3660 5384 Licet
3685 5347 3796 5390 non

2177 5392 2362 5459 habet;
2409 5390 2591 5450 Ront..
2624 5403 2728 5443 non
2769 5386 3198 5470 habeat__erimen
3241 5396 3464 5470 simplest
3511 5386 3791 5470 uoluntas,

2177 5480 2394 5520 causam
2422 5476 2523 5515 non
2550 5475 2746 5528 qurere.
2777 5469 2886 5515 etc.
2923 5462 3095 5518 Minus
3125 5462 3414 5524 concinne.

2252 5534 2273 5574 τ
2301 5533 2464 5613 Βοῐῐιἒ
2491 5531 2627 5613 edit.
2653 5532 2798 5598 Sola,
2829 5531 2961 5613 Tant
2982 5533 3284 5613 indecorum
3310 5549 3404 5596 est.
3449 5583 3464 5596 .
3511 5581 3524 5594 .
3571 5579 3588 5598 .
3628 5561 3794 5613 quam

2178 5616 2408 5676 nepotes.
2439 5604 2509 5659 At
2529 5601 2646 5683 inec
2670 5606 2900 5683 mutatio
2925 5604 3332 5683 licetAlevicuia,
3367 5601 3796 5683 pervertit'seu;

2178 5673 2326 5808 ilium:
2355 5683 2418 5732 ut
2462 5673 2638 5746 quivis
2685 5675 2767 5730 vel
2817 5676 3108 5734 mediocris
3159 5673 3382 5754 ingenii'
3407 5700 3505 5756 per
3529 5702 3592 5744 se
3618 5673 3792 5747 ἰηιεὶ-

2205 5765 2286 5808 tua
2321 5793 2330 5802 .

2204 5753 2330 5806 ittat.

2221 5765 2452 5898 grtiam
2489 5817 2654 5887 Ἴδη..
2690 5817 2757 5874 Et
2783 5823 2920 5896 facto
2945 5823 3155 5888 uisitare
3175 5829 3357 5893 uiduus
3379 5831 3646 5910 dignatur.
