4054 6306
200 393 313 453 ἳὶὅ

1433 389 1522 447 DE
1562 389 1789 447 VIDUIS
1827 389 2031 450 LIBER
2073 391 2275 449 UNUS.

3407 392 3513 449 2-3-5

206 516 391 572 dimus
435 513 720 570 Christum
743 557 755 580 ,
789 511 1035 567 videmur
1075 509 1156 571 ei.
1190 507 1318 564 dum
1351 507 1485 563 facta
1536 508 1653 578 ejus
1683 507 1814 580 legi-
1839 515 1889 575 Α
1988 509 2150 584 203
2189 508 2279 565 65.
2323 508 2497 566 Simul
2527 508 2702 581 qualis
2734 523 2858 566 esse
2889 509 3083 564 debeat
3121 520 3142 548 ο
3172 511 3263 581 qui
3297 509 3516 566 Christo

209 627 353 677 Inus,
387 611 696 674 interesse;
728 619 782 663 ιιι
817 608 956 663 sicut
983 605 1056 659 illi
1085 603 1280 675 quibus
1309 603 1812 676 appropinquabat,

209 705 369 758 fidem
401 703 792 757 mutuabuntur
817 717 884 756 ex
909 713 1006 765 eo;
1041 697 1110 754 ita
1145 697 1322 764 nobis,
1351 697 1478 754 dum
1503 699 1672 770 gestis
1697 697 1814 770 ejus

207 796 487 853 credimus
505 837 519 862 ,
551 794 970 866 apprOpinquet.

283 891 372 946 62.
419 889 586 944 Vides
627 889 800 956 qualia
833 887 996 944 habet
1033 901 1232 959 genera
1263 886 1611 941 sanitatum?
1639 885 1813 956 Impe-

208 991 295 1040 rat
340 982 513 1047 febri,
545 983 779 1052 imperat
824 981 1101 1051 spiritibus
1155 979 1478 1047 immundis,
1529 979 1656 1034 alibi
1698 981 1816 1050 ipse

207 1095 402 1134 manus
436 1079 689 1146 imponit.
721 1075 834 1130 Non
884 1075 1058 1131 solum
1092 1075 1258 1144 igitur
1288 1075 1456 1130 verbo
1480 1116 1493 1139 ,
1524 1075 1619 1130 sed
1649 1076 1813 1130 etiam

210 1183 354 1227 tactu
388 1185 565 1241 :rgros
612 1184 803 1225 curare
835 1167 1134 1224 consuevit.
1171 1168 1240 1224 Et
1285 1176 1342 1222 tu
1375 1167 1536 1239 igitur
1575 1184 1694 1238 qua:
1723 1183 1817 1221 va-

205 1267 306 1322 riis
341 1264 528 1320 mundi
581 1275 778 1319 aestuas
804 1260 1221 1333 cupiditatibus,
1251 1263 1332 1316 vel
1387 1263 1558 1316 forma
1589 1261 1687 1315 viri
1717 1259 1818 1315 ali-

204 1360 363 1432 cujus
411 1367 567 1428 capta
596 1401 612 1426 ,
648 1357 730 1412 vel
780 1357 1046 1429 pecunia,
1081 1372 1209 1428 roga
1255 1357 1568 1425 Chrismtn,
1616 1356 1816 1412 adhibe

205 1453 512 1518 medicum,
543 1451 758 1522 porrige
801 1452 850 1506 ei
897 1451 1179 1506 dexteram
1231 1461 1412 1519 tuam,
1447 1460 1631 1521 tangat
1677 1451 1816 1506 inte-

203 1545 356 1602 riora
387 1556 483 1599 tua
518 1544 608 1600 Dei
644 1559 837 1599 manus
860 1587 876 1612 ,
910 1544 1180 1614 Verbique
1225 1543 1465 1601 caelestis
1513 1545 1682 1616 gratia
1736 1546 1816 1599 in-

206 1637 478 1695 teriorum
508 1653 677 1692 venas
706 1647 981 1693 scrutetur
1011 1638 1335 1699 animorum,
1373 1638 1546 1708 pulset
1571 1639 1662 1692 Dei
1693 1637 1820 1693 dex-

209 1743 326 1788 tera
381 1743 592 1788 secreta
645 1732 846 1787 cordis.
879 1731 1016 1787 Aliis
1060 1730 1252 1786 oculos
1296 1731 1410 1785 luto
1440 1731 1602 1786 illinit
1633 1729 1813 1804 (Joan.

209 1843 291 1894 ix,
323 1827 378 1893 6,
407 1825 494 1897 7),
527 1835 584 1880 ut
613 1823 797 1880 videre
822 1824 1057 1895 possint,
1085 1823 1417 1896 Creatorque
1451 1825 1692 1878 omnium
1719 1823 1818 1878 do-

1919 603 2214 671 ministrat,
2271 603 2613 669 ostenditur;
2675 612 2888 674 oportet
2928 602 3071 658 enim
3121 602 3297 673 primo
3322 619 3514 662 carere

1917 695 2191 750 variarum
2250 695 2519 752 illecebris
2567 697 2942 766 voluptatum,
3017 695 3191 752 vitare
3239 697 3512 754 internum

1917 787 2165 857 corporis
2194 787 2470 860 animique
2497 788 2835 859 languorem,
2879 799 2936 843 ut
2967 805 3162 859 corpus
3189 799 3245 845 et
3295 790 3517 860 sangui-

1917 897 2042 936 nem
2072 880 2271 937 Christi
2303 883 2594 938 ministret.
2631 881 2816 954 Neque
2843 885 2986 938 enim
3013 892 3194 954 potest
3227 887 3514 956 quisquam

1916 973 2152 1044 peccatis
2175 975 2290 1028 suis
2317 990 2483 1044 mger,
2530 975 2862 1046 minimeque
2909 992 3096 1043 sanus,
3125 978 3516 1035 immortalium

1917 1067 2214 1123 sanitatum
2245 1070 2484 1124 remedia
2515 1070 2844 1126 ministrare.
2892 1070 3021 1126 Vide
3052 1071 3178 1140 quid
3224 1088 3375 1144 agas,
3429 1090 3518 1129 sa-

1918 1163 2136 1229 cerdos,
2167 1177 2264 1218 nec
2295 1163 2544 1219 febrieuti
2575 1181 2733 1220 nianu
2761 1180 2958 1235 corpus
3005 1165 3204 1222 Christi
3259 1167 3514 1237 attingas.

1917 1255 2076 1311 Prius
2102 1271 2316 1324 curare,
2349 1269 2407 1311 ut
2451 1257 2764 1312 ministrare
2812 1259 3008 1328 possis.
3051 1258 3107 1316 Si
3136 1261 3368 1316 mundos
3413 1276 3514 1316 eos

1922 1351 2010 1421 qui
2044 1360 2170 1406 ante
2209 1350 2420 1406 fuerant
2473 1351 2696 1421 leprosi,
2737 1351 2988 1406 Christus
3038 1353 3192 1423 jubet
3220 1369 3515 1410 occurrere

1919 1442 2296 1500 sacerdotibus
2328 1441 2482 1514 (Luc.
2516 1459 2646 1509 xvu,
2679 1442 2791 1515 M),
2818 1456 3022 1516 quanto
3048 1447 3215 1516 magis
3248 1449 3508 1503 mundum

1919 1540 2098 1612 ipsum
2129 1541 2383 1596 convenit
2409 1555 2531 1596 esse
2570 1541 2952 1598 sacerdotem!
2987 1541 3102 1598 Non
3148 1542 3310 1598 habet
3356 1544 3516 1615 igitur

1919 1632 2063 1703 quod
2092 1633 2319 1689 moleste
2346 1634 2485 1688 [erat
2511 1633 2598 1689 illa
2634 1634 2791 1689 vidua
2826 1635 2969 1706 quod
3020 1636 3124 1692 sibi
3176 1652 3282 1692 non
3324 1653 3518 1709 peper-

1920 1727 2110 1790 cerim,
2140 1727 2354 1798 quando
2379 1743 2480 1782 nec
2508 1727 2639 1782 mihi
2665 1744 2851 1799 parco.

1989 1812 2580 1892 66.'Surrexititaque
2604 1821 2769 1883 Petri.
2814 1822 3005 1893 inquit,
3043 1838 3256 1890 socrus,
3304 1835 3360 1881 et
3414 1825 3517 1880 mi-

207 1929 302 1976 cet
347 1933 447 1974 nos
494 1928 695 1974 nostra:
741 1933 1010 1973 memores
1061 1917 1264 1974 debere
1310 1931 1432 1974 esse
1477 1927 1718 1982 naturae,
1761 1914 1896 1974 etB
1923 1916 2188 1970 nistrabat
2242 1915 2350 1971 illis
2379 1915 2549 1988 (Luc.
2580 1933 2654 1984 tv,
2688 1916 2815 1989 39).
2851 1918 2917 1973 Et
2945 1919 3080 1974 bene
3134 1921 3401 1987 surrexit;
3430 1935 3519 1976 sa-

208 2015 463 2084 corporis
511 2026 740 2069 cernere
788 2012 1086 2077 vilitatem;
1121 2027 1280 2068 nemo
1327 2012 1470 2066 enim
1523 2013 1692 2083 magis
1721 2025 1819 2082 po-

212 2116 328 2163 test
359 2107 546 2164 videre
574 2105 787 2176 divina,
826 2105 929 2160 nisi
961 2106 1048 2176 qui
1075 2115 1101 2141 λ
1133 2103 1456 2160 humilitatis
1485 2101 1816 2159 conscientia

214 2215 333 2258 sua:
380 2201 558 2258 nescit
587 2199 789 2256 attolli.
847 2200 1004 2256 Alius
1049 2197 1320 2254 sacerdoti
1364 2212 1424 2252 se
1453 2196 1646 2252 olferre
1675 2213 1816 2267 pra:-

207 2291 436 2362 cipitur,
470 2304 528 2348 ut
555 2307 747 2348 carere
778 2293 832 2347 in
865 2301 1184 2365 perpetuum
1217 2292 1380 2363 leprw
1413 2293 1581 2361 possit
1609 2292 1817 2346 exuviis

209 2388 374 2462 (Luc.
407 2405 469 2454 v,
503 2386 615 2461 14).
661 2388 821 2446 Solus
869 2387 1013 2445 enim
1063 2388 1262 2443 mentis
1325 2395 1382 2443 et
1421 2385 1590 2441 animi
1641 2395 1820 2456 potest

207 2497 440 2541 servare
468 2481 920 2553 munditiam,qui
950 2481 1002 2538 ei
1030 2482 1294 2537 sacerdoti
1324 2496 1384 2537 se
1416 2483 1565 2536 novit
1593 2481 1813 2547 olferre,

209 2593 375 2644 quem
423 2591 524 2648 pro
575 2575 810 2644 peccatis
857 2575 1060 2630 nostris
1106 2573 1413 2644 accepimus
1458 2574 1813 2640 advocatum,

213 2670 372 2725 illum
417 2666 606 2738 utique
647 2668 736 2722 cui
769 2667 966 2723 dicitur
997 2685 1010 2720 :
1038 2664 1118 2720 Tu
1144 2683 1196 2722 es
1221 2668 1461 2721 sacerdos
1492 2667 1542 2719 in
1573 2680 1816 2720 wtemam

210 2761 502 2817 secundum
531 2761 761 2816 ordinent
789 2759 1163 2815 Melchisedech
1197 2757 1371 2831 (Psal.
1401 2775 1508 2824 ets,
1539 2762 1618 2830 4).

289 2856 382 2912 63.
426 2855 537 2911 Nec
565 2870 788 2912 vereare
835 2869 1040 2908 moram
1076 2855 1308 2924 aliquam
1337 2853 1607 2908 sanitatis.
1635 2850 1817 2907 Nescit

212 2949 672 3022 impedimentum
717 2948 806 3018 qui
853 2955 1072 3002 sanatur
1103 2963 1131 3000 a
1179 2945 1417 3000 Christo.
1448 2944 1596 3016 Opus
1639 2954 1721 2999 est
1763 2953 1820 3000 ut

216 3042 525 3102 remedium
573 3039 871 3108 adhibeas,
918 3038 1061 3111 quod
1115 3040 1416 3109 acceperis;
1463 3037 1626 3094 simul
1671 3036 1816 3094 enim

218 3148 280 3195 ut
311 3145 644 3210 praeceptum
675 3136 907 3200 dederit,
937 3150 1112 3190 cacus
1145 3133 1310 3199 videt,
1343 3133 1670 3206 paralyticus
1701 3148 1818 3187 am-

221 3232 381 3288 bulat
400 3272 416 3299 ,
445 3240 626 3286 mutus
658 3231 916 3301 loquitur,
943 3230 1138 3285 surdus
1169 3229 1334 3295 audit,
1388 3229 1625 3284 febriens
1651 3227 1818 3283 inini-

1919 2012 2185 2065 craincnti
2216 2010 2363 2065 enim
2391 2020 2577 2083 typum
2597 2011 2890 2082 apostolica
2913 2013 3024 2083 jam
3047 2015 3216 2083 gratia
3245 2015 3518 2069 miniStra-

1921 2105 2034 2160 bat.
2067 2105 2350 2176 Proin-ium
2379 2119 2462 2161 est
2494 2115 2672 2163 autem
2695 2123 2917 2178 surgere
2962 2109 3163 2163 Christi
3196 2109 3507 2175 ministros,

1915 2201 2066 2272 juxta
2081 2200 2221 2271 quod
2240 2202 2497 2270 scriptum
2517 2210 2628 2255 est:
2658 2200 2848 2272 Surge.
2869 2203 2956 2272 qui
2979 2202 3194 2268 dormis,
3219 2214 3266 2258 et
3301 2219 3518 2274 exsurge

1919 2313 1950 2351 a
1977 2297 2189 2352 mortuis
2212 2295 2233 2368 (
2255 2293 2447 2366 Ephes.
2480 2311 2534 2361 v,
2569 2293 2635 2350 14
2657 2293 2698 2366 ).

2523 2433 2751 2492 CAPUT
2788 2433 2879 2490 Xl.

1921 2573 2105 2630 Causis
2150 2591 2264 2644 qua:
2305 2592 2400 2645 pro
2439 2577 2738 2646 nuptiarum
2779 2575 3056 2630 iteratione
3092 2574 3269 2642 a/ferri
3307 2577 3473 2631 solent
3498 2617 3514 2642 ,

1991 2669 2239 2736 explosit,
2272 2669 2544 2739 proﬁtetur
2569 2687 2603 2723 a
2630 2686 2683 2723 se
2704 2686 2805 2722 non
2842 2670 3084 2722 damnari
3134 2671 3363 2724 secunda
3391 2686 3517 2724 con-

1984 2763 2177 2834 jugia;
2216 2777 2436 2829 quarunt
2464 2762 2580 2815 licet
2620 2777 2684 2815 ex
2724 2761 2975 2830 Apostolo
3021 2761 3351 2814 incommoda
3399 2779 3520 2831 per-

1994 2861 2189 2918 currat,
2235 2852 2582 2907 conditionem
2625 2861 2793 2907 tamen
2831 2854 3050 2923 afﬁrmat
3087 2853 3428 2923 approbatum
3466 2855 3518 2909 in

1998 2947 2228 3004 Ecclesia
2261 2966 2279 3003 :
2307 2965 2404 3018 quo
2435 2947 2546 3001 loco
2593 2949 2861 3003 lucrelicos
2901 2949 2984 3019 qui
3028 2965 3087 3002 ea
3137 2947 3508 3021 prohibebant,

1993 3043 2228 3116 castigat.
2257 3039 2386 3096 Cum
2414 3049 2581 3095 autem
2607 3041 2824 3096 dit-eruo
2868 3043 3187 3097 diversorum
3213 3044 3311 3097 sint
3351 3047 3478 3097 vires
3499 3085 3514 3110 ,

1993 3139 2112 3192 hinc
2142 3137 2340 3208 factum
2365 3136 2573 3202 scribit,
2619 3145 2674 3190 ut
2727 3153 2828 3190 non
2878 3138 3220 3206 imperaretur
3264 3137 3472 3190 castitas
3499 3177 3513 3204 ,

1991 3232 2082 3286 sed
2110 3230 2430 3285 suuderetur.

224 3333 384 3389 strat,
409 3325 676 3379 lunaticus
725 3323 1005 3378 liberatur.
1031 3320 1057 3360 δ
1081 3322 1147 3377 Ει
1177 3333 1230 3376 ιιι
1261 3321 1422 3393 igitur
1467 3336 1820 3391 qtnccuntque
1846 3307 1892 3370 C
1997 3323 2086 3378 67.
2131 3323 2365 3377 Dicimus
2388 3320 2411 3359 ἀ
2447 3322 2610 3393 igitur
2639 3337 2736 3376 nec
2757 3321 3062 3392 sumptibus
3090 3336 3251 3392 egere
3283 3322 3470 3377 viduas
3502 3365 3517 3390 ,

227 3419 488 3476 indecore
533 3418 759 3489 alicujus
795 3419 872 3473 rei
905 3417 1198 3488 cupiditate
1227 3417 1526 3487 languescis
1549 3457 1566 3484 ,
1594 3415 1821 3471 obsecra

226 3514 523 3569 Dominunt
546 3552 562 3579 ,
589 3514 750 3568 tidem
802 3511 986 3576 defer,
1019 3526 1121 3566 nec
1153 3511 1318 3564 ullam
1355 3511 1544 3565 timeas
1589 3524 1818 3564 moram.

223 3605 335 3663 Ubi
363 3605 515 3660 adest
561 3604 768 3671 oratio,
798 3604 952 3659 adest
984 3602 1247 3668 Verbum,
1281 3601 1492 3671 iugatur
1517 3601 1821 3672 cupiditas,

222 3698 398 3755 libido
429 3696 679 3753 discedit.
709 3696 818 3753 Nec
857 3695 1216 3752 confessionis
1247 3696 1488 3750 verearis
1517 3693 1778 3749 oll'ensatn
1807 3710 1822 3760 ;

221 3795 396 3851 immo
440 3793 610 3864 magis
659 3807 923 3862 praesume
971 3788 1388 3860 prterogativam
1421 3807 1434 3843 :
1465 3787 1825 3844 incontineuti

220 3889 372 3944 enim
402 3903 522 3959 qua:
547 3887 798 3957 corporis
836 3885 1026 3942 morbo
1052 3893 1209 3939 antea
1237 3884 1520 3940 laborabas
1545 3926 1560 3951 ,
1607 3882 1826 3940 Christo

220 3981 454 4052 incipies
480 3981 810 4036 ministrare.

295 4076 390 4132 6L
433 4077 619 4133 Potest
647 4077 809 4131 etiam
863 4075 966 4131 hoc
997 4075 1116 4130 loco
1147 4075 1314 4130 videri
1361 4074 1506 4131 Petri
1535 4089 1725 4131 socrus
1749 4073 1826 4128 al-

224 4169 392 4227 fectio
435 4169 760 4235 voluntatis,
791 4183 858 4224 ex
911 4184 1013 4240 qua
1046 4167 1147 4223 sibi
1197 4169 1340 4222 velut
1393 4183 1580 4224 semen
1634 4166 1827 4222 futura:

225 4262 565 4333 posteritatis
596 4269 1001 4328 assumpserat;
1052 4259 1197 4331 quod
1243 4259 1530 4330 unicuique
1577 4259 1827 4316 voluntas

222 4372 321 4413 sua
355 4354 694 4428 posteritatis
731 4362 816 4410 est
861 4363 1068 4410 auctor.
1103 4353 1179 4409 Ex
1230 4353 1506 4409 voluntate
1554 4353 1698 4410 enint
1739 4367 1829 4408 sa-

224 4449 431 4522 pientia
467 4449 740 4516 nascitur,
770 4463 933 4520 quam
976 4449 1192 4518 sapiens
1214 4448 1268 4502 in
1301 4447 1701 4502 matrimonium
1733 4444 1829 4501 ad-

223 4543 412 4598 sciscit
435 4542 563 4608 sibi,
595 4539 781 4597 dicens
812 4558 826 4596 :
859 4539 1120 4611 PrOposui
1149 4556 1241 4615 ego
1271 4539 1402 4594 hanc
1431 4539 1688 4594 adducere
1702 4539 1830 4595 mihi

224 4638 280 4692 in
328 4635 632 4708 confugium
665 4635 820 4704 (Sap.
845 4650 960 4700 vin,
988 4635 1066 4705 2).
1103 4633 1243 4704 Ergo
1288 4634 1540 4689 voluntas
1588 4634 1677 4688 illa
1703 4648 1828 4703 qua:

1925 3433 2048 3488 qua:
2101 3416 2306 3473 donare
2349 3417 2737 3472 consueverint
2769 3434 2782 3469 ε
2813 3431 2913 3472 nec
2954 3416 3219 3482 subsidio,
3263 3432 3290 3469 a
3323 3417 3521 3487 quibus

1925 3527 2093 3583 stupe,
2138 3513 2190 3567 in
2231 3511 2488 3582 periculis
2523 3512 2796 3574 maximis,
2830 3510 3068 3566 defcnsm
3088 3512 3260 3579 capia:
3293 3520 3421 3566 sunt
3444 3512 3522 3564 vi-

1927 3621 2113 3661 rorum
2144 3623 2155 3658 :
2190 3605 2457 3660 maritalis
2489 3607 2554 3660 iis
2601 3621 2815 3676 quoque
2861 3604 3038 3659 ofticia
3081 3605 3166 3659 vel
3198 3621 3225 3658 a
3270 3606 3518 3676 generis,

1926 3699 2011 3755 vel
2041 3715 2071 3753 a
2100 3697 2360 3768 proximis
2394 3697 2550 3753 facile
2578 3699 2754 3754 solere
2777 3701 3017 3768 reparari
3045 3716 3057 3751 :
3090 3713 3212 3754 esse
3244 3700 3410 3754 etiam
3465 3700 3519 3753 in

1927 3808 2020 3848 eas
2054 3791 2288 3846 divinant
2335 3792 2765 3848 misericordiam
2810 3794 3237 3861 promptiorem;
3289 3803 3344 3848 et
3399 3792 3523 3846 ideo

1927 3902 2048 3943 cum
2082 3893 2369 3958 suppetere
2392 3902 2498 3940 non
2529 3887 2772 3941 videatur
2798 3901 2963 3941 causa
2991 3885 3248 3952 nubendi,
3285 3885 3521 3941 studium

1927 3979 2120 4035 abesse
2147 3977 2367 4034 debere.

2001 4072 2090 4129 68.
2132 4070 2286 4140 Quod
2341 4080 2522 4126 tamen
2572 4085 2669 4140 pro
2715 4070 2944 4125 consilio
2985 4070 3239 4136 dicimus,
3268 4084 3374 4124 non
3423 4082 3524 4138 pro

1929 4177 2199 4238 praecepto
2218 4169 2548 4238 imperamus
2577 4209 2590 4232 ,
2639 4175 2998 4237 provocantes
3029 4167 3213 4237 potius
3262 4166 3475 4220 viduam
3504 4206 3520 4231 ,

1930 4275 2088 4330 quam
2137 4259 2398 4331 ligentes;
2453 4275 2627 4329 neque
2677 4261 2820 4314 enim
2877 4260 3229 4330 prohibemus
3255 4259 3523 4314 secundas

1932 4355 2171 4424 nuptias,
2209 4353 2303 4410 sed
2337 4370 2449 4409 non
2479 4354 2792 4409 suademus.
2847 4356 2965 4410 Alia
3011 4366 3094 4410 est
3123 4355 3268 4410 enim
3302 4355 3526 4408 inﬁrmi-

1933 4450 2058 4505 tatis
2083 4449 2497 4520 contemplatio,
2525 4450 2631 4505 alia
2665 4450 2837 4519 gratia
2863 4451 3149 4505 castitatis.
3191 4449 3320 4504 Plus
3365 4449 3519 4513 dico,

1932 4559 2038 4598 non
2065 4543 2415 4613 prohibemus
2443 4544 2714 4599 secundas
2755 4545 2991 4616 nuptias,
3037 4545 3130 4600 sed
3173 4559 3279 4598 non
3325 4545 3513 4614 proba-

1932 4653 2051 4692 mus
2083 4652 2229 4706 sche
2259 4642 2550 4709 repetitas;
2588 4648 2610 4678 ο
2643 4655 2816 4710 neque
2839 4642 2982 4694 enim
3012 4639 3232 4709 expedit
3263 4637 3520 4708 quidquid

224 4731 408 4802 primo
439 4729 714 4785 variarum
742 4728 1096 4800 cupiditatum
1126 4726 1344 4783 aestibus
1376 4726 1671 4781 madefacta
1712 4727 1825 4781 lan-
1850 4717 1904 4778 D
1931 4729 2094 4785 licet;
2121 4729 2311 4788 omnia
2371 4731 2498 4787 mihi
2545 4733 2733 4797 licem,
2781 4733 2911 4787 dicit
2959 4733 3273 4801 Αμοειοιιιε,
3315 4732 3403 4786 διά
3424 4746 3526 4786 non

223 4824 429 4896 guebat
451 4865 465 4888 ,
497 4835 685 4894 pcatea
735 4837 830 4893 per
860 4821 1193 4890 apostolatus
1221 4819 1459 4877 ofﬁcium
1488 4819 1540 4875 in
1574 4820 1820 4876 minime-

225 4917 371 4972 rium
398 4916 602 4974 Christi
623 4916 734 4988 jam
764 4915 986 4972 robusta
1016 4914 1275 4972 surrexit.

306 5067 331 5095 ⁸
362 5057 508 5112 Edit.
539 5063 594 5111 et
623 5054 775 5124 pauci
808 5068 962 5117 mss.,
989 5052 1296 5106 humilitatis
1323 5052 1559 5124 conscius
1589 5066 1713 5105 suat.

303 5127 332 5167 δ
364 5129 491 5184 Mss.
525 5123 748 5197 aliquot,
785 5125 849 5180 Et
878 5137 932 5178 tu
960 5125 1116 5198 igitur
1140 5125 1226 5195 qui
1262 5123 1515 5177 indecore.
1547 5164 1560 5178 .
1595 5124 1826 5178 .obsecra

232 5200 421 5256 Deum.
455 5200 516 5254 Si
539 5198 692 5269 ﬁdem
722 5198 911 5270 defers,
933 5208 1048 5270 etc.

310 5283 331 5312 ε
375 5265 582 5328 Omnes
607 5270 740 5326 edit.
767 5265 888 5324 cum
914 5269 1052 5324 Tell.
1082 5266 1204 5322 cod.
1236 5307 1250 5330 ,
1279 5282 1396 5336 qum
1423 5265 1628 5320 Christo
1671 5265 1828 5320 mini-

232 5354 386 5408 strat,
422 5343 734 5397 ostenditur.
766 5340 979 5412 Oportet
1004 5357 1138 5405 eam,
1169 5349 1276 5393 etc.
1301 5337 1404 5393 Alii
1437 5352 1632 5412 omnes
1658 5353 1822 5412 mss.,

233 5416 326 5486 qui
355 5413 584 5470 Christo.
606 5454 619 5469 .
645 5456 656 5468 .
679 5451 693 5466 .
733 5409 931 5481 oportet
953 5413 1116 5478 enim,
1145 5421 1262 5486 etc.
1285 5413 1500 5486 Optime
1527 5409 1670 5486 illud
1708 5411 1824 5479 qui-

193 5534 196 5538 .
235 5481 396 5552 dem;
425 5487 630 5541 etenim
657 5499 964 5540 sermonem
992 5500 1147 5538 suum
1181 5481 1452 5551 episcopis
1489 5481 1570 5536 vir
1610 5491 1829 5552 sanctus

235 5551 638 5621 accommodat,
683 5565 739 5610 nt
783 5565 969 5625 aperte
1011 5554 1290 5610 declarant
1343 5553 1647 5622 sequentia.
1689 5551 1830 5625 Nec

235 5629 383 5700 cnim
411 5631 462 5682 in
491 5628 735 5684 Ecclesia
765 5628 816 5682 id
848 5642 1118 5700 utinquam
1158 5639 1478 5700 concessum
1523 5624 1830 5700 reperitur,

237 5710 302 5756 ut
350 5698 554 5754 Christi
593 5714 792 5769 corpus
842 5698 1057 5754 femina:
1106 5697 1578 5769 administrarent;
1633 5710 1758 5769 cum
1800 5697 1834 5751 ο

238 5772 521 5827 contrario
577 5766 782 5842 legatur
829 5770 1155 5839 prohibitum
1199 5785 1304 5823 non
1343 5767 1508 5824 modo
1537 5767 1595 5822 in
1622 5766 1838 5821 Consti-

250 5847 558 5904 tutiouibus
584 5848 920 5918 apostolicis,
953 5848 1048 5904 lib.
1075 5864 1158 5912 ιιι,
1182 5861 1232 5904 c.
1255 5849 1324 5906 18
1351 5859 1406 5904 et
1431 5861 1578 5918 seq.,
1605 5857 1706 5901 nec
1728 5859 1835 5900 non

266 5918 365 5975 lib.
396 5935 517 6000 vttt,
568 5935 690 5991 cap.
736 5919 828 5987 28,
877 5936 1063 5977 verum
1093 5921 1253 5978 etiam
1279 5921 1419 5994 apud
1453 5918 1808 5994 Epiphaniam
1833 5960 1850 5986 ,

1928 4823 2100 4876 omnia
2130 4834 2247 4878 sunt
2299 4825 2450 4879 utilia
2501 4824 2554 4896 (Ι
2583 4823 2705 4879 Cor.
2741 4841 2814 4891 vt,
2861 4825 2928 4880 12
2955 4827 2993 4896 ).
3039 4827 3102 4880 Et
3129 4826 3308 4880 vinum
3339 4827 3523 4880 bibere

1932 4915 2076 4985 licet,
2108 4917 2206 4973 sed
2235 4919 2522 4990 plurimum
2549 4935 2656 4976 non
2705 4919 2882 4976 decet.

1937 5052 2140 5128 litat-esi
2171 5054 2261 5118 79,
2287 5062 2448 5120 atque
2477 5055 2527 5108 in
2558 5053 2665 5110 line
2688 5055 2900 5128 Panarii
2929 5075 2941 5111 :
2974 5056 3026 5112 in
3050 5057 3242 5128 quibus
3263 5056 3394 5128 locis
3415 5055 3528 5128 dia-

1933 5127 2274 5180 conissarnm
2306 5128 2664 5181 ministerium
2694 5127 2807 5182 fere
2837 5130 2889 5182 in
2913 5125 3174 5183 exuendis
3203 5125 3524 5183 induendis-

1934 5213 1999 5251 ve
2032 5199 2082 5250 in
2111 5199 2426 5265 baptisterio
2459 5198 2673 5253 feminis
2703 5208 2871 5254 totnnt
2896 5202 3215 5256 collocatur.

2003 5266 2215 5344 d_Edit.
2259 5284 2333 5344 Aac
2377 5284 2506 5324 mss.
2557 5270 2722 5336 Tell.,
2772 5271 3058 5326 Didicimus
3087 5273 3274 5344 igitur;
3300 5270 3484 5324 cmteri
3511 5311 3524 5334 ,

1935 5336 2170 5394 Dicimus
2197 5341 2371 5410 igitur.

2007 5417 2030 5446 ⁸
2071 5411 2162 5467 Sic
2202 5427 2392 5466 omnes
2451 5427 2584 5468 mss.
2639 5423 2834 5481 prmter
2883 5413 3045 5478 Tell.,
3076 5415 3164 5483 qui
3217 5423 3415 5483 etcum
3462 5428 3529 5469 eo

1934 5492 2146 5556 cuncta'.
2174 5485 2304 5556 edit.
2339 5483 2560 5554 prtefcrt
2585 5501 2597 5536 :
2637 5484 2814 5556 Neque
2841 5487 2975 5538 enim
2999 5482 3245 5553 quidquid
3275 5482 3389 5537 licet
3416 5527 3429 5546 ,
3483 5496 3530 5541 et

1936 5554 2094 5610 decet.
2122 5555 2275 5622 Quod
2309 5565 2488 5610 autem
2521 5557 2598 5608 ait
2624 5554 2942 5609 Ambrosius
2965 5556 3174 5621 nuptias
3202 5569 3347 5622 smpe
3377 5570 3529 5625 repe-

1940 5627 2066 5681 titas
2091 5641 2119 5681 a
2144 5642 2330 5681 senon
2361 5627 2600 5698 probari,
2627 5625 3090 5698 molliusquidem
3109 5625 3346 5698 loquitur
3371 5642 3531 5698 quam

1940 5697 2092 5750 ιιιιιΙιί
2126 5699 2215 5751 alii
2256 5694 2462 5762 Patres,
2492 5701 2580 5766 qni
2618 5710 2668 5750 ιιι
2715 5699 2765 5750 in
2801 5697 2896 5751 lib.
2931 5711 2944 5748 ι
2975 5695 3038 5747 de
3059 5694 3340 5760 Abraham,
3376 5694 3426 5753 ἑ.
3460 5699 3527 5766 4,

1940 5771 2287 5825 observatum
2317 5780 2396 5824 est
2428 5813 2440 5836 ,
2491 5770 2710 5823 easdem
2746 5768 3118 5822 fornicationis
3170 5766 3290 5820 loco
3324 5778 3530 5826 tantum

1962 5864 2066 5902 non
2092 5846 2290 5902 habent
2318 5865 2329 5900 :
2359 5857 2596 5916 attamen
2626 5847 2769 5915 ipsas
2802 5846 2898 5900 abs
2920 5859 2976 5916 se
2999 5856 3105 5916 non
3139 5839 3384 5916 damnari
3417 5852 3535 5902 tan.

1962 5929 2121 5994 quam
2147 5917 2383 5987 illicitas,
2404 5911 2618 5978 abunde
2647 5911 2718 5974 ex
2753 5911 3273 5990 hujuslocilct‘tioue
3289 5916 3549 5994 arguitur.
