4054 6306
515 291 626 351 955

1859 295 2108 356 SANCTI
2148 297 2472 360 MIBROSII

3720 302 3832 362 258

585 411 674 469 69.
719 411 873 472 Licet
913 427 1047 486 ergo
1101 415 1332 486 nubere,
1379 414 1476 474 sed
1527 415 1810 492 pulchrius
1833 427 1918 474 est
1947 419 2113 474 abstt-
2143 419 2194 483 Α
2223 420 2469 476 liuentia:
2496 419 2764 492 gravioris
2785 430 3006 479 vectura
3060 422 3340 480 subeunda
3365 432 3495 484 est:
3526 423 3627 481 sed
3655 424 3830 480 relin-

513 519 682 574 nere;
733 518 859 563 sunt
904 510 1052 565 enim
1084 510 1302 566 vincula
1366 508 1694 581 nuptiarum.
1755 509 1929 567 Vultis
1973 512 2117 568 scire
2221 515 2496 582 queudum
2527 523 2583 569 ιιι
2607 531 2944 587 unaquaeque
2967 531 3030 572 se
3075 517 3299 589 pendat,
3339 532 3448 574 non
3493 516 3828 574 auctoritate

515 611 637 668 qua:
657 596 914 655 vincula?
943 599 1076 670 Quae
1099 600 1192 656 sub
1217 601 1325 656 viro
1347 611 1424 656 est
1445 602 1652 668 mulier,
1685 602 1881 657 vivente
1908 601 2020 658 viro
2039 602 2120 656 αι·
2221 608 2398 679 aliqua
2425 619 2611 665 coacta
2640 611 2921 683 prmccpti,
2957 611 3052 666 sed
3081 612 3421 668 incremento
3453 613 3646 683 gratia:
3697 626 3825 682 pro-

517 687 683 761 ligata
719 700 793 746 est
822 692 926 766 legi
953 708 972 748 :
997 693 1044 748 si
1071 701 1242 748 autem
1261 704 1494 749 mortuus
1513 695 1671 768 fuerit
1709 695 1810 763 uir,
1853 694 2018 769 204
2035 711 2121 750 so-
2223 709 2437 756 vocata.
2481 701 2548 757 Et
2590 701 2713 758 ideo
2765 701 2997 760 diversis
3041 703 3332 760 virtutibus
3370 719 3587 760 merces
3607 703 3825 760 diversa

519 779 630 836 luta
659 791 734 838 est
761 798 796 838 a
821 783 933 856 lege
954 783 1054 840 uiri
1084 783 1284 857 (Rom;
1313 801 1410 854 vu,
1441 785 1529 858 2).
1563 786 1863 843 Probatum
1894 796 1980 844 est
2016 788 2120 860 igi-

518 881 611 930 tur
637 875 914 933 vinculum
941 891 1063 934 esse
1082 879 1421 951 coniugium,
1451 895 1560 952 quo
1583 881 1778 938 mulier
1819 881 2020 952 ligatur
2069 891 2125 938 et

521 969 780 1026 solvitur.
811 979 840 1008 ⁸
866 971 1016 1028 Bona
1043 973 1218 1029 mutui
1244 974 1448 1030 amoris
1474 974 1670 1046 gratia,
1694 975 1790 1032 sed
1827 975 2002 1048 maior
2040 984 2126 1033 est

529 1063 786 1120 servitus.
818 1063 1002 1137 Neque
1027 1067 1164 1121 enim
1198 1067 1388 1123 mulier
1417 1069 1500 1124 sui
1547 1069 1784 1141 corporis
1823 1078 2126 1142 potestatem

527 1155 712 1224 habet,
743 1157 836 1214 sed
857 1158 1024 1234 uir(l
1055 1157 1176 1216 Cor.
1217 1176 1335 1230 vtu,
1365 1161 1401 1218 4
1422 1160 1465 1235 ).
1499 1162 1568 1218 Et
1597 1180 1666 1220 ne
1697 1164 1836 1220 forte
1876 1165 1972 1222 tibi
2017 1180 2126 1222 non

525 1250 762 1324 coniugii
801 1251 1053 1310 videatur
1091 1255 1196 1310 ista
1226 1254 1467 1312 servitus
1505 1271 1652 1326 esse,
1677 1256 1778 1314 sed
1801 1273 2004 1315 sexus:
2038 1258 2129 1316 Si-

528 1344 721 1400 militer
748 1361 796 1402 et
837 1347 914 1400 uir
959 1347 1040 1402 sui
1075 1350 1313 1422 corporis
1337 1359 1640 1420 potestatem
1688 1368 1792 1408 non
1821 1353 1994 1422 habet,
2035 1352 2128 1408 sed

525 1437 732 1492 mulier.
760 1437 971 1506 Quattta
1004 1439 1172 1512 igitur
1199 1441 1440 1512 coniugii
1473 1443 1796 1511 necessitas,
1848 1460 1969 1516 quae
1999 1446 2129 1500 sub-

517 1527 638 1598 iicit
665 1529 822 1587 alteri
853 1531 1020 1588 etiam
1049 1531 1368 1590 fortiorem!
1413 1535 1615 1591 Mutuis
1644 1537 1790 1593 enim
1829 1537 2132 1594 necessita-

531 1619 678 1678 tibus
740 1622 809 1679 ab
863 1632 1094 1696 utroque
1147 1626 1409 1682 servitur.
1459 1625 1572 1683 Nec
1641 1630 1961 1699 temperanti
2007 1631 2135 1687 licet

522 1714 657 1788 iugo
693 1716 1000 1774 subducere
1037 1728 1227 1789 caput,
1261 1734 1384 1776 cum
1437 1723 1664 1777 alterius
1695 1723 2129 1793 intemperantia:

2226 795 2500 866 proposita
2549 805 2654 851 est.
2699 794 2814 854 Nec
2866 796 3013 852 aliud
3069 797 3514 868 reprehenditur,
3559 805 3618 852 ut
3680 794 3826 851 aliud

2227 889 2554 963 prmdicetur
2579 907 2591 943 :
2629 889 2726 946 sed
2754 889 2939 946 omnia
2967 889 3356 962 prtedicantur,
3389 899 3449 947 ut
3481 905 3606 962 qua:
3636 889 3832 946 melio-

2228 999 2286 1041 ra
2317 992 2464 1051 sunt,
2493 983 2871 1056 praeferantur.

2727 1161 2889 1236 205
2928 1160 3156 1220 CAPUT
3203 1161 3322 1218 xu.

2234 1279 2509 1336 Nonnulla
2537 1279 2820 1334 traduntur
2855 1278 3099 1352 prmcepti
3140 1288 3296 1351 alque
3331 1277 3544 1334 consilii
3573 1277 3822 1333 discrimio

2303 1391 2372 1428 na
2397 1415 2412 1440 ,
2459 1389 2574 1442 qme
2599 1381 2656 1427 ut
2686 1372 2856 1426 adhuc
2882 1373 3206 1427 innotescunt
3233 1372 3564 1444 manifestius
3589 1413 3606 1438 ,
3649 1371 3819 1425 dicitis

2303 1464 2665 1531 adolescentis,
2693 1468 2842 1539 cujus
2901 1463 3243 1536 Euangelium
3280 1464 3540 1530 meminit,
3571 1464 3782 1518 historia
3801 1480 3822 1518 :

2303 1573 2397 1612 nec
2424 1573 2527 1612 non
2557 1557 2892 1627 prwmiorum
2921 1557 3156 1613 consiliis
3188 1557 3565 1631 praeceptisque
3592 1556 3820 1629 proposi-

2303 1659 2475 1704 torum
2496 1647 2769 1704 diversitas
2794 1659 3088 1704 enarratur.

431 1797 462 1814 "
523 1811 874 1868 serviendum
903 1811 994 1868 sit.
1038 1811 1238 1880 Pretio,
1261 1812 1458 1886 inquit,
1483 1816 1645 1887 entpti
1661 1817 1808 1882 estis,
1837 1817 1996 1872 nolite
2017 1817 2130 1888 ﬁeri
2161 1821 2207 1884 Β
2307 1806 2398 1862 72.
2439 1805 2774 1862 Honorabili:
2803 1806 2984 1878 itaque
3011 1805 3351 1878 coniugium.
3388 1805 3486 1862 sed
3543 1805 3817 1862 honorabi-

526 1906 659 1960 serui
687 1906 954 1962 hominum
979 1907 999 1980 (
1030 1905 1198 1974 Ibid.,
1231 1904 1359 1981 15).
1389 1908 1600 1966 Videtis
1617 1924 1778 1980 quam
1808 1909 2035 1967 evidens
2061 1911 2134 1966 sit

531 1999 837 2069 coniugalis
883 1999 1132 2056 definitio
1171 2001 1470 2056 servitutis.
1511 2001 1631 2057 Non
1682 2017 1784 2072 ego
1813 2000 1919 2058 hoc
1967 2001 2131 2069 dico,

530 2091 627 2147 sed
655 2091 996 2162 Apostolus:
1032 2107 1133 2149 nec
1164 2093 1276 2161 ille,
1324 2093 1422 2149 sed
1447 2093 1700 2150 Christus
1738 2094 1829 2164 qui
1876 2093 2136 2164 loqueba-

531 2192 621 2241 tur
649 2185 702 2240 in
731 2200 819 2242 eo.
853 2186 922 2242 Et
950 2187 1088 2243 hanc
1119 2188 1307 2260 utique
1346 2189 1667 2244 servitutem
1698 2187 1766 2244 de
1807 2188 1968 2246 bonis
1998 2203 2133 2246 con-

525 2277 752 2350 iugibus
771 2279 1046 2336 deﬁnivit.
1077 2280 1323 2354 Namque
1351 2297 1518 2353 supra
1558 2282 1640 2338 sic
1669 2281 1840 2338 habes
1869 2298 1884 2338 :
1925 2281 2136 2339 Sancti-

525 2371 712 2440 ﬁcatus
734 2381 807 2427 est
836 2373 914 2426 uir
936 2372 1168 2444 inﬁdelis
1209 2390 1299 2446 per
1318 2390 1535 2430 uxorem
1565 2374 1771 2444 ﬁdelem
1812 2390 1832 2430 :
1854 2385 1905 2431 et
1942 2375 2134 2430 sancti-

533 2463 691 2532 ﬁcata
725 2474 798 2520 est
825 2465 1010 2520 mulier
1031 2467 1262 2537 inﬁdelis
1301 2484 1394 2538 per
1430 2468 1677 2523 maritum
1699 2468 1908 2538 ﬁdelem
1929 2467 2131 2542 (Ibid.,

533 2555 660 2630 14).
694 2557 761 2612 Et
812 2558 951 2614 infra
990 2557 1183 2626 :Quod
1235 2561 1282 2616 si
1320 2561 1551 2631 inﬁdelis
1597 2563 1836 2628 discedit,
1879 2564 2130 2620 discedat.

539 2647 662 2705 Non
709 2661 784 2706 est
827 2650 854 2691 ιι
899 2655 1134 2709 servituti
1153 2655 1356 2710 deditus
1383 2655 1546 2726 frater
1569 2665 1662 2712 aut
1689 2673 1838 2713 soror
1857 2657 1912 2713 in
1945 2659 2134 2714 talibus

543 2743 564 2815 (
589 2740 758 2810 Ibid.,
786 2743 908 2817 15).
939 2743 996 2801 Si
1023 2746 1185 2818 igitur
1207 2746 1408 2802 bonum
1435 2749 1746 2820 coniugium
1766 2750 2000 2805 servitus
2023 2758 2132 2818 est,

541 2845 564 2872 ο
593 2835 793 2890 malum
849 2835 1162 2908 coniugium
1211 2837 1338 2910 quid
1379 2849 1500 2906 est;
1533 2841 1750 2912 quando
1773 2850 2048 2912 nequeunt
2075 2856 2136 2898 se

538 2928 768 2986 invicem
797 2931 1161 3000 sanetilicare,
1194 2933 1290 2988 sed
1323 2933 1599 3004 perdere?

610 3021 698 3078 70.
739 3020 847 3078 Sed
902 3031 965 3078 ut
1013 3023 1082 3080 ad
1127 3025 1352 3096 gratiam
1385 3025 1602 3080 virtutis
1656 3025 1848 3082 viduas
1879 3025 2136 3082 adhorta-

539 3131 684 3182 mur,
726 3117 798 3172 ita
826 3118 990 3173 etiam
1017 3118 1084 3174 ad
1125 3119 1552 3175 ecclesiasticam
1589 3119 1934 3191 disciplinam
1981 3121 2137 3175 femi-

2235 1898 2339 1954 lior
2358 1897 2670 1970 integritas;
2698 1912 2820 1952 nam
2841 1907 2890 1953 et
2911 1898 3000 1968 qui
3027 1898 3362 1952 matrimonia
3380 1897 3564 1970 jungit
3590 1897 3814 1969 virginem

2235 2007 2404 2058 suam,
2427 1991 2552 2046 bene
2575 1991 2699 2062 facit
2723 2006 2742 2046 :
2767 1999 2812 2046 et
2841 1990 2929 2063 qui
2950 2005 3054 2044 non
3066 1991 3270 2064 jungit,
3288 1991 3478 2045 melius
3505 1991 3625 2062 facit
3641 1991 3681 2062 (l
3699 1985 3807 2042 Cor.

2237 2102 2333 2154 vn,
2363 2086 2480 2159 38).
2509 2085 2666 2155 Quod
2692 2085 2856 2158 igitur
2877 2085 3076 2140 bonum
3099 2094 3205 2155 est,
3237 2100 3347 2141 non
3373 2084 3651 2140 vitandum
3693 2092 3767 2138 est
3792 2099 3807 2136 :

2238 2180 2382 2250 quod
2412 2189 2496 2236 est
2523 2179 2739 2248 melius,
2767 2177 3084 2249 eligendum
3107 2188 3215 2234 est.
3243 2176 3434 2249 Itaque
3473 2191 3579 2232 non
3606 2175 3812 2245 imponi-

2239 2281 2346 2339 tur,
2389 2272 2410 2313 ί
2442 2273 2538 2331 sed
2571 2274 2927 2346 praeponitur.
2959 2273 3030 2328 Et
3054 2271 3179 2328 ideo
3220 2271 3361 2328 bene
3411 2269 3698 2342 Apostolus
3731 2266 3808 2320 di.

2242 2367 2360 2422 xit:
2394 2366 2475 2422 De
2527 2367 2812 2442 virginibus
2855 2377 3173 2441 prmceptum
3223 2365 3442 2420 Domini
3469 2380 3574 2419 non
3625 2362 3805 2427 habeo,

2239 2463 2518 2517 consilium
2543 2473 2718 2516 autent
2745 2462 2812 2518 do
2839 2460 3042 2534 (lbid.,
3070 2461 3143 2517 25
3159 2461 3201 2533 ).
3255 2459 3470 2516 Etenim
3505 2466 3806 2530 praeceptum

2239 2557 2292 2612 in
2320 2556 2566 2612 subditos
2587 2556 2777 2626 fertur,
2817 2555 3107 2612 consilium
3136 2555 3332 2610 amicis
3357 2555 3540 2610 datur.
3565 2553 3658 2610 Ubi
3681 2567 3802 2622 pra:-

2237 2659 2450 2722 ceptum
2503 2662 2608 2718 est,
2643 2661 2668 2699 8
2697 2650 2772 2707 ibi
2821 2651 2908 2707 lex
2951 2662 3072 2707 est:
3102 2651 3192 2706 ubi
3215 2649 3530 2718 consilium,
3567 2647 3638 2703 ibi
3657 2645 3802 2719 gratia

2238 2751 2342 2800 est.
2379 2743 2740 2814 Prmceptum,
2775 2743 2918 2798 utad
2953 2754 3200 2798 naturam
3229 2750 3453 2798 revocet
3477 2759 3490 2795 :
3513 2739 3798 2802 consilium,

2241 2848 2299 2894 ut
2327 2837 2394 2893 ad
2422 2841 2649 2910 gratiam
2681 2847 2962 2909 provocet.
2989 2839 3051 2893 Et
3077 2837 3200 2893 ideo
3227 2838 3316 2894 lex
3345 2835 3552 2893 Iudaeis
3573 2836 3670 2892 lata
3694 2841 3760 2888 est
3783 2870 3798 2896 ,

2236 2933 2411 3005 gratia
2441 2943 2620 2987 autem
2669 2932 3018 2988 electioribus
3057 2940 3334 2998 reservata
3387 2937 3476 2987 est
3505 2971 3519 2985 .
3549 2928 3675 2994 Lex,
3702 2932 3749 2979 ut
3770 2938 3798 2977 ει

2240 3035 2448 3081 naturae
2493 3025 2688 3080 ﬁnibus
2728 3025 2905 3097 culpa:
2955 3023 3137 3080 studio
3167 3023 3509 3090 demeantes,
3532 3021 3596 3077 ad
3625 3027 3800 3076 naturae

2240 3118 2643 3174 observantiam
2671 3134 2846 3190 poenae
2868 3129 3078 3176 terrore
3099 3127 3412 3174 revocaret:
3441 3117 3608 3188 gratia
3629 3123 3796 3174 autem,

537 3223 634 3262 nas
667 3223 1057 3280 provocamus;
1082 3211 1205 3281 quia
1239 3211 1480 3268 Ecclesia
1504 3221 1720 3268 constat
1742 3228 1808 3267 ex
1855 3213 2132 3269 omnibus.
2163 3215 2210 3280 C
2241 3221 2299 3268 ut
2328 3212 2537 3268 electos
2559 3226 2682 3268 cum
2712 3211 2894 3268 studio
2917 3212 3206 3279 bonorum,
3233 3220 3345 3266 tum
3362 3209 3646 3282 propositis
3663 3208 3796 3264 ctiam

533 3297 560 3337 δ
587 3301 742 3358 Licet
767 3301 973 3358 Christi
1003 3317 1160 3374 grex,
1193 3313 1374 3360 tamen
1397 3303 1450 3358 in
1477 3304 1599 3360 aliis
1643 3303 1846 3376 pabulo
1867 3306 2132 3374 vescitur,

533 3393 588 3449 in
631 3395 754 3450 aliis
795 3395 975 3452 adhuc
1004 3398 1146 3452 lacte
1191 3397 1471 3464 nutritur;
1508 3396 1709 3468 quibus
1750 3399 1861 3469 lupi
1913 3397 1994 3454 illi
2044 3399 2136 3470 qui

537 3488 708 3543 latent
761 3488 815 3543 in
846 3490 1047 3545 vestitu
1098 3491 1304 3558 ovium,
1338 3499 1468 3546 sunt
1505 3490 1755 3556 cavendi,
1787 3491 2138 3548 abstinentia:

534 3585 774 3656 speciem
807 3585 1234 3656 praetendentes,
1263 3595 1626 3656 provocantes
1660 3597 1842 3642 autem
1871 3586 2138 3655 intempeo

537 3679 732 3734 ramice
756 3677 1078 3734 foeditatem.
1110 3677 1328 3733 Etenim
1351 3678 1478 3749 quia
1527 3679 1706 3734 sciunt
1751 3678 1926 3732 valida
1967 3693 2137 3734 oucra

531 3769 836 3836 castitatis;
863 3784 986 3826 cum
1013 3769 1116 3840 ipsi
1145 3785 1206 3826 ea
1231 3771 1502 3841 attingere
1522 3769 1764 3840 digitulis
1787 3784 1892 3824 non
1915 3782 2134 3840 queant,

537 3864 609 3920 ab
647 3865 772 3920 aliis
822 3879 984 3935 supra
1029 3864 1247 3920 modum
1296 3865 1556 3935 exigunt,
1599 3879 1721 3919 cum
1776 3863 1879 3936 ipsi
1920 3878 2140 3922 servare

537 3973 638 4014 nec
677 3957 898 4014 modum
951 3957 1195 4028 possint,
1231 3967 1255 3996 θ
1283 3957 1378 4014 sed
1426 3957 1632 4028 iniusto
1661 3957 1762 4013 sub
1813 3956 1962 4012 fasce
2008 3971 2136 4012 suc-

533 4051 810 4107 cumbant.
858 4049 1110 4106 Mensura
1164 4051 1310 4106 enim
1337 4051 1524 4106 oneris
1553 4065 1654 4120 pro
1699 4063 1954 4106 mensura
1979 4049 2142 4106 debet

533 4159 657 4202 esse
676 4151 960 4217 gestantis,
990 4145 1232 4216 alioquin
1265 4144 1506 4214 impositi
1538 4143 1724 4200 oneris
1752 4143 1813 4199 ﬁt
1839 4145 2020 4212 ruina,
2043 4147 2140 4202 ubi

535 4239 770 4294 vectoris
821 4237 1110 4294 infirmitas
1148 4249 1272 4302 cst;
1323 4253 1449 4292 nam
1505 4245 1563 4293 ct
1620 4237 1908 4292 infantium
1955 4237 2139 4294 fauces

537 4331 842 4401 strangulat
865 4345 990 4390 esca
1011 4331 1316 4388 robustior.

605 4426 696 4480 Ἠ.
741 4425 810 4480 Et
829 4423 955 4480 ideo
983 4424 1123 4480 sicut
1149 4421 1444 4478 multitudo
1468 4431 1754 4478 vectorum
1795 4437 1903 4480 non
1931 4439 2128 4494 pauco-

537 4532 656 4572 rum
701 4517 906 4574 viribus
953 4520 1285 4582 aestimatur;
1334 4530 1436 4572 nec
1484 4527 1666 4573 tamen
1709 4515 2031 4574 fortioribus
2069 4519 2139 4575 de

537 4609 770 4665 aliorum
839 4607 1154 4665 inﬁrmitate
1217 4607 1634 4680 prtescribitur,
1702 4609 1798 4664 sed
1848 4609 2220 4682 unicuiqueD

536 4710 798 4774 quantum
842 4703 1030 4758 oneris
1077 4701 1265 4758 subire
1317 4701 1524 4772 cupiat,
1549 4700 1852 4768 relaxatur,
1884 4713 2138 4761 manente

538 4795 806 4851 mercedis
824 4795 1045 4852 cumulo
1071 4793 1126 4850 in
1153 4793 1366 4850 virtutis
1405 4793 1736 4866 augmento:
1766 4795 1838 4850 ita
1872 4797 2034 4852 etiam
2061 4797 2136 4853 le-

536 4890 700 4946 miuis
731 4905 837 4946 non
863 4889 1091 4960 laqueus
1119 4889 1470 4957 injiciendus,
1499 4905 1606 4944 non
1631 4903 1792 4960 supra
1842 4891 1988 4947 vires
2010 4891 2132 4948 abs-

605 5015 634 5044 οι
673 5005 798 5061 Mss.
827 5002 1056 5074 aliquot,
1089 5001 1238 5074 Bona
1278 5001 1354 5057 uis
1396 5004 1588 5058 amoris
1626 5003 2131 5074 gratiarnonnnlli

534 5079 699 5134 etiam
721 5118 736 5144 ,
767 5073 970 5131 Bonam
990 5075 1064 5130 vis
1077 5073 1264 5130 habere
1283 5075 1536 5146 gratiam;
1558 5073 1750 5132 melius
1779 5073 1869 5129 alii
1897 5085 1952 5132 et
1972 5075 2132 5146 edit.,

536 5148 684 5206 Bona
707 5149 894 5216 mutui,
927 5155 1032 5202 etc.
1323 5207 1333 5214 ,

607 5221 634 5261 b
676 5221 834 5276 Rom.
863 5215 1022 5283 edil.,
1051 5216 1285 5273 servituti
1312 5215 1554 5271 addictus
1585 5216 1768 5287 frater.

613 5304 636 5333 ο
679 5291 927 5362 Plerique
959 5306 1116 5362 mss,
1149 5287 1618 5362 malumiquidest;
1643 5287 1850 5362 quando
1870 5300 2133 5362 nequeunt

533 5379 590 5418 se
609 5359 1176 5432 invicem'sanctiﬁcare
1197 5361 1222 5414 .9
1243 5359 1353 5432 Sed
1381 5359 1450 5432 ad
1483 5359 1728 5432 Ecclesia:
1752 5359 2083 5432 disciplinam
2113 5403 2128 5425 ,

533 5442 638 5503 etc.
669 5435 944 5491 Continuo
970 5429 1100 5488 vero
1133 5441 1276 5503 post,
1302 5430 1394 5503 ubi
1447 5429 1578 5485 edit.
1628 5444 1818 5484 omnes
1843 5470 1858 5494 ,
1888 5429 1968 5484 Et
2013 5433 2129 5489 licet

534 5502 726 5561 Christi
752 5521 877 5576 great
901 5514 1096 5561 constet
1135 5501 1206 5576 ea:
1233 5501 1504 5567 omnibus;
1546 5517 1679 5576 great
1701 5511 1869 5555 tamen
1896 5503 1951 5556 in
1972 5503 2093 5558 aliis
2119 5545 2135 5571 ,

534 5588 641 5632 etc.
667 5595 683 5644 ;
711 5571 906 5632 omnes
931 5591 1061 5632 mss.
1093 5573 1356 5630 exhibent
1385 5587 1506 5628 eam
1557 5571 1850 5628 lectionem
1881 5614 1898 5640 ,
1955 5589 2079 5646 qua:
2105 5591 2135 5631 a

537 5647 696 5718 nobis
727 5649 780 5703 in
817 5657 1022 5718 textum
1055 5655 1274 5718 recepta
1315 5653 1420 5701 est.
1983 5715 2013 5718 η
2083 5691 2091 5699 .

608 5715 637 5756 ἀ
679 5719 849 5783 Edit.,
879 5717 948 5774 Et
973 5719 1088 5774 licet
1116 5715 1311 5774 Cliristi
1345 5733 1472 5788 grex
1511 5723 1708 5772 constet
1759 5731 1824 5771 ex
1853 5715 2090 5772 omnibus
2119 5757 2136 5786 ,

537 5805 664 5860 grex
693 5799 882 5857 tamen,
911 5798 1020 5846 etc.

607 5856 630 5895 δ’
671 5858 896 5930 Ieiuno,
928 5858 982 5916 id
1009 5861 1113 5928 est,
1157 5857 1326 5915 nimio
1373 5868 1428 5916 et
1479 5854 1687 5914 viribus
1727 5855 1936 5928 maiore
1961 5875 1977 5914 t
2005 5871 2130 5926 quas

133 6016 531 6152 4"“

2241 3306 2480 3378 prsmiis
2519 3313 2861 3376 provocaret.

2311 3397 2402 3454 75.
2442 3394 2472 3434 ιι
2505 3397 2585 3452 En
2615 3397 2709 3453 tibi
2735 3397 2991 3453 distantia
3046 3397 3304 3469 praecepti
3335 3405 3501 3468 atque
3524 3392 3739 3461 consilii,
3759 3392 3796 3446 si

2239 3492 2396 3548 illum
2428 3492 2760 3559 recorderis,
2791 3491 2878 3548 cui
2907 3494 2960 3548 in
3008 3492 3300 3563 Evangelio
3329 3491 3556 3560 (Matth.
3596 3507 3706 3556 xix,
3744 3485 3797 3542 l8

2241 3595 2289 3642 et
2329 3601 2434 3656 seq.
2458 3584 2478 3657 )
2509 3595 2636 3641 ante
2660 3585 3053 3655 praescribitur,
3083 3600 3152 3640 ne
3176 3584 3532 3641 homicidium
3561 3583 3726 3644 faciat,
3746 3595 3798 3634 ne

2240 3677 2567 3734 adulterium
2595 3677 2868 3745 admittat,
2901 3693 2970 3734 ne
2997 3677 3190 3733 falsum
3233 3677 3602 3734 tesdmonium
3656 3676 3800 3734 dicat;

2243 3783 2572 3846 praeceptum
2603 3773 2802 3829 etenim
2838 3772 2910 3829 ibi
2931 3782 3050 3840 est,
3079 3773 3172 3828 ubi
3204 3781 3292 3828 est
3319 3787 3480 3842 pmna
3505 3767 3722 3843 peccati.
3749 3767 3806 3821 At

2239 3881 2374 3922 vero
2401 3881 2526 3922 cum
2545 3881 2606 3922 se
2635 3875 2906 3936 prmeepta
2937 3865 3076 3937 legis
3121 3873 3482 3920 memorasset
3534 3862 3765 3934 implesse
3787 3897 3801 3923 ,

2239 3958 2526 4014 consilium
2550 3957 2726 4014 eidem
2752 3957 2934 4024 datur,
2959 3969 3019 4013 ut
3048 3956 3249 4014 vendat
3274 3959 3482 4026 omnia,
3504 3966 3558 4012 et
3579 3961 3803 4026 sequatur

2241 4051 2564 4118 Dominum;
2600 4053 2715 4108 lucc
2753 4052 2898 4106 enim
2927 4065 3033 4106 non
3065 4059 3342 4122 pra-cepto
3364 4043 3803 4120 imperantur,sed

2242 4164 2344 4221 pro
2368 4147 2602 4203 consilio
2629 4147 2972 4203 deferuntur.
3003 4144 3212 4214 Duplex
3239 4159 3473 4215 namque
3496 4143 3661 4199 forma
3682 4154 3808 4196 mau'

2242 4241 2357 4298 dati
2407 4249 2528 4296 est:
2564 4255 2670 4295 una
2715 4239 3066 4310 prmceptiva,
3117 4239 3290 4293 altera
3322 4238 3648 4294 voluntaria.
3678 4232 3808 4292 Unde

2241 4343 2299 4392 et
2317 4335 2582 4390 Dominus
2612 4334 2664 4389 in
2695 4334 2801 4389 alia
2830 4333 3001 4390 dicit:
3037 4332 3162 4388 Non
3185 4332 3410 4397 occides,
3439 4333 3530 4390 ubi
3552 4332 3811 4406 praecepit;

2243 4427 2300 4482 in
2328 4427 2435 4482 alia
2459 4444 2473 4482 :
2513 4427 2573 4483 Si
2594 4427 2670 4482 uis
2695 4426 2955 4498 perfectus
2981 4442 3113 4494 esse,
3145 4427 3309 4482 vende
3337 4429 3515 4482 omnia
3555 4437 3662 4482 tua.
3691 4427 3816 4497 Ergo

2244 4521 2333 4578 hic
2363 4521 2500 4578 liber
2529 4531 2612 4578 est
2641 4537 2671 4577 a
2695 4531 2994 4593 praecepto,
3033 4520 3049 4560 ί
3091 4523 3178 4578 cui
3217 4521 3462 4578 defertur
3495 4523 3785 4580 arbitrium.

2313 4613 2406 4670 74.
2444 4615 2632 4686 itaque
2685 4614 2776 4686 qui
2811 4623 3147 4685 prarccptum
3203 4614 3572 4686 impleveriut,
3617 4619 3818 4687 possunt

2244 4709 2463 4764 dicere:
2497 4707 2648 4764 Serui
2677 4707 2886 4762 inutiles
2913 4723 3092 4762 sumus
3118 4722 3138 4762 :
3165 4710 3304 4779 quod
3332 4708 3604 4764 debuimus
3631 4714 3812 4780 facere,

2245 4803 2463 4874 fecimus
2491 4798 2660 4871 (Luc.
2693 4815 2832 4866 xvu,
2867 4799 2992 4872 10).
3028 4799 3142 4856 Hoc
3173 4801 3328 4872 virgo
3357 4816 3468 4856 non
3517 4801 3690 4868 dicit,
3727 4811 3816 4853 non

2243 4893 2373 4949 dicit
2397 4893 2489 4948 ille
2512 4894 2603 4964 qui
2633 4893 2774 4947 bona
2805 4905 2904 4946 sua
2933 4891 3174 4946 vendidit
3203 4909 3218 4945 :
3251 4891 3348 4947 sed
3393 4893 3552 4965 quasi
3605 4889 3818 4962 reposita

2239 5010 2446 5068 locutio
2473 5009 2642 5080 petita
2669 5015 2807 5064 este
2836 5006 3136 5078 Virgiliano
3163 5008 3263 5064 illo
3305 5023 3372 5064 ex
3403 5023 3460 5064 Ill
3489 5009 3688 5080 Georg.
3713 5023 3728 5062 :

2487 5122 2676 5187 Iniusto
2697 5120 2792 5171 sub
2814 5119 2947 5171 fasce
2971 5123 3095 5172 viam
3113 5121 3232 5172 dum
3255 5125 3436 5188 carpit,
3472 5128 3572 5175 etc.

2318 5215 2340 5256 ί
2384 5216 2514 5272 Mss.
2546 5228 2654 5270 non
2686 5213 2871 5282 pauci,
2901 5213 2992 5268 sed
3013 5215 3345 5285 proponitur.
3371 5215 3541 5272 [idem
3572 5214 3727 5271 etiam
3751 5210 3822 5266 in-

2239 5288 2344 5353 fra,
2391 5287 2480 5342 ubi
2521 5286 2815 5350 consilium,
2856 5287 3079 5355 gratiam
3129 5297 3394 5356 prouocat.
3454 5287 3523 5343 Et
3567 5287 3702 5350 ideo,
3723 5294 3817 5338 etc.

2239 5361 2345 5417 Alii
2380 5373 2510 5413 vero
2540 5369 2595 5412 et
2620 5372 2810 5410 omnes
2841 5356 2972 5410 edit.
3007 5357 3291 5412 nobiscum
3324 5358 3550 5413 faciunt.

2314 5441 2339 5478 ε
2380 5431 2510 5512 Mss.
2545 5443 2651 5512 non
2676 5427 2855 5512 pauci,
2885 5427 2954 5480 ibi
2984 5426 3070 5481 lea:
3089 5439 3186 5497 est,
3214 5428 3304 5484 ubi
3325 5431 3602 5484 consilium
3621 5425 3818 5500 gratiam

2241 5510 2508 5574 provocat.
2540 5497 2607 5553 Et
2633 5499 2770 5562 ideo,
2792 5507 2899 5554 etc.
3623 5497 3638 5500 '

2254 5643 2296 5650 _
2316 5572 2345 5610 ιι
2387 5572 2463 5650 Ita
2494 5585 2624 5650 mss.
2645 5571 2796 5650 nullo
2815 5577 3080 5650 excepto:
3101 5580 3290 5650 contra
3318 5587 3452 5627 vero
3478 5583 3666 5626 omnes
3679 5567 3817 5650 editi,

2245 5643 2318 5700 Et
2352 5651 2408 5700 ut
2435 5643 2694 5712 intelligas
2721 5639 3022 5697 distantiam
3042 5643 3249 5698 consilii
3285 5654 3442 5715 atque
3470 5643 3705 5714 precepti
3725 5681 3740 5708 ,
3761 5639 3818 5692 il-

2243 5715 2353 5770 lum
2379 5715 2684 5768 recorderis.

2237 5785 2534 5910 ωιὶξθιιοὶ
2564 5798 2722 5852 mss.,
2755 5781 2852 5839 sed
2875 5797 3071 5840 omnes
3089 5785 3253 5854 edin,
3276 5783 3442 5860 Cujus
3488 5783 3710 5858 defer-tur
3733 5795 3810 5834 ar-

2344 5872 2360 5908 i
2403 5889 2414 5910 ο

2273 5867 2414 5911 ιιηο.
