4054 6306
162 301 261 357 257

1384 294 1475 350 DE
1509 290 1735 351 VIDUIS
1775 289 1982 348 LIBER
2024 291 2227 350 UNUS.

3335 284 3445 345 258

159 424 435 489 exspectat
461 415 706 487 praemia,
749 414 891 471 sicut
918 420 1142 469 sanctus
1187 410 1484 481 Apostolus
1505 412 1597 483 qui
1622 409 1697 464 ait
1724 426 1738 462 :
1769 410 1820 469 Α
1849 417 2057 463 natura:
2086 406 2402 475 necessitas,
2438 415 2463 443 ⁸
2517 419 2624 461 non
2669 404 2842 461 virtus
2861 412 2945 462 est
2978 403 3242 461 castitatis
3271 405 3448 461 homi-

160 509 290 565 Ecce
324 526 414 564 nos
457 508 756 578 reliquimus
795 506 990 573 omnia,
1024 516 1074 561 et
1094 505 1251 560 secuti
1281 520 1460 559 sumus
1496 512 1565 567 te,
1616 501 1741 573 qu'd

158 620 273 675 ergo
297 602 439 657 nobis
464 601 556 656 erit
585 600 606 676 (
632 598 817 655 Matth.
849 615 961 667 xix,
991 598 1064 653 27
1087 597 1142 670 )ἳ
1170 596 1286 653 Νοιι
1314 596 1467 669 quasi
1527 594 1741 652 inutilis

158 710 361 760 servus,
394 694 535 766 quod
561 692 750 750 debuit
772 691 973 763 facere,
1007 708 1072 749 ea
1102 691 1295 748 fecisse
1334 706 1393 746 se
1438 689 1573 746 dixit
1605 687 1741 745 :sed

156 789 302 861 quasi
333 788 478 845 utilis
496 786 739 854 domino,
771 788 862 858 qui
893 786 1186 842 commissa
1213 785 1318 840 sibi
1350 785 1549 840 talenta
1592 799 1743 857 quae-

156 882 271 937 sitis
296 879 672 951 multiplieavit
703 879 904 943 usuris,
932 876 1246 933 mercedem
1279 875 1403 932 fidei
1443 884 1607 947 atque
1628 875 1741 931 vir-

158 974 280 1030 tutis
315 972 456 1028 bene
484 970 588 1028 sibi
617 971 893 1039 conseius,
925 971 1356 1041 meritorumque
1383 984 1611 1025 securus
1642 984 1741 1024 ex-

161 1077 383 1139 Spectat.
417 1066 482 1122 Et
512 1064 636 1121 ideo
664 1065 715 1121 ei
741 1080 866 1121 eum
895 1068 1111 1122 caeteris
1158 1063 1396 1120 dicitur:
1429 1064 1595 1136 206
1636 1061 1744 1118 Vos

162 1161 246 1229 qui
275 1158 437 1215 secuti
466 1159 584 1215 estis
612 1174 692 1213 me
720 1157 774 1212 in
815 1157 1218 1229 rcgeneratione,
1268 1174 1384 1211 cum
1428 1156 1618 1211 sederit
1649 1153 1747 1209 Fi-

156 1256 250 1310 lius
294 1253 515 1309 hominis
560 1252 615 1307 in
659 1253 780 1308 sede
808 1252 1094 1325 majestatis
1137 1266 1263 1315 suae,
1303 1251 1544 1307 sedebitis
1573 1258 1621 1306 et
1643 1250 1746 1320 ipsi

154 1363 305 1418 supra
334 1345 604 1402 duodecim
626 1345 792 1412 sedes,
815 1345 1114 1418 judicantes
1143 1343 1305 1399 tribus
1332 1342 1503 1399 Israel
1533 1343 1551 1413 (
1577 1341 1743 1410 Ibid.,

153 1440 282 1511 28).
318 1441 386 1495 At
416 1454 547 1496 vero
572 1438 648 1494 illi
679 1439 772 1510 qui
820 1439 1018 1494 talenta
1059 1446 1394 1505 servaverat,
1450 1438 1553 1493 etsi
1610 1453 1749 1508 prte—

156 1536 281 1600 mia,
312 1533 525 1588 minora
553 1541 734 1588 tamen
768 1532 1059 1602 pollicetur
1085 1532 1308 1588 dicens:
1357 1531 1616 1600 Quoniam
1652 1549 1745 1587 su-

156 1644 241 1700 per
281 1644 450 1698 pauca
501 1626 648 1695 fuisti
699 1625 873 1697 ﬁdelis
898 1666 914 1693 ,
967 1642 1128 1694 supra
1164 1626 1326 1680 multa
1349 1634 1398 1680 te
1441 1625 1750 1680 constituant

157 1720 382 1791 (Matth.
416 1736 545 1788 xxv,
583 1719 646 1775 21
678 1720 720 1791 ).
752 1718 915 1775 Fides
953 1719 1117 1791 igitur
1144 1735 1215 1774 ex
1259 1718 1447 1775 debito
1468 1759 1485 1786 ,
1534 1718 1750 1775 miseri-

1845 502 2024 558 nibus.
2077 500 2146 557 Et
2192 509 2313 557 sunt
2357 499 2617 572 spadones
2667 500 2839 572 quise
2876 500 3018 569 ipsos
3048 507 3442 565 castraverunt;

1844 598 2126 653 voluntate
2156 597 2364 666 utique,
2397 610 2507 649 non
2537 592 2881 649 necessitate.
2922 590 2989 647 Et
3016 600 3136 646 sunt
3186 591 3445 662 spadones

1842 691 1931 764 qui
1977 689 2105 762 [acti
2149 697 2267 745 sunt
2318 690 2383 743 ab
2428 685 2742 744 hominibus.
2782 685 2851 741 Et
2876 685 2999 741 ideo
3037 700 3231 756 magna
3275 684 3327 739 in
3379 682 3447 739 iis

1842 783 1871 825 Β
1892 782 2243 840 continentia:
2266 782 2435 853 gratia
2457 797 2472 848 ;
2501 780 2627 853 quia
2646 780 2894 837 voluntas
2915 778 3199 846 facit,’non
3220 776 3449 832 infirmi-

1845 884 1928 933 tas
1958 876 2351 932 continentem.
2384 874 2515 930 Nam
2567 872 2727 930 decet
2755 873 3025 945 integrum
3068 870 3236 927 divini
3263 870 3449 941 operis

1843 984 2064 1027 servare
2096 984 2310 1025 munus.
2345 966 2456 1023 Nec
2482 967 2587 1022 illis
2606 966 2748 1022 forte
2772 981 2957 1036 parum
2980 964 3053 1019 sit
3082 964 3294 1021 lubrico
3324 977 3448 1019 cor-

1845 1062 1994 1133 poris
2025 1078 2132 1118 non
2160 1061 2369 1127 teneri;
2404 1075 2528 1114 nam
2577 1059 2621 1114 si
2654 1069 2841 1130 erepta
2884 1067 2965 1113 est
2991 1056 3259 1113 subeundi
3290 1056 3449 1112 istius

1847 1156 2025 1228 palma
2057 1155 2390 1220 certaminis,
2423 1163 2608 1225 erepta
2628 1153 2793 1211 etiam
2834 1153 3060 1209 materia
3091 1151 3313 1224 periculi
3344 1167 3357 1204 :
3391 1158 3449 1206 et

1846 1251 2094 1320 quamvis
2142 1264 2247 1305 non
2297 1257 2506 1319 queunt
2543 1249 2832 1315 coronari,
2893 1262 3000 1303 non
3031 1258 3234 1319 queunt
3267 1256 3448 1302 tamen

1848 1343 2011 1399 vinci.
2043 1343 2254 1399 Habent
2275 1342 2378 1397 alia
2402 1358 2602 1414 genera
2633 1342 2917 1409 virtutum,
2949 1341 3143 1412 quibus
3168 1355 3449 1396 commen-

1848 1438 1978 1494 dare
2007 1452 2068 1494 se
2092 1437 2350 1505 debeant,
2383 1438 2428 1493 si
2460 1436 2597 1492 fides
2642 1437 2794 1492 lirma
2844 1436 2941 1504 sit,
2987 1435 3198 1507 proﬂua
3235 1434 3452 1491 miscri-

1850 1530 2060 1599 cordia,
2091 1532 2265 1587 aliena
2291 1532 2539 1600 avaritia,
2590 1530 2846 1602 frequens
2889 1530 3083 1602 gratia.
3120 1528 3229 1587 Sed
3253 1529 3307 1585 in
3331 1528 3452 1586 istis

1855 1627 2007 1682 nulla
2034 1627 2221 1698 culpa;
2256 1626 2381 1698 quia
2409 1625 2533 1682 facti
2574 1625 2910 1696 ignorantia.

1924 1722 2014 1777 76.
2057 1720 2174 1777 Non
2205 1721 2395 1777 eadem
2422 1734 2590 1775 causa
2611 1733 2828 1786 eorum,
2869 1718 2960 1790 qui
2988 1717 3041 1774 in
3074 1733 3134 1775 se
3163 1717 3310 1789 ipsos
3339 1718 3450 1774 fer-

153 1816 329 1872 cordia
364 1816 416 1871 in
448 1816 694 1885 praemio.
724 1814 824 1884 Qui
849 1814 988 1870 bene
1016 1813 1271 1881 credidit,
1304 1823 1361 1870 ut
1389 1815 1437 1870 ei
1466 1814 1745 1883 credatur,
1776 1806 1825 1868 Β
1852 1832 1916 1873 ro
1954 1823 2200 1880 utuntur,
2231 1829 2339 1884 quo
2362 1830 2467 1869 non
2509 1811 2881 1883 imprudenter
2925 1810 3283 1877 deﬂeximus;
3324 1818 3455 1867 sunt

156 1911 382 1967 emeruit
407 1929 420 1966 :
451 1911 545 1981 qui
575 1910 716 1967 bene
742 1909 992 1977 contulit,
1016 1908 1273 1981 quoniam
1295 1925 1451 1966 suum
1472 1926 1580 1965 non
1605 1925 1754 1982 qua:-

158 2002 299 2073 sivit,
329 2002 477 2075 quod
507 2001 734 2058 cmlcsle
764 2009 866 2067 est,
899 2000 1233 2072 impetravit.

745 2090 981 2149 CAPUT
1020 2090 1166 2147 Xlll.

158 2189 320 2245 Allato
351 2186 624 2260 Evangelii
653 2187 767 2242 loco
793 2187 857 2241 de
884 2185 1223 2258 spadonibus,
1251 2202 1338 2241 eos
1362 2186 1450 2258 qui
1488 2186 1566 2241 vel
1602 2196 1754 2241 natu-

223 2301 279 2339 ra
306 2284 383 2339 vel
408 2283 681 2337 hominum
702 2279 945 2336 violentia
963 2280 1089 2335 tales
1111 2281 1234 2352 facti
1251 2287 1393 2345 sunt,
1416 2295 1518 2334 non
1543 2296 1755 2351 magno-

221 2395 339 2451 pere
357 2376 419 2432 ob
451 2376 515 2431 id
567 2373 862 2432 laudandos
887 2391 906 2429 :
933 2375 1021 2445 qui
1064 2390 1184 2429 vero
1217 2374 1460 2448 proprias
1486 2389 1669 2429 ntanus
1699 2373 1753 2429 in

229 2488 280 2526 sc
328 2469 710 2536 converterint,
768 2467 1092 2523 dantnandos
1147 2468 1258 2535 ait;
1312 2468 1446 2523 hanc
1504 2468 1755 2523 actionem

223 2564 497 2619 ostendens
523 2579 686 2635 neque
712 2562 890 2617 utilem
914 2578 1045 2629 esse,
1061 2577 1176 2615 cum
1192 2562 1373 2616 mentis
1385 2563 1756 2632 concupiscen-

227 2659 347 2711 tiam
373 2657 591 2711 minime
609 2657 817 2727 auferat
842 2671 862 2711 :
889 2671 1051 2726 neque
1078 2655 1364 2723 honestam,
1420 2671 1536 2709 cum
1588 2665 1757 2710 certa-

227 2751 348 2805 mini
377 2750 555 2807 locum
579 2766 683 2805 non
706 2749 988 2821 relinquat.
1023 2748 1179 2805 Solos
1212 2749 1370 2821 igitur
1399 2748 1757 2820 prwdieandos

226 2842 342 2897 illos
365 2842 455 2913 qui
483 2858 576 2915 per
600 2841 966 2897 continentiam
992 2858 1046 2898 se
1066 2842 1168 2912 ipsi
1188 2841 1399 2896 vicerint
1418 2856 1437 2895 :
1461 2840 1553 2896 sed
1571 2858 1757 2913 cogen-

230 2933 351 2990 dunt
375 2934 444 2989 ad
475 2935 577 2989 hoc
603 2933 860 2988 neminem
881 2950 1010 3003 esse,
1056 2934 1266 3005 quando
1309 2950 1400 2988 nec
1441 2933 1752 3003 Apostolus,

232 3044 319 3081 nec
347 3026 592 3083 Christus
617 3026 729 3096 ipse
756 3035 1010 3097 precepto
1038 3026 1402 3081 constrinxerit
1431 3042 1544 3080 eam
1590 3027 1747 3081 virtu-

234 3126 324 3172 tem
350 3136 370 3186 ;
400 3118 546 3173 unde
572 3118 835 3189 intelligas
862 3134 965 3173 non
990 3118 1279 3190 improbari
1306 3119 1624 3173 matrimonii
1669 3135 1757 3174 vo-

236 3221 306 3277 ta,
339 3211 428 3265 sed
451 3211 707 3266 castitatis
735 3212 1005 3283 anteferri.

238 3303 325 3358 75.
366 3302 493 3360 Ideo
519 3318 651 3376 ergo
681 3311 1012 3375 prmeeptum
1060 3320 1166 3360 non
1204 3303 1412 3371 'datur,
1470 3306 1761 3361 consilium

176 3394 366 3462 datur;
393 3410 726 3468 praeceptum
760 3398 903 3454 enim
933 3398 1198 3455 castitatis
1224 3410 1330 3467 est,
1367 3400 1654 3455 consilium
1689 3401 1767 3457 in-

178 3491 473 3562 tegritatis:
502 3491 605 3548 Sed
629 3509 731 3548 non
770 3508 946 3548 omnes
992 3493 1204 3565 capiunt
1242 3494 1448 3548 verbum
1474 3494 1636 3562 istud,
1676 3496 1767 3550 sed

173 3583 356 3652 quibus
380 3585 560 3641 datum
588 3599 679 3641 est.
715 3585 850 3641 Sunt
874 3588 1009 3641 enim
1034 3587 1289 3659 spadones
1333 3588 1421 3657 qui
1469 3588 1533 3643 de
1586 3589 1767 3644 matris

174 3685 319 3732 utero
342 3677 415 3734 sic
459 3680 568 3733 nati
601 3687 718 3734 sunt
764 3676 993 3752 (Matth.
1050 3695 1161 3748 xix,
1196 3679 1283 3748 ll,
1318 3678 1535 3755 12);ἰιι
1567 3680 1765 3753 quibus

251 3816 520 3942 “dOmnes
550 3815 708 3885 edit.,
738 3832 841 3872 non
879 3818 1040 3874 virtus
1080 3827 1153 3874 est
1203 3818 1475 3874 castitatis.
1534 3817 1605 3874 Et
1648 3829 1769 3876 sunt

251 3906 263 3941 Ι
302 3905 443 3942 ones.

233 3906 443 3943 aaoues.

175 3907 198 3944 s
233 3905 443 3943 aaoues.

199 3906 269 4045 [fit
310 3960 741 4047 hlss.‘plerique,
769 3960 1092 4047 continentia:
1111 3962 1301 4034 gratia,
1317 3963 1439 4047 quia
1462 3962 1622 4047 diuini
1645 3980 1760 4047 ope-

177 4034 271 4117 ris,
296 4042 403 4115 etc.
426 4031 849 4117 Sed-manifesta
876 4033 1064 4117 lacuna
1088 4031 1172 4117 est
1189 4075 1205 4098 ,
1247 4031 1555 4117 cujusmodi
1582 4037 1768 4117 multa;

176 4103 228 4159 in
259 4103 418 4177 lmjns
438 4103 634 4174 opella:
665 4104 882 4176 scriptis
904 4105 1027 4160 cod.
1061 4103 1490 4177 antiquariorum
1518 4106 1766 4163 oscitan-

179 4177 247 4231 tia
278 4176 483 4231 relicta:
511 4183 660 4229 sunt.

251 4259 274 4285 θ
315 4245 555 4301 lmitatio
583 4245 876 4318 Virgiliana
897 4263 962 4304 ex
994 4247 1116 4303 eod.
1148 4247 1243 4303 lib.
1275 4264 1332 4304 ιιι
1362 4248 1565 4319 Georg.
1587 4250 1765 4307 :.(.'ono

180 4320 318 4373 tinuo
344 4319 555 4389 culpam
584 4320 726 4388 ferro
747 4335 1029 4385 compesce,
1053 4331 1161 4375 etc.
1191 4319 1446 4376 Testatur
1463 4330 1643 4376 autem
1664 4321 1766 4377 hoc

183 4390 296 4463 loco
324 4389 778 4463 sanetusDoctor
807 4389 970 4463 fuisse
995 4390 1254 4447 memoria
1284 4408 1403 4458 sua,
1444 4393 1536 4463 qui
1565 4408 1765 4462 corpo-

181 4460 253 4534 ris
290 4461 527 4534 motibus
560 4460 866 4517 inhonestis
899 4478 1003 4534 non
1051 4472 1258 4517 tantum
1303 4460 1577 4531 oratione,
1630 4460 1765 4534 jeju-

183 4532 306 4593 niis.
339 4533 561 4603 vigiliis,
612 4547 799 4587 verum
846 4533 1008 4587 etiam
1057 4535 1106 4588 vi
1152 4544 1313 4603 atque
1368 4543 1573 4590 armata
1604 4532 1766 4590 manu

185 4604 574 4660 occurrendum
615 4603 1013 4660 existimarent.
1072 4604 1427 4675 Epiphanius,
1480 4606 1622 4661 lla-r.
1652 4607 1723 4663 58
1748 4647 1764 4672 ,

1853 1907 1997 1964 enim
2029 1906 2121 1977 qui
2155 1905 2373 1962 virtutis
2394 1904 2518 1961 loco
2550 1914 2774 1975 ponant,
2806 1916 2828 1943 ι·
2860 1904 3009 1959 ferro
3054 1903 3270 1975 culpam
3297 1918 3451 1959 com-

1855 2014 2096 2072 pescere.
2134 1999 2211 2055 De
2235 1999 2429 2071 quibus
2467 1998 2568 2053 etsi
2612 2009 2852 2053 nostram
2897 1997 3149 2053 nolumus
3204 1996 3453 2068 proferre

1853 2092 2209 2156 sententiam,
2238 2090 2492 2163 quamvis
2520 2090 2629 2145 sint
2675 2097 2875 2145 statuta
2925 2089 3086 2162 207
3137 2087 3449 2158 majorum;

1853 2185 2205 2243 considerent
2232 2193 2435 2252 tamen,
2464 2179 2492 2220 ιι
2522 2198 2589 2239 ne
2615 2183 2736 2253 quis
2767 2182 2820 2237 id
2860 2182 2927 2238 ad
2958 2183 3348 2255 professionem
3371 2181 3454 2238 itt-

1856 2279 2127 2336 lirmitatis
2176 2278 2399 2347 trahat,
2448 2293 2555 2334 non
2584 2277 2653 2333 ad
2703 2277 2976 2333 firmitatis
3015 2278 3267 2350 gloriam.
3311 2277 3452 2349 Ergo

1856 2388 2017 2429 nemo
2046 2370 2263 2439 militet,
2289 2386 2357 2427 nc
2379 2369 2674 2443 aliquando
2695 2370 2942 2425 vincatur
2966 2388 2980 2425 :
3013 2384 3116 2426 nec
3161 2368 3312 2441 pedis
3336 2379 3453 2425 uta-

1857 2473 1945 2521 tur
1969 2464 2253 2536 obsequio,
2299 2463 2392 2535 qui
2430 2461 2711 2535 gradiendi
2748 2462 3049 2533 periculum
3099 2460 3451 2517 reformidat:

1858 2575 1960 2616 nec
1988 2558 2130 2614 oculi
2161 2555 2407 2613 intendat
2436 2554 2639 2623 oflicio,
2670 2556 2762 2627 qui
2785 2554 3247 2626 concupiscentia:
3298 2556 3451 2612 timet

1859 2653 2092 2727 lapsum.
2128 2652 2235 2710 Sed
2266 2650 2393 2721 quid
2425 2650 2653 2718 prodest
2677 2665 2899 2706 carnem
2928 2650 3255 2708 abscindere
3278 2694 3293 2720 ,
3325 2666 3449 2707 cum

1858 2747 2024 2804 etiam
2050 2745 2211 2816 culpa
2241 2743 2311 2798 sit
2339 2742 2393 2798 in
2426 2742 2544 2813 ipso
2575 2743 2848 2814 aspectu?
2874 2740 3017 2797 Nam
3053 2753 3098 2798 et
3144 2745 3231 2815 qui
3268 2744 3457 2801 viderit

1859 2840 2125 2895 mulierem
2149 2835 2218 2892 ad
2243 2835 2734 2906 concupiscendum,
2773 2835 2889 2906 jam
2922 2836 3201 2892 matchatus
3227 2847 3301 2892 est
3340 2853 3454 2892 eam

1856 2934 1911 2989 in
1937 2931 2094 2988 corde
2121 2947 2215 2986 suo
2246 2928 2475 3003 (Matth.
2501 2944 2559 2996 v,
2590 2928 2719 2999 28).
2755 2929 2817 2984 Et
2846 2945 2967 3000 qua:
3003 2929 3255 2987 similiter
3279 2930 3452 2986 virum

1860 3025 1916 3081 in
1969 3023 2468 3095 concupiscentiam
2533 3021 2770 3087 viderit,
2839 3021 3200 3079 adulteratnr.
3259 3021 3452 3081 Custos

1860 3133 2012 3190 ergo,
2030 3134 2136 3173 non
2169 3118 2417 3172 intirmos
2446 3130 2570 3172 esse
2592 3130 2691 3172 nos
2716 3115 3005 3173 convenit:
3028 3117 3252 3188 pudicos
3272 3120 3459 3176 oculos

1786 3209 1833 3273 C
1864 3210 2085 3275 habere,
2123 3224 2229 3265 non
2255 3208 2489 3265 debiles.

1937 3306 2027 3360 77.
2056 3303 2425 3374 Nemoigitnr,
2455 3311 2514 3357 ut
2539 3302 2787 3373 plerique
2816 3301 3181 3371 arbitrantur,
3211 3318 3273 3361 se
3298 3303 3460 3361 debet

1867 3396 2210 3460 abscindere,
2236 3394 2331 3451 sed
2359 3394 2529 3465 magis
2552 3391 2804 3459 vincere;
2836 3393 3072 3450 victores
3094 3395 3238 3451 enim
3268 3396 3462 3469 recipit

1870 3489 2140 3557 Ecclesia,
2175 3502 2282 3544 non
2313 3488 2509 3543 victos.
2544 3486 2610 3542 Et
2639 3486 2769 3556 quid
2797 3488 3133 3558 argumentis
3166 3498 3306 3555 utar,
3337 3505 3460 3545 eum

1869 3593 2073 3658 pratsto
2104 3582 2179 3640 sit
2225 3580 2527 3653 Apostolici
2579 3578 2752 3636 forma
2784 3582 3135 3653 praescripti?
3178 3582 3270 3640 Sic
3314 3583 3460 3641 enim

1873 3676 2041 3733 habes
2066 3694 2078 3730 :
2107 3686 2129 3713 ο
2163 3673 2381 3733 Utinam
2413 3683 2468 3730 et
2489 3673 2880 3730 abscindantur
2910 3673 3000 3747 qui
3031 3675 3219 3733 volunt
3239 3692 3339 3735 vos
3358 3679 3464 3735 cir-

1877 3833 2019 3875 nonc
2042 3824 2332 3872 renovatus
2388 3814 2626 3871 afﬁrmat
2668 3814 3070 3872 eruditissimus
3118 3817 3468 3879 Tltautnassi-

1878 3907 1979 3946 nus
2011 3889 2233 3959 Discipl.
2269 3888 2415 3943 Eccl.
2442 3895 2585 3959 part.
2619 3903 2657 3960 ι,
2690 3886 2783 3942 lib.
2819 3903 2879 3954 ιι,
2911 3903 2963 3943 c.
2991 3889 3045 3943 8.
3080 3888 3263 3960 Neque
3283 3892 3466 3951 obstat

1874 3962 2018 4035 quod
2051 3958 2417 4035 hoseanones
2442 3958 3193 4035 apostolicorum_temporuni
3217 3979 3323 4019 non
3347 3980 3467 4022 esse

1875 4029 2108 4104 probent
2136 4031 2421 4104 nonnulli;
2452 4046 2575 4085 cum
2635 4045 2731 4104 eos
2756 4039 2811 4085 et
2843 4029 3097 4104 0rige'nis
3144 4036 3463 4093 exsectione

1876 4101 2225 4176 posteriores,
2257 4112 2312 4158 et
2340 4102 2459 4158 Nic.
2487 4101 2693 4176 synodo
2731 4101 3036 4176 anteriores
3064 4104 3169 4159 dici
3216 4106 3351 4163 nihil
3373 4124 3465 4165 ve—

1875 4171 1972 4233 iet.
2019 4178 2092 4248 De
2123 4176 2224 4248 hoc
2252 4188 2421 4248 porro
2458 4171 2702 4248 ejusdem
2734 4172 2984 4248 Qrigejnis
3002 4173 3244 4248 facinore
3268 4189 3466 4248 praeter

1876 4190 1972 4233 tet.
2019 4190 2092 4231 ue
2123 4190 2224 4230 nnc
2252 4190 2421 4300 θοντο
2458 4190 2702 4244 ejusaem
2734 4190 2984 4244 urtgents
3003 4190 3244 4234 taetnore
3268 4190 3466 4248 praeter

1876 4246 2242 4323 Ensebium_li
2288 4286 2304 4302 .
2332 4261 2437 4323 _vr,
2488 4244 2705 4323 cap.__8_;
2750 4245 3311 4323 Epipltanium,__l_la‘r.
3351 4250 3421 4306 64
3446 4295 3470 4323 ,

1875 4337 2028 4376 ιιιιιιι.
2055 4319 2119 4383 '5;
2161 4317 2564 4374 'l‘heodoretum
2608 4316 2703 4371 lih.
2745 4332 2814 4385 ιι,
2845 4316 2967 4385 cap.
3008 4317 3100 4375 24.
3137 4319 3269 4377 Vide
3299 4316 3463 4380 etiam

1878 4391 2021 4447 Petri
2081 4389 2289 4462 Halloix
2338 4389 2434 4445 lib.
2481 4403 2535 4444 tv
2581 4388 2802 4462 Origen.
2860 4388 3233 4462 defensionis,
3284 4393 3465 4452 lluelii

1877 4463 1969 4520 lib.
2002 4479 2053 4524 ις
2087 4461 2309 4532 Origen.
2342 4475 2461 4531 cap.
2498 4475 2538 4524 ι,
2567 4476 2695 4515 num
2729 4461 2814 4516 l3.

1950 4533 1974 4609 fi
2008 4533 2135 4609 Mss.
2159 4547 2365 4609 magno
2390 4547 2640 4598 numero,
2672 4549 2736 4588 ne
2761 4532 2888 4605 quid
2906 4533 2972 4589 sit
2997 4534 3069 4590 ad
3093 4538 3468 4609 professionem

1873 4606 2217 4675 infirmitatis.
2244 4603 2389 4676 Ergo
2412 4619 2579 4676 nemo,
2605 4612 2712 4659 etc.

184 4684 454 4758 memorat
480 4677 795 4758 frequenter
821 4675 1009 4758 auditu
1043 4690 1105 4732 se
1123 4671 1430 4758 accepisse;
1449 4671 1768 4758 Valesianos
1793 4671 1848 4732 D
1934 4671 1977 4758 ἰζ
2002 4677 2211 4733 Citatur
2240 4671 2488 4758 apostoli
2520 4689 2738 4758 sensus,
2769 4678 3258 4758 non_verba._Sunt
3286 4691 3470 4758 autem

183 4748 477 4803 violentam
506 4746 645 4802 hanc
666 4747 1090 4815 amputationem
1118 4763 1224 4802 non
1252 4746 1302 4802 in
1326 4764 1386 4805 se
1416 4756 1649 4815 tantum,
1672 4748 1769 4804 sed

186 4826 242 4873 et
267 4818 320 4873 in
349 4818 668 4888 peregrinos
692 4817 953 4873 adhibere
981 4820 1351 4874 consuevisse.
1388 4819 1771 4876 Verumtamen

186 4905 308 4945 cum
334 4890 583 4964 ejusdem
624 4890 965 4955 testimonio,
998 4890 1072 4964 illi
1112 4904 1171 4946 se
1204 4891 1272 4945 ab
1321 4891 1562 4947 Ecclesia
1592 4908 1776 4964 segre-

189 4963 457 5042 gaverint.
490 4977 588 5042 nee
638 4970 899 5042 appareat
928 4960 1157 5042 multum
1216 4973 1564 5042 propagatum
1608 4960 1777 5042 fuisse

192 5029 346 5087 istam
383 5029 1052 5104 hwresim,'verisimilius
1076 5043 1159 5088 est
1194 5029 1457 5104 quosdam
1480 5050 1512 5090 e
1547 5035 1776 5090 catholi-

194 5104 271 5158 cis
302 5104 528 5159 indicari
553 5105 623 5160 ab
660 5102 986 5175 Ambrosio;
1014 5102 1246 5175 eumque
1274 5104 1373 5160 hac
1402 5106 1515 5174 ipsa
1553 5106 1622 5161 de
1650 5121 1779 5160 eau-

194 5188 251 5229 sa
272 5190 397 5231 cum
441 5176 542 5231 illis
562 5191 726 5247 agere
754 5174 1069 5247 benignius;
1102 5174 1203 5231 nisi
1231 5176 1354 5247 quis
1394 5177 1549 5232 malit
1576 5176 1628 5231 id
1657 5177 1780 5233 Ori-

196 5248 348 5316 genis
373 5247 528 5316 cujus
556 5245 761 5317 scripta
784 5246 998 5313 plurimi
1043 5245 1294 5315 faciebat,
1334 5246 1524 5303 honori
1572 5250 1780 5304 datum.

199 5319 471 5390 titeterum
500 5334 606 5374 non
646 5320 939 5390 obscurum
969 5325 1051 5371 est
1076 5333 1325 5390 crassam
1369 5320 1507 5374 hanc
1553 5335 1787 5390 evange-

200 5387 288 5444 lici
333 5389 467 5454 loci,
496 5406 601 5458 quo
631 5390 714 5445 illi
745 5388 799 5443 in
821 5389 1275 5445 erroreminducti
1308 5391 1477 5457 fuere,
1518 5387 1788 5460 interpre-

204 5460 461 5515 tationem
483 5461 549 5517 ab
576 5462 699 5528 ipso
716 5475 824 5514 non
850 5460 1024 5512 minus
1044 5460 1458 5516 condemnatam
1482 5476 1605 5517 esse
1627 5478 1785 5529 quam

203 5533 271 5585 ab
299 5532 421 5585 aliis
452 5531 726 5595 Patribus,
751 5529 1108 5603 puta_:_l3asil.
1139 5532 1234 5586 lib.
1264 5531 1327 5586 de
1362 5531 1589 5603 Virgin.,
1613 5532 1790 5603 Chry-

206 5614 337 5673 sost.
367 5604 421 5657 in
446 5618 561 5673 cap.
596 5618 693 5658 χιχ
715 5599 891 5673 sancti
915 5599 1166 5670 Matthtei,
1188 5612 1244 5658 et
1270 5599 1491 5659 Hieron.
1516 5599 1679 5673 epist.
1699 5599 1790 5659 63.

208 5672 466 5739 Quaenam
497 5671 679 5730 autem
713 5671 974 5740 majorum
1004 5680 1204 5728 statuta
1235 5674 1322 5729 hic
1350 5671 1586 5730 citentur
1607 5718 1621 5740 ,
1652 5675 1794 5731 haud

1874 4766 1939 4805 ea
1964 4748 2017 4803 in
2046 4743 2587 4825 grmcohitjustuodi,
2613 4743 2785 4825 ὅφιᾉον
2806 4752 2893 4805 καὶ
2912 4750 3264 4825 ᾀπᾳκὸψονται
3284 4754 3330 4810 oi
3346 4758 3470 4813 ἁνα-

1876 4827 2189 4897 στατοῦγτις
2217 4820 2378 4897 suae,
2401 4818 2468 4897 _id
2495 4818 2841 4897 es_§,_utinam
2870 4818 3239 4897 abscinduntur
3267 4827 3357 4897 qui
3381 4843 3470 4882 vos

1883 4891 2184 4964 perturbant
2209 4890 2305 4963 ,|ut
2329 4890 2492 4964 habet
2540 4890 2692 4964 Vulg.
2720 4891 2880 4959 edit.,
2925 4894 3062 4959 sive,
3102 4906 3155 4950 ut
3180 4890 3291 4952 fert
3316 4898 3464 4953 verbi

1882 4961 2192 5035 proprietas
2222 4961 2245 5029 ,ἡ
2286 4962 2482 5035 quinos
2506 4961 2593 5035 ad
2616 4978 2697 5017 res
2757 4979 2914 5019 nouas
2964 4965 3269 5023 sollicitant.
3302 4968 3473 5025 Porro

1884 5033 2244 5108 Ambrosiana
2292 5033 2637 5108 ratiocinatio
2680 5049 2745 5091 ea
2780 5045 2874 5108 est
2914 5054 2930 5093 :
2980 5039 3278 5108 Apostolus
3340 5039 3473 5095 satis

1884 5107 2221 5161 demonstrat
2266 5104 2622 5181 voluntariam
2670 5106 2986 5181 genitalium
3032 5104 3473 5181 amputationem

1886 5192 2140 5248 magnum
2172 5190 2295 5232 esse
2310 5176 2523 5251 malum
2550 5216 2578 5251 ,_
2610 5176 2828 5251 quando
2856 5194 2974 5251 eam
3005 5176 3181 5251 pmnie
3222 5181 3345 5237 loco
3376 5183 3477 5236 im-

1888 5246 2142 5320 precatus
2179 5255 2265 5303 est
2309 5246 2415 5301 illis
2438 5288 2454 5314 ,
2492 5249 2582 5318 qui
2628 5246 3063 5307 circnmcisionis
3091 5254 3473 5308 necessitatem

1891 5318 2143 5375 tidelibus
2190 5320 2470 5390 imponere
2516 5320 2900 5376 moliebantur.
2943 5323 3016 5378 De
3045 5324 3281 5378 virilium
3326 5326 3474 5381 ollim

1888 5388 2300 5463 detruncatione
2372 5388 2743 5459 Apostolicam
2810 5393 2960 5447 illam
3030 5393 3475 5463 imprecationem

1890 5462 2051 5526 vulgo
2080 5463 2773 5539 interpretanturveteres,
2803 5472 2864 5519 ut
2892 5462 3477 5539 Hieronymus,Cbry.

1893 5542 2174 5591 sostomus
2198 5574 2213 5600 ,
2246 5533 2545 5601 atqueialii.
2586 5532 2688 5602 Qui
2735 5549 2865 5589 vero
2908 5549 3031 5589 cum
3082 5532 3480 5594 recentioribus

1896 5604 2149 5662 eumdem
2171 5604 2351 5659 locum
2375 5603 2443 5659 de
2468 5604 2808 5674 separatione
2827 5604 2895 5659 ab
2921 5605 3162 5660 Ecclesia
3192 5607 3487 5666 maluerint

1899 5676 2205 5745 intelligere
2230 5719 2245 5742 ,
2294 5674 2441 5744 ipsos
2472 5674 2763 5745 Ambrosio,
2792 5684 3010 5745 oportet
3050 5677 3347 5735 attribuerc
3384 5680 3487 5737 hu-

210 5747 340 5800 satis
366 5755 600 5819 consum.
621 5743 906 5819 _llaAh‘emAIt_s
926 5743 1064 5819 enim
1099 5744 1200 5800 hac
1219 5746 1369 5819 dere
1397 5745 1540 5801 inter
1557 5761 1798 5803 canOnes
1897 5743 2133 5819 justnodi
2172 5743 2390 5819 sensum
2422 5745 2524 5819 :_Si
2556 5744 2769 5819 eosqui
2799 5743 3004 5819 tantum
3035 5746 3347 5819 pelliculam
3374 5755 3483 5807 cir-

214 5816 543 5889 apostolicos
570 5816 668 5885 21,
695 5812 793 5882 22,
823 5811 895 5871 25
920 5820 978 5871 et
1001 5814 1093 5884 24,
1122 5832 1257 5888 quos
1276 5816 1475 5875 Nicami
1507 5834 1664 5875 conc.
1709 5834 1801 5875 ca-

1902 5815 2210 5878 cumcidere
2238 5815 2597 5888 imperabant,
2637 5816 2933 5886 Apostolus
2958 5815 3113 5890 optat
3132 5818 3203 5879 ab
3241 5820 3489 5888 Ecclesia
