4054 6306
560 238 664 300 259
1893 240 2139 301 SANCTI
2174 232 2501 303 AHBROSII
3736 224 3833 294 ιω

554 357 791 415 cumeidi
827 356 971 432 (Gal.
1003 373 1057 425 v,
1089 358 1179 432 12)
1205 359 1220 414 l
1252 358 1360 415 Cur
1389 358 1534 415 enim
1564 371 1785 416 coronae
1813 359 2031 415 occasio
2051 401 2066 422 ,
2101 365 2157 414 et
2181 362 2235 425 Α
2259 366 2310 413 et
2336 354 2636 412 dominatui
2668 353 2767 409 viri
2797 350 2914 410 sola
2939 349 3189 408 subditur
3216 348 3465 421 c0pulsta
3487 389 3500 412 .
3524 361 3636 405 non
3665 347 3827 420 virgo.

555 452 774 510 virtutis
804 469 937 510 usus
963 453 1195 525 eripitur
1227 453 1435 509 homini
1461 497 1476 520 ,
1511 453 1602 525 qui
1638 459 1798 508 natus
1838 450 1907 508 ad
1939 450 2156 507 laudem
2257 447 2513 506 Omnium
2539 458 2718 503 autem
2754 446 2946 502 horum
2977 445 3127 516 virgo
3157 443 3327 501 libera
3355 451 3442 499 est
3465 485 3481 511 ,
3522 456 3644 514 qua:
3668 441 3831 498 Verbo

559 552 681 613 cst,
725 544 795 601 ad
844 546 1132 603 victoriam
1181 556 1520 620 praeparatus
1546 586 1561 614 ,
1601 543 1695 616 qui
1735 544 1917 618 potius
1956 547 2159 600 virtute
2259 541 2355 599 Dei
2388 557 2542 600 suum
2580 540 2877 615 spopondit
2913 539 3167 598 affectum
3191 578 3206 599 .
3247 552 3370 609 quas
3393 551 3653 608 sponsum
3683 534 3833 591 bene-

559 643 758 699 animze
787 653 1033 700 castrare
1062 658 1122 700 se
1150 642 1356 715 possit?
1386 640 1520 699 Sunt
1545 640 1680 696 enim
1707 638 1966 711 spadones
1985 640 2077 711 qui
2096 654 2151 693 se
2259 635 2514 693 dictionis
2538 652 2661 693 cum
2693 635 2901 692 facibus
2926 649 3063 706 exsp
3084 644 3205 689 -ctat
3231 630 3448 704 (Matth.
3477 644 3609 694 xxv,
3638 626 3719 700 4),
3749 628 3832 684 bo-

560 736 703 807 ipsos
754 745 1110 792 castraverunt
1152 743 1366 810 propter
1396 750 1612 806 regnum
1658 733 1906 789 caelorum
1939 728 2157 804 (Matth.
2259 745 2344 786 na-
2392 729 2599 787 lumine
2648 730 2942 785 voluntatis
2973 741 3224 783 accenso.
3255 725 3320 781 Et
3350 723 3477 780 ideo
3519 729 3832 796 provocatur

563 843 679 897 xu,
711 827 826 901 12).

2282 820 2526 890 :nnsiliis,
2550 838 2659 879 non
2686 819 2921 877 vinculis
2944 820 3201 893 illigatur.

639 922 728 979 78.
764 921 871 979 Sed
902 932 956 979 et
1000 922 1104 979 hoc
1145 937 1251 977 non
1294 921 1546 979 omnibus
1588 921 1890 994 imperatur
1919 964 1934 990 ,
1967 921 2062 978 sed
2093 920 2162 977 ab
2858 934 3087 994 CAPUT
3127 932 3264 991 xw.

562 1012 819 1073 omnibus
843 1014 1132 1087 ﬂagitatur.
1168 1015 1383 1122 Etenim
1412 1014 1501 1086 qui
1533 1012 1787 1070 mandata
1824 1014 2162 1122 dat,.decre-
2260 1049 2379 1107 Em
2404 1052 2564 1109 an“
2589 1066 2693 1107 non
2721 1052 2976 1122 “apem
3005 1057 3341 1122 "nuptm",
3367 1044 3644 1102 “mih-"ﬂ
3685 1052 3835 1098 Μ

567 1120 746 1166 torum
774 1127 995 1184 semper
1023 1122 1204 1167 tenere
1229 1109 1389 1167 debet
1419 1125 1733 1167 mensuram
1761 1127 1774 1163 :
1798 1118 1854 1165 et
1879 1108 1974 1182 qui
1997 1123 2163 1179 pensa

2282 1068 2379 1107 sm
2404 1068 2564 1109 υκαι
2589 1068 2693 1107 non
2721 1068 2976 1126 accepth
3005 1068 3341 1122 pramprum,
3367 1068 3644 1102 conantum
3685 1068 3835 1098 tam

2335 1156 2443 1202 tant
2475 1151 2715 1220 frequens
2749 1156 2955 1218 tamque
2993 1146 3127 1203 suile
3150 1144 3296 1200 illam
3324 1142 3585 1215 accepisse
3604 1182 3620 1207 ,
3650 1148 3709 1193 nt
3733 1155 3839 1194 eon-

564 1204 890 1273 distribuit,
942 1205 1254 1275 mquitatem
1302 1205 1466 1261 debet
1508 1204 1783 1261 examinis
1825 1218 2157 1260 reservare:
2338 1204 2669 1297 umu'mé‘m
2724 1257 2830 1296 non
2868 1204 3138 1295 Edam".
3180 1235 3344 1293 Nam
3385 1204 3459 1292 ω’
3496 1204 3737 1302 ηδΜ
3771 1234 3838 1287 ι..

571 1295 780 1352 Statera
803 1298 947 1352 enim
971 1296 1140 1370 fallax
1161 1337 1179 1366 ,
1201 1297 1509 1353 abominatio
1527 1306 1605 1353 est
1624 1297 1767 1368 apud
1789 1293 1955 1351 Deum
1976 1293 2162 1367 (Prov.

678 1390 724 1409 ,ι
781 1390 868 1409 η-.
909 1405 1023 1409 μμ-
1064 1406 1091 1409 _
1265 1389 1476 1409 μη---
1512 1398 1557 1409 ,.
1797 1406 1805 1409 Α
1836 1387 1925 1409 η,
1958 1398 2135 1409 --.ΑΜ

3018 1293 3285 1387 rft‘cclesite
3331 1342 3454 1402 ager
3498 1293 3621 1395 ipse
3666 1340 3841 1397 quoque

1122 1390 1135 1403 .
1683 1390 1693 1401 .
2372 1374 2525 1390 -..πη
2572 1374 2623 1390 ...
2654 1374 2786 1390 ...η
3038 1374 3279 1387 ..πη-η
3332 1374 3357 1383 ..
3399 1374 3439 1384 -.

568 1387 2167 1504 ’57:”:.‘is'fiiif‘JWiTﬁPili“???TW'iifeil’ffi'":
2336 1374 2531 1486 ἷυεεικν
2559 1374 2850 1504 tenuate:
2882 1428 2973 1483 ml
3016 1427 3315 1483 viduitatem
3350 1374 3469 1494 (ἵνα
3512 1422 3762 1477 laudatur
3787 1421 3839 1474 ab

569 1497 696 1590 quc.
719 1498 826 1537 non
881 1482 1076 1555 recipit
1126 1482 1369 1595 Ecclesia
1401 1481 1680 1595 ;"Pondua
1726 1485 1873 1595 enim.
1902 1484 2071 1591 majus
2118 1487 2166 1535 et
2634 1481 3575 1595 gagah‘"éarinem'pm;
3605 1515 3738 1570 “de
3756 1529 3841 1569 mu

570 1578 839 1691 ἶ¹²ῗῗ⁸ῗῖῗέ²¹ζ¹²
853 1586 974 1691 ,1,έῖ
995 1578 2012 1691 _.'T'7'{"5'f’.i"”§’i“.’.f"i.’i’_“’3‘f‘i“‘33
2040 1594 2167 1691 Ὗς
2340 1578 2693 1691 parmene
2715 1578 2768 1672 in
2785 1632 2871 1673 eos
2886 1578 3013 1689 «in.
3035 1578 3255 1688 ηαᾶτκᾶι
3276 1578 3477 1687 terit"
3491 1578 3640 1668 illam
3654 1616 3843 1664 ηκτοι

568 1681 743 1743 specta
768 1670 974 1725 Domini
991 1682 1208 1742 utraque
1231 1670 1416 1745 (Prov.
1437 1688 1533 1740 Ix,
1559 1669 1673 1743 10).
1700 1671 1835 1728 Sunt
1854 1685 2019 1743 pensa
2044 1686 2163 1741 qua:
2339 1660 2627 1771 elw'm‘"
2785 1660 2869 1673 ην
2886 1660 3013 1689 -υ--ν

572 1762 755 1787 "‘""'"'
784 1764 1080 1787 ’μευ-ἐλ-
1113 1773 1161 1787 η·
1197 1767 1262 1787 =--
1300 1763 1485 1787 --=--=A=-
1598 1763 1853 1787 -.ε-...ηω
1910 1764 2162 1787 ..ε,,,,,,,,,,,,
2195 1769 2241 1787 ﬁ
2477 1730 2657 1787 proscr
2679 1721 2841 1786 plant.

569 1762 757 1818 dividit
782 1764 1083 1834 sapientia;
1109 1773 1166 1820 et
1197 1767 1266 1819 ita
1296 1763 1490 1819 dividit
1520 1773 1574 1819 ιιι
1598 1763 1879 1831 virtutem,
1910 1764 2165 1834 viresque
2195 1769 2248 1833 Β

564 1858 800 1914 mstimet
823 1858 1186 1930 singulorum.
1222 1861 1285 1914 l-lt
1308 1858 1430 1915 ideo
1449 1858 1616 1915 dicit:
1641 1859 1747 1928 Qui
1774 1867 1939 1930 potest
1956 1874 2162 1929 capere,

572 1952 742 2024 capiat
770 1949 990 2027 (Matth.
1027 1968 1142 2019 ιιι,
1174 1952 1286 2025 ιι).

2342 1851 2433 1909 82.
2465 1848 2573 1909 Sed
2602 1865 2703 1908 nec
2734 1850 2893 1906 vidua
2920 1858 3255 1923 praeceptum
3282 1846 3515 1917 accipit,
3546 1844 3648 1903 sed
3684 1843 3840 1900 consi-

2271 1948 2400 2003 lium
2428 1965 2442 2002 :
2471 1945 2758 2005 consilium
2788 1955 2969 2002 autem
3006 1960 3115 2001 non
3146 1943 3317 2001 semel
3348 1942 3558 2007 datum,
3595 1938 3692 1996 sed
3719 1949 3843 2009 sape

637 2045 727 2099 79.
763 2045 877 2101 Scit
905 2049 1050 2101 enim
1081 2057 1296 2102 creator
1325 2047 1567 2102 omnium
1596 2044 1823 2103 aﬂ‘ectus
1839 2060 1963 2103 esse
1984 2046 2167 2101 varios
2267 2042 2586 2113 repetitum.
2613 2040 2747 2097 Nam
2773 2051 2822 2097 et
2850 2040 3029 2111 primo
3053 2038 3222 2095 dixit:
3253 2035 3462 2092 Bonum
3489 2043 3567 2089 est
3593 2033 3727 2089 enim
3750 2047 3843 2085 nis-

565 2136 940 2208 singulorum;
975 2147 1029 2195 et
1075 2138 1199 2195 ideo
1240 2140 1480 2210 praemiis
1511 2140 1765 2194 virtutem
1807 2139 2165 2211 provocavit,
2271 2138 2448 2194 lierem
2470 2154 2572 2194 non
2600 2146 2807 2209 tangere
2832 2134 2875 2209 (Ι
2902 2133 3025 2192 Cor.
3047 2149 3143 2200 vn,
3168 2134 3258 2204 4);
3288 2142 3343 2188 et
3362 2131 3564 2187 iterum
3590 2146 3606 2183 :
3644 2123 3846 2183 Voluit:

568 2245 678 2287 non
719 2229 1094 2288 infirmitatem
1131 2231 1365 2288 vinculis
1395 2232 1658 2304 alligavit.
1694 2232 1810 2289 Scit
1835 2241 1888 2286 et
1920 2231 2008 2287 ille
2033 2245 2166 2303 gen-
2269 2249 2445 2289 omnes
2476 2232 2709 2288 homines
2750 2247 2861 2289 esse
2899 2230 3034 2287 sicut
3071 2238 3119 2285 et
3152 2228 3408 2300 nteipsum
3439 2224 3640 2299 (Mitt,
3677 2220 3767 2294 7);
3801 2227 3845 2276 et

568 2328 702 2383 tium
733 2328 931 2383 Doctor
975 2325 1158 2398 (Rom.
1193 2343 1262 2383 vlt
1288 2368 1303 2393 ,
1342 2326 1414 2383 25
1454 2338 1502 2381 et
1534 2325 1690 2399 seq.),
1740 2326 1914 2381 bonus
1955 2338 2167 2379 morum
2272 2327 2478 2384 tcrtio:
2513 2325 2716 2382 Bonum
2765 2336 2840 2382 est
2879 2326 2987 2381 illis
3009 2368 3023 2391 ,
3060 2325 3106 2380 si
3133 2324 3209 2379 sic
3235 2330 3483 2379 maneant
3517 2320 3658 2376 sicut
3691 2326 3736 2372 et
3769 2330 3844 2387 ego

567 2422 752 2493 auriga
784 2430 1101 2477 nostrorum
1129 2463 1143 2488 ,
1176 2428 1233 2475 et
1266 2419 1487 2493 quidam
1519 2419 1841 2476 interiorum
1876 2427 2056 2474 rector
2085 2414 2168 2472 af-
2272 2419 2573 2494 (Ibid.,8);
2598 2428 2651 2476 et
2676 2428 2905 2490 quarto:
2936 2417 3142 2474 Bonum
3170 2426 3245 2474 est
3265 2425 3480 2489 propter
3498 2415 3846 2470 instanteth-

570 2515 833 2580 fectuum,
868 2515 956 2586 qui
991 2515 1060 2571 de
1088 2530 1149 2571 se
1174 2513 1294 2585 ipso
1321 2514 1590 2571 didicerat
1620 2513 1727 2585 legi
1760 2513 1963 2569 mentis
1991 2513 2168 2584 legem
2274 2516 2565 2571 cessitatem
2590 2513 2781 2590 (Mitt,
2806 2512 2903 2585 26)
2929 2530 2943 2568 :
2974 2522 3029 2570 et
3054 2512 3160 2569 hoc
3181 2512 3396 2584 placere
3419 2509 3745 2574 Domino,et
3764 2505 3845 2558 hoc

570 2610 820 2680 corporis
850 2624 1194 2682 repugnare;
1252 2609 1500 2666 eamdem
1543 2620 1727 2665 tamen
1750 2605 1955 2664 Christi
1981 2605 2173 2679 gratiae
2275 2609 2563 2666 honestum
2598 2622 2720 2665 esse
2752 2626 2765 2663 :
2804 2615 3081 2680 postremo
3105 2607 3409 2665 beatiorem
3445 2618 3574 2662 esse
3617 2604 3671 2658 in
3697 2597 3845 2656 vidui-

570 2702 769 2759 cedere
797 2718 811 2756 :
843 2701 981 2771 scit,
1014 2702 1259 2772 inquam,
1293 2702 1471 2758 varios
1504 2702 1755 2758 incursus
1782 2702 2048 2757 mentium
2084 2715 2171 2756 re-
2275 2712 2388 2759 tate
2414 2712 2438 2740 ³
2468 2703 2956 2774 Perseverantiam,
2988 2716 3097 2758 non
3124 2709 3337 2757 tantum
3362 2713 3463 2755 suo
3489 2696 3743 2763 consilio,
3769 2689 3844 2748 sed

571 2810 857 2869 pugnare;
900 2802 957 2852 et
993 2793 1120 2851 ideo
1162 2811 1337 2867 neque
1383 2796 1436 2851 in
1482 2804 1692 2851 tantum
1733 2794 2169 2852 adhortationem
2275 2797 2439 2852 etiam
2473 2795 2565 2852 Dei
2589 2793 2796 2867 Spiritu
2827 2793 3093 2850 definivit.
3119 2792 3381 2864 Quaenam
3401 2791 3572 2863 igitur
3599 2789 3721 2847 talis
3741 2800 3847 2841 coa-

570 2891 900 2965 integritatis
927 2892 1188 2958 intendit,
1215 2901 1268 2945 ut
1292 2889 1539 2947 aboleret
1559 2890 1790 2962 gratiam
1824 2891 2168 2961 nuptiarum:
2273 2888 2473 2945 siliarii
2496 2889 2887 2961 benignitatem
2916 2897 3131 2945 recuset
3153 2928 3171 2954 ,
3198 2886 3379 2957 quiet
3405 2883 3679 2941 voluntati
3707 2879 3846 2936 babe-

572 3001 751 3057 neque
776 2987 848 3041 ita
879 2986 1191 3058 coniugium
1220 2984 1457 3054 prretulit
1485 3025 1499 3049 ,
1534 2994 1592 3038 ut
1632 2983 1808 3039 studia
1842 2983 2175 3053 integritatis
2276 2998 2378 3039 nas
2407 2983 2703 3056 indulgeat,
2736 2994 2791 3040 et
2816 2982 2869 3039 id
2921 2981 3153 3038 suadeat
3179 2980 3303 3036 aliis
3332 2979 3477 3051 quod
3506 2979 3566 3034 in
3593 2993 3657 3035 se
3680 2989 3847 3046 etper-

572 3081 960 3152 exstingueret.
978 3078 1367 3136 Sedacontiue
1383 3076 2171 3149 ntimpersuasioneincipiens,
2279 3086 2364 3133 lus
2403 3076 2535 3132 utile
2571 3075 2872 3149 judicavit,
2920 3091 3028 3130 non
3070 3072 3251 3131 facilis
3289 3070 3728 3143 comprehendi,
3767 3078 3848 3123 nec

573 3174 640 3230 ad
673 3173 1080 3230 incontinentis:
1128 3172 1372 3229 remedia
1416 3171 1703 3227 descendit
1732 3188 1744 3225 :
1790 3178 1845 3227 et
1884 3186 2006 3229 cum
2048 3170 2175 3227 bra-
2199 3168 2249 3232 C
2278 3170 2596 3227 fastidiosus
2623 3170 2825 3242 aequari
2851 3169 2875 3224 ?
2903 3168 3038 3237 Qua:
3086 3168 3253 3241 igitur
3283 3166 3517 3236 refugiat
3545 3174 3730 3221 sancta
3755 3157 3848 3217 ﬁeri

575 3269 721 3323 vium
751 3283 1011 3341 superna:
1037 3267 1342 3331 vocationis
1365 3263 1681 3321 fortioribus
1708 3265 2173 3331 demonstrasset;
2277 3280 2510 3336 corpore
2531 3274 2585 3321 et
2607 3264 2833 3337 Spiritu;
2856 3280 2981 3320 cum
3010 3262 3437 3334 supralaborem
3460 3259 3535 3315 sit
3566 3255 3846 3331 praemium.

575 3360 813 3418 deficere
839 3373 1019 3418 tamen
1049 3359 1102 3415 in
1129 3360 1214 3415 via
1241 3358 1516 3414 neminem
1549 3371 1743 3429 passus
1765 3367 1849 3414 est
1876 3376 1888 3411 :
1922 3359 1995 3414 ita
2024 3358 2174 3429 plau-
2278 3375 2443 3431 supra
2470 3374 2626 3416 usum
2657 3360 2862 3431 gratia,
2891 3372 3055 3429 supra
3084 3372 3223 3428 opus
3252 3354 3517 3413 merces?

576 3455 712 3510 dens
763 3454 1079 3526 prioribus,
1128 3464 1187 3508 ut
1230 3469 1337 3509 non
1385 3452 1693 3524 despiceret
1740 3462 1797 3509 et
1843 3462 2177 3523 sequentes;
2362 3455 2453 3511 83.
2503 3455 2682 3526 Atque
2705 3453 2811 3512 hoc
2840 3455 2913 3510 ita
2940 3452 3065 3509 dico
3089 3494 3104 3519 ,
3140 3469 3250 3509 non
3281 3460 3345 3509 ut
3376 3451 3636 3524 laqueum
3667 3446 3851 3506 caeteris

2279 3548 2542 3621 injiciam,
2565 3548 2661 3606 sed
2678 3557 2736 3605 ut
2754 3548 3034 3606 commissi
3055 3547 3185 3604 niibi
3208 3546 3359 3603 ruris
3380 3547 3674 3618 operarius
3686 3556 3849 3614 agrum

2281 3642 2430 3701 hunc
2469 3643 2730 3702 Ecclesia;
2772 3643 3011 3701 fertilem
3059 3656 3314 3709 cernam,
3357 3656 3502 3697 nunc
3548 3632 3852 3711 integritatis

2280 3736 2417 3794 ﬂore
2437 3744 2782 3804 vernantem,
2806 3751 2951 3793 nunc
2972 3734 3250 3792 viduitatis
3262 3734 3530 3806 gravitate
3553 3734 3848 3806 pollentem,

2282 3848 2426 3889 nunc
2452 3834 2613 3890 etiam
2640 3831 2875 3905 coniugii
2890 3831 3155 3889 fructibus
3172 3829 3594 3887 redundantem.
3620 3827 3746 3885 Nam
3765 3821 3851 3881 etsi

2282 3923 2489 3981 diversi
2517 3966 2537 3995 ,
2582 3924 2745 3981 unius
2790 3932 2975 3981 tamen
3004 3923 3120 3995 agri
3151 3922 3358 3980 fruetus
3392 3929 3562 3979 sunt:
3600 3936 3700 3978 nec
3729 3923 3851 3973 tam:

2284 4019 2572 4076 hortorum
2603 4019 2717 4076 lilis
2737 4061 2752 4082 .
2778 4027 3000 4091 quanta
3030 4019 3213 4074 arista
3244 4025 3493 4089 segetum
3515 4060 3530 4084 ,
3563 4015 3595 4056 ι’
3623 4012 3853 4072 messium

2284 4114 2473 4184 spicae.
2499 4112 2974 4184 compluriumque
2997 4112 3169 4183 spatia
3202 4125 3518 4181 camporum
3547 4104 3855 4181 recipiendis

2284 4208 2743 4287 gosoaptantnr
2779 4205 3082 4264 seminibus
3109 4248 3126 4274 ,
3172 4220 3335 4277 quam
3381 4204 3614 4262 redditis
3663 4199 3856 4258 novales

2285 4301 2552 4357 fructibus
2580 4300 2868 4369 feriantur,

577 3548 845 3604 didicerat
889 3549 1036 3602 enim
1089 3557 1145 3602 et
1193 3547 1309 3617 ipse
1335 3587 1353 3615 ,
1386 3546 1515 3617 quia
1559 3546 1822 3603 Dominus
1865 3545 2025 3603 Jesus
2051 3545 2178 3602 aliis

578 3654 773 3710 panem
808 3639 1173 3695 hordeaceum
1218 3637 1404 3713 (Joan.
1438 3655 1511 3703 vt,
1542 3637 1577 3693 5
1606 3648 1654 3694 et
1691 3638 1850 3711 seq.),
1880 3654 1948 3696 ne
1991 3640 2045 3695 in
2092 3638 2178 3694 via

584 3732 887 3789 deficerent
912 3773 925 3796 ,
955 3732 1080 3787 aliis
1106 3747 1308 3804 corpus
1338 3747 1497 3787 suum
1526 3731 1744 3806 (Matth.
1779 3749 1927 3801 xxvr,
1956 3732 2086 3805 26),
2120 3737 2181 3788 ut

577 3824 644 3880 ad
668 3839 897 3895 regnum
918 3823 1335 3891 contenderent,
1358 3824 1711 3881 ministravit.

653 3920 744 3976 80.
780 3917 892 3976 Nec
914 3919 1178 3975 Dominus
1205 3920 1324 3990 ipsc
1348 3927 1677 3992 praeceptum
1711 3920 1987 3992 imposuit,
2016 3920 2184 3995 208

578 4014 671 4071 sed
705 4014 1043 4071 voluntatem
1073 4012 1329 4070 invitavit
1355 4031 1367 4069 :
1395 4029 1495 4071 nec
1523 4014 1816 4085 Apostolus
1848 4026 2180 4086 praeceptum

579 4108 793 4177 Statuit,
817 4106 911 4164 sed
937 4108 1225 4164 consilium
1254 4107 1406 4164 dedit
1429 4107 1474 4181 (Ι
1505 4105 1632 4162 Cor.
1661 4123 1755 4172 vu,
1786 4107 1906 4179 25).
1933 4108 2041 4164 Sed
2070 4124 2183 4163 non

575 4201 677 4259 hoc
702 4203 1000 4258 humanum
1026 4202 1339 4270 consilium,
1373 4201 1733 4258 humanarum
1758 4203 1950 4258 virium
1979 4203 2182 4260 habere

584 4310 897 4352 mensuram
929 4313 942 4350 :
975 4296 1175 4352 divina:
1221 4312 1420 4353 munus
1451 4295 1846 4353 misericordiae
1891 4296 2182 4353 conﬁtetur

587 4389 641 4445 in
685 4405 745 4446 se
782 4405 906 4446 esse
933 4389 1195 4447 collatum
1221 4409 1237 4459 ;
1283 4398 1341 4445 ut
1370 4388 1606 4445 ﬁdeliter
1634 4390 1797 4445 sciret
1832 4388 2003 4462 prima
2036 4405 2181 4461 prae-
2357 4396 2446 4451 84.
2474 4395 2623 4451 Bona
2650 4408 2783 4466 ergo
2812 4390 3071 4460 viduitas,
3107 4409 3226 4465 quae
3255 4391 3420 4450 tories
3447 4392 3764 4465 Apostolico
3787 4382 3857 4458 ju-

592 4481 770 4551 ferre,
804 4482 1042 4539 secunda
1068 4482 1383 4552 disponere.
1418 4480 1483 4537 Et
1516 4481 1641 4538 ideo
1670 4476 1950 4547 Existimo,
1983 4478 2180 4554 inquit,
2287 4490 2429 4546 dicio
2457 4487 2809 4560 prmdicatur;
2838 4488 2959 4545 haec
2980 4489 3128 4544 enim
3151 4486 3412 4559 magistra
3446 4485 3598 4554 fidei,
3630 4483 3858 4556 magistra

588 4591 696 4633 non
729 4585 914 4632 statun
940 4616 957 4643 ,
992 4575 1080 4631 sed
1111 4576 1350 4632 existimo
1387 4576 1577 4632 bonum
1610 4593 1719 4634 esse
1749 4585 1958 4649 propter
1984 4577 2187 4633 instan-
2210 4570 2264 4631 D
2289 4589 2376 4637 est
2401 4582 2695 4638 castitatis.
2725 4580 2885 4638 Unde
2907 4589 2965 4636 et
2990 4581 3065 4636 illi
3099 4580 3190 4650 qui
3214 4580 3453 4635 άοοηιιι
3475 4592 3703 4636 suorum
3727 4571 3860 4631 adol.

588 4680 686 4726 tem
717 4671 1067 4727 necessitatem
1092 4670 1286 4745 (lbid.,
1311 4671 1430 4745 26).
2293 4678 2431 4733 teria
2458 4685 2514 4732 et
2541 4676 2738 4748 probra
2769 4683 3120 4745 venerantur,
3160 4685 3182 4713 ε
3209 4674 3495 4733 caelibatus
3521 4686 3576 4732 et
3606 4669 3857 4731 viduitatis

657 4764 751 4821 81.
777 4763 898 4820 Νοιι
918 4780 1051 4837 ergo
1078 4766 1275 4836 copula
1296 4766 1553 4838 nuptialis
1581 4766 1733 4839 quasi
1754 4767 1913 4841 culpa
1939 4767 2183 4837 vitanda,
2290 4778 2534 4828 statuere
2573 4785 2785 4842 poenas;
2818 4778 2880 4826 ut
2905 4769 3089 4827 aemuli
3116 4766 3410 4827 criminum
3444 4770 3736 4826 multarent
3760 4768 3859 4821 stu-

587 4858 688 4915 sed
715 4857 870 4930 quasi
900 4861 1244 4918 necessitatis
1271 4862 1485 4917 sarcina
1512 4861 1856 4919 declinanda.
1900 4858 2011 4920 Lex
2040 4864 2187 4920 enim
2285 4863 2376 4921 dia
2402 4865 2663 4923 virtutum
2689 4882 2705 4919 ι
2733 4864 2918 4935 specie
2943 4865 3167 4936 quidem
3191 4879 3299 4936 qua
3322 4863 3710 4921 fecunditatem
3731 4871 3860 4934 qna-

587 4954 847 5010 astrinxit
880 4970 1129 5024 uxorem,
1158 4966 1219 5013 ut
1241 4957 1295 5014 in
1323 4957 1604 5014 laboribus
1626 4965 1687 5014 et
1707 4958 1771 5013 in
1792 4957 2013 5015 tristitia
2045 4958 2187 5014 filios
2289 4969 2506 5023 rerent,
2540 4959 2638 5015 sed
2679 4957 2866 5015 studio
2894 4974 3007 5030 quo
3034 4959 3381 5031 propositum
3413 4956 3675 5015 castitatis
3698 4953 3862 5012 abolec

590 5057 839 5119 generet,
864 5056 923 5106 et
950 5050 1241 5106 conversio
1266 5050 1383 5122 ejus
1404 5050 1471 5107 ad
1502 5052 1677 5107 virum
1699 5053 1793 5118 sit,
1817 5050 1961 5123 quod
1992 5053 2041 5108 ei
2071 5051 2188 5124 ipse
2290 5062 2433 5108 rent.
2460 5051 2594 5109 Nam
2616 5051 2879 5109 confectis
2902 5062 2956 5108 et
2975 5052 3134 5108 miles
3152 5050 3449 5124 stipendiis
3466 5066 3618 5107 arma
3639 5045 3859 5119 deponit,

586 5140 901 5202 dominetur
928 5138 1081 5219 (Gen.
1109 5160 1189 5212 tu,
1218 5145 1330 5216 16).
1358 5146 1496 5219 Ergo
1519 5148 1801 5206 laboribus
1820 5159 1877 5206 et
1897 5148 2185 5206 doloribus
2289 5158 2345 5205 et
2368 5149 2567 5206 relicto
2591 5148 2775 5206 ofﬁcio
2796 5147 2945 5220 quod
2974 5148 3220 5221 gerebat,
3248 5146 3323 5203 ad
3347 5147 3571 5219 propria
3591 5148 3863 5203 veteran“!

586 5237 638 5294 in
669 5239 1019 5310 generatione
1051 5238 1285 5297 filiorum
1312 5239 1582 5298 athlieitur
1607 5249 1800 5314 nupta,
1831 5255 1938 5298 non
1967 5240 2137 5297 vidua
2165 5257 2179 5296 :

589 5424 865 5489 separari;
897 5428 1102 5490 quanto
1147 5420 1316 5492 magis
1355 5435 1451 5477 eos
1500 5421 1591 5492 qui
1640 5416 1917 5477 hominem
1960 5420 2176 5491 penitus

593 5494 804 5548 evimre
830 5492 1202 5548 attentarent!

668 5573 693 5599 ³
720 5565 864 5636 Ειὶίι.
902 5578 1094 5620 omnes
1120 5578 1242 5620 cum
1274 5560 1416 5636 fell.
1464 5577 1594 5630 ms.,
1621 5568 2060 5636 perseverantem;
2098 5580 2182 5619 re-

601 5632 767 5707 liqui,
798 5637 1249 5707 perseverantiam.
1298 5633 1441 5707 Infra
1487 5632 1634 5690 vern'
1651 5634 1741 5707 ubi
1773 5632 1903 5707 Gill.
1934 5649 1997 5691 ac
2024 5635 2181 5692 Rom.

602 5703 730 5781 edin
762 5703 885 5760 cm
926 5720 1081 5781 mss,
1105 5722 1222 5781 non
1249 5705 1423 5781 facilis
1461 5704 1869 5781 comprehendi,
1911 5722 2005 5762 nec
2043 5708 2191 5781 fasti-

2291 5254 2429 5299 rura
2464 5242 2785 5309 dimittitur;
2835 5250 2894 5297 ut
2932 5248 2988 5298 et
3030 5242 3151 5313 ipse
3173 5241 3430 5297 exercitat
3456 5237 3729 5296 laboribus
3753 5230 3860 5287 vitae

2281 5422 2443 5498 facile
2454 5423 2853 5498 comprehendi,
2879 5440 2973 5478 nec
3002 5422 3288 5495 fastidieris
3309 5426 3529 5498 aquarii
3772 5484 3804 5498 ,,

2283 5486 2328 5621 'T
2353 5492 2669 5619 lilﬂessinm
2686 5486 2868 5569 apice,
2900 5486 3171 5567 reperitur
3199 5498 3251 5551 in
3279 5486 3417 5552 solis
3444 5495 3575 5553 edit.
3602 5500 3658 5550 et
3695 5486 3863 5547 codice

2334 5582 2363 5621 e
2413 5606 2426 5620 .

2367 5648 2386 5712 ς
2419 5632 2673 5712 Intelligit
2696 5639 2876 5711 legem
2903 5637 3106 5697 Iuliam
3131 5649 3296 5712 atque
3336 5637 3555 5712 Papiam
3587 5631 3862 5712 de_qaibtts

2290 5707 2415 5765 vide
2440 5706 2569 5781 quid
2585 5706 2622 5766 a
2637 5706 2794 5769 nobis
2817 5712 3167 5770 observatum
3191 5706 3275 5771 est
3299 5710 3365 5768 sd
3396 5706 3490 5767 lib.
3515 5725 3571 5767 ιιι
3596 5709 3647 5765 in
3661 5707 3866 5762 Lucam

607 5774 781 5831 diosus
819 5778 1063 5847 aquari;
1088 5774 1312 5835 Amerb.
1348 5784 1512 5849 atque
1539 5775 1694 5834 Eras.
1725 5774 2054 5849 ediderant,
2090 5796 2196 5836 non
2292 5774 2570 5838 numClS.
