4054 6306
257 252 368 329 361

1516 260 1606 318 DE
1647 250 1877 325 νιηυιε.
1903 256 2113 328 LIBER
2155 248 2360 319 UNUS.

3463 264 3575 326 263

260 378 523 448 requiem
565 387 962 451 consequatur,
1006 386 1063 433 et
1090 376 1250 445 alios,
1301 390 1405 448 spe
1429 374 1631 432 fotum
1648 376 1871 449 quietis,
1900 377 1951 437 Α
1978 375 2256 446 requiris?
2285 375 2343 433 Si
2385 376 2571 447 gravis
2602 385 2689 432 est
2713 375 2891 445 dolor,
2932 378 3376 452 subterfugienda
3406 398 3569 440 causa

260 470 569 527 subeundis
625 471 794 528 faciat
852 471 1108 543 cperibus
1163 470 1553 542 promptiores.
1613 468 1868 542 Agricola

262 580 487 636 quoque
514 567 792 625 maturior
812 572 839 605 ⁸
871 564 1226 637 torquendam
1248 564 1371 623 aliis
1398 564 1593 621 stivam
1618 564 1872 622 collimit-

267 657 332 713 Iit
358 699 372 721 .
407 668 465 715 et
490 658 726 730 juvenili
756 668 1010 732 gravatus
1039 674 1207 728 opera
1236 700 1251 725 ,
1293 658 1693 729 providentiam
1725 672 1869 712 cura:

265 752 460 808 senilis
503 753 806 823 explorat:
850 754 1012 809 vitem
1052 752 1226 808 facilis
1264 752 1495 809 tondere
1539 768 1700 824 quam
1744 769 1869 823 pre-

267 859 450 909 mere,
480 853 542 900 ut
564 845 1006 916 juvenescentem
1029 845 1299 904 luxuriam
1329 845 1624 917 reprimat,
1656 856 1709 901 et
1740 844 1872 901 ado-

265 938 570 996 lescentem
595 940 875 997 lasciviam
902 941 1040 998 falce
1066 941 1342 1009 suecidat,
1368 956 1655 1013 parcorum
1680 956 1864 1013 quam-

267 1031 392 1089 dam
434 1040 694 1105 partuum
748 1035 1054 1093 castitatem
1100 1034 1307 1093 docens
1348 1035 1512 1092 etiam
1564 1037 1618 1092 in
1669 1034 1871 1093 vitibus

269 1129 654 1199 expetendam.
1440 1196 1453 1205 ο

341 1223 432 1280 85.
463 1224 672 1282 Similis
699 1225 824 1283 huic
855 1225 1013 1283 vidua
1044 1226 1193 1284 velut
1217 1228 1460 1285 emeritis
1484 1239 1741 1285 veterana
1773 1228 1871 1284 sti-

269 1317 485 1388 pendiis
510 1320 814 1386 castitatis,
857 1320 960 1376 etsi
987 1320 1226 1394 coniugii
1267 1336 1416 1377 arma
1454 1321 1738 1391 deponat;
1771 1321 1869 1378 do-

269 1424 392 1466 mus
435 1419 618 1468 tamen
663 1415 831 1469 totius
879 1430 1067 1484 pacem
1098 1415 1413 1486 gubernat:
1456 1416 1557 1473 etsi
1605 1416 1869 1474 vehendis

270 1505 535 1563 oneribus
570 1507 746 1564 otiosa
771 1550 788 1578 ,
830 1509 1150 1567 maritandis
1182 1521 1362 1568 tamen
1400 1510 1709 1584 junioribus
1743 1529 1868 1584 pro-

274 1600 401 1657 vida
431 1618 446 1654 :
477 1601 568 1657 ubi
616 1602 798 1658 cultus
841 1601 1031 1660 utilior
1056 1647 1070 1672 ,
1106 1605 1196 1662 ubi
1246 1604 1453 1662 fruetus
1493 1605 1721 1662 uberior
1759 1607 1864 1673 sit,

269 1709 500 1767 quarum
525 1695 718 1765 copula
749 1696 951 1765 aptior,
982 1697 1139 1753 senili
1170 1698 1440 1771 gravitate
1469 1696 1737 1768 disponit.
1766 1697 1870 1756 lla-

269 1802 379 1859 que
415 1787 464 1843 si
504 1788 897 1845 maturioribus
939 1790 1121 1861 potius
1160 1806 1321 1861 quam
1360 1791 1662 1859 iunioribus
1709 1806 1864 1849 com-
1896 1772 1947 1834 Β

269 1879 506 1935 mittitur
530 1894 681 1950 ager,
706 1897 807 1938 cur
836 1891 989 1954 putes
1016 1883 1294 1939 utiliorem
1320 1892 1539 1955 nuptam
1563 1898 1686 1941 esse
1707 1901 1865 1956 quam

269 1971 541 2028 viduam?
581 1973 743 2041 Quod
783 1975 828 2030 si
876 1986 1260 2046 persecutores
1285 1977 1434 2045 ﬁdei,
1483 1989 1868 2050 persecutores

268 2065 491 2123 fuerunt
526 2066 694 2123 etiam
720 2067 1002 2126 viduitatis
1035 2088 1050 2126 :
1096 2072 1283 2142 utique
1314 2072 1477 2128 ﬁdem
1508 2074 1867 2143 sequentibus

270 2160 512 2217 viduitas
540 2176 650 2218 non
671 2177 769 2233 pro
790 2163 1059 2236 supplicio
1088 2160 1343 2237 fugienda
1372 2175 1478 2233 est,
1512 2165 1613 2224 sed
1635 2166 1865 2224 tenenda

267 2269 371 2326 pro
404 2258 648 2326 pramio.

866 2352 1099 2413 CAPUT
1135 2352 1253 2413 XV.

263 2463 464 2523 Earum
474 2467 879 2541 qrtteltberorum
904 2470 1185 2527 obtendunt
1208 2473 1543 2541 desiderium,
1560 2475 1693 2531 tollit
1707 2492 1866 2533 excu-

332 2562 591 2616 sationem
618 2577 636 2616 :
663 2563 755 2618 sed
780 2567 1044 2636 prmeipue
1066 2578 1301 2622 moratur
1328 2567 1468 2623 circa
1492 2570 1637 2636 illas,
1665 2586 1780 2641 qua:
1804 2587 1867 2626 ea:

333 2657 504 2727 priori
542 2658 788 2735 conjugio
825 2660 963 2728 ﬁlios
995 2660 1223 2729 habent;
1263 2679 1470 2737 gravem
1507 2666 1642 2720 enim
1686 2682 1864 2721 earum

332 2751 630 2805 servitutem
648 2794 663 2818 ,
696 2752 910 2824 futuras
932 2753 1069 2810 inter
1098 2756 1286 2812 liberos
1316 2757 1617 2813 inimicitias
1640 2801 1656 2825 ,
1686 2776 1864 2816 raram

329 2843 555 2914 denique
577 2846 712 2899 inter
740 2848 982 2917 conjuges
1008 2847 1151 2916 ipsos
1172 2848 1503 2904 concordiam
1528 2850 1742 2923 pulchre
1775 2852 1865 2907 de-

330 2938 517 2994 scribit
542 2955 561 2994 :
590 2949 848 3011 postremo
877 2957 939 2997 ne
966 2958 1071 3014 qua
1104 2942 1396 3015 Scriptum
1417 2944 1664 3017 exemrtlis
1686 2944 1782 3001 hac
1809 2946 1864 3001 in

328 3049 387 3088 re
412 3032 677 3101 abutatur,
709 3044 874 3089 cavet.

1971 469 2091 539 ejus
2121 480 2228 536 est,
2264 484 2373 525 non
2407 469 2663 542 petenda.

2040 562 2130 620 88.
2174 561 2309 619 Nam
2340 563 2432 620 tibi
2466 561 2599 635 quid
2631 562 2848 622 consilii
2892 566 3161 634 tribuam,
3196 584 3318 639 quae
3362 570 3567 628 liberos

1972 654 2184 712 habes?
2214 658 2344 727 Qua:
2375 657 2471 714 tibi
2502 673 2664 715 causa
2695 659 2973 715 nubendi?
3016 660 3179 717 Forte
3207 663 3449 721 levitatis
3479 682 3569 723 er-

1969 764 2082 818 ror,
2123 760 2179 806 et
2213 754 2645 822 intemperantiae
2688 769 2838 819 usus,
2872 762 2928 810 et
2957 754 3127 810 saucii
3158 756 3304 827 cogit
3334 760 3570 827 pectoris

1969 845 2325 900 conscientia.
2352 844 2459 901 Sed
2483 845 2772 902 consilium
2796 846 3013 914 sobriis,
3045 862 3151 904 non
3179 848 3348 906 ebriis
3376 850 3566 921 datur;

1970 945 2026 993 et
2068 937 2190 993 ideo
2224 938 2369 1009 apud
2400 938 2624 995 liberam
2656 940 3053 997 conscientiam
3083 941 3217 997 mihi
3248 956 3431 999 sermo
3459 955 3565 1017 est,

1969 1031 2057 1087 cui
2099 1040 2392 1104 utrumque
2442 1033 2715 1106 integrum
2757 1044 2861 1091 est.
2905 1033 3112 1091 Habeat
3159 1039 3344 1093 saucia
3392 1052 3572 1095 reme-

1969 1126 2118 1180 dium
2145 1166 2161 1192 ,
2198 1126 2423 1182 honesta
2480 1127 2789 1184 consilium.
2820 1126 2921 1194 Tu,
2954 1132 3175 1201 inquam
3203 1173 3217 1195 ,
3252 1129 3354 1186 tilia
3384 1172 3398 1199 ,
3441 1131 3569 1203 quid

1970 1220 2221 1278 moliris?
2239 1221 2353 1277 Cur
2373 1221 2624 1280 haeredes
2652 1226 2853 1295 quieris
2882 1233 3197 1293 extraneos,
3222 1240 3345 1281 cum
3368 1225 3573 1285 habeas

1972 1315 2141 1371 tuost
2168 1315 2288 1373 Non
2321 1315 2462 1375 ﬁlios
2486 1316 2773 1376 desideras
2795 1361 2811 1386 ,
2845 1334 2983 1391 quos
3010 1319 3176 1376 trabes
3202 1338 3217 1375 :
3260 1321 3354 1378 sed
3386 1323 3565 1379 servi-

1971 1419 2161 1477 tutem,
2188 1426 2353 1483 quam
2379 1427 2493 1468 non
2520 1413 2707 1470 habes.
2733 1411 2860 1470 litae
2882 1420 2967 1471 est
2990 1415 3135 1469 enim
3159 1429 3285 1471 vera
3308 1416 3565 1486 servitus,

1971 1504 2026 1560 in
2054 1518 2158 1576 qua
2194 1504 2474 1563 infractior
2500 1521 2685 1573 amor,
2723 1522 2886 1578 quem
2920 1522 3027 1564 non
3058 1507 3336 1565 deﬁorata:
3372 1512 3571 1583 pignus

1969 1598 2329 1671 virginitatis,
2358 1610 2411 1657 et
2438 1600 2593 1671 plena
2628 1602 2802 1657 sancti
2841 1601 3064 1671 pudoris
3106 1611 3159 1659 et
3204 1607 3395 1676 gratia!
3436 1612 3576 1662 mtas

1972 1692 2146 1762 prima
2189 1695 2535 1749 commendat
2570 1711 2584 1749 :
2618 1693 2711 1750 ubi
2743 1691 2945 1750 offensa
2976 1696 3227 1767 gravior,
3258 1697 3573 1769 suspectior

1972 1785 2294 1857 insolentia,
2326 1789 2617 1845 concordia
2649 1788 3063 1862 infrequentior,
3096 1807 3258 1863 quam
3286 1808 3395 1849 non
3425 1802 3565 1849 tem-

1971 1880 2199 1953 poribus
2227 1883 2449 1939 iuolitus
2478 1897 2654 1952 amor,
2687 1900 2792 1940 non
2823 1886 3008 1958 vigens
3040 1887 3200 1943 annis
3231 1886 3402 1943 forma
3435 1903 3572 1944 con-

1974 1972 2142 2031 ciliat.
2185 1972 2407 2032 Molesta
2443 1976 2615 2048 pietas
2639 2020 2654 2047 ,
2696 1975 2722 2015 ἀ
2759 1987 2815 2033 ut
2843 1993 3028 2035 amare
3078 1979 3281 2037 liberos
3318 1992 3567 2050 metuas,

1969 2071 2217 2139 aspicere
2245 2068 2451 2127 liberos
2476 2070 2804 2138 erubescas;
2834 2080 2999 2144 atque
3022 2072 3148 2130 inde
3169 2074 3379 2130 oriatur
3403 2089 3571 2131 causa

1969 2161 2446 2235 diseordim,unde
2472 2165 2616 2221 solet
2642 2175 2859 2220 mutuus
2889 2178 3042 2221 amor
3072 2166 3311 2221 mulcere
3337 2163 3570 2223 adactus

1969 2263 2279 2324 parentum.
2313 2254 2589 2311 Generare
2619 2255 2825 2313 liberos
2850 2256 2956 2323 vis,
2982 2271 3090 2312 non
3118 2259 3315 2313 fratres
3354 2256 3569 2315 futuros

1971 2357 2211 2416 tuorum,
2242 2346 2341 2403 sed
2364 2346 2715 2405 adversarios
2744 2348 3001 2406 ﬁliorum.
3034 2348 3173 2417 Quid
3206 2355 3291 2406 est
3320 2365 3455 2423 ergo
3479 2366 3573 2423 ge-

1971 2457 2168 2498 nerare
2197 2440 2336 2498 alios
2366 2441 2573 2500 liberos
2596 2484 2611 2510 ,
2642 2440 2751 2499 nisi
2794 2443 3033 2514 spoliare
3059 2456 3194 2515 quos
3234 2443 3405 2502 babes
3431 2444 3571 2503 libeo

1969 2551 2060 2592 ros
2091 2553 2105 2590 :
2132 2536 2331 2608 quibus
2359 2538 2565 2607 pariter
2593 2532 2917 2593 auferuntur
2943 2540 2999 2593 et
3029 2537 3253 2609 pietatis
3280 2537 3482 2608 ofﬁcia,
3515 2546 3570 2595 et

1968 2628 2290 2701 rumpendia
2315 2628 2636 2687 facultatum
2661 2631 2685 2686 ?

2040 2723 2130 2780 89.
2173 2722 2285 2779 Lex
2316 2721 2497 2779 divina
2528 2722 2743 2781 caelesti
2770 2724 2915 2781 inter
2940 2740 3003 2782 se
3030 2725 3292 2798 coniuges
3335 2728 3572 2784 auctori-

1972 2825 2082 2873 tate
2128 2815 2499 2887 constrinxit,
2541 2827 2596 2876 et
2640 2814 2868 2876 difficile
2912 2829 3095 2878 manet
3136 2832 3357 2877 mutuus
3385 2835 3564 2879 amor.

1970 2909 2117 2967 Tulit
2143 2910 2289 2967 enim
2327 2923 2537 2968 costam
2567 2911 2636 2969 de
2666 2915 2784 2968 viro
2810 2954 2826 2982 ,
2859 2924 2915 2970 et
2962 2912 3217 2971 formavit
3263 2914 3520 2973 feminam
3548 2932 3564 2984 ;

1970 3013 2028 3060 ut
2056 3002 2165 3062 sibi
2192 3018 2287 3062 eos
2330 3004 2561 3062 invicem
2588 3006 2892 3079 copularet,
2925 3007 3154 3065 dicens:
3184 3006 3257 3064 Et
3283 3020 3433 3065 erunt
3462 3010 3570 3066 duo

1968 3100 2021 3154 in
2048 3116 2202 3155 carne
2231 3116 2337 3155 una
2360 3099 2516 3175 (Gen.
2549 3116 2609 3170 η,
2632 3100 2748 3174 24).
2779 3100 2897 3158 Non
2931 3101 3034 3159 hoc
3057 3101 3127 3159 de
3155 3103 3442 3173 secundis,
3471 3103 3571 3161 sed

270 3156 273 3163 ί
327 3174 423 3230 86.
464 3172 572 3231 Sed
615 3173 851 3231 fortasse
891 3175 1167 3248 aliquibus
1213 3189 1440 3250 propter
1487 3179 1864 3251 suscipiendos

1972 3192 2160 3264 primis
2191 3156 2393 3266 nuptiis
2419 3188 2590 3263 dixit;
2624 3209 2799 3267 neque
2828 3195 2971 3251 enim
3002 3195 3111 3251 Eva
3149 3196 3446 3253 secundum
3478 3212 3567 3253 ac-

254 3268 471 3325 tiberos
511 3268 761 3340 coniugia
809 3269 1056 3326 iteranda
1086 3271 1399 3328 videantur.
1441 3272 1599 3340 Quod
1635 3274 1683 3329 si
1723 3274 1863 3330 lilio-

264 3374 390 3418 rum
419 3361 661 3418 studium
684 3377 853 3419 causa
879 3364 1118 3421 nubendi
1150 3374 1255 3431 est,
1297 3366 1485 3439 utique
1520 3368 1611 3425 ubi
1640 3377 1725 3426 est
1748 3368 1867 3424 fru-

261 3463 391 3512 ctus
412 3455 837 3526 ﬁliorum,causs
859 3473 971 3515 non
984 3474 1044 3514 su
1052 3462 1195 3532 ppeti
1206 3459 1276 3516 ι.δ
1293 3462 1630 3534 Quamquam
1643 3462 1871 3534 cuiusce

257 3549 484 3607 consilii
524 3550 593 3607 sit
636 3552 847 3610 iterum
876 3555 1123 3625 experiri
1150 3554 1298 3613 velle
1344 3555 1544 3612 frustra
1598 3564 1863 3613 tenariam

250 3641 678 3712 fecunditatem,
722 3654 820 3703 aut
843 3648 1050 3717 subire,
1088 3662 1250 3721 quam
1284 3649 1579 3721 pertuleris
1609 3691 1624 3719 ,
1659 3651 1863 3707 orbita-

252 3738 415 3795 tem?
444 3738 574 3795 Haec
600 3742 747 3797 enim
776 3742 1013 3799 iterandi
1038 3756 1205 3800 causa
1233 3754 1317 3801 est
1347 3744 1493 3801 ﬁlios
1521 3760 1632 3801 non
1657 3744 1863 3803 baben-

250 3832 428 3888 tibus.

325 3925 423 3983 87.
456 3926 605 3999 Ergo
622 3924 712 3984 illa
740 3944 862 4001 qua
883 3929 1091 3987 liberos
1114 3932 1359 4001 suscepit
1379 3939 1434 3989 et
1450 3930 1691 4003 perdidit
1714 3933 1859 4005 (cum

247 4022 375 4092 ipsa
404 4023 554 4078 enim
584 4023 761 4094 major
780 4026 1085 4090 contentio,
1115 4038 1237 4097 qm
1258 4041 1410 4097 spem
1431 4028 1731 4098 generandi
1761 4028 1858 4083 ba.

246 4116 397 4190 bet),
420 4117 538 4186 illa,
556 4118 802 4190 inquam,
827 4134 1011 4177 nonne
1036 4121 1147 4177 sibi
1171 4121 1408 4191 videtur,
1444 4123 1595 4179 inter
1620 4123 1737 4194 ipsa
1768 4137 1858 4181 re-

244 4214 563 4286 petitarum
594 4214 797 4272 findere
813 4216 1151 4285 nuptiarum,
1178 4217 1515 4274 amissorum
1531 4217 1701 4291 2m
1723 4233 1859 4290 prae.

244 4316 451 4364 texere
472 4306 670 4364 funera
696 4306 979 4365 ﬁliorum?
1008 4309 1197 4367 Nonne
1224 4310 1433 4367 iterum
1459 4324 1684 4383 passura
1714 4311 1857 4384 quod

245 4400 479 4471 repetit,
510 4408 569 4456 et
596 4400 667 4456 ad
689 4401 849 4471 ipsos
867 4408 893 4441 α
920 4412 1175 4459 votorum
1209 4405 1466 4471 tumulos,
1501 4408 1854 4476 excepturum

240 4494 557 4551 orbitatem
590 4494 863 4568 isnagines
888 4539 903 4567 ,
939 4497 1304 4555 lamenton
1330 4501 1592 4572 strepitus
1626 4498 1857 4572 perhor-

244 4586 474 4644 rescit?
522 4586 629 4645 Vel
666 4604 790 4645 cum
839 4590 1091 4647 accensis
1135 4590 1413 4648 funalibus
1455 4608 1560 4649 nox
1595 4592 1812 4650 ducitur
1836 4637 1851 4662 ,
1882 4575 1944 4637 Ῑ)

243 4694 443 4736 nonne
469 4694 686 4752 pompa:
711 4680 961 4739 funebris
986 4686 1277 4755 exsequias
1300 4684 1472 4757 magis
1500 4695 1668 4757 putat,
1692 4703 1853 4759 quam

243 4771 557 4829 thalamum
582 4778 911 4846 prmparari?
936 4777 1049 4833 Cur
1072 4778 1256 4849 igitur,
1282 4778 1414 4846 ﬁlia,
1444 4779 1662 4837 dolores
1684 4785 1857 4855 magis

242 4881 397 4939 quos
413 4867 596 4938 times,
616 4872 849 4942 repetis;
867 4882 1033 4942 quam
1057 4870 1198 4928 ﬁlios
1220 4888 1357 4945 quos
1374 4872 1487 4945 iam
1511 4890 1617 4931 non
1639 4890 1852 4950 speras,

323 5046 352 5075 ι
380 5038 511 5094 llas.
544 5036 861 5106 eor-pluteis
881 5078 897 5104 ,
938 5037 1225 5108 torquenda
1259 5038 1381 5095 aliis
1414 5042 1593 5096 aestiva
1619 5046 1859 5100 commit-

245 5111 411 5183 tit.<...
439 5112 599 5183 uitem.
616 5110 827 5183 facilius
848 5120 922 5165 est
952 5111 1181 5175 tondere,
1209 5120 1316 5167 etc.
1353 5113 1662 5183 Perpsram.

324 5180 358 5221 ι’
396 5182 555 5236 Pauci
588 5197 742 5245 mss,
770 5180 1093 5252 Quamquam
1122 5184 1327 5238 consilii
1352 5180 1566 5241 non'sit.

332 5265 359 5293 α
396 5252 534 5309 Teii.
566 5253 689 5308 cod.
720 5261 777 5308 et
803 5254 1048 5324 quaedam
1082 5256 1211 5310 edit.
1255 5255 1450 5323 Paris.,
1501 5267 1736 5315 uotorum
1768 5269 1853 5315 tu-

250 5326 479 5382 multus.
521 5329 681 5384 Maio.
728 5328 870 5384 Intra
914 5339 1096 5385 autem
1122 5328 1213 5383 ubi
1254 5330 1387 5385 edit.
1422 5332 1627 5386 eaedem
1650 5333 1850 5398 Paris.,

252 5400 493 5474 accensis
518 5401 838 5469 fuitesalihus
856 5438 874 5467 ,
903 5413 958 5461 et
988 5415 1121 5457 mss.
1154 5401 1365 5470 aliquot
1383 5444 1403 5472 ,
1432 5402 1726 5472 funabulis;
1755 5419 1854 5474 ap-

256 5473 589 5545 tiusreliqui
612 5488 764 5545 mss.
796 5484 851 5529 et
878 5474 1330 5545 edit.,ffunolibus
1357 5517 1374 5542 ,
1411 5476 1462 5531 id
1504 5484 1588 5531 est
1608 5517 1623 5541 ,
1654 5473 1860 5532 facibus

250 5543 527 5618 confectis
543 5560 574 5602 e
600 5544 816 5601 tinnibus
840 5545 957 5616 pice
983 5542 1156 5613 illitis,
1179 5546 1374 5618 quibus
1400 5546 1453 5604 in
1478 5546 1759 5605 funeribus
1784 5547 1861 5603 uti

252 5617 393 5672 olim
420 5619 587 5672 muris
610 5622 748 5675 om

325 5686 356 5762 Si
386 5688 640 5762 Plerique
668 5703 827 5755 mss,
851 5698 911 5744 ut
930 5704 1109 5762 ansere
1129 5688 1319 5747 fidem
1716 5690 1853 5747 inde

249 5761 386 5817 solet
416 5761 625 5816 mutuos
645 5762 896 5830 mulcere,
926 5768 1033 5819 etc.
1067 5761 1243 5819 Minus
1269 5763 1578 5827 commode.

1962 3288 2110 3358 cepit
2135 3287 2336 3353 virum,
2367 3301 2547 3358 neque
2573 3296 2763 3344 sancta
2797 3286 3039 3343 Ecclesia
3071 3289 3370 3345 secundum
3399 3302 3568 3361 agno-

1963 3380 2042 3434 vit
2071 3380 2247 3434 virum
2278 3396 2291 3434 :
2325 3379 2723 3435 Sacramentum
2753 3379 2888 3435 enim
2925 3379 3062 3435 illud
3090 3396 3335 3455 magnum
3361 3386 3441 3437 est
3462 3424 3476 3449 ,
3511 3382 3565 3437 in

1963 3471 2170 3528 Christo
2195 3482 2244 3528 et
2273 3472 2327 3528 in
2358 3470 2589 3529 Ecclesia
2616 3470 2835 3548 (Ep/res.
2869 3491 2920 3544 v,
2953 3474 3042 3547 52)
3070 3493 3085 3543 ;
3119 3486 3173 3533 et
3213 3476 3339 3533 ideo
3369 3485 3558 3534 custo-

1963 3562 2224 3621 diendum
2254 3576 2357 3622 est.
2390 3564 2499 3623 Sed
2542 3582 2719 3638 neque
2747 3566 2897 3624 lsaac
2925 3568 3087 3624 aliam
3127 3580 3328 3642 praeter
3355 3569 3570 3628 Rebec-

1963 3674 2081 3715 eam
2112 3660 2273 3716 scivit
2302 3675 2526 3716 uxorem
2557 3658 2716 3730 (Gen.
2760 3677 2906 3730 xxiv,
2940 3661 3035 3735 67)
3060 3703 3075 3731 ,
3124 3671 3148 3701 ε
3186 3676 3362 3736 neque
3388 3662 3565 3719 Abra-

1965 3751 2091 3808 ham
2108 3762 2321 3824 patrem
2348 3767 2475 3811 cum
2505 3754 2608 3811 alia
2640 3753 2749 3811 nisi
2772 3753 2915 3813 Sara
2929 3752 3186 3829 sepelivit
3207 3771 3383 3814 uxore
3407 3754 3563 3830 (Gen.

1965 3860 2097 3914 xxv,
2129 3845 2244 3919 40').

2034 3938 2123 3996 90.
2159 3938 2295 3995 Nam
2329 3939 2382 3995 in
2416 3947 2606 3996 sancta
2652 3940 2857 3999 Rachel
2901 3944 3079 4013 magis
3116 3942 3287 4012 ﬁgura
3320 3943 3567 4016 mysterii

1962 4029 2087 4099 fuit,
2118 4045 2280 4103 quam
2310 4030 2446 4088 ordo
2474 4032 2708 4114 conjugii
2743 4030 2896 4107 (Gen.
2927 4049 3053 4089 xxix
3074 4075 3088 4100 ,
3115 4033 3187 4090 28
3217 4045 3265 4090 et
3301 4037 3456 4107 πᾳ).
3501 4035 3575 4092 lit-

1961 4133 2141 4182 tamen
2187 4126 2240 4180 in
2270 4130 2339 4181 ea
2375 4136 2594 4196 quoque
2623 4122 2886 4181 habemus
2907 4168 2922 4188 ,
2954 4125 3101 4197 quod
3141 4127 3211 4181 ad
3238 4127 3405 4197 primi
3428 4138 3564 4182 con-

1959 4219 2095 4293 jugii
2144 4221 2372 4291 gratiam
2433 4216 2641 4275 referre
2700 4219 3016 4290 possimus;
3074 4219 3123 4274 si
3176 4228 3337 4291 quam
3389 4219 3569 4291 primo

1962 4328 2219 4384 sponsam
2251 4312 2476 4380 habuit,
2506 4312 2626 4385 plus
2656 4311 2881 4379 amavit,
2918 4327 3019 4368 nec
3047 4311 3197 4369 fraus
3224 4313 3460 4370 exclusit
3485 4312 3569 4368 af-

1961 4404 2166 4464 fectum
2194 4448 2209 4474 ,
2246 4420 2349 4463 nec
2392 4420 2607 4477 sponsa
2653 4420 2901 4462 amorem
2940 4406 3180 4477 conjugii
3221 4405 3565 4463 interventus

1960 4501 2225 4559 abolevit.
2274 4499 2463 4573 Itaque
2521 4509 2743 4557 sanctus
2799 4496 3112 4571 patriarcha
3187 4510 3287 4555 nos
3338 4500 3517 4557 decuit
3549 4543 3564 4568 ,

1962 4605 2223 4671 quantum
2253 4596 2469 4654 deferre
2500 4597 2690 4668 primis
2714 4597 2920 4669 nuptiis
2945 4595 3265 4663 debeamus,
3297 4612 3420 4653 cum
3449 4606 3569 4653 tan-

1967 4703 2078 4749 tum
2107 4694 2295 4764 primis
2325 4692 2671 4764 sponsalibus
2700 4694 2817 4763 ipse
2842 4691 3126 4750 detulerit.
3149 4692 3353 4751 Cavete
3380 4694 3564 4767 igitur,

1964 4787 2108 4855 ﬁliae,
2144 4802 2212 4843 ne
2242 4796 2297 4843 et
2322 4786 2553 4858 gratiam
2594 4786 2907 4859 nuptiarum
2934 4797 3123 4846 tenere
3150 4790 3436 4861 uequeatis
3458 4829 3472 4855 ,
3508 4794 3563 4844 et

1964 4884 2247 4943 molestias
2277 4884 2541 4957 augeatis.

2043 5054 2068 5083 ο
2095 5044 2249 5099 Erae.
2282 5054 2351 5097 ac
2371 5040 2500 5098 Gill.
2529 5042 2591 5099 in
2617 5051 2791 5109 textu,
2823 5053 2885 5100 et
2913 5059 3038 5100 cum
3062 5044 3179 5101 illis
3216 5045 3377 5101 non.
3406 5044 3567 5114 sdit.,

1964 5131 2128 5187 neque
2155 5114 2418 5170 Abraham
2444 5126 2593 5187 pater
2616 5116 2778 5171 aliam
2800 5157 2817 5183 ,
2847 5117 2949 5172 nisi
2972 5133 3099 5173 cum.
3124 5118 3349 5183 Soram;
3373 5116 3557 5182 Rom.,

1962 5186 2064 5245 nisi
2097 5187 2307 5258 Soram,
2336 5186 2567 5258 sepeliuit
2591 5203 2822 5244 uxorem.
2858 5187 2915 5242 In
2948 5203 3120 5258 marg.
3152 5204 3303 5252 vero,
3337 5188 3477 5241 sicut
3508 5196 3565 5243 et

1962 5260 2185 5316 Arnerb.
2220 5256 2274 5313 in
2304 5256 2452 5312 textu
2483 5274 2607 5314 cum
2652 5275 2784 5313 mss.
2826 5256 3089 5314 omnibus
3126 5268 3369 5314 nostram
3411 5258 3567 5313 exhi-

1961 5330 2091 5389 bent
2119 5331 2428 5386 lectionem.
2454 5329 2611 5397 Quod
2631 5341 2808 5385 antem
2839 5343 2957 5398 pro,
2985 5331 3039 5383 in
3062 5339 3241 5383 senem
3267 5327 3565 5387 Rochet....

1959 5403 2017 5459 in
2041 5418 2104 5459 ea
2129 5418 2335 5474 quoque
2357 5443 2379 5467 ,
2412 5410 2551 5469 etc.,
2577 5402 2711 5457 edit.
2743 5401 2905 5474 item.
2930 5400 3111 5474 posuit
3131 5442 3148 5464 ,
3177 5401 3232 5455 in
3256 5410 3437 5474 saneto
3462 5399 3564 5474 ζα-

1966 5469 2154 5530 coh....
2179 5475 2230 5529 in
2246 5469 2320 5528 'eo
2344 5490 2567 5545 quoque,
2587 5483 2698 5545 etc.
2720 5491 2734 5529 :
2760 5473 2863 5526 hoc
2882 5469 3255 5545 perin_de_cum
3281 5471 3399 5523 aliis
3418 5472 3556 5545 erit.

1969 5557 2133 5616 atque
2171 5560 2296 5616 cum
2327 5539 2472 5605 mss;
2494 5544 2748 5599 omnibus
2773 5550 2993 5616 pugnat.
3022 5539 3349 5616 Sed_tam_en
3380 5543 3562 5616 ιεῐῄιίρεί

1969 5612 2227 5674 dictionis
2249 5613 2434 5683 Iacob,
2455 5623 2710 5693 qumante
2739 5612 3565 5693 verbum‘antarituugbipteiligis

1971 5700 2081 5758 tur,
2105 5702 2361 5746 sensuum
2386 5679 2542 5759 paulo
2562 5683 2943 5742 obscurioreut
2964 5679 3217 5742 Iovium
3242 5679 3561 5744 diffitemur.
