4054 6306
170 6032 395 6111 ’ρἯ

453 270 565 328 263
1812 262 2060 322 SANCTI
2097 260 2421 322 AMBROSII

856 530 981 614 IN
1054 526 1511 613 LIBRUM
1583 524 1743 610 DE
1797 524 2587 611 VIRGINITATE
2659 525 3376 613 ADMONITIO.

1946 699 2265 713 —————.——_.

537 806 750 864 iluncce
771 815 1055 863 tractatum
1079 822 1111 860 a
1139 803 1271 860 libro
1291 803 1441 859 tertio
1468 801 1538 859 de
1580 800 1897 872 Virginibus
1919 842 1932 865 ,
1961 801 2176 874 quicum
2203 799 2452 857 hactenus
2482 818 2597 856 eum
2620 802 2871 859 editiones
2910 818 3087 860 omnes
3116 804 3526 877 conjunxerant,
3557 820 3785 877 separa-

455 903 652 970 vimus;
676 902 762 969 iis,
794 911 849 955 ut
877 906 1172 970 opinamur,
1202 898 1413 953 adducti
1439 898 1730 962 momentis,
1755 914 1869 969 qua:
1892 914 1995 953 non
2026 898 2192 969 magis
2217 897 2568 952 distinctionis
2599 899 2758 970 hujus
2788 900 3145 956 necessitatem
3171 902 3348 972 palam
3376 901 3595 972 faciant,
3623 918 3787 971 quam

467 1006 573 1052 tam
598 1005 795 1067 aperta:
817 1010 879 1049 ac
908 993 1065 1049 simul
1089 993 1289 1047 tantdiu
1315 1008 1415 1046 non
1458 990 1795 1062 deprehensa:
1824 992 2147 1064 confusionis
2175 992 2429 1047 incutiant
2456 993 2874 1050 admirationem.
2902 993 3062 1049 Enim
3097 1013 3215 1051 vero
3246 995 3303 1051 in
3340 996 3542 1051 cunctis
3570 998 3790 1053 omnino

472 1089 847 1160 manuscriptis
870 1086 1005 1144 idem
1026 1084 1115 1141 ille
1142 1086 1321 1140 tertius
1342 1085 1469 1139 liber
1493 1086 1562 1139 de
1591 1084 1909 1156 Virginibus
1926 1126 1941 1150 ,
1967 1085 2047 1140 his
2074 1085 2201 1155 ipsis
2222 1086 2406 1156 quibus
2429 1103 2547 1141 eum
2567 1086 2976 1156 terminavimus,
3008 1089 3173 1145 verbis
3197 1089 3383 1161 ﬁnitur
3405 1105 3424 1145 :
3449 1107 3542 1146 nec
3567 1108 3673 1146 non
3704 1091 3793 1147 di-

460 1185 655 1241 stincta
685 1181 1039 1237 commentatio
1066 1196 1169 1234 non
1192 1179 1362 1235 solum
1398 1178 1586 1248 ubique
1607 1179 1793 1250 incipit
1820 1180 1875 1234 in
1907 1195 2025 1234 eum
2055 1179 2266 1234 modum
2302 1195 2321 1234 :
2356 1179 2552 1236 Nobile
2581 1181 2724 1252 apud
2763 1192 2978 1239 veteres
3003 1223 3019 1249 ,
3049 1193 3175 1251 etc.;
3197 1200 3375 1240 verum
3401 1186 3557 1241 etiam
3584 1186 3705 1260 ipsa
3731 1186 3791 1240 in

470 1279 731 1353 plerisque
751 1294 813 1332 ex
834 1275 1017 1331 iisdem
1037 1275 1145 1329 illis
1167 1273 1429 1329 codicibus
1459 1272 1751 1346 proximam
1773 1280 1892 1344 post
1917 1271 2105 1327 librum
2127 1272 2196 1329 dc
2229 1272 2416 1330 Viduis
2438 1274 2612 1330 sedem
2632 1273 2851 1331 obtinet.
2886 1274 3085 1330 Deinde
3105 1277 3321 1345 ipsemet
3348 1277 3655 1334 Ambrosius
3677 1295 3791 1332 me-

469 1382 673 1426 morato
702 1370 833 1425 libro
861 1367 931 1424 de
956 1367 1269 1439 Virginibus
1297 1368 1454 1436 ﬁnem
1482 1375 1755 1437 postquam
1783 1366 1849 1421 de
1867 1376 2047 1422 sancta
2077 1365 2297 1441 Pelagia
2325 1409 2342 1435 ,
2373 1369 2583 1439 ejusque
2602 1379 2767 1424 matre
2785 1386 2848 1424 ac
2873 1369 3137 1426 sororibus
3161 1374 3345 1444 egisset
3368 1415 3382 1438 ,
3410 1372 3504 1429 abs
3529 1390 3589 1430 se
3616 1375 3795 1442 impo-

466 1466 691 1522 nendum
717 1464 840 1519 satis
868 1463 1212 1528 indicaverat,
1239 1462 1310 1515 ibi
1340 1460 1542 1515 locutus
1568 1462 1623 1514 in
1655 1461 1749 1515 illa
1779 1461 1935 1516 verba
1955 1477 1975 1516 :
1998 1460 2117 1517 Jam
2144 1461 2211 1517 ad
2242 1460 2407 1518 ﬁnem
2435 1462 2706 1519 orationis
2729 1465 2847 1520 vela
2879 1464 3167 1535 pandenti,
3201 1476 3297 1522 etc.
3321 1467 3463 1542 (Lib.
3491 1484 3549 1527 ιιι
3568 1469 3634 1524 de
3664 1469 3796 1525 Vir-

478 1559 587 1633 gin.
618 1574 668 1614 c.
689 1558 745 1625 7,
772 1572 917 1612 num.
943 1554 1038 1628 52)
1064 1571 1080 1622 ;
1106 1556 1247 1629 quod
1266 1553 1497 1625 profecto
1529 1571 1805 1626 numquam
1836 1555 2070 1620 dixisset,
2095 1556 2141 1610 si
2166 1555 2578 1627 disputationem
2605 1557 2763 1613 talium
2783 1576 2841 1614 ea
2864 1571 3012 1630 parte
3035 1578 3151 1633 qua:
3158 1565 3279 1636 jam
3305 1566 3482 1621 eodem
3506 1566 3638 1622 libro
3660 1585 3790 1641 per-

466 1663 691 1710 tractata
712 1657 906 1725 fuerat,
938 1650 1104 1706 multo
1132 1648 1416 1723 longiorem
1443 1648 1711 1704 subtexere
1744 1649 2115 1705 constituisset.
2147 1647 2229 1702 Ad
2255 1651 2364 1705 [nec
2397 1648 2607 1704 minime
2628 1650 2847 1707 obscura
2871 1662 2945 1707 est
2966 1669 3082 1708 cum
3120 1654 3175 1709 in
3200 1667 3506 1729 argumento
3526 1698 3545 1726 ,
3588 1669 3702 1715 tum
3732 1660 3793 1716 in

464 1749 676 1805 dicendi
703 1748 909 1804 ratione
953 1744 1339 1815 discrepantia;
1366 1758 1528 1814 neque
1563 1741 1701 1796 enim
1727 1750 1832 1796 toto
1863 1742 1959 1798 hoc
1986 1758 2140 1812 opere
2176 1741 2541 1798 Mareellinam
2572 1760 2801 1799 sororem
2837 1762 3055 1815 usquam
3094 1746 3379 1820 alloquitur
3401 1790 3418 1817 ,
3456 1752 3551 1807 sed
3598 1753 3794 1826 ubique

470 1845 633 1918 ferme
659 1843 885 1916 virgines
906 1884 921 1909 ,
953 1840 1217 1896 interdum
1247 1849 1416 1893 tamen
1442 1837 1603 1892 etiam
1641 1835 1857 1902 viduas,
1883 1835 2159 1890 universim
2200 1834 2495 1906 compellat.
2529 1832 2805 1892 Postremo
2839 1837 2981 1892 locus
3010 1838 3222 1910 quidam
3247 1856 3274 1895 e
3293 1840 3428 1897 libro
3446 1842 3519 1899 de
3550 1843 3745 1903 Viduis
3765 1890 3785 1913 ,

477 1956 629 2013 quem
656 1946 859 1993 constat
882 1934 1027 1991 libris
1055 1932 1126 1990 de
1156 1931 1471 2003 Virginibus
1491 1929 1827 2001 posteriorem
1849 1944 1983 1997 esse,
2011 1939 2189 2001 aperte
2214 1930 2474 1984 indicatur
2500 1929 2557 1985 in
2585 1930 2679 1986 hac
2710 1932 2882 2004 apella
2909 1930 3050 2005 (Lib.
3099 1933 3165 1989 de
3194 1932 3376 1992 Viduis
3403 1953 3520 2010 cap.
3549 1937 3606 2007 8,
3635 1957 3786 1997 num.

468 2032 602 2104 46);
633 2031 773 2103 quod
797 2045 914 2084 cum
940 2043 1042 2083 non
1066 2024 1256 2100 fugerit
1291 2023 1556 2080 Romanos
1583 2021 1805 2077 editores
1824 2065 1838 2089 ,
1877 2022 2069 2077 mirum
2095 2038 2219 2077 sane
2242 2032 2317 2078 est
2338 2021 2770 2093 quemadmodum
2804 2024 3087 2081 absurdam
3126 2025 3275 2083 illam
3306 2028 3628 2087 diuersorum
3664 2049 3798 2105 ope-

462 2139 582 2179 rum
602 2121 1009 2194 compactionem
1035 2134 1141 2173 non
1168 2117 1504 2172 adverterint.
1534 2112 1603 2170 Ut
1625 2130 1739 2169 vero
1760 2113 1940 2168 eadem
1960 2114 2054 2184 fiat
2083 2113 2294 2183 clarior,
2326 2114 2486 2187 paulo
2506 2114 2754 2170 attentius
2778 2114 3015 2187 singulas
3034 2116 3193 2191 hujus
3215 2121 3385 2192 operis
3404 2132 3578 2194 partes
3607 2124 3794 2180 discu-

469 2212 683 2269 tiamus.
3498 2279 3507 2289 .

540 2309 777 2365 Exorsus
804 2324 837 2362 a
859 2305 1187 2363 celeberrimo
1211 2304 1307 2360 illo
1330 2301 1631 2360 Salomonis
1644 2300 1852 2373 judicio
1874 2301 1953 2357 vir
1974 2312 2187 2358 sanctus
2216 2302 2487 2374 mysticam
2508 2302 2622 2374 ejus
2641 2302 3037 2376 intelligentiam
3056 2305 3289 2363 declarat
3307 2308 3461 2383 (Cap.
3490 2311 3544 2380 1,
3573 2328 3725 2367 num.
3762 2314 3786 2369 1

464 2412 513 2459 et
537 2399 695 2474 seq.).
736 2401 973 2456 Attamen
1006 2408 1065 2454 ut
1089 2401 1349 2471 fateamur
1371 2395 1513 2467 quod
1534 2412 1616 2452 res
1642 2406 1739 2465 est,
1767 2395 1951 2466 prima:
1976 2396 2095 2451 huic
2125 2396 2264 2467 parti
2299 2411 2417 2450 cum
2444 2396 2642 2467 reliqua
2670 2397 3043 2455 lucubrationis
3067 2401 3200 2457 serie
3232 2418 3337 2458 non
3374 2404 3596 2459 multum
3620 2406 3794 2462 inter-

470 2498 605 2555 cedit
629 2495 972 2570 cognationis.
1002 2491 1199 2550 Postea
1216 2489 1444 2563 Jephthe
1472 2490 1754 2562 sacrificio,
1780 2490 1916 2561 quod
1938 2489 2038 2544 sibi
2064 2489 2364 2560 neutiquam
2401 2488 2611 2561 probari
2635 2490 2929 2563 profitetur,
2960 2490 3224 2565 eleganter
3248 2495 3509 2567 descripto
3541 2495 3698 2570 (Cap.
3731 2499 3794 2567 2,

481 2609 626 2650 num.
657 2593 692 2648 5
723 2600 768 2646 et
798 2587 958 2661 seq.).
984 2587 1159 2644 subdit
1184 2585 1367 2641 mirari
1387 2599 1441 2640 se
1462 2584 1596 2655 quod
1626 2582 1841 2655 virginis
1869 2583 1981 2638 neci
2009 2582 2098 2654 qui
2122 2598 2177 2637 se
2206 2592 2487 2653 apponeret
2521 2580 2673 2655 (Cap.
2703 2583 2737 2640 '5
2758 2624 2776 2650 ,
2816 2600 2960 2639 num.
2993 2584 3115 2656 10),
3164 2587 3401 2644 inventus
3431 2607 3535 2645 non
3556 2591 3667 2646 sit:
3695 2592 3799 2647 sibi

477 2703 597 2744 vero
624 2686 761 2758 quod
788 2683 1002 2756 uirginis
1030 2682 1237 2755 nuptias
1264 2679 1476 2735 illicitas
1509 2678 1850 2750 prohibuerit,
1883 2693 2032 2733 nemo
2049 2693 2152 2732 non
2178 2676 2443 2733 obtrectet.
2476 2676 2615 2732 Hinc
2644 2687 2748 2731 tam
2776 2694 2949 2748 suam,
2972 2694 3126 2748 quam
3156 2679 3425 2756 virginalis
3454 2684 3684 2740 instituti
3702 2686 3798 2740 de-

466 2778 752 2851 fensionem
795 2789 1068 2849 aggressus
1096 2770 1287 2841 (Num.
1319 2770 1432 2843 11),
1461 2769 1659 2840 factum
1687 2768 1898 2840 quidem
1924 2784 2073 2824 suum
2103 2768 2426 2836 potissimum
2452 2777 2626 2823 tuetur
2667 2769 2903 2842 exemplo
2933 2767 3286 2830 Prtecursoris
3311 2791 3332 2831 :
3359 2776 3642 2849 virgineam
3670 2794 3798 2835 vero

463 2873 811 2929 conditionem
835 2867 954 2924 inde
983 2866 1175 2922 attollit
1198 2862 1388 2938 (Num.
1424 2864 1511 2930 14,
1538 2862 1605 2919 15
1631 2870 1678 2917 et
1706 2858 1838 2934 seq.)
1860 2902 1876 2929 ,
1908 2860 2046 2931 quod
2073 2859 2313 2916 Christus
2340 2860 2560 2934 virgines
2589 2861 2773 2925 quibus
2800 2862 3054 2918 redivivus
3096 2864 3318 2934 primum
3348 2882 3650 2938 appareret,
3682 2872 3796 2926 ele-

470 2969 625 3042 gerit.
658 2964 862 3021 Deinde
887 2962 1178 3036 perstrictis
1200 2976 1353 3031 quam
1382 2957 1756 3013 modestissime
1774 2956 2195 3012 criminatoribus
2216 2957 2327 3013 suis
2351 2999 2366 3024 ,
2400 2974 2505 3013 rem
2525 2957 2696 3029 ipsam
2720 2960 2970 3016 intensius
2992 2971 3138 3033 urget
3160 2961 3180 3035 (
3208 2961 3341 3033 Cap.
3382 2964 3439 3032 5,
3472 2982 3618 3021 num.
3640 2964 3719 3020 24
3745 2976 3797 3022 et

462 3060 599 3133 seq.)
632 3059 1008 3126 ,demonstrans
1037 3053 1191 3127 (Cap.
1221 3052 1255 3108 6
1285 3063 1331 3107 et
1361 3052 1417 3124 7)
1459 3050 1592 3105 nihil
1617 3066 1673 3105 se
1699 3049 1840 3119 quod
1854 3049 2175 3125 (improbum,
2207 3060 2298 3106 aut
2325 3067 2536 3118 novum,
2557 3061 2650 3107 aut
2677 3052 2861 3108 inutile
2891 3064 3044 3123 esset,
3070 3058 3408 3126 persuasisse.
3442 3057 3574 3114 Nox
3598 3060 3668 3113 ad
3702 3060 3798 3115 ob-

460 3156 631 3227 jectas
680 3151 1006 3224 diﬂicultates
1032 3147 1247 3218 pulchre
1273 3144 1545 3219 respondet
1577 3143 1730 3214 (Cap.
1757 3143 1789 3198 7
1811 3186 1825 3211 ,
1852 3161 1996 3199 num.
2027 3146 2096 3201 '55
2127 3154 2174 3201 et
2196 3147 2330 3218 seq.)
2361 3161 2379 3213 ,°
2408 3148 2498 3202 sed
2536 3164 2648 3202 eam
2678 3163 2787 3219 pra:
2814 3152 3012 3207 caeteris
3051 3167 3156 3222 qua
3188 3152 3468 3224 negabatur
3493 3153 3692 3227 (Nunt.
3720 3156 3796 3213 59

467 3261 516 3308 et
539 3246 676 3323 seq.)
707 3249 965 3322 virginum
990 3244 1262 3301 tenerioris
1299 3242 1469 3298 aetatis
1499 3240 1821 3297 admittenda
1845 3243 2184 3311 consecratio,
2213 3259 2414 3298 summa
2441 3244 2645 3299 diluens
2672 3261 2791 3299 cum
2812 3245 3117 3316 prudentia,
3147 3246 3356 3302 tandem
3375 3251 3679 3320 pronuntiat
3708 3269 3801 3309 so—

465 3347 545 3405 los
572 3363 735 3403 annos
762 3345 966 3400 obstare
987 3341 1286 3412 neutiquam
1306 3338 1488 3393 debere
1516 3353 1535 3405 ;
1561 3352 1676 3391 cum
1706 3348 1752 3392 et
1780 3338 1924 3409 pueri
1950 3354 2046 3409 pro
2074 3338 2282 3393 Christo
2298 3340 2605 3412 sanguinem
2627 3349 2921 3396 constanter
2958 3341 3237 3409 effuderint
3267 3341 3420 3416 (Cap.
3446 3344 3502 3410 8,
3543 3362 3690 3401 num.
3721 3348 3798 3404 42

463 3447 511 3493 et
535 3437 701 3508 seq.).
733 3444 781 3491 et
801 3432 1039 3491 Christus
1062 3432 1173 3501 ipse
1203 3445 1466 3485 accessum
1491 3429 1560 3484 ad
1588 3444 1644 3484 se
1669 3427 1886 3484 voluerit
1918 3439 2097 3500 patere
2121 3430 2432 3503 infantibus,
2455 3449 2519 3487 ac
2554 3434 2765 3489 tandem
2786 3434 2839 3488 in
2867 3433 2997 3505 ipsis
3024 3433 3275 3492 Ecclesia:
3294 3437 3624 3495 incunabulis
3643 3457 3800 3497 euut-

465 3531 582 3587 dem
605 3529 790 3597 turbas,
819 3528 915 3583 hoc
944 3535 1049 3594 est,
1075 3523 1346 3595 cujuslibet
1372 3539 1524 3579 sexus
1549 3532 1702 3594 atque
1730 3524 1899 3579 tetatis
1923 3524 2205 3580 multitudo
2225 3567 2241 3593 ,
2273 3535 2462 3581 secuta:
2489 3526 2702 3597 fuerint.
2726 3526 2861 3581 Inde
2886 3529 3045 3583 veluti
3072 3545 3102 3583 e
3119 3546 3177 3584 re
3201 3539 3325 3585 nata
3356 3531 3567 3602 quando
3605 3544 3657 3589 et
3702 3532 3796 3589 ubi

477 3624 716 3681 Christus
755 3623 949 3695 inquiri
977 3620 1158 3676 debeat
1184 3637 1216 3673 a
1240 3619 1523 3691 virginibus
1543 3659 1559 3686 ,
1589 3619 1907 3687 expositione
1938 3619 2282 3689 quorumdam
2303 3638 2330 3678 e
2349 3620 2578 3676 Canticis
2605 3622 2979 3678 versiculorum
3006 3624 3173 3695 aperit
3204 3622 3391 3695 (Nunt.
3414 3626 3509 3697 45)
3527 3667 3546 3696 ,
3573 3634 3626 3683 et
3647 3639 3798 3701 post.

467 3731 625 3787 quam
653 3714 722 3769 ad
750 3730 866 3770 eam
892 3713 1103 3768 viduam
1123 3726 1279 3782 quam
1308 3708 1400 3765 abs
1424 3725 1479 3763 se
1507 3709 1560 3763 in
1587 3709 1692 3764 alio
1722 3709 1875 3777 libro,
1905 3710 1975 3766 de
2002 3710 2197 3768 Viduis
2226 3713 2496 3782 nimirum,
2529 3715 2854 3785 perstrictum
2880 3714 3007 3770 dicit
3036 3714 3230 3787 (Num.
3257 3716 3375 3791 46),
3408 3721 3797 3777 reconciliatio-

469 3814 551 3869 nis
590 3827 748 3866 causa
785 3809 935 3864 vertit
975 3822 1298 3875 sermonem,
1324 3805 1538 3878 ignavos
1567 3803 1804 3859 doctores
1831 3822 1892 3859 ac
1918 3805 2036 3876 plus
2061 3821 2208 3876 atquo
2248 3807 2490 3863 remissos
2517 3808 2755 3864 vitandos
2782 3819 2954 3865 monet
2981 3808 3170 3882 (Num.
3199 3811 3270 3869 47
3297 3821 3344 3868 et
3368 3812 3487 3885 50).
3531 3813 3798 3873 Eantdeus

470 3911 771 3979 prosecutus
797 3900 986 3977 (Nunt.
1013 3899 1087 3956 Η
1117 3908 1164 3955 et
1190 3897 1322 3970 seq.)
1352 3896 1688 3954 Canticorum
1717 3899 2117 3970 expositionem,
2147 3900 2295 3957 docet
2319 3900 2446 3973 quid
2476 3902 2724 3969 animum,
2757 3912 2814 3959 ut
2838 3901 3104 3959 Christum
3131 3916 3331 3979 quierat
3350 3950 3367 3978 ,
3411 3917 3459 3965 et
3498 3910 3617 3982 ipsa
3640 3929 3794 3984 qm-

471 4009 622 4057 ratur
643 4014 676 4051 a
702 3993 908 4051 Christo
932 3991 1087 4065 (Cap.
1114 3992 1149 4050 9
1174 4001 1222 4048 et
1252 3986 1422 4061 seq),
1445 4006 1537 4045 nec
1562 4007 1666 4045 non
1692 4004 1745 4044 ut
1771 3990 2006 4046 eumdem
2030 3991 2169 4048 intus
2185 3992 2433 4063 excipiat,
2457 3994 2795 4064 retinentque,
2822 4006 3069 4068 praestare
3088 4009 3340 4070 Oporteat.
3382 3999 3675 4061 Virtutibus
3694 4024 3798 4062 au.

471 4103 573 4151 tem
588 4088 1041 4165 qutezexpetendte,
1064 4103 1127 4141 ac
1147 4085 1303 4142 simul
1326 4084 1485 4153 vitiis,
1509 4099 1626 4155 qua:
1647 4083 1893 4157 fugienda
1915 4084 2025 4139 illic
2048 4084 2365 4154 indicantur,
2381 4087 2506 4142 scite
2526 4087 2811 4143 admodum
2829 4090 3107 4159 patefactis
3131 4090 3286 4164 (Cap.
3312 4095 3379 4150 15
3395 4105 3443 4150 et
3462 4097 3624 4169 δαίμ),
3645 4116 3798 4156 coer-

473 4186 753 4243 cendorum
790 4191 1013 4256 quatuor
1038 4180 1224 4235 anima:
1250 4186 1481 4234 motuum
1512 4192 1641 4244 quos
1682 4175 1746 4230 ab
1778 4175 2047 4231 Ezechiele
2075 4178 2297 4235 volantis
2323 4194 2506 4235 currus
2532 4180 2701 4252 specie
2728 4179 3060 4237 adumbratos
3092 4181 3249 4240 Plato
3274 4195 3349 4241 est
3391 4187 3629 4247 imitatus
3650 4231 3669 4259 ,
3700 4209 3795 4248 ra-

473 4280 660 4337 tionem
690 4276 872 4334 tradit.
902 4272 1135 4348 Spondet
1161 4272 1393 4326 animam
1422 4271 1519 4322 hac
1547 4268 1628 4323 via
1658 4275 1795 4323 certo
1817 4280 2176 4337 perventuram
2201 4270 2270 4325 ad
2290 4269 2577 4338 Christum,
2604 4270 2695 4342 qui
2721 4286 2840 4325 cum
2868 4271 2923 4325 in
2950 4270 3232 4346 Evangelia
3251 4277 3432 4333 eadem
3457 4280 3544 4335 die
3566 4298 3687 4351 qua
3703 4302 3798 4340 σα..

472 4390 563 4429 cra
579 4380 688 4427 erat
715 4366 1036 4442 principibus
1065 4362 1438 4437 apostolorum,
1462 4357 1665 4431 publice
1692 4358 1932 4428 recitato,
1959 4360 2252 4419 ascendisse
2279 4362 2333 4417 in
2358 4362 2605 4435 scapham
2640 4360 2805 4429 Petri,
2833 4360 3084 4435 illumque
3107 4366 3178 4421 ad
3202 4368 3431 4426 laxanda
3457 4374 3588 4428 retia
3614 4376 3797 4448 impu-

468 4469 613 4535 lisse,
638 4466 800 4522 lectus
829 4463 1038 4534 fuisset;
1066 4474 1180 4513 eam
1212 4458 1274 4513 ob
1294 4471 1405 4511 rem
1432 4451 1561 4525 quid
1580 4452 1646 4507 sit
1674 4453 1730 4507 in
1747 4452 1913 4508 altum
1939 4452 2144 4521 ducere,
2181 4454 2364 4526 quidve
2400 4453 2664 4528 apostolos
2694 4455 2963 4529 laborare,
2998 4462 3325 4535 perspicuum
3341 4462 3467 4534 facit
3497 4463 3655 4537 (Cap.
3686 4468 3789 4536 19,

473 4574 618 4615 num.
652 4556 750 4612 151
777 4563 827 4610 et
850 4551 1008 4625 seq.).
1039 4548 1273 4621 Denique
1299 4560 1601 4618 prosperam
1627 4542 1724 4599 sibi
1751 4544 2087 4616 piscationem
2113 4560 2179 4601 ex
2205 4547 2480 4618 praesentia
2517 4547 2861 4608 Bononiensis
2886 4555 3115 4625 episcopi
3141 4554 3255 4624 fore
3277 4565 3564 4628 auguratus
3580 4599 3597 4626 ,
3631 4570 3795 4627 atque

471 4650 692 4726 virgines
721 4646 854 4703 sicut
881 4653 929 4700 et
950 4642 1136 4700 viduas
1158 4648 1216 4695 ut
1234 4654 1287 4695 se
1310 4635 1614 4709 apostolicis
1636 4634 1827 4690 retibus
1853 4634 2150 4705 includunt,
2178 4635 2474 4692 cohortatus
2500 4637 2652 4712 (Cap.
2675 4639 2769 4709 20,
2794 4658 2940 4699 num.
2971 4642 3124 4717 129);
3149 4642 3295 4701 Petri
3321 4660 3384 4701 ac
3408 4643 3570 4704 Pauli
3597 4650 3791 4720 quibus

468 4751 628 4809 etiam
645 4748 904 4805 Joannem
928 4741 1099 4809 addit,
1121 4734 1564 4795 commendatione
1589 4751 1718 4805 opus
1744 4743 1957 4789 coronat
1979 4733 2170 4808 (Num.
2199 4735 2305 4792 150
2328 4744 2377 4791 et
2397 4735 2548 4808 seq.).

546 4846 676 4916 Qutc
713 4841 853 4896 dicta
889 4844 1009 4894 sunt
1034 4835 1279 4889 hactenus
1297 4872 1313 4899 ,
1345 4847 1405 4885 ea
1426 4827 1624 4900 liquido
1651 4826 2005 4882 demonstrant
2029 4828 2163 4882 hanc
2185 4826 2592 4884 lucubrationem
2617 4830 2751 4886 libro
2774 4830 2845 4889 de
2877 4831 3070 4890 Viduis
3097 4836 3369 4908 postponi,
3399 4845 3550 4910 atque
3572 4855 3607 4895 α
3635 4839 3789 4898 tim,

468 4941 538 4999 de
573 4933 883 5009 Virginibus
923 4928 1076 4985 avelli
1124 4923 1431 5000 oportuisse.
1463 4923 1530 4976 At
1556 4935 1670 4974 vero
1693 4935 1842 4990 quem
1869 4918 1917 4974 ei
1943 4918 2150 4974 titulum
2180 4918 2462 4974 inscribere
2490 4919 2786 4991 debeamus,
2816 4922 2871 4978 in
2895 4933 3137 4995 promptu
3156 4941 3262 4980 non
3286 4933 3381 4983 est.
3414 4925 3636 4984 Videtur
3660 4946 3791 4988 sane

468 5039 760 5094 detractum
787 5045 851 5086 ex
875 5021 1201 5096 autographo
1221 5014 1507 5088 exentplari
1535 5013 1720 5086 folium
1736 5028 1852 5067 cum
1883 5020 2213 5084 prtvposterte
2236 5011 2321 5067 illi
2343 5014 2697 5086 conjunctioni
2725 5031 2936 5070 causam
2965 5017 3274 5090 prtebuisse,
3307 5030 3417 5074 tum
3439 5021 3786 5092 scriptoribus

466 5126 775 5204 antiquariis
796 5121 1077 5184 licentiam,
1109 5125 1164 5171 ut
1196 5127 1422 5204 prosua
1447 5107 1903 5204 quisque-libidine
1930 5107 2326 5204 inscriptionem.
2346 5108 2394 5204 ei
2421 5109 2764 5204 prtefigerent.
2802 5110 2939 5167 Hinc
2966 5113 3006 5168 ii
3024 5115 3207 5186 quibus
3236 5116 3470 5171 eumdem
3495 5126 3784 5174 tractatum

469 5199 704 5296 ρτοςέίηιε
728 5224 845 5288 post
866 5221 969 5267 tres
998 5207 1157 5264 libros
1178 5205 1247 5260 de
1275 5199 1592 5296 Virginibus
1620 5199 2068 5296 libuit‘collocare,
2091 5200 2247 5296 illum
2258 5200 2386 5296 libri
2408 5202 2586 5296 quarti
2612 5203 2682 5260 de
2704 5204 3059 5277 Virginibus;
3083 5208 3271 5279 quibus
3296 5225 3413 5266 vero
3439 5210 3581 5268 hunc
3607 5213 3786 5284 ipsum

464 5292 679 5391 ῥήξατε
715 5318 833 5387 post
870 5306 1060 5363 librum
1090 5300 1159 5357 de
1188 5295 1382 5391 Viduis
1408 5294 1577 5366 potius
1605 5294 1747 5391 fuit;
1767 5292 2122 5391 libri-secundi
2142 5294 2217 5391 ,συ
2255 5294 2455 5391 γὶᾶιιίξ
2479 5296 2628 5391 titulo
2659 5310 3039 5370 prtenotarunt.
3072 5301 3181 5359 Sed
3202 5319 3322 5358 cum
3349 5304 3539 5361 librum
3568 5308 3789 5364 unicum

463 5382 535 5469 de
558 5382 752 5466 Vidui's
775 5400 1046 5458 Ambrosio
1077 5392 1270 5449 tribuat
1290 5386 1649 5457 Hieronymus
1674 5382 1871 5459 (Epist.
1894 5385 1989 5452 50,
2015 5385 2171 5456 Apol.
2196 5389 2316 5444 adv.
2337 5386 2653 5463 Jovinian.),
2684 5408 2844 5463 neque
2865 5393 2929 5448 de
2949 5393 3118 5451 viduis
3144 5396 3244 5451 nisi
3269 5398 3452 5470 paucis
3476 5399 3679 5473 aliquot
3701 5403 3787 5457 lo-

463 5508 538 5563 cis
567 5503 787 5562 strictim
815 5507 972 5569 atque
1009 5490 1172 5548 obiter
1192 5484 1290 5541 hoc
1318 5480 1567 5555 ξιιορενε
1600 5481 1904 5548 disseratur,
1930 5496 2033 5535 non
2053 5491 2218 5552 potest
2245 5484 2292 5539 ei
2319 5484 2427 5540 haec
2456 5486 2656 5555 imponi
2676 5489 3048 5546 nomenclatio.
3071 5489 3275 5547 Rursus
3295 5507 3412 5548 vero
3436 5494 3674 5551 eumdem
3697 5499 3785 5554 in-

462 5598 617 5656 scribi
645 5612 748 5652 non
772 5590 941 5665 magis
970 5584 1089 5644 licet
1129 5583 1318 5640 librum
1357 5584 1601 5648 quartum
1628 5574 1693 5629 de
1740 5571 2083 5646 Virginibus;
2111 5593 2214 5632 non
2240 5578 2408 5635 solunt
2441 5581 2577 5636 enim
2606 5580 2960 5658 Hieronymus
3005 5583 3171 5659 (Ead.
3203 5587 3424 5663 Apolog.
3468 5607 3591 5662 pag.
3622 5592 3737 5650 592
3761 5637 3781 5663 ,

452 5690 558 5746 col.
586 5689 643 5762 2)
674 5697 777 5744 tres
829 5692 1036 5739 tantum
1065 5677 1225 5732 libros
1254 5672 1349 5729 sub
1377 5670 1477 5725 hoc
1500 5668 1653 5723 titulo
1697 5666 2060 5724 Ambrosianos
2089 5672 2342 5741 agnoscit,
2362 5674 2454 5729 sed
2484 5676 2636 5731 etiam
2667 5677 2877 5734 totidem
2907 5680 3000 5736 abs
3022 5698 3080 5736 se
3109 5684 3417 5755 compositos
3439 5686 3655 5758 ipsemet
3695 5699 3779 5747 te-

456 5795 631 5842 statur
657 5780 953 5840 Ambrosius
981 5773 1121 5849 (Lib.
1144 5773 1209 5829 de
1242 5768 1428 5829 Viduis
1456 5783 1572 5839 cap.
1604 5766 1630 5824 1
1654 5806 1670 5835 ,
1702 5780 1845 5822 num.
1883 5766 1957 5838 1).
1992 5768 2106 5835 Qua
2129 5768 2185 5825 in
2212 5769 2529 5828 dubitatione
2551 5774 2682 5832 nihil
2706 5776 2871 5833 satius
2902 5778 3066 5835 visum
3084 5778 3232 5837 nobis
3277 5790 3353 5840 est
3364 5823 3383 5852 ,
3410 5798 3570 5855 quam
3607 5794 3668 5845 ut
3691 5788 3779 5864 ip-
