4054 6306
263 288 370 346 Ξόδ
1385 281 1470 335 DE
1517 280 1960 338 VlilGlNl'I‘A'l‘E
2003 282 2203 338 LIBER
2246 283 2446 341 UNUS.
3466 291 3576 346 suc

260 416 377 458 sum
400 399 468 456 de
501 398 830 473 Virginitate
857 398 1261 463 inscriberemus,
1295 397 1400 450 rati
1426 396 1623 452 scilicet
1648 396 1722 450 ita
1747 397 1874 453 satis
1904 409 1953 454 et
1976 415 2095 454 eum
2121 399 2183 453 ab
2211 400 2332 456 aliis
2361 398 2594 472 ejusdem
2631 400 2862 454 materia:
2894 399 3146 472 distingui
3173 406 3501 474 tractatibus,
3530 416 3582 462 et

261 491 556 564 argumenti
580 493 831 548 rationem
856 490 1138 564 designari;
1166 507 1260 545 nec
1295 490 1449 545 etiam
1480 490 1699 544 multum
1728 490 1960 546 aberrari
1993 509 2024 546 a
2052 494 2444 564 manuscriptis,
2477 494 2666 566 quippe
2693 510 2812 548 cum
2841 493 2898 548 in
2927 511 3107 550 eorum
3141 498 3403 570 plerisque
3442 502 3578 557 desi-

260 598 346 642 nat
368 587 423 642 in
451 587 565 644 hcce
583 589 736 644 verba
753 605 772 643 :
792 586 1022 658 Explicit
1044 586 1221 642 sancti
1250 584 1526 642 Ambrosii
1552 587 1621 643 de
1648 587 1970 660 Virginitate
1993 606 2008 657 ;
2039 607 2159 649 nam
2177 590 2314 663 quod
2332 591 2533 647 addunt
2553 591 2710 648 iidem
2735 596 2936 653 codices
2958 595 3099 652 liber
3121 607 3371 666 quartus,
3396 597 3463 653 de
3484 614 3580 654 suo

259 680 478 735 addunt.

327 771 543 829 Constat
567 791 728 846 porro
755 784 858 830 tam
879 775 1080 846 exipsa
1108 776 1411 833 elocutionis
1433 783 1602 852 forma
1624 779 1782 850 (Cap.
1811 781 1866 849 5,
1893 798 2040 840 num.
2064 782 2180 856 24),
2213 801 2370 856 quam
2395 801 2421 840 e
2451 785 2746 859 Scriptura:
2765 805 2883 862 qua:
2911 791 3044 847 lecta
3063 789 3119 845 in
3142 790 3381 846 Ecclesia
3400 792 3577 864 palam

257 870 452 939 fuerat,
479 869 813 926 citationibus
841 869 995 942 (Cap.
1022 871 1076 938 5,
1109 888 1255 928 num.
1283 873 1368 941 υ,
1395 882 1442 928 et
1459 873 1588 948 Cap.
1621 874 1710 944 19,
1744 893 1884 931 num.
1913 876 2033 946 21),
2064 877 2204 935 hunc
2229 882 2418 938 librum
2441 901 2534 956 pro
2562 888 2807 942 concione
2826 888 3227 960 pronunciatunt
3253 905 3385 944 esse.
3415 887 3580 944 Illum

254 971 425 1017 tamen
452 979 558 1017 una
584 964 865 1035 eademque
885 965 1086 1020 actione
1114 964 1415 1021 absolutum
1450 967 1662 1024 minime
1689 979 1959 1040 putamus;
1989 987 2108 1026 cum
2136 984 2326 1043 prater
2355 993 2470 1031 eum
2492 995 2778 1036 sermonem
2807 983 2897 1052 qui
2928 982 2981 1035 in
3016 981 3182 1036 natali
3211 981 3583 1052 Apostolorum

253 1055 413 1130 (Cap.
450 1057 538 1124 l9,
565 1074 711 1113 num.
741 1058 891 1130 124),
920 1061 1071 1116 tertio
1103 1060 1341 1117 nimirum
1366 1061 1469 1116 kal.
1500 1062 1695 1130 Julias,
1731 1063 1933 1120 habitus
1956 1065 2076 1136 fuit,
2107 1067 2245 1123 alius
2279 1078 2336 1124 ut
2364 1071 2635 1128 minimum
2667 1090 2767 1129 non
2798 1075 3014 1131 obscure
3041 1076 3214 1131 notari
3249 1077 3438 1147 possit.
3473 1075 3586 1133 Nec

252 1152 424 1205 minus
449 1152 608 1207 etiam
636 1163 830 1207 certum
858 1153 1059 1209 videtur
1084 1170 1237 1225 apere
1267 1154 1337 1212 de
1363 1156 1556 1213 Viduis
1584 1159 1919 1229 posteriorem
1953 1159 2090 1215 hunc
2120 1159 2309 1218 librum
2337 1181 2473 1235 esse,
2505 1184 2568 1222 ac
2597 1169 2814 1238 proinde
2838 1187 2979 1226 anno
2997 1212 3012 1238 ,
3050 1182 3108 1226 ut
3143 1173 3582 1229 verisimillimum

249 1255 347 1312 est,
374 1245 515 1315 578,
548 1247 705 1320 idque
724 1258 903 1304 exacto
926 1266 1098 1305 mense
1121 1251 1307 1319 Junio,
1341 1252 1722 1308 elucubratum.

803 1530 1690 1704 SANCTI
1826 1533 2998 1709 AMBROSI]

1429 1793 2014 1886 MEDIOLANENSIS
2071 1795 2403 1882 EPISCOPI

1061 1955 1333 2106 DE
1426 1956 2743 2109 VIRGINITATE

1523 2182 1849 2258 LIBER
1905 2181 2054 2258 UN
2059 2180 2185 2259 US
2205 2173 2231 2204 ⁸
2255 2235 2284 2261 .

292 1400 3517 1453 mm

1714 2329 2179 2363 ᾧ

688 2454 852 2531 313
897 2451 1126 2511 CAPUT
1164 2450 1454 2509 PRIMUM.

241 2573 340 2630 Ubi
362 2571 676 2630 Salomonis
693 2571 956 2646 judicium
977 2570 1110 2625 inter
1133 2569 1266 2624 duas
1290 2567 1534 2624 mulieres
1556 2568 1718 2622 latum
1749 2567 1857 2622 his-

308 2669 470 2724 torico
498 2667 656 2722 modo
689 2666 970 2731 enarravit,
1012 2662 1160 2718 addit
1183 2664 1280 2718 hoc
1299 2662 1469 2734 ipsum
1495 2661 1692 2716 idcirco
1717 2660 1856 2715 litte-

306 2762 379 2816 ris
405 2759 722 2815 mandatum
757 2775 864 2814 esse
883 2799 900 2825 ,
928 2759 1007 2812 uti
1037 2772 1312 2812 noscamus
1335 2755 1415 2811 uel
1443 2755 1855 2811 reconditissima

306 2855 360 2908 in
387 2855 566 2909 lucem
585 2852 773 2924 promi.
799 2849 1000 2906 Deinde
1024 2849 1094 2904 ad
1115 2851 1414 2922 mysterium
1434 2861 1728 2914 conuersus,
1753 2847 1855 2918 fal-

305 2963 418 3002 sam
444 2955 669 3000 matrem
693 2944 759 3000 de
784 2944 1086 3009 tentatione,
1108 2958 1280 2998 veram
1307 2941 1372 2997 de
1396 2942 1517 3011 ﬁde,
1544 2939 1854 2996 machaeram

310 3041 375 3094 de
399 3039 560 3095 verbo
584 3037 681 3094 Dei
710 3037 941 3111 exponit.
975 3035 1206 3109 Denique
1232 3037 1302 3091 ad
1337 3034 1608 3091 historiam
1630 3033 1854 3108 Jephthe

311 3136 561 3192 lectorem
590 3142 765 3207 parat.

313 3273 365 3329 ι.
415 3271 618 3330 Nobile
664 3271 808 3344 apud
860 3278 1076 3328 veteres
1125 3268 1444 3327 Salomonis
1493 3265 1626 3323 illud
1679 3265 1852 3323 fertur

247 3365 708 3437 iuissejudicium
737 3365 828 3438 (Ill
853 3365 986 3438 Reg.
1011 3379 1101 3432 nt,
1137 3362 1206 3419 16
1237 3373 1284 3418 et
1307 3361 1472 3435 seq.),
1504 3377 1629 3418 cum
1660 3376 1692 3417 a
1717 3360 1852 3418 dua-

243 3459 347 3517 bus
372 3462 707 3535 litigantibus
737 3460 1057 3518 mulieribus
1083 3457 1466 3530 interpellatus
1497 3464 1682 3513 esset:
1717 3470 1852 3528 qua-

240 3571 363 3613 rum
405 3559 581 3614 altera
623 3571 892 3614 conversa
944 3570 1039 3626 per
1082 3569 1378 3622 somnum,
1417 3567 1542 3609 cum
1582 3551 1848 3608 infantem

237 3653 610 3723 oppressisset
636 3665 826 3718 suum,
858 3647 1172 3721 postulabat
1197 3646 1436 3703 alienum
1474 3663 1488 3700 :
1523 3645 1694 3700 altera
1733 3645 1848 3701 veri

237 3744 444 3802 amoris
487 3743 747 3809 conscia,
789 3751 844 3798 et
889 3740 1069 3813 culpae
1109 3742 1291 3796 nescia
1315 3780 1330 3806 ,
1364 3739 1531 3795 lilium
1559 3741 1685 3810 lure
1722 3752 1848 3810 pro-

1874 2457 1922 2515 Α
1953 2447 2331 2520 Salomon‘qui
2372 2465 2478 2508 non
2501 2448 2526 2490 δ
2548 2453 2834 2526 majestate
2863 2454 3045 2514 divina
3063 2498 3079 2524 ,
3109 2460 3209 2518 sed
3236 2472 3580 2534 argumentis

1958 2555 2015 2600 ut
2049 2544 2214 2601 homo
2239 2545 2557 2603 interiorem
2582 2549 2748 2624 214
2769 2551 3142 2624 interrogabat
3174 2554 3426 2613 alfectum
3455 2577 3471 2627 ;
3497 2560 3578 2616 illi

1959 2638 2142 2709 potius
2153 2639 2419 2710 judicavit
2451 2643 2737 2708 parvulum
2763 2660 2888 2702 esse
2911 2647 3271 2719 reddendum,
3295 2668 3459 2725 quam
3479 2670 3575 2712 ve-

1961 2749 2076 2789 ram
2112 2743 2341 2791 matrem
2374 2735 2532 2792 dolor
2562 2740 2817 2810 proprius
2851 2743 3225 2812 prodidisset:
3265 2748 3416 2805 illam
3448 2766 3576 2806 vero

1957 2842 2120 2899 quam
2155 2830 2406 2886 morituri
2437 2834 2658 2902 parvuli
2701 2835 3082 2896 misericordia
3124 2858 3235 2898 non
3281 2845 3571 2912 movebat,

1957 2933 2230 2980 exsortem
2275 2928 2653 2996 pronuntiavit
2681 2945 2803 2988 esse
2831 2942 3069 3004 naturae,
3099 2952 3263 3008 quam
3292 2949 3570 2998 exsortem

1955 3015 2096 3072 vidit
2125 3034 2248 3074 esse
2279 3020 2520 3091 pietatis.

2026 3111 2082 3166 2.
2108 3112 2326 3169 Veritas
2356 3130 2488 3187 ergo
2521 3131 2630 3172 non
2661 3117 2842 3186 latuit,
2877 3121 2972 3177 sed
2999 3133 3179 3180 tamen
3217 3141 3316 3196 per
3344 3127 3572 3184 simula-

1957 3201 2164 3261 tionem
2189 3205 2423 3263 alterius
2451 3211 2736 3267 tluctuavit
2762 3229 2776 3268 :
2805 3212 3005 3284 diuque
3036 3217 3200 3272 etiam
3225 3219 3366 3275 houa
3395 3232 3573 3278 mater

1953 3308 2150 3353 eventu
2184 3300 2343 3355 hmsit
2366 3301 2623 3374 ambiguo
2649 3346 2664 3371 ,
2697 3304 2826 3360 dum
2867 3306 3059 3377 judicii
3089 3311 3433 3381 periclitatur
3479 3315 3564 3369 in-

1950 3401 2125 3446 certo.
2147 3388 2277 3446 Haac
2300 3392 2430 3449 licet
2451 3393 2502 3448 in
2531 3395 2698 3465 ﬁgura
2721 3399 3096 3467 superioribus
3132 3403 3244 3460 sint
3268 3404 3411 3461 facta
3435 3415 3572 3463 tem-

1953 3482 2220 3552 poribus,
2267 3485 2618 3556 scriptasunt
2663 3499 2844 3546 tamen
2895 3491 2962 3547 ad
3009 3498 3416 3567 correptionem
3471 3517 3568 3556 no-

1950 3587 2140 3644 stram;
2169 3589 2227 3634 ut
2255 3579 2621 3652 intelligamus
2651 3584 2810 3655 prodi
2834 3587 3023 3644 omnia
3048 3603 3212 3661 posse
3241 3602 3263 3631 ε
3293 3609 3416 3666 qua:
3441 3595 3565 3652 licta

1949 3678 2098 3739 sunt,
2131 3679 2187 3727 et
2215 3673 2400 3730 omnia
2418 3677 2720 3746 composita
2747 3680 3001 3738 revelari.

2019 3764 2076 3821 3.
2108 3763 2238 3820 Duae
2266 3765 2432 3838 igitur
2462 3766 2579 3824 ista:
2605 3770 2890 3843 (quoniam
2921 3776 3262 3845 propositum
3294 3788 3379 3835 est
3405 3782 3564 3839 nobis

235 3838 413 3911 prium
454 3834 789 3894 vindicabat.
825 3833 1069 3906 Utraque
1100 3834 1263 3904 igitur
1305 3839 1725 3904 perseveranter
1765 3830 1874 3918 uia,

1960 3857 2052 3911 hoc
2075 3855 2197 3913 loco
2224 3855 2242 3894 ί
2269 3873 2376 3913 non
2405 3869 2636 3918 tractare
2652 3863 2721 3920 de
2746 3866 3112 3939 mulieribus),
3134 3870 3276 3938 dua},
3311 3871 3554 3944 inquam,

235 3931 754 4005 tente,‘cognitoris
787 3927 948 3986 haesit
987 3929 1255 3995 intentio;
1291 3943 1400 3984 non
1447 3928 1594 3984 enim
1629 3933 1847 3999 poterat

234 4025 499 4086 Salomon
526 4027 733 4083 arbiter
756 4041 877 4084 esse
902 4024 1184 4082 interioris
1211 4023 1417 4091 arcani,
1445 4021 1474 4061 b
1505 4037 1628 4076 cum
1657 4028 1848 4092 peten-

233 4121 304 4176 tis
325 4122 618 4192 utriusque
644 4135 797 4178 mens
823 4128 973 4177 esset
993 4117 1282 4174 occultior.
1315 4115 1526 4172 Eventu
1547 4121 1846 4170 conventus

233 4215 488 4286 ambiguo
520 4213 846 4271 machaeram
876 4212 1049 4284 promi
1074 4208 1634 4284 jussitﬁmandatoque
1654 4206 1845 4262 minis-

235 4309 329 4378 gris
341 4325 450 4381 quo
464 4309 793 4367 simularent
816 4306 970 4363 triste
991 4303 1378 4369 ministerium,
1393 4301 1561 4357 dividi
1588 4300 1752 4370 jussit
1767 4300 1846 4353 in-

232 4401 460 4472 fantem,
489 4411 551 4459 ut
578 4403 805 4474 singulm
833 4401 1091 4458 mulieres
1117 4398 1357 4469 singulas
1382 4405 1566 4468 partes
1587 4394 1849 4465 adipisce-

233 4505 442 4552 rentur:
458 4511 569 4568 quo
582 4495 787 4561 audito,
803 4494 892 4550 illa
906 4509 1026 4565 qute
1041 4490 1532 4564 petebatalienum,
1549 4502 1657 4543 non
1672 4486 1848 4542 solum

232 4590 507 4659 acquievit
534 4631 549 4657 ,
582 4587 681 4644 sed
703 4589 867 4643 etiam
892 4586 1216 4643 divisionem
1248 4582 1457 4655 parvuli
1490 4581 1846 4654 depoposcit,

232 4683 384 4738 nullo
418 4683 617 4738 alfcctu
645 4695 666 4723 ε
693 4693 962 4740 conventa
983 4691 1250 4739 materno.
1278 4679 1372 4736 [lla
1393 4693 1526 4734 vero
1547 4693 1668 4750 qua:
1693 4691 1848 4734 suum

232 4777 441 4834 sciebat
463 4779 748 4845 infantem,
771 4794 874 4833 non
908 4777 1050 4833 vinci
1078 4783 1348 4844 metuens,
1374 4774 1470 4830 sed
1497 4772 1678 4829 orbari
1706 4787 1720 4826 :
1748 4786 1850 4828 nec

229 4868 338 4940 iam
363 4871 569 4928 solatio
594 4872 834 4943 proprio,
863 4871 958 4927 sed
983 4870 1194 4944 pignori
1222 4885 1322 4926 suo
1349 4867 1664 4937 consulens,
1691 4882 1849 4922 orare

232 4964 337 5020 hoc
364 4966 536 5037 cmpit
557 4976 613 5021 ut
635 4966 922 5022 incolumis
947 4967 1116 5039 magis
1138 4981 1273 5038 puer
1296 4965 1603 5021 traderetur
1629 4964 1843 5032 aliente,

232 5073 393 5131 quam
407 5075 595 5119 sectus
623 5063 676 5118 in
697 5074 878 5134 partes
896 5062 1053 5120 matri
1069 5062 1305 5136 propriae
1328 5061 1668 5118 redderetur.
1687 5057 1844 5116 Unde

305 5230 331 5292 ξι
362 5221 573 5292 Script.
603 5221 748 5278 circa
774 5236 906 5277 ann.
941 5221 1070 5278 578.

301 5290 330 5330 δ
359 5288 510 5349 Μεεῖ
533 5293 643 5348 duo
663 5336 680 5361 ,
710 5311 830 5349 cum
870 5293 1099 5362 parentis
1138 5292 1426 5362 utriusque.
1461 5288 1670 5344 Rursus
1723 5295 1848 5358 post

233 5375 406 5435 pauca
443 5380 578 5421 mss.
604 5381 819 5434 omnes,
853 5365 1058 5439 Eventu
1083 5375 1363 5439 convent-us
1382 5404 1396 5427 ,
1423 5369 1531 5439 etc.
1719 5429 1773 5439 __

311 5445 331 5474 ε
359 5437 453 5492 Sic
479 5451 671 5494 omnes
713 5429 844 5492 mss.
875 5448 930 5493 et
961 5436 1093 5492 edit.
1129 5435 1352 5490 Amerb.
1379 5476 1393 5500 ,
1427 5433 1588 5487 Eras.
1620 5446 1684 5487 ac
1713 5429 1846 5485 Gill.

232 5503 606 5578 incorpore:
646 5510 808 5565 Eras.
839 5520 1021 5564 autem
1054 5517 1109 5562 et
1148 5507 1273 5563 Gill.
1306 5508 1357 5560 in
1388 5520 1561 5575 marg.
1592 5520 1653 5558 ac
1679 5502 1840 5558 Rom.

233 5575 368 5651 edit.
398 5575 455 5651 in
488 5595 667 5651 corp.,
700 5592 957 5636 commota
986 5589 1242 5634 materno.

304 5648 331 5685 ά
362 5650 496 5705 Mss.
527 5644 853 5718 complures,
888 5655 1215 5724 majestatem
1245 5651 1502 5724 divinam.
1525 5646 1645 5703 Non
1666 5644 1840 5724 _t_nale,

235 5720 284 5776 si
305 5722 587 5795 referatur
613 5717 680 5780 ad
701 5717 1072 5795 interrogabat;
1091 5723 1233 5795 idem
1251 5726 1396 5779 enim
1428 5720 1556 5788 erit,
1578 5732 1644 5776 ac
1666 5717 1841 5774 Deum

240 5805 350 5850 non
371 5794 716 5863 consulebat,
749 5805 806 5851 ut
830 5794 1113 5866 prOplIelt’e
1141 5794 1341 5852 solent.

409 5889 687 5952 ΡΑτιιοι.
771 5890 947 5951 XVI.

1949 3949 2066 4004 istae
2117 3949 2254 4006 ﬁdes
2297 3960 2427 4019 est,
2483 3962 2648 4026 atque
2693 3959 2944 4015 tentatio.
2986 3960 3259 4031 Tentatio,
3313 3965 3556 4039 inquam,

1946 4045 2250 4100 communis
2273 4047 2342 4100 ab
2365 4045 2523 4103 initio
2545 4054 2980 4120 auctorerroris,
3005 4069 3129 4126 quae
3155 4068 3440 4128 postquam
3468 4077 3564 4131 po-

1947 4137 2255 4193 steritatem
2307 4153 2460 4195 suam
2507 4142 2746 4199 carnalis
2795 4145 2928 4201 vitio
2983 4151 3458 4221 conversationis,
3505 4166 3562 4212 et

1949 4245 2146 4286 somno
2175 4233 2372 4288 mentis
2404 4233 2605 4304 amisit,
2633 4240 2966 4308 posteritatis
2993 4242 3202 4299 fructus
3230 4245 3446 4303 auferre
3469 4264 3563 4304 co-

1951 4335 2111 4381 natur
2140 4327 2355 4384 alienae.
2387 4329 2575 4402 Itaque
2604 4331 2734 4388 dum
2767 4336 2996 4392 tentatio
3025 4335 3232 4408 litigat,
3265 4338 3398 4396 ﬁdes
3427 4341 3560 4399 ﬂuc-

1951 4427 2087 4485 tuat;
2107 4419 2282 4476 donec
2306 4423 2573 4480 machara
2591 4425 2795 4483 Christi
2820 4428 3054 4485 latentes
3075 4430 3374 4504 distinguat
3395 4434 3560 4491 allec-

1952 4521 2061 4569 tus.
2083 4513 2213 4582 Quae
2235 4524 2321 4572 est
2351 4516 2465 4573 hiBC
2492 4519 2762 4576 much-atra
2790 4521 3020 4578 Christi?
3051 4523 3144 4580 Illa
3169 4525 3237 4581 de
3255 4542 3360 4597 qua
3388 4530 3560 4601 scrip-

1951 4612 2066 4662 tum
2095 4617 2178 4663 est
2207 4626 2220 4663 :
2252 4608 2503 4666 Gladium
2531 4615 2644 4668 veni
2673 4615 2874 4671 mittere
2899 4617 2953 4671 in
2990 4627 3178 4674 terram
3209 4620 3228 4691 (
3259 4620 3452 4679 Matth.
3487 4641 3515 4678 ι
3542 4667 3556 4691 ,

1951 4697 2068 4770 54).
2102 4701 2198 4755 Est
2223 4702 2368 4758 enim
2396 4704 2635 4774 gladius,
2667 4706 2734 4763 de
2761 4723 2869 4778 quo
2890 4710 3150 4780 scriptum
3183 4721 3268 4768 est
3288 4728 3308 4767 :
3332 4712 3400 4768 Et
3418 4725 3560 4770 tuam

1953 4794 2116 4866 ipsius
2144 4796 2371 4851 animam
2404 4801 2730 4870 perlransivit
2752 4802 2960 4874 gladius
2981 4803 3138 4876 (Luc.
3169 4821 3208 4862 tt
3229 4848 3243 4874 ,
3277 4807 3393 4880 55).
3426 4809 3562 4878 Quis

1949 4897 2132 4947 auem
2161 4891 2230 4945 sit
2255 4889 2342 4947 hic
2367 4893 2599 4964 gladius,
2620 4911 2742 4966 qua:
2769 4896 3061 4964 machmra,
3089 4913 3357 4970 cognosce
3387 4920 3399 4956 :
3432 4902 3561 4957 Ver-

1948 4982 2067 5038 bum
2101 4984 2294 5056 inquit,
2324 4999 2555 5058 acutum,
2585 4999 2632 5045 et
2661 4991 2912 5060 validum,
2943 5003 2991 5048 et
3024 4995 3391 5064 penetrabilius
3419 5000 3559 5053 omni

1945 5079 2122 5151 gladio
2155 5081 2463 5140 acutissimo
2482 5125 2496 5152 ,
2520 5095 2794 5156 penetrans
2824 5104 2985 5159 usque
3014 5090 3084 5144 ad
3117 5091 3420 5147 divisionem
3441 5095 3557 5149 ani-

2024 5225 2048 5253 ε
2067 5215 2284 5296 .Omnes
2315 5217 2450 5273 edit.
2475 5228 2539 5296 et
2555 5222 2715 5290 pauci
2737 5237 2898 5291 mss.,
2919 5240 3036 5296 quia
3058 5228 3199 5295 facta
3219 5235 3359 5292 sunt;
3389 5236 3444 5282 at
3471 5244 3559 5284 rc-

1949 5286 2333 5428 ltietﬁiiigﬂellips,
2358 5305 2476 5360 qua:
2503 5286 2626 5361 ﬁcta
2650 5306 2795 5361 sunt;
2821 5286 2975 5351 ut’d'e
2995 5286 3248 5352 simulata
3274 5286 3447 5354 matre
3470 5301 3556 5357 in-

2024 5429 2044 5469 ί
2079 5432 2133 5512 In
2163 5446 2292 5485 mss.
2321 5432 2682 5512 aliquotante
2706 5437 2932 5512 verbum
2962 5445 3182 5512 tractare
3203 5437 3359 5494 deest
3379 5443 3553 5512 nega-

1951 5501 2064 5583 ti_o_,
2099 5503 2282 5583 forsan
2313 5501 2429 5559 non,
2453 5507 2615 5561 male.
2651 5506 2794 5583 Infra
2836 5523 2964 5583 vero
2998 5519 3120 5577 post
3151 5508 3287 5565 duos
3328 5501 3556 5583 versus,

1949 5573 2041 5649 ubi
2075 5575 2205 5649 edit.
2226 5585 2288 5649 et
2315 5590 2446 5630 mss.
2477 5579 2747 5643 nonnulli,
2769 5573 3117 5644 posteritatem
3145 5596 3316 5649 suam;
3347 5573 3554 5642 ultima;

1949 5645 2084 5725 edit.
2115 5646 2287 5700 Paris.
2314 5687 2328 5710 ,
2362 5651 2706 5725 posteriorenl
2733 5667 2880 5703 suam
2903 5691 2917 5715 ,
2949 5666 3080 5706 mss.
3116 5645 3360 5725 plerique
3402 5661 3557 5715 exhi-

1954 5717 2104 5786 bent,
2137 5725 2442 5788 potestatem
2467 5736 2637 5775 suam.
2661 5719 2782 5777 Non
2818 5731 2924 5775 tam
2951 5717 3259 5779 commode.

2947 5882 2985 5943 9
