4054 6306
243 319 350 380 269

1363 316 1449 372 DE
1495 307 1941 373 VIRGINITATE
1972 313 2182 374 LIBER
2221 317 2422 376 UNUS.

3451 319 3560 378 2ῗο

248 437 502 496 illicitas?
524 437 736 495 Vocem
756 453 884 511 ergo
909 437 960 492 in
983 436 1230 494 eamdem
1259 435 1474 507 culpam
1498 436 1661 492 etiam
1685 435 1848 492 Joan-
1876 437 1924 499 Α
1955 446 2367 492 monumentum
2399 433 2662 491 Dominus
2688 445 2796 491 nan
2813 435 3089 506 quaesivit.
3119 435 3360 492 Habeant
3385 446 3568 492 tumu-

249 547 370 588 ncm
411 531 734 602 Baptistam.
790 531 854 587 Et
899 546 1022 587 cum
1063 531 1207 586 aliud
1263 528 1397 585 nihil
1454 530 1595 586 forte
1643 527 1848 586 habea-

249 640 365 679 mus
395 619 542 694 quod
569 625 828 694 probetur
849 624 900 678 in
933 624 1110 690 nobis,
1135 622 1239 680 hoc
1252 623 1428 679 solum
1451 623 1847 680 condemnetur

248 718 299 774 in
328 717 516 784 nobis,
552 717 698 788 quod
744 719 1027 789 probatuut
1059 727 1142 774 est
1187 719 1238 773 in
1292 717 1579 788 propheta.
1611 717 1693 773 An
1721 733 1848 774 eru-

246 813 581 869 bescendum
607 813 936 884 protulimus
973 815 1298 869 auctorem?
1342 813 1512 882 Quam
1556 829 1685 870 vero
1721 828 1848 868 cau-

248 920 361 960 sam
417 903 581 959 aliam
631 905 816 960 habuit
864 905 954 961 ille
1006 905 1300 978 martyrii,
1353 907 1582 978 repetite
1642 907 1844 962 animo.

246 997 419 1055 Causa
479 995 625 1054 illius
673 999 944 1069 passionis
984 1010 1135 1058 certe
1173 1000 1291 1057 ιιωο
1337 999 1440 1056 fuit
1473 1022 1485 1056 :
1522 1001 1644 1057 Non
1694 1003 1846 1069 licet,

244 1092 457 1162 inquit,
505 1092 597 1146 tibi
646 1109 758 1147 eam
795 1109 1007 1148 uxorem
1049 1094 1235 1151 habere
1258 1093 1474 1169 (Matth.
1519 1111 1629 1161 xtv,
1668 1094 1748 1167 4).
1795 1092 1851 1152 Si

244 1185 346 1242 hoc
391 1186 458 1240 de
503 1201 681 1242 uxore
725 1186 962 1242 hominis
989 1229 1003 1252 ,
1051 1196 1258 1257 quanto
1303 1189 1477 1258 magis
1524 1187 1594 1244 de
1647 1188 1853 1259 virgine

243 1281 597 1335 consecrata!
645 1278 702 1335 Si
751 1279 856 1336 hoc
893 1281 1008 1351 regi
1055 1281 1260 1337 dictum
1288 1291 1392 1347 est,
1435 1291 1642 1353 quanto
1680 1283 1852 1353 magis

242 1376 534 1433 dicendum
578 1377 847 1446 privatis!
893 1376 1106 1434 Gratias
1161 1379 1344 1450 itaque
1363 1376 1661 1444 divinitati,
1705 1377 1852 1446 quod

243 1467 334 1526 hic
384 1470 570 1526 null-us
611 1471 884 1540 Herodes,
923 1481 1084 1542 atque
1114 1471 1318 1527 utinam
1363 1471 1508 1527 nulla
1536 1471 1847 1527 Herodias!

318 1568 370 1639 2
383 1567 485 1640 1⁵1
520 1564 609 1622 1⁸2.
626 1565 742 1622 Non
775 1566 924 1623 licuit
944 1581 1074 1637 ergo
1093 1581 1190 1638 pro
1208 1564 1520 1638 virginitate
1539 1582 1848 1624 sermonem

243 1659 463 1716 dicere?
504 1658 573 1715 Et
599 1674 699 1715 cur
733 1661 999 1730 scriptum
1039 1669 1164 1715 est:
1199 1657 1450 1714 Judicate
1480 1660 1766 1732 pupillum,
1807 1670 1856 1716 et

233 1751 527 1828 justiﬁcate
561 1752 773 1806 viduam
802 1750 976 1821 (Esai.
997 1767 1036 1818 l,
1062 1751 1193 1824 i7)?
1229 1752 1298 1808 Et
1319 1767 1416 1808 cur
1441 1754 1706 1823 scriptum
1739 1761 1850 1809 est:

1947 527 2083 597 lum,
2115 530 2203 600 qui
2234 529 2337 585 sub
2382 529 2501 598 lege
2551 537 2680 583 sunt
2707 527 2903 583 mortis
2935 545 2947 580 :
2978 527 3154 583 victor
3181 529 3371 584 mortis
3400 543 3558 584 suum

1952 621 2219 677 tumulum
2270 637 2378 677 non
2428 619 2704 689 habebat;
2758 637 2864 676 non
2917 620 3061 677 enim
3108 620 3200 676 ille
3247 621 3556 692 sepulcrum

1950 716 2142 772 mortis
2165 711 2537 782 desiderabat,
2569 714 2662 787 qui
2692 715 2760 772 de
2787 726 2964 770 morte
2986 715 3235 786 trophaza
3265 715 3558 773 referebat.

1953 809 2102 866 Vidit
2147 825 2277 883 ergo
2302 809 2469 866 Maria
2497 811 2958 867 resurrectionem
2996 810 3210 866 Domini
3239 829 3252 867 :
3301 820 3356 866 et
3387 811 3561 882 prima

1951 904 2117 971 vidit,
2137 915 2191 962 et
2214 905 2468 962 credidit.
2498 905 2649 962 Vidit
2677 915 2732 962 et
2761 905 2924 962 Maria
2946 901 3287 978 Magdalena,
3324 917 3346 947 ε
3372 923 3565 980 qnam-

1951 999 2036 1056 vis
2067 999 2247 1056 adhuc
2278 999 2378 1056 iSta
2413 1007 2650 1056 nutaret.

2591 1158 2826 1216 CAPUT
2867 1159 2956 1215 IV.

1957 1285 2285 1364 Magdalente
2336 1293 2619 1351 dubitantis
2669 1299 2942 1352 occasione
2994 1297 3220 1370 virgines
3275 1299 3344 1351 ad
3413 1298 3569 1368 ﬁdem

2027 1385 2326 1441 cohortatur
2349 1404 2368 1442 :
2424 1398 2470 1442 et
2511 1405 2628 1460 qua:
2660 1389 2723 1445 de
2752 1388 2947 1445 Christi
2997 1407 3114 1446 cum
3147 1391 3261 1463 ipsa
3307 1389 3569 1466 colloquio

2024 1480 2268 1553 leguntur
2322 1483 2467 1552 apud
2518 1481 2779 1540 Joannem
2833 1483 3274 1559 Evangelistam,
3332 1490 3570 1558 spiritali

2029 1591 2182 1630 sensu
2206 1577 2588 1648 iucundissime
2615 1580 2889 1651 percurrit.

2030 1736 2120 1792 l5.
2157 1734 2270 1792 Hoc
2301 1737 2430 1794 loco
2459 1755 2566 1796 non
2612 1739 2946 1798 mediocrem
2992 1743 3268 1801 advertite
3314 1747 3576 1817 quaestio-

239 1849 269 1882 ι
291 1846 470 1902 Patris
485 1847 1111 1918 orphanorum,etjudicis
1124 1849 1419 1914 viduarum(
1432 1845 1576 1902 Psal.
1593 1847 1852 1917 van,8)?

1972 1844 2106 1896 tem,
2129 1846 2196 1886 ne
2221 1831 2476 1889 dubitare
2502 1832 2572 1890 de
2597 1836 3004 1893 resurrectione
3044 1837 3279 1906 Domini,
3307 1840 3574 1910 virgines,

239 1939 383 2012 Ergo
428 1940 776 1996 castimonia:
812 1947 869 1997 et
899 1940 1200 2012 integritati
1236 1937 1453 1998 deditas
1501 1939 1845 2008 deserent-us,

239 2042 329 2089 aut
349 2033 524 2090 etiam
547 2032 1046 2090 condemnabimus
1066 2033 1089 2089 ?

312 2131 395 2186 I5.
428 2131 504 2186 At
543 2140 697 2186 certe
746 2129 882 2200 ipsis
919 2125 1220 2201 gentilibus
1251 2128 1394 2185 inter
1424 2141 1549 2185 aras
1593 2136 1649 2185 et
1697 2127 1849 2184 focos

246 2224 587 2280 venerabilis
617 2223 758 2280 olet
788 2237 911 2280 esse
939 2225 1220 2296 virginitas
1250 2239 1262 2277 :
1297 2235 1353 2280 et
1389 2225 1443 2280 in
1473 2224 1671 2295 quibus
1697 2224 1848 2280 nulla

240 2319 566 2374 meritorum
598 2327 684 2374 est
734 2317 929 2388 pietas,
982 2320 1126 2373 nulla
1171 2319 1371 2373 mentis
1413 2319 1745 2390 integritas;
1792 2321 1851 2373 in

238 2411 306 2470 iis
353 2421 543 2469 tamen
593 2414 772 2469 carnis
819 2414 1105 2485 virginitas
1138 2414 1489 2484 praedicatur.
1537 2415 1577 2468 Α
1612 2414 1853 2484 profanis

240 2507 407 2580 igitur
445 2508 784 2565 ceremoniis
811 2510 1050 2582 virgines
1093 2523 1253 2566 nemo
1284 2510 1620 2581 prohibebit,
1651 2510 1721 2565 ah
1745 2508 1853 2564 Ec-

240 2603 403 2660 clesia
437 2604 536 2660 Dei
565 2605 848 2675 virginitas
876 2604 1152 2661 arcebitur
1178 2605 1200 2659 ?
1227 2605 1345 2661 Illic
1367 2613 1638 2676 coguntur
1662 2647 1675 2671 ,
1708 2603 1852 2676 quod

239 2709 345 2754 non
375 2697 657 2754 docentur
689 2715 704 2754 ε
753 2699 840 2753 hic
867 2698 1231 2763 interdicitur,
1264 2699 1407 2771 quod
1442 2715 1548 2756 non
1594 2699 1722 2755 licet
1748 2714 1854 2754 non

243 2789 478 2846 doceri?
535 2790 651 2847 Illic
692 2791 931 2862 praemiis
977 2804 1306 2848 revocantur
1347 2811 1374 2845 a
1405 2793 1632 2864 nuptiis,
1667 2791 1758 2848 hic
1789 2793 1858 2848 ad

245 2885 456 2956 nuptias
479 2886 916 2941 coarctabuntur
955 2886 1216 2955 injuriis?
1252 2885 1279 2924 δ
1320 2885 1440 2942 Illic
1469 2887 1724 2941 violentia
1779 2885 1858 2951 lit,

243 2987 301 3034 ut
327 2980 622 3050 capiantur
653 2997 667 3034 ε
699 2978 786 3034 hic
818 2978 908 3033 lict
941 2980 1220 3045 violentia,
1245 2993 1319 3036 ne
1371 2978 1730 3049 proﬁteantur
1759 2978 1862 3034 iet

247 3082 425 3143 potest
444 3089 580 3131 esse
605 3073 866 3140 patientia
895 3072 1267 3138 sacerdotum,
1315 3079 1372 3128 ιιι
1413 3089 1523 3129 non
1551 3073 1638 3128 vel
1685 3082 1861 3129 morte

249 3166 450 3235 oblata,
508 3168 553 3222 si
615 3167 690 3223 ita
720 3181 949 3225 necesse
973 3178 1084 3233 est,
1143 3168 1476 3240 integritatis
1530 3168 1859 3224 sacrilicium

251 3255 602 3317 ‘vibdicetur?

328 3355 412 3411 ιι.
435 3354 795 3411 Considerate
823 3355 948 3428 quia
977 3355 1216 3427 virgines
1247 3371 1355 3427 pra:
1385 3355 1648 3427 apostolis
1670 3369 1858 3413 resur-

265 3447 548 3505 rectionem
582 3449 791 3506 Domini
835 3449 1023 3506 videre
1061 3460 1398 3506 meruerunt.
1423 3450 1586 3506 Certe
1617 3449 1724 3506 hoc
1750 3450 1854 3506 do-

262 3539 371 3595 cuit
399 3540 664 3598 hodierna
713 3558 833 3614 quae
864 3542 1093 3600 decursa
1125 3547 1212 3598 est
1246 3543 1450 3610 lectio;
1479 3559 1601 3598 nam
1653 3559 1777 3600 cum
1801 3544 1856 3600 in

265 3641 405 3690 novo
429 3648 781 3693 monumento
799 3680 813 3705 ,
855 3640 997 3694 sicut
1022 3637 1263 3694 Joannes
1291 3637 1451 3704 dixit,
1483 3651 1682 3710 corpus
1704 3636 1856 3708 posi-

255 3727 367 3786 tum
412 3743 560 3789 esset
611 3731 826 3788 Domini
892 3732 1067 3789 nostri
1115 3731 1246 3790 Jesu
1288 3733 1490 3788 Christi
1519 3730 1701 3803 (Joan.
1743 3746 1854 3798 xtx,

255 3821 340 3891 ιι,
372 3822 465 3897 42)
493 3843 507 3879 :
543 3825 600 3880 in
623 3839 722 3881 suo
748 3833 933 3881 autem
965 3835 1344 3889 monumento,
1379 3823 1518 3880 sicut
1549 3833 1631 3879 est
1661 3837 1860 3880 secun-

256 3913 380 3972 dum
431 3917 636 3975 librum
683 3919 970 3990 Evangelii
1021 3917 1283 3984 hiattliazi,
1331 3918 1606 3988 posuisset
1653 3913 1859 3987 Joseph

258 4009 470 4068 Domini
514 4021 720 4084 corpus
766 4011 983 4085 (Matth.
1017 4027 1188 4080 xxvn,
1217 4013 1288 4069 25
1320 4023 1365 4068 ct
1408 4010 1566 4085 πᾳ),
1599 4012 1860 4070 observa-

253 4099 380 4160 bant
411 4105 677 4179 vi'rgines.
715 4107 858 4163 Bene
886 4117 942 4162 et
971 4103 1256 4162 Matthtcus
1281 4114 1692 4162 monumentum
1723 4103 1858 4160 dixit

254 4209 452 4255 novum
481 4217 496 4266 ;
530 4214 603 4255 ne
633 4214 699 4254 ex
730 4210 1085 4255 monumento
1112 4202 1282 4255 veteri
1314 4201 1683 4255 iesnrrcxisse
1725 4197 1860 4254 alios

253 4295 592 4352 traderetur.
631 4293 774 4351 Bene
805 4296 968 4351 etiam
1021 4293 1320 4352 secundum
1351 4294 1606 4364 spiritum
1641 4295 1692 4348 itt
1745 4308 1862 4347 tnu-

258 4389 516 4445 numento
541 4387 678 4460 justi
713 4388 952 4460 positum
975 4397 1062 4444 est
1088 4404 1102 4454 ;
1137 4391 1263 4458 quia
1289 4385 1538 4443 Christus
1567 4401 1594 4440 a
1631 4387 1863 4441 mortuis

258 4479 309 4533 in
341 4495 490 4536 novo
513 4481 650 4552 justi
677 4482 911 4552 resurgit
936 4481 1152 4538 affectu.
1181 4475 1332 4537 Bene
1365 4481 1530 4536 etiam
1562 4479 1862 4536 secundum

259 4569 493 4629 litteram
557 4574 799 4630 alienum
852 4583 1269 4630 monumentum
1323 4573 1468 4639 fuit;
1523 4573 1649 4644 quia
1706 4587 1864 4627 suum

1951 1921 2224 1979 debeatis.
2256 1923 2450 1981 Videte
2493 1923 2697 1997 dquod
2747 1929 3005 1984 meritum
3053 1937 3164 1984 non
3215 1931 3334 1987 sola
3384 1931 3574 1988 carnis

1952 2015 2238 2088 virginitas
2258 2019 2412 2086 facit,
2433 2018 2529 2075 sed
2559 2023 2723 2076 etiam
2755 2023 2960 2078 mentis
2994 2022 3302 2094 integritas.
3324 2023 3579 2096 Denique

1950 2111 2116 2168 Maria
2189 2113 2504 2184 Magdalena
2556 2115 2850 2171 Dominum
2907 2116 3233 2186 prohibetur
3289 2125 3523 2190 tangere

1957 2216 1981 2244 ε
2005 2207 2130 2278 quia
2155 2207 2383 2263 nutabat
2401 2205 2568 2281 218
2593 2208 2662 2264 de
2687 2211 3118 2267 resurrectionis
3141 2211 3273 2268 ﬁde.
3299 2211 3390 2268 Illa
3417 2213 3585 2284 igitur

1954 2303 2128 2373 tangit
2155 2301 2456 2367 Christum,
2481 2320 2602 2375 qua:
2630 2303 2738 2360 ﬁde
2768 2306 2967 2376 tangit.

2029 2394 2116 2451 16.
2151 2393 2466 2469 Magdalena
2496 2406 2669 2452 autem
2710 2397 2880 2453 stabat
2910 2398 2982 2454 ad
3003 2408 3397 2456 monumentum
3445 2403 3578 2472 foris

1958 2488 2170 2556 plorans
2199 2487 2398 2562 (Joan.
2430 2505 2528 2556 xx,
2558 2489 2681 2563 ii).
2706 2488 2726 2529 τ
2751 2490 2884 2557 Quae
2914 2491 3051 2547 toris
3074 2502 3177 2562 est,
3205 2495 3410 2564 plorat;
3444 2509 3570 2549 nam

1957 2598 2082 2655 qua:
2133 2585 2280 2640 intus
2316 2595 2429 2649 est,
2474 2585 2696 2656 plorare
2757 2600 2865 2642 non
2915 2587 3088 2642 novit.
3122 2587 3313 2642 Plorat
3361 2597 3574 2654 autem,

1959 2680 2083 2750 quia
2121 2693 2325 2750 corpus
2368 2694 2477 2734 non
2525 2680 2674 2736 videt
2703 2677 2954 2736 Christi:
3008 2688 3062 2736 et
3099 2681 3334 2749 periisse
3385 2687 3582 2752 putat;

1961 2773 2086 2843 quia
2135 2773 2253 2844 ipsa
2293 2787 2400 2827 non
2451 2771 2648 2828 cernit.
2683 2772 2825 2843 Ergo
2874 2769 3044 2828 Maria
3097 2771 3232 2828 foris
3265 2789 3278 2827 :
3312 2772 3410 2829 sed
3463 2788 3574 2829 non

1965 2866 2179 2933 Petrus,
2235 2881 2342 2922 non
2378 2865 2621 2923 Joannes
2665 2866 2820 2922 foris.
2867 2865 3118 2939 Denique
3162 2868 3242 2924 illi
3285 2877 3575 2926 currentes

1961 2962 2341 3028 intraverunt;
2372 2970 2427 3017 et
2457 2961 2580 3017 ideo
2605 2977 2717 3017 non
2747 2963 3128 3034 ploraverunt,
3157 2974 3212 3021 et
3234 2965 3578 3037 gratulantes

1967 3057 2332 3113 receSserunt.
2364 3054 2456 3110 llla
2479 3071 2599 3126 qua:
2630 3071 2736 3111 non
2769 3055 3039 3124 introivit,
3067 3057 3238 3124 ﬂevit,
3260 3073 3364 3114 non
3397 3059 3579 3116 credi-

1966 3151 2068 3220 dit,
2086 3151 2276 3206 t'raude
2298 3149 2570 3206 sublatum
2597 3150 2827 3220 putavit,
2852 3166 2953 3206 nec
2973 3166 3095 3207 cum
3122 3153 3361 3222 Angelos
3387 3166 3581 3208 cerne-

1879 3243 1924 3306 C
1959 3253 2065 3312 ret,
2082 3243 2412 3301 credendum
2438 3241 2830 3298 arbitrabatur.
2853 3244 3058 3299 Etideo
3077 3243 3325 3300 dicuntei
3342 3244 3569 3316 Angeli:

1967 3338 2182 3404 Mulier,
2208 3338 2334 3411 quid
2352 3337 2561 3409 ploras?
2581 3355 2731 3409 quem
2757 3340 2949 3409 quieris
2972 3337 3142 3410 (Ibid.
3167 3339 3259 3410 15)
3279 3339 3304 3393 ἲ
3325 3338 3444 3396 Hoc
3461 3341 3573 3396 Att-

1957 3437 2065 3508 geli
2092 3435 2306 3502 dicunt,
2341 3445 2397 3492 et
2425 3433 2693 3492 Dominus
2723 3447 2913 3506 postea
2955 3434 3149 3492 iisdem
3179 3436 3359 3492 verbis
3408 3441 3570 3508 repe-

1961 3531 2115 3597 tivit;
2147 3539 2207 3587 ut
2234 3531 2422 3588 sciatis
2451 3531 2574 3603 quia
2599 3530 2923 3603 angelorum
2965 3531 3131 3589 verba
3173 3531 3434 3589 mandata
3460 3532 3574 3590 sint

1964 3627 2204 3682 Domini.

2038 3723 2124 3777 i7.
2161 3721 2401 3792 Denique
2430 3721 2646 3788 eadem,
2673 3731 2733 3777 ut
2759 3720 2896 3789 dixi,
2918 3722 3083 3778 etiant
3109 3723 3374 3780 Dominus
3396 3725 3566 3782 verba

1963 3814 2216 3886 repetivit
2258 3814 2480 3871 dicens:
2519 3807 2732 3882 Mulier,
2764 3809 2890 3885 quid
2911 3814 3089 3886 plot-as
3118 3815 3145 3870 .’
3170 3831 3318 3888 quem
3339 3820 3572 3887 quieris?

1960 3912 2091 3978 Quae
2135 3924 2240 3965 non
2268 3909 2538 3975 credidit,
2589 3909 2786 3965 mulier
2825 3919 2940 3973 eSt;
2987 3923 3112 3964 nam
3147 3909 3242 3982 qui
3272 3912 3483 3980 credit,
3517 3913 3571 3969 in

1962 4006 2136 4061 virum
2171 4005 2470 4076 periecuim
2513 4005 2770 4074 reSurgit,
2802 4003 2854 4058 in
2885 4017 3198 4060 mensuram
3230 4005 3406 4061 relatis
3447 4008 3571 4078 ple-

1963 4097 2225 4154 nitudinis
2266 4097 2473 4153 Christi
2521 4094 2762 4169 (Ephes.
2817 4111 2892 4162 tv,
2932 4095 3000 4153 i3
3025 4096 3065 4167 ).
3102 4096 3324 4167 Mulier,
3361 4099 3567 4172 inquit:

1963 4207 2072 4247 non
2103 4191 2170 4247 de
2194 4205 2349 4254 sexu,
2384 4189 2480 4244 sed
2526 4188 2593 4244 de
2634 4186 2988 4244 cunctatione
3031 4191 3334 4246 convicium
3365 4199 3472 4248 est.
3507 4193 3576 4248 Et

1965 4287 2101 4342 bene
2134 4284 2348 4347 mulier,
2376 4291 2400 4330 Β
2425 4298 2547 4352 qua:
2574 4281 2828 4348 nutabat;
2857 4282 2982 4353 quia
3001 4281 3114 4353 jam
3137 4283 3291 4354 virgo
3317 4283 3566 4341 credide-

1963 4387 2066 4436 rat.
2101 4377 2239 4446 Quid
2261 4377 2477 4447 ploras?
2505 4375 2609 4431 ltoc
2634 4381 2713 4431 est
2741 4393 2754 4429 :
2787 4373 2867 4431 'I‘u
2891 4375 2984 4430 tibi
3007 4389 3070 4432 es
3091 4387 3253 4433 causa
3284 4377 3560 4449 plorandi,

1966 4485 2021 4531 tu
2071 4472 2170 4529 tibi
2211 4483 2401 4527 auctor
2432 4485 2490 4526 es
2519 4467 2708 4532 ﬂendi,
2744 4483 2865 4540 quae
2915 4479 2977 4526 es
3012 4468 3218 4527 Christi
3250 4472 3558 4530 incredula.

1971 4555 2161 4622 Ploras
2190 4608 2204 4632 ,
2235 4564 2361 4636 quia
2392 4579 2500 4619 non
2523 4561 2677 4620 vides
2698 4561 2974 4619 Christum
3001 4579 3014 4617 :
3037 4562 3225 4631 crede,
3255 4572 3309 4621 et
3329 4566 3562 4622 videbis.

329 4741 355 4769 ³
379 4732 641 4805 PleriQue
669 4747 828 4802 mss.,
870 4733 1058 4791 Patres
1087 4736 1438 4804 orphanorum
1467 4744 1514 4790 et
1541 4735 1748 4808 judices
1784 4734 1858 4789 ai-
1888 4737 1942 4798 Ι)
1967 4731 2142 4814 ruisse
2162 4729 2400 4813 affirmat
2428 4747 2440 4783 :
2467 4739 2558 4814 aut
2570 4728 2688 4814 rpite
2711 4729 3194 4814 illorumhopinioni
3213 4734 3565 4814 subscriben-

262 4803 505 4859 duarum.

329 4875 355 4914 δ
383 4877 598 4953 Cellius
620 4878 713 4933 lib.
744 4895 784 4944 t,
817 4893 938 4953 cap.
974 4879 1072 4953 i2:
1108 4877 1234 4953 Capi
1255 4887 1452 4953 autem,
1480 4879 1683 4953 inquit,
1719 4879 1862 4953 virgo

261 4949 469 5003 vestalis
509 4961 785 5022 propterea
811 4949 912 5005 dici
937 4949 1314 5022 videtur,'quia
1344 4950 1618 5020 Pontiﬁcis
1650 4951 1862 5005 maximi

260 5027 415 5094 manu
457 5021 731 5094 prehensa
775 5023 838 5077 ab
872 5040 930 5079 eo
958 5036 1170 5093 parente
1209 5021 1265 5078 in
1290 5024 1440 5094 cujus
1473 5032 1723 5092 potestate
1761 5032 1856 5088 est,

262 5093 419 5165 veluti
447 5093 587 5148 bello
610 5104 762 5165 capta
806 5095 1101 5150 abducitur.
1132 5095 1210 5152 De
1252 5093 1547 5150 vestalibus
1591 5095 1742 5164 plura
1775 5111 1859 5150 re-

265 5164 440 5238 peries
465 5164 757 5222 lib.....’de
797 5165 1096 5238 Virginibus
1121 5182 1238 5236 cap.
1265 5168 1321 5232 4,
1352 5182 1504 5221 num.
1530 5165 1617 5220 i5.

335 5246 355 5274 ε
383 5235 516 5293 Mss.
581 5253 686 5292 non
735 5235 914 5308 pauci,
943 5235 1198 5308 quamvis,
1220 5238 1392 5293 adhuc
1428 5241 1526 5293 ista
1560 5247 1859 5293 notaretur:

268 5321 530 5381 unus.....
579 5321 852 5366 mutaret:
900 5313 1090 5380 reliqui
1136 5327 1220 5365 ac.
1247 5312 1377 5366 edit.
1411 5309 1583 5381 magis
1612 5310 1767 5378 scite,
1811 5317 1869 5364 tit

270 5375 320 5452 in
347 5388 639 5452 contextu.
668 5383 781 5437 Non
807 5384 994 5438 inutile
1018 5375 1181 5452 porro
1209 5383 1364 5438 fuerit
1394 5375 1630 5452 qiite'hic
1663 5381 1732 5436 de
1754 5375 1864 5436 vir-

271 5450 486 5520 ginibus
517 5454 820 5510 Doininicm
869 5450 1284 5511 resurrectionis
1336 5450 1562 5510 testibus
1589 5453 1861 5521 dicuntur,

269 5535 387 5597 cuin
413 5525 480 5578 iis
508 5541 630 5598 quae
662 5527 927 5598 habentur
949 5528 1043 5583 lib.
1066 5544 1120 5582 vi
1150 5527 1352 5597 Expos.
1385 5528 1585 5597 Evang.
1617 5541 1731 5581 sec.
1762 5524 1864 5580 Lu-

269 5593 405 5675 cam,
441 5587 749 5675 υθέ-1587,
786 5615 934 5675 nunt.
970 5598 1060 5665 M,
1089 5587 1447 5675 contendere,
1474 5587 1574 5675 nec
1599 5613 1704 5675 non
1735 5599 1862 5675 sub-

264 5669 462 5734 jectam
487 5669 669 5725 eidem
698 5671 820 5727 loco
843 5673 1278 5727 observationem
1305 5671 1614 5726 consulere.
1639 5669 1860 5724 Interim

270 5736 489 5794 adverte
519 5744 870 5799 Ambrosium
900 5755 990 5797 uttl
1023 5744 1128 5799 labi
1158 5743 1442 5805 memoria,
1487 5741 1704 5813 quando
1738 5756 1868 5813 con-

273 5815 349 5885 tra
384 5827 712 5885 expressum
755 5814 918 5870 Marci
948 5830 1068 5885 cap.
1103 5831 1215 5880 xvi,
1249 5829 1372 5870 vers
1402 5814 1457 5879 9,
1502 5812 1867 5869 testimonium

274 5880 552 5942 Christum
585 5885 918 5956 Magdalenen
973 5880 1215 5944 secundo
1270 5895 1478 5943 tantum
1531 5886 1653 5960 loco
1706 5898 1873 5954 appa-

1964 4803 2094 4858 dum
2127 4818 2272 4864 esse,
2313 4803 2426 4872 qui,
2479 4812 2536 4854 ιιι
2568 4801 2750 4857 Estius
2778 4803 2878 4868 ait,
2915 4801 3006 4858 Dei
3034 4805 3356 4873 genitricem
3386 4807 3474 4863 hic
3506 4809 3563 4865 in

1966 4875 2126 4949 Maria
2158 4875 2349 4949 volunt
2371 4874 2748 4949 signiﬁcatam.
2783 4874 2922 4949 Quid
2955 4889 3090 4932 vero
3110 4877 3154 4932 si
3183 4878 3318 4934 duas
3349 4879 3566 4949 Magda-

1965 4948 2114 5002 lenas
2169 4945 2446 5002 exstitisse
2497 4944 2604 5001 hoc
2654 4946 2773 5001 loco
2822 4945 3012 5001 innuat
3058 4962 3278 5005 sanctus
3314 4944 3566 5007 Doct'or?

1963 5020 2162 5075 Confer
2212 5017 2327 5072 haec
2379 5032 2504 5073 cum
2561 5017 2753 5073 ultimo
2802 5033 2924 5089 cap.
2973 5019 3027 5074 in
3083 5020 3217 5078 Luc.
3260 5034 3316 5078 et
3355 5023 3557 5078 nodum

1962 5093 2137 5148 solve.

2033 5163 2060 5200 ιι
2090 5163 2292 5217 Omnes
2336 5161 2494 5227 edit.,
2537 5161 2716 5216 Videte
2749 5163 2886 5233 quod
2940 5165 3232 5218 meritum!
3271 5163 3394 5219 Non
3441 5166 3557 5220 sola

1964 5236 2138 5290 carnis
2178 5233 2446 5317 virginitas
2492 5235 2740 5316 uirginem
2781 5237 2936 5306 facit;
2989 5251 3180 5289 omnes
3226 5251 3364 5317 .tnss.
3401 5245 3480 5317 ut.
3506 5237 3559 5317 in

1967 5318 2134 5368 textu,
2172 5305 2274 5361 nisi
2301 5305 2446 5376 quod
2482 5321 2578 5375 pro
2606 5305 2866 5371 meritum,
2901 5318 3158 5377 corrupte
3188 5306 3367 5376 plures
3395 5307 3557 5364 exiti-

1965 5379 2094 5436 bent
2131 5380 2454 5432 meritorum.

2042 5463 2064 5488 θ
2090 5451 2215 5506 Mss.
2249 5449 2472 5520 aliquot:
2495 5450 2616 5518 quia
2643 5448 2925 5502 dubitabat.
2976 5519 2984 5520 ί
3417 5489 3420 5494 .

2049 5520 2068 5561 ἲ
2104 5519 2355 5592 Plerique
2385 5536 2541 5584 tnss.,
2567 5521 2653 5592 qui
2683 5519 2808 5589 {oris
2835 5531 2907 5572 est
2929 5519 3282 5592 ploratsna‘m
3312 5525 3420 5590 qui,
3453 5533 3559 5580 etc.

1973 5596 2171 5651 Iterum
2194 5590 2312 5665 post
2332 5591 2666 5663 paucaJlet-it
2687 5607 2705 5644 :
2726 5606 2841 5657 qua:
2857 5606 2957 5643 non
2972 5590 3438 5715 crediditﬂ'ruude,
3453 5605 3560 5650 etc.

2046 5676 2069 5713 ις
2105 5665 2230 5715 Mss.
2289 5681 2394 5715 non
2449 5663 2639 5715 nauci.
2694 5677 2807 5715 oua:
2861 5660 3150 5714 notabatur.
3244 5677 3314 5715 on
3362 5665 3560 5715 incom-

2046 5676 2069 5713 κ
2105 5660 2230 5720 Mss.
2289 5660 2394 5719 non
2449 5660 2639 5732 pauci,
2694 5677 2807 5729 qua:
2861 5660 3150 5714 notabatur.
3195 5660 3314 5718 Non
3362 5665 3572 5721 incom-

1975 5738 2166 5813 mode;
2217 5737 2357 5791 idem
2390 5734 2536 5790 enim
2585 5740 2671 5788 est
2715 5732 3375 5813 “reprehendebatur,
3424 5737 3572 5813 quod

2017 5810 2197 5884 itidem
2245 5816 2368 5877 post
2411 5810 2960 5884 vocem.“convic_ium
3002 5812 3107 5870 est,
3162 5811 3575 5884 apte_ponitur.

2017 5827 2197 5865 “luem
2245 5827 2368 5877 pOSt
2411 5827 2622 5865 νυοθιιι.
2671 5827 2960 5858 ςυιιυῑῡηιυι
3002 5827 3107 5870 cu,
3162 5827 3288 5874 apte
3333 5827 3423 5880 pOl

1979 5827 2114 5938 (ilice
2146 5887 2329 5937 autem
2358 5875 2501 5934 refer
2526 5872 2592 5932 ad
2625 5873 2720 5932 lib.
2754 5888 2812 5943 x,
2848 5872 2902 5930 in
2927 5871 3086 5944 Luc.,
3118 5890 3270 5936 num.
3298 5878 3423 5938 itii.
