4054 6306
501 296 604 354 37!

1856 272 2100 334 SANCTI
2139 265 2466 330 AMBROSII

3704 255 3823 314 επ

505 416 676 472 Adest
721 410 998 478 Christus,
1058 419 1161 464 nec
1198 414 1454 476 umquam
1510 398 1576 456 iis
1605 411 1636 452 a
1681 393 1880 466 quibus
1902 389 2104 464 quaeri-
2132 390 2184 450 Α
2211 388 2416 443 tionem
2444 383 2606 440 Pater
2651 387 2833 438 vester
2867 385 2972 436 est.
3017 374 3228 432 Patrem
3269 387 3439 429 meum
3483 370 3747 438 dicendo,
3788 387 3820 428 a

505 516 594 564 tur
625 505 802 560 deest.
839 501 981 570 Quid
1020 497 1246 574 ploras?
1276 497 1380 554 hoc
1407 502 1514 559 est,
1542 505 1646 546 non
1694 485 1948 559 lacrymis
1974 498 2112 556 opus

503 611 610 665 est,
662 599 760 654 sed
791 597 902 652 ﬁde
935 604 1223 665 prompta,
1253 600 1310 646 ct
1351 590 1463 646 Deo
1494 587 1678 658 digna.
1717 581 1838 640 Noli
1869 579 2112 652 cogitare

505 693 787 758 mortalia,
823 699 879 745 et
905 704 1010 745 non
1043 686 1292 760 plorabis
1319 701 1331 738 :
1354 681 1469 738 noli
1493 679 1737 750 cogitare
1761 675 2030 747 peritura,
2055 678 2111 728 et

503 785 667 844 ﬂendi
698 798 923 841 causam
956 781 1160 838 habere
1203 793 1314 834 non
1347 773 1574 847 poteris.
1605 770 1714 828 Cur
1741 767 1870 824 inde
1897 766 2108 838 ploras,

509 879 656 936 unde
683 877 776 933 alii
804 871 1194 947 gratulantur?
1651 851 1656 854 ’

581 973 668 1030 18.
701 971 868 1037 Quem
891 969 1078 1040 quarris
1105 965 1130 1020 .9
1158 963 1266 1020 hoc
1305 971 1390 1019 est
1415 978 1428 1014 :
1455 958 1572 1016 Non
1607 957 1761 1013 vides
1799 954 1926 1026 quia
1955 950 2113 1008 adest

504 1064 803 1122 Christus?
831 1061 952 1119 Non
996 1058 1150 1116 vides
1193 1056 1322 1130 quia
1351 1053 1604 1112 Christus
1648 1061 1733 1108 est
1769 1049 1864 1104 Dei
1909 1046 2110 1112 virtus,

507 1161 636 1231 quia
682 1155 935 1214 Christus
981 1160 1068 1210 est
1114 1149 1212 1206 Dei
1259 1145 1556 1219 sapientia,
1582 1143 1710 1215 quia
1737 1138 1991 1198 Christus
2028 1144 2115 1194 est

508 1251 792 1316 sanctitas,
816 1248 942 1320 quia
965 1244 1216 1302 Christus
1246 1249 1332 1298 est
1375 1239 1602 1296 castitas
1626 1278 1643 1306 ,
1693 1235 1818 1308 quia
1849 1231 2112 1290 Christus

505 1353 590 1404 est
618 1342 916 1413 integritas,
969 1337 1096 1411 quia
1141 1333 1395 1392 Christus
1437 1339 1599 1388 natus
1635 1341 1722 1386 est
1769 1343 1839 1385 ex
1872 1325 2110 1396 virgine,

505 1442 632 1514 quia
691 1437 944 1495 Christus
999 1449 1068 1490 ex
1111 1431 1302 1497 Patre,
1347 1438 1402 1486 et
1457 1426 1598 1500 apud
1646 1426 1892 1493 Patrem,
1949 1431 2007 1479 et
2058 1421 2113 1477 in

503 1513 663 1591 Patre
691 1545 928 1602 semper,
957 1539 1119 1584 natus
1145 1539 1255 1582 non
1286 1522 1488 1588 factus,
1533 1535 1635 1578 nec
1663 1517 1926 1591 degener,
1958 1526 1984 1555 α
2015 1513 2111 1574 sed

497 1643 718 1700 semper
743 1625 1005 1690 dilectus,
1031 1636 1196 1678 verus
1228 1619 1373 1675 Deus
1395 1633 1464 1675 ex
1488 1617 1602 1672 Deo
1624 1629 1757 1671 vero
1783 1613 1808 1668 1’

569 1723 657 1779 19.
683 1721 940 1778 Tulerunt
960 1760 976 1785 ,
1018 1715 1234 1788 inquit,
1271 1713 1554 1768 Dominum
1579 1710 1645 1766 de
1683 1715 2042 1772 monumento,
2067 1713 2112 1760 et

503 1819 676 1875 nescio
708 1817 795 1871 ubi
817 1821 1100 1886 posuerunt
1116 1825 1236 1867 eum
1266 1806 1456 1882 (Joan.
1487 1821 1588 1874 xx,
1615 1803 1730 1874 15).
1768 1801 1954 1868 Erras,
1988 1814 2106 1856 mu-
2139 1789 2188 1849 B

501 1915 623 1979 lier,
647 1926 771 1984 quae
796 1917 958 1982 putas
978 1906 1051 1963 ab
1072 1905 1196 1962 aliis
1217 1903 1498 1960 Christum
1520 1899 1589 1956 de
1609 1904 1968 1956 monumento
1984 1908 2112 1952 esse

499 2005 800 2070 sublatum,
849 2010 906 2057 et
950 2015 1058 2056 non
1111 2005 1382 2070 potestate
1425 1992 1646 2066 propria
1702 1989 2106 2048 resuscitatum.

497 2097 608 2156 Sed
638 2111 801 2154 nemo
829 2094 954 2150 tulit
988 2091 1085 2148 Dei
1111 2091 1394 2159 virtutem,
1425 2100 1590 2144 nemo
1623 2085 1748 2140 tulit
1771 2084 1864 2139 Dei
1895 2081 2112 2154 sapien-

495 2193 646 2260 tiam,
676 2205 843 2248 nemo
875 2187 1000 2244 tulit
1041 2183 1420 2242 venerabilem
1448 2179 1783 2237 castitatem.
1813 2177 1930 2234 Non
1955 2175 2104 2232 tolli-

501 2295 588 2343 tur
615 2285 871 2342 Christus
900 2283 968 2339 de
999 2287 1359 2336 monumento
1378 2275 1532 2348 justi,
1579 2289 1681 2331 nec
1707 2273 1776 2329 de
1805 2287 1916 2328 sum
1943 2269 2114 2342 virgi-

499 2384 584 2438 nis
621 2387 862 2445 secreto,
891 2385 948 2434 et
984 2375 1090 2448 pite
1121 2373 1322 2430 mentis
1347 2385 1550 2428 arcano
1579 2386 1594 2424 :
1636 2377 1690 2426 et
1735 2367 1780 2424 si
1806 2367 1897 2440 qui
1920 2365 2114 2423 volunt

501 2478 717 2542 tollere,
747 2472 970 2530 auferre
995 2487 1106 2528 non
1141 2475 1392 2541 possunt.

573 2569 666 2625 20.
698 2565 854 2623 Tunc
886 2567 966 2620 ait
995 2564 1075 2619 illi
1107 2561 1369 2620 Dominus
1395 2576 1408 2614 :
1436 2557 1465 2599 δ
1494 2556 1688 2620 Maria.
1726 2554 1920 2627 respice
1941 2551 2010 2608 ad
2034 2567 2117 2608 me

499 2663 692 2740 (Ibid,
721 2661 836 2732 16).
859 2657 1096 2729 Quando
1124 2671 1232 2714 non
1261 2654 1437 2712 credit
1462 2693 1479 2721 ,
1513 2650 1710 2708 mulier
1738 2658 1822 2704 est
1847 2664 1860 2700 :
1895 2644 2112 2718 quando

496 2743 746 2816 converti
775 2754 994 2825 incipit,
1032 2751 1196 2808 Maria
1227 2757 1474 2815 vocatur,
1506 2745 1610 2801 hoc
1629 2752 1734 2812 est,
1759 2756 1958 2798 nomen
1991 2740 2111 2811 ejus

500 2851 724 2922 accipit,
748 2865 871 2921 qua:
895 2845 1128 2918 parturit
1155 2842 1460 2907 Christum;
1494 2847 1580 2896 est
1603 2837 1748 2892 enim
1781 2835 1962 2890 anima
1989 2846 2112 2903 qua:

498 2945 823 3018 spiritaliter
849 2943 994 3013 parit
1018 2937 1322 2995 Christum.
1355 2934 1520 3008 219
1545 2931 1788 3002 Respice,
1818 2927 2013 2998 inquit,
2042 2923 2112 2979 ad

507 3056 605 3095 me.
627 3037 732 3106 Qui
765 3035 1044 3092 Christum
1077 3029 1322 3103 respicit,
1346 3026 1670 3087 emendatur
1695 3040 1708 3078 :
1733 3028 1882 3079 errat
1899 3028 2109 3086 autem,

509 3134 603 3205 qui
629 3132 906 3192 Christum
937 3145 1046 3184 non
1072 3125 1246 3183 videt.

2213 479 2482 539 creaturis
2498 494 2572 536 .se
2600 477 2697 534 Dei
2743 475 2914 532 Filius
2959 472 3234 546 separavit
3274 491 3289 526 :
3332 468 3549 526 Patrem
3592 479 3822 524 vestrum

2214 574 2486 640 dicendo,
2536 571 2849 642 adoptionis
2892 566 3152 641 spiritalis
3197 562 3428 637 gratiam
3486 561 3818 632 designavit.

2213 667 2293 724 lla
2321 677 2377 724 et
2406 665 2572 722 Deum
2603 681 2770 720 meum
2796 660 3030 718 dicendo
3056 701 3072 726 ,
3119 658 3440 731 mysterium
3491 670 3607 712 sua:
3633 653 3826 712 [near-

2215 762 2448 821 nationis
2475 759 2714 818 ostendit
2755 774 2772 824 ;
2825 767 2882 812 ut
2907 770 3069 829 quem
3112 753 3328 810 Patrem
3358 749 3687 806 naturaliter
3728 749 3826 804 ha-

2214 857 2306 914 bet
2329 899 2344 924 ,
2373 855 2544 912 Deum
2571 853 2810 925 appellet
2838 861 3060 924 propter
3085 847 3326 918 suscepti
3353 844 3608 916 corporis
3635 857 3828 900 sacra-

2215 958 2457 1008 mentum
2484 965 2498 1003 :
2534 946 2701 1002 Deum
2727 959 2947 1018 quoque
2974 952 3195 999 vestrum
3221 954 3344 996 cum
3376 939 3506 996 dicit
3533 979 3553 1008 ,
3602 936 3825 1010 proiec-

2215 1053 2330 1100 tum
2359 1043 2410 1098 in
2444 1039 2602 1099 nobis
2629 1055 2744 1098 sua:
2773 1037 3105 1111 Operationis
3137 1033 3398 1093 ostendit.

2825 1170 3056 1231 CAPUT
3097 1169 3166 1227 γ.

2215 1291 2370 1350 Redit
2415 1309 2448 1347 a
2496 1290 2816 1363 digressione
2845 1287 2914 1342 ad
2956 1299 3106 1342 suam
3128 1282 3502 1354 defensionem,
3535 1289 3586 1338 et
3607 1280 3715 1338 sibi
3742 1279 3832 1335 ob-

2279 1389 2422 1458 jecta
2443 1402 2545 1442 non
2573 1395 2776 1440 tantum
2801 1379 3034 1455 agnoscit
3059 1421 3073 1444 ,
3100 1393 3275 1434 verum
3301 1377 3460 1432 etiam
3490 1373 3724 1430 utter-ists
3747 1373 3830 1428 in-

2286 1479 2466 1546 tendit,
2496 1493 2683 1550 cupere
2707 1477 2866 1534 etiam
2895 1483 3152 1548 nupturas
3173 1471 3242 1526 ad
3261 1467 3576 1544 virginitatis
3595 1467 3831 1524 studium

2287 1587 2526 1629 revocare
2545 1578 2728 1642 sponte
2757 1566 3044 1641 professus.

2288 1731 2382 1788 24.
2425 1730 2495 1787 Ει
2522 1745 2650 1787 vere
2681 1729 2827 1785 Deus
2852 1734 3041 1784 noster
3068 1724 3244 1782 factus
3271 1731 3358 1781 est
3381 1723 3570 1790 nobis,
3619 1735 3696 1778 ex
3725 1734 3834 1793 quo

2219 1839 2412 1898 passus
2441 1832 2530 1880 est
2551 1821 2845 1890 Christus;
2882 1818 3106 1893 quando
3130 1860 3147 1888 ,
3174 1829 3236 1875 ut
3261 1818 3368 1874 alia
3397 1817 3660 1873 omittam
3687 1856 3705 1882 ,
3739 1829 3834 1886 pro

2215 1918 2532 1990 integritate
2559 1915 2827 1974 servanda
2859 1913 3000 1972 mori
3029 1912 3274 1986 virgines
3299 1919 3430 1968 sunt
3459 1921 3702 1983 parata.
3744 1907 3836 1964 Ni-

2216 2021 2294 2078 hil
2326 2020 2394 2077 de
2423 2035 2586 2076 causa
2614 2059 2631 2088 ,
2683 2017 2821 2073 nihil
2863 2015 2933 2072 de
2982 2028 3220 2086 persona
3255 2013 3452 2086 loquor
3483 2027 3500 2080 ;
3557 2010 3657 2068 ubi
3689 2008 3833 2066 enim

2216 2114 2436 2172 Domini
2499 2112 2675 2186 gratia
2701 2153 2718 2179 ,
2771 2109 2844 2166 ibi
2888 2108 3052 2166 debet
3095 2121 3220 2164 esse
3263 2121 3370 2178 pax
3413 2103 3668 2162 Domini.
3727 2101 3836 2158 Nec

2215 2219 2544 2280 quemquam
2570 2205 2792 2276 publice
2819 2217 2988 2274 arguo
3013 2243 3029 2271 ,
3069 2199 3166 2258 sed
3195 2215 3284 2256 me
3307 2199 3486 2270 ipsum
3519 2209 3543 2236 ο
3576 2195 3836 2253 defensa-

2217 2310 2330 2356 tum
2358 2298 2542 2356 venio.
2574 2296 2830 2354 Accusati
2856 2296 3002 2352 enim
3035 2309 3260 2360 sumus,
3289 2302 3346 2350 et
3373 2291 3480 2346 nisi
3508 2289 3703 2356 fallor,
3741 2303 3834 2346 ac-

2216 2401 2502 2450 cusatores
2532 2389 2706 2448 nostri
2743 2389 2994 2460 plerique
3017 2387 3086 2443 de
3114 2385 3272 2443 vobis
3299 2393 3449 2442 sunt.
3493 2383 3711 2440 Horum
3739 2397 3834 2455 ego

2217 2487 2442 2544 affectus
2489 2486 2820 2558 redarguere
2867 2483 3016 2540 malo
3039 2523 3054 2548 ,
3089 2497 3252 2554 quam
3279 2493 3548 2552 personas
3572 2479 3834 2550 prodere.

2215 2581 2472 2638 Criminis
2499 2589 2683 2638 autem
2732 2577 2934 2634 invidia
2969 2575 3088 2633 haec
3134 2583 3260 2644 est,
3305 2575 3432 2647 quia
3479 2572 3700 2630 suadeo
3749 2587 3836 2630 ca-

2217 2677 2480 2732 stitatem.
2537 2674 2640 2744 Qui
2701 2671 2808 2730 hoc
2856 2686 2965 2728 non
3011 2670 3249 2728 libenter
3295 2667 3542 2741 accipit,
3597 2667 3732 2741 ipse
3777 2681 3835 2724 se

2219 2767 2426 2840 prodit.

2287 2861 2379 2918 25.
2410 2859 2820 2932 Virginitatem,
2849 2857 3046 2929 inquit,
3075 2855 3266 2924 doces,
3296 2863 3354 2912 et
3376 2853 3691 2927 persuades
3717 2853 3834 2928 plu.

2215 2956 2400 3014 rimis.
2429 2951 2457 2991 ἀ
2488 2952 2710 3011 Utinam
2735 2951 3092 3008 convincerer
3113 2992 3128 3017 ,
3181 2949 3388 3006 utinam
3420 2949 3562 3006 tanti
3581 2949 3834 3006 criminis

2217 3048 2540 3122 probaretur
2568 3045 2832 3103 effectus!
2874 3042 2992 3100 Non
3025 3057 3252 3101 vererer
3274 3041 3542 3099 invidiam
3565 3083 3584 3109 ,
3631 3042 3689 3098 si
3713 3040 3832 3098 eni-

2213 3143 2425 3200 caciam
2453 3152 2928 3212 recognoscerem.
2974 3135 3156 3208 Atque
3201 3137 3408 3192 utinam
3446 3149 3536 3192 me
3561 3132 3834 3206 exemplis

571 3227 665 3284 21.
701 3225 768 3280 Ει
799 3223 925 3280 ideo
955 3221 1047 3278 illa
1071 3232 1336 3276 conversa
1359 3212 1624 3286 respexit,
1651 3209 1893 3310 ct‘dixit:
1918 3205 2107 3310 Rabbi,
2137 3195 2185 3260 C
2218 3195 2754 3310 ὧῦίίξέτὲυθςαίε,
2786 3246 2948 3303 quam
2979 3195 3329 3287 ser‘monibus
3353 3227 3693 3286 cadentis!

501 3321 638 3394 quod
667 3321 1042 3390 interpretatur
1073 3312 1340 3386 magister.
1383 3310 1485 3378 Qui
1525 3305 1753 3378 reSpicit
1777 3347 1792 3376 ,
1830 3301 2114 3361 converti-

505 3426 590 3471 tur
617 3432 630 3468 :
672 3414 762 3485 qui
791 3409 1134 3469 convertitur
1157 3447 1174 3474 ,
1213 3403 1432 3476 plenius
1465 3403 1708 3458 intuetur
1738 3417 1751 3453 :
1798 3397 1891 3469 qui
1922 3394 2108 3460 videt,

510 3506 740 3579 proiicit.
797 3504 868 3560 Et
913 3503 1036 3559 ideo
1083 3497 1402 3569 magistrum
1435 3493 1723 3566 appellat,
1775 3505 1931 3564 quem
1963 3504 2111 3545 mor-

507 3615 659 3658 tuum
723 3614 847 3656 esse
913 3593 1180 3652 credebat
1233 3609 1246 3646 :
1314 3588 1608 3662 alloquitur
1663 3601 1826 3658 quem
1887 3585 2113 3656 putabat

509 3697 768 3752 amissum
779 3733 792 3749 .

578 3791 672 3844 ‘22.
707 3787 861 3853 Noti,
891 3783 1090 3856 inquit,
1119 3797 1200 3837 me
1217 3791 1428 3854 tangere
1449 3775 1642 3852 (Ibid.,
1679 3777 1820 3846 17),
1855 3774 1959 3831 hoc
1983 3780 2068 3831 est
2093 3813 2106 3839 ,

511 3883 614 3940 etsi
643 3877 1001 3938 correctionis
1030 3881 1363 3933 tentamenta
1386 3879 1552 3938 sunt;
1581 3884 1694 3926 non
1727 3869 1896 3940 tangit
1926 3876 2108 3923 tamen

509 3978 784 4036 Christum
817 3971 1062 4030 nutantis
1086 3969 1334 4026 aﬂ'ectus.
1364 3966 1513 4032 Noli,
1549 3965 1745 4036 inquit,
1770 3979 1850 4020 me
1877 3973 2107 4035 tangere,

511 4073 615 4128 hoc
657 4077 777 4135 est,
833 4066 942 4122 noli
989 4073 1214 4136 tangere
1253 4062 1346 4118 Dei
1390 4059 1688 4123 virtutem,
1741 4055 1838 4112 Dei
1886 4055 2109 4128 sapien-

512 4169 661 4234 tiam,
692 4161 1047 4221 reverendam
1087 4157 1453 4229 integritatem
1476 4196 1490 4220 ,
1541 4151 1918 4210 honorabilem
1947 4149 2110 4206 casti-

514 4270 698 4316 tatem.

580 4354 672 4409 9.5.
703 4350 812 4409 Sed
835 4349 965 4406 vade
985 4347 1054 4402 ad
1085 4347 1272 4416 fratres
1297 4357 1458 4398 meos.
1503 4339 1644 4410 Quid
1669 4347 1753 4396 est
1779 4337 1928 4395 aliud
1955 4337 2104 4394 dice-

510 4465 592 4516 re,
621 4445 763 4502 nisi:
793 4444 913 4500 iam
943 4441 1055 4498 noli
1092 4438 1226 4496 foris
1255 4434 1429 4492 ﬂere?
1476 4433 1626 4490 Vade
1668 4434 1737 4488 ad
1786 4432 1994 4488 electos
2055 4439 2110 4488 et

511 4545 576 4600 ad
607 4537 1120 4598 ohservantissimos
1145 4529 1500 4596 sacerdotes;
1528 4537 1578 4584 et
1603 4527 1688 4583 dic
1712 4527 1851 4582 illis:
1874 4525 2107 4581 Ascendo

509 4637 578 4691 ad
603 4634 818 4689 Patrem
845 4645 1016 4686 meum
1039 4669 1054 4695 ,
1081 4635 1132 4683 et
1163 4623 1376 4681 Patrem
1395 4630 1617 4678 vestrum
1651 4637 1670 4676 :
1701 4619 1870 4676 Deum
1897 4635 2101 4687 meum,
2129 4597 2186 4661 Ῑ)

505 4741 553 4785 et
585 4729 750 4784 Deum
784 4733 1028 4780 uestrum.
1078 4717 1219 4788 Quid
1268 4727 1352 4775 est
1380 4715 1527 4772 aliud
1553 4714 1777 4783 dicere,
1827 4715 1970 4770 nisi:
2019 4713 2099 4771 Ne

505 4823 702 4880 mulier
729 4819 854 4876 hinc
880 4829 1100 4873 moveas
1123 4809 1525 4884 quaestionem?
1567 4808 1729 4866 Certe
1753 4823 1782 4863 a
1812 4807 2100 4880 perfectio-

501 4918 652 4976 rihus
678 4929 886 4989 quaere,
917 4911 1102 4969 dicent
1129 4905 1228 4965 tibi
1253 4920 1375 4976 quae
1401 4904 1680 4961 distinctio
1707 4904 1782 4960 sit
1818 4903 1957 4961 inter
1993 4904 2097 4960 Pa-

502 5021 638 5069 trem
667 5024 848 5066 mettm
876 5014 932 5063 et
972 5004 1192 5060 Patrem
1239 5011 1508 5056 vestrum.
1551 4997 1686 5054 Nam
1714 4995 1811 5069 qui
1829 4996 1979 5068 juxta
2011 4997 2096 5054 di-

497 5105 678 5162 vinam
703 5099 1115 5175 generationem
1143 5092 1306 5150 Pater
1330 5091 1462 5148 mihi
1490 5099 1576 5148 est
1598 5133 1613 5159 ,
1662 5090 1709 5147 is
1744 5089 1899 5160 juxta
1929 5091 2100 5161 adop-

565 5272 594 5303 α
616 5261 694 5318 Ita
721 5273 855 5316 mss.
884 5254 1198 5323 complures
1225 5267 1238 5323 ;
1262 5248 1356 5323 alii
1386 5262 1544 5318 vero,
1584 5255 1909 5318 cunctaeque
1949 5245 2082 5302 edit.

495 5331 916 5406 prmtermittunt
942 5321 1162 5388 vacem,
1196 5321 1433 5406 dilectus.

564 5388 600 5444 δὴ
625 5405 778 5460 ilunc
803 5408 1011 5456 textum
1041 5409 1218 5465 neque
1245 5393 1302 5448 in
1334 5390 1540 5448 Graecis
1563 5388 1931 5465 Evangelistm
1959 5389 2082 5465 cod.

493 5491 670 5546 neque
693 5475 750 5546 in
773 5471 985 5546 Latinis
1014 5461 1409 5546 ullis—reperire
1425 5473 1528 5520 est.
1562 5462 1689 5518 Haec
1709 5469 1891 5516 autem
1917 5461 2086 5517 refer-

491 5536 664 5602 tur'ad
691 5545 785 5600 lib.
815 5540 867 5598 Χ
887 5541 943 5596 ἱη
965 5541 1098 5596 Luc.
1135 5551 1284 5594 num.
1315 5536 1440 5591 161.

563 5629 586 5658 ο
615 5618 743 5673 Mss.
779 5613 1052 5680 nonnulli,
1077 5605 1570 5682 defensatumueni;
1613 5601 1834 5675 quidam
1856 5643 1871 5670 ,
1903 5602 2084 5674 defen-

485 5699 656 5744 satum
683 5687 908 5742 inuenio.

557 5759 584 5799 (1
615 5761 863 5826 Quatuor
883 5771 1044 5824 mss.,
1071 5753 1275 5826 utinam
1298 5765 1403 5806 non
1430 5750 1684 5826 vincerer.

557 5843 579 5868 ο
608 5815 738 5888 Εἴθε.
770 5815 1044 5895 nonnulli,
1075 5823 1476 5897 praedicatores;
1504 5818 1610 5876 etsi
1635 5831 1744 5874 non
1768 5815 2086 5876 omninuin-

482 5948 510 5967 ν

2217 3343 2414 3387 vereor
2443 3343 2514 3384 ne
2543 3337 2566 3365 ε
2597 3325 3053 3398 praevaricatores
3084 3323 3222 3379 mihi
3259 3323 3586 3394 apposuisse
3614 3321 3830 3389 videar,

2218 3421 2310 3495 qui
2334 3436 2422 3476 me
2449 3419 2643 3476 alienis
2673 3415 3061 3475 commendent
3089 3414 3362 3473 laudibus.

2285 3515 2376 3572 26.
2417 3514 2661 3570 lnitiatas
2691 3554 2708 3582 ,
2739 3511 2952 3583 inquit,
2991 3510 3170 3568 sacris
3196 3508 3474 3584 mysteriis
3496 3551 3514 3580 ,
3547 3519 3608 3568 et
3631 3524 3831 3568 conse-

2213 3615 2393 3664 cratas
2440 3606 2738 3676 integritati
2785 3601 2999 3675 puellas
3052 3604 3264 3660 nubere
3318 3602 3602 3674 prohibes.
3667 3603 3830 3678 320

2216 3700 2432 3759 Utinam
2465 3713 2684 3771 possem
2712 3711 2975 3754 revocare
2998 3695 3300 3767 nupturas!
3349 3697 3560 3752 utinam
3605 3710 3827 3768 possem

2214 3791 2528 3848 ﬂammeum
2560 3787 2804 3861 nuptiale
2848 3788 2939 3858 pio
2972 3788 3306 3860 integritatis
3346 3796 3564 3845 mutare
3593 3787 3828 3846 velami-

2214 3899 2285 3942 ne
2315 3885 2330 3938 l
2360 3882 2444 3939 An
2473 3881 2756 3954 indignum
2786 3879 3000 3936 videtur
3029 3923 3044 3948 ,
3079 3891 3138 3937 ut
3162 3889 3389 3938 sacrata:
3411 3881 3654 3954 virgines
3683 3897 3718 3939 a
3742 3895 3826 3937 sa-

2211 3976 2516 4035 crosanctis
2544 3974 2808 4032 altaribus
2840 3987 2951 4030 non
2981 3973 3325 4031 abducantur
3347 3973 3418 4031 ad
3443 3975 3712 4045 nuptias!
3763 3975 3826 4030 Et

2209 4069 2413 4140 quibus
2437 4067 2566 4125 licet
2592 4067 2611 4107 τ
2643 4081 2904 4139 sponsum
2931 4066 3158 4138 eligere,
3186 4081 3297 4124 non
3326 4067 3455 4125 licet
3485 4068 3665 4124 Deum
3687 4081 3824 4141 pm-

2209 4163 2398 4222 ferre?
2448 4163 2504 4220 in
2558 4176 2647 4219 me
2691 4175 2826 4232 ergo
2871 4159 2998 4217 facti
3038 4160 3285 4218 conditio
3316 4169 3600 4230 mutatur,
3631 4170 3701 4218 ut
3726 4175 3824 4232 pro

2209 4255 2508 4329 opprobrio
2533 4253 2668 4310 mihi
2689 4253 2872 4320 cedat,
2898 4251 3044 4324 quod
3067 4266 3286 4323 semper
3308 4252 3582 4322 spectavit
3605 4253 3680 4310 ad
3698 4267 3822 4325 gra-

2209 4349 2340 4404 tiam
2363 4343 2731 4412 sacerdotum,
2757 4342 2944 4414 jacere
2969 4342 3179 4400 semina
3200 4341 3550 4416 integritatis,
3575 4353 3634 4402 et
3655 4343 3820 4416 virgi-

2207 4439 2395 4500 nitatis
2420 4437 2599 4496 studia
2631 4449 2960 4508 provocare.

2821 4569 3051 4629 CAPUT
3089 4569 3181 4628 Vl.

2208 4715 2289 4772 Ad
2314 4711 2662 4784 uirginitatem
2680 4724 2958 4782 provocare
2984 4725 3078 4765 nec
3105 4708 3398 4781 improbum
3421 4725 3564 4779 esse,
3596 4725 3695 4766 nec
3716 4725 3810 4764 no-

2274 4823 2414 4876 vum,
2439 4822 2532 4862 nec
2561 4804 2746 4861 inutile
2771 4820 2790 4860 :
2813 4820 3035 4876 quorum
3064 4805 3232 4876 primo
3257 4805 3430 4877 capite
3459 4807 3644 4877 paucis
3662 4805 3812 4862 abso-

2276 4902 2406 4965 (uto,
2431 4899 2651 4954 alterum
2677 4897 2872 4952 scilicet
2889 4912 3075 4952 nouum
3105 4913 3212 4953 non
3241 4915 3352 4954 esse
3385 4897 3586 4956 Christi
3607 4909 3810 4956 senten-

2276 4995 2370 5060 tia,
2401 4991 2607 5062 judicio
2651 4989 3038 5061 apostolorum,
3067 5007 3130 5044 ac
3157 4991 3497 5062 puerulorum
3517 5035 3533 5058 ,
3567 4993 3808 5064 exemplo

2277 5086 2422 5142 docet
2455 5101 2474 5139 :
2517 5093 2626 5139 tum
2656 5082 2981 5140 damnandus
3022 5099 3128 5138 non
3162 5100 3274 5140 esse
3318 5086 3532 5159 nuptias
3568 5102 3802 5154 monens,

2195 5242 2380 5328 suise,
2403 5239 2598 5328 .rnittus
2633 5249 2828 5324 .Iamen
2867 5242 3159 5328 concinne.
3207 5244 3615 5304 Praevaricator
3656 5247 3802 5304 enim

2195 5316 2287 5370 ille
2309 5311 2533 5396 dicitur,
2557 5311 2648 5396 qui
2677 5328 2804 5396 eum
2824 5328 2992 5396 quem
3011 5317 3329 5396 vituperare
3348 5328 3514 5390 atque
3541 5334 3804 5376 accusare

2193 5384 2462 5450 creditur,
2496 5385 2662 5454 tacite
2686 5383 3167 5454 fraudulenterque
3208 5389 3389 5446 laudat
3417 5383 3483 5446 ac
3505 5391 3752 5448 defendit
3783 5407 3799 5444 :

2193 5472 2312 5537 quo
2333 5471 2496 5512 sensu
2525 5453 2996 5537 dictionemuhane
3027 5453 3330 5537 Tulliusjn
3371 5461 3574 5537 Philip.
3609 5463 3645 5518 2
3685 5477 3798 5519 non

2191 5526 2265 5586 ita
2299 5529 2456 5598 longe
2487 5526 2554 5582 ah
2585 5526 2742 5598 initio
2769 5526 3052 5596 adhibuit;
3081 5531 3226 5587 unde
3255 5531 3401 5589 hunc
3445 5526 3628 5590 locum
3663 5535 3798 5591 Am-

2193 5596 2413 5659 brosius
2439 5609 2626 5654 noster
2649 5596 2870 5654 videtur
2901 5600 3162 5658 imitatus.

2270 5670 2290 5759 1
2323 5671 2402 5754 De
2425 5669 3072 5759 hacliteultazteelig-endi
3091 5673 3436 5759 _sponsi_jam
3475 5677 3792 5736 monuimus

2193 5758 2301 5802 nos
2330 5741 2385 5800 in
2413 5743 2556 5813 epi-t
2606 5738 2675 5796 ad
2707 5741 2874 5798 Sisin.
2902 5738 3104 5817 aliquid
3135 5738 3260 5804 esse
3285 5738 3549 5805 dicturos.
