4054 6306
310 288 421 347 273

1431 289 1516 346 DE
1557 287 2006 347 VIRGINI'I'ATE
2042 287 2255 347 LIBER
2294 288 2499 347 UNUS.

3512 286 3620 346 276

380 426 560 465 earum
608 420 783 465 tamen
823 412 1004 465 multas
1040 417 1088 463 et
1123 423 1303 481 graves
1330 408 1590 463 molestias
1624 407 1858 463 declarat
1887 426 1907 474 ,-
1934 418 1987 474 Α
2013 421 2165 473 vero,
2193 407 2288 479 qui
2319 407 2534 479 nuptias
2561 406 2822 464 damnet?
2867 406 2977 465 Sed
3025 408 3147 479 quis
3187 418 3296 464 tam
3344 408 3558 464 alienus
3586 423 3617 464 a

380 512 540 575 utque
567 514 811 560 neutram
832 506 1009 559 harant
1033 502 1386 559 conditionum
1413 503 1681 576 quisquam
1719 503 1905 559 tradu~

376 605 481 665 cat,
517 597 802 669 prudenter
826 596 1022 653 suadet.

374 777 466 834 27.
501 777 702 848 Quzero
728 778 873 836 enim
897 787 1077 833 utrum
1106 777 1263 849 quasi
1296 775 1598 846 improbum
1645 775 1747 831 hoc
1772 816 1787 841 ,
1836 792 1903 832 an

301 872 456 944 quasi
490 888 732 942 novum,
781 888 850 928 an
896 872 1049 944 quasi
1100 871 1293 927 inutile
1337 870 1788 943 reprehendatur.
1845 870 1903 928 Si

300 968 455 1041 quasi
491 968 796 1041 improbum
819 1010 835 1035 ,
870 967 1113 1040 improba
1141 982 1272 1040 ergo
1302 977 1424 1023 vota
1451 976 1579 1023 sunt
1620 969 1861 1022 omnium
1886 1007 1900 1032 ,

297 1061 544 1131 improba
579 1063 685 1117 vita
717 1070 803 1119 est
825 1061 1145 1132 angelorum
1167 1102 1182 1128 ,
1214 1076 1376 1133 quam
1418 1060 1589 1131 gratia
1622 1072 1902 1115 resurrec-

298 1155 463 1211 tionis
519 1155 798 1223 imitatur;
860 1155 952 1225 qui
999 1154 1144 1211 enim
1184 1162 1209 1191 α
1259 1168 1364 1208 non
1426 1152 1675 1219 nubunt,
1728 1167 1902 1222 neque

296 1248 502 1306 ducunt
540 1263 742 1305 uxores
766 1288 782 1313 ,
835 1257 996 1303 erunt
1035 1248 1175 1303 sicut
1212 1246 1389 1317 angeli
1427 1247 1479 1301 in
1507 1245 1647 1302 coelo
1677 1243 1898 1318 (Matth.

295 1359 429 1411 xxu,
461 1341 576 1416 50).
601 1342 702 1413 Qui
732 1341 836 1399 hoc
865 1341 1048 1415 utique
1080 1342 1455 1414 reprehendit,
1484 1340 1900 1397 resurrectionis

293 1449 423 1493 veta
478 1437 826 1494 eundemnat.
883 1436 1070 1510 Itaque
1118 1437 1425 1508 improbum
1454 1436 1628 1492 videri
1658 1452 1765 1491 non
1800 1450 1898 1508 po-

296 1539 425 1600 test,
458 1530 604 1603 quod
637 1530 952 1588 hominibus
993 1547 1091 1603 pro
1121 1532 1342 1604 praemio
1372 1532 1728 1589 constitutum
1771 1540 1894 1588 est:

291 1642 395 1683 nec
426 1636 603 1698 potest
627 1626 747 1699 ejus
779 1628 857 1684 rei
885 1628 1098 1700 species
1125 1626 1417 1700 displicere
1441 1669 1457 1697 ,
1500 1628 1655 1699 cujus
1694 1627 1897 1684 veritas

289 1732 345 1778 et
372 1722 427 1777 in
459 1720 635 1777 fructu
668 1730 774 1789 est,
803 1730 859 1777 et
884 1723 937 1777 in
964 1730 1110 1778 voto.

359 1815 454 1873 28.
489 1814 595 1874 Sed
624 1826 766 1883 esto,
796 1833 904 1872 non
935 1815 1003 1872 sit
1033 1816 1362 1888 improbum,
1405 1815 1667 1888 numquid
1700 1831 1894 1872 novum

286 1911 419 1967 e51?
446 1909 555 1966 Nos
582 1911 730 1967 enim
760 1926 899 1967 nova
928 1910 1108 1965 omnia
1131 1926 1251 1982 qua:
1269 1909 1525 1967 Christus
1555 1925 1664 1965 non
1694 1910 1900 1977 docuit,

280 2005 408 2077 jure
438 2004 763 2060 damnamus
789 2020 805 2071 ;
855 2004 980 2076 quia
1010 2002 1262 2060 ﬁdelibus
1286 2005 1372 2059 via
1404 2002 1656 2059 Christus
1681 2012 1784 2059 est.
1842 2004 1899 2061 Si

285 2100 455 2172 igitur
476 2096 730 2155 Christus
757 2114 868 2155 non
902 2097 1087 2155 docuit
1113 2097 1260 2171 quod
1290 2097 1570 2165 docemus,
1602 2098 1769 2154 etiam
1799 2112 1900 2155 nos

286 2192 342 2248 id
388 2192 716 2249 detestabile
756 2192 1087 2264 judicamus.
1138 2192 1505 2249 Discutiamus
1548 2207 1681 2265 ergo
1716 2202 1895 2247 utrum

284 2284 541 2344 Christus
563 2287 928 2358 integritatem
959 2287 1212 2343 docuerit
1240 2328 1255 2353 ,
1290 2303 1357 2341 an
1383 2285 1776 2358 repudiandam
1801 2301 1899 2356 pu-

286 2381 487 2438 taverit
513 2398 526 2436 :
555 2379 623 2435 Et
651 2390 794 2447 sunt,
822 2381 1015 2451 inquit,
1047 2380 1329 2447 spadones,
1356 2380 1444 2447 qui
1460 2395 1515 2433 se
1535 2380 1676 2451 ipsos
1698 2387 1900 2433 castra-

282 2486 467 2534 verunt
496 2487 708 2548 propter
735 2494 955 2550 regnum
980 2475 1228 2532 caelorum
1256 2474 1473 2549 (Matth.
1509 2491 1624 2541 xtx,
1656 2473 1773 2544 12).
1801 2474 1898 2529 Est

284 2586 424 2643 ergo
452 2570 716 2643 praeclara
746 2570 935 2627 militia
960 2612 976 2638 ,
1004 2586 1125 2642 quae
1164 2584 1335 2640 regno
1365 2568 1633 2625 calorum
1677 2567 1891 2623 militat.

287 2662 480 2736 Itaque
515 2664 628 2734 jam
664 2674 791 2719 tunc
823 2664 1082 2720 Dominus
1107 2662 1295 2719 docuit
1341 2676 1464 2718 esse
1507 2660 1710 2718 debere
1750 2660 1893 2717 inte-

286 2766 497 2814 merata
525 2758 704 2814 studia
732 2758 1021 2815 castitatis.

359 2852 455 2910 29.
506 2851 661 2910 Unde
699 2863 756 2909 et
782 2854 1030 2925 Apostoli
1079 2869 1201 2910 eam
1251 2854 1466 2911 caeteris
1531 2853 1893 2925 prazeminere

284 2956 616 3004 cernentes:
661 2947 727 3004 Si
748 2948 823 3003 ita
853 2958 965 3016 est,
1000 2949 1152 3004 aiunt
1179 2989 1195 3016 ,
1224 2965 1379 3004 causa
1419 2948 1515 3003 viri
1543 2965 1661 3003 cum
1689 2963 1851 3002 uxore
1872 2992 1886 3015 ,

283 3056 395 3094 non
425 3039 631 3113 expedit
660 3041 849 3096 nubere
878 3040 1069 3115 (lbid.,
1094 3040 1210 3114 10).
1233 3041 1353 3111 Quo
1379 3041 1525 3097 dicto
1556 3051 1612 3096 et
1640 3040 1890 3111 graviora

278 3134 663 3207 judicaverunt
690 3152 857 3193 onera
882 3136 1083 3193 vinculi
1111 3136 1413 3208 c0njuga|is
1434 3178 1450 3202 ,
1494 3145 1551 3191 et
1575 3150 1720 3191 vera:
1751 3134 1893 3189 intc-

2011 500 2244 567 ratione,
2266 501 2359 572 qui
2380 499 2618 571 conjugii
2649 515 2814 557 onera
2846 517 2955 556 non
2978 501 3218 557 sentiat?
3250 500 3464 556 Etenim
3489 516 3606 554 ma-

2010 594 2106 651 lier
2127 595 2347 665 innupta
2374 605 2422 651 et
2452 597 2595 670 virgo
2633 598 2823 668 cogitat
2865 612 2981 664 quae
3013 606 3132 651 sunt
3168 594 3383 651 Domini
3410 611 3430 661 ;
3460 605 3514 649 ut
3534 596 3603 651 sit

2009 701 2189 745 sancta
2217 707 2434 758 corpore
2459 701 2505 746 et
2532 690 2741 761 spiritu.
2778 691 2920 746 Nam
2949 708 3064 762 qua:
3087 702 3250 765 nupta
3273 700 3346 745 est
3375 732 3390 757 ,
3421 691 3615 763 cegitat

2008 800 2125 855 qua:
2145 795 2265 839 sunt
2290 786 2499 852 mundi,
2542 786 2800 856 quomodo
2864 787 3069 857 placeat
3095 786 3206 841 viro
3242 784 3303 857 (ι
3341 783 3464 842 Cor.
3496 799 3569 840 vn
3595 824 3611 850 ,

2010 876 2127 950 34).

2081 972 2172 1029 52.
2203 973 2270 1028 Ει
2292 972 2600 1044 praeteritas
2630 972 2931 1036 molestias,
2961 973 3210 1044 quamvis
3232 970 3487 1028 nubendo
3506 985 3613 1027 non

2008 1076 2221 1137 peccet,
2250 1067 2639 1123 contritionem
2673 1078 2855 1123 tamen
2883 1067 3102 1124 habebit
3129 1067 3312 1123 carnis
3335 1065 3619 1136 hujnsmo-

2006 1160 2059 1217 di
2087 1178 2102 1219 :
2135 1175 2330 1232 graves
2359 1162 2505 1216 enim
2534 1170 2724 1228 partus
2751 1161 2968 1218 labores
2990 1203 3003 1226 ,
3033 1161 3215 1232 gravis
3245 1160 3612 1216 creandorum

2006 1263 2064 1311 et
2108 1254 2532 1311 erudiendornm
2569 1255 2866 1311 liberorum
2908 1256 3179 1311 molestia.
3222 1255 3431 1323 Quibus
3480 1264 3608 1311 ante

2006 1350 2366 1423 praescripsit,
2397 1365 2469 1406 ne
2497 1349 2623 1422 quis
2649 1349 2965 1421 hujusmodi
2996 1358 3339 1405 averteretur
3366 1349 3615 1421 injuriis;

2005 1443 2192 1500 multa:
2214 1444 2357 1500 enim
2390 1444 2446 1498 in
2476 1451 2665 1514 partus
2686 1443 2969 1498 doloribus
2997 1442 3333 1508 couslitutm,
3363 1442 3617 1513 conjugio

2005 1554 2068 1596 se
2099 1538 2418 1595 renuntiare
2445 1537 2636 1593 dicunt
2667 1553 2680 1591 :
2716 1536 2876 1593 multi
2899 1536 3060 1592 etiam
3094 1535 3429 1593 matrimonii
3449 1552 3615 1591 onera

2004 1648 2111 1689 non
2148 1630 2389 1688 ferentes
2415 1672 2430 1698 ,
2465 1628 2494 1668 δ
2523 1630 2705 1686 alieno
2736 1629 2806 1687 ab
2836 1645 3009 1686 uxore
3046 1640 3366 1686 avertuntur
3391 1628 3610 1687 affectu.

2004 1724 2214 1780 Etideo
2243 1722 2541 1794 Apostolus
2568 1731 2696 1779 ante
2731 1722 2996 1793 praemisit
3030 1742 3044 1778 ι
3075 1721 3296 1796 Ligatus
3335 1739 3388 1776 es
3418 1721 3617 1777 uxori.’

1927 1820 1975 1882 Β
2006 1815 2134 1871 Noli
2160 1831 2389 1885 quaerere
2434 1815 2743 1871 solutionem
2785 1814 2999 1890 (Ibid.,
3039 1815 3166 1887 27).
3214 1816 3280 1871 Et
3318 1815 3457 1871 bene
3487 1816 3603 1870 ait:

2007 1908 2229 1981 Ligntus
2246 1925 2333 1974 es;
2363 1908 2596 1980 quodam
2627 1909 2771 1965 enim
2806 1908 2889 1963 vir
2926 1917 2982 1964 et
3014 1924 3153 1964 uxor
3190 1924 3330 1965 nexu
3362 1909 3507 1965 inter
3548 1923 3611 1964 se

2006 2004 2273 2059 amatorio
2302 2004 2649 2075 copulantur,
2676 2013 2729 2058 et
2747 2003 3076 2076 quibusdam
3111 2004 3342 2062 invicem
3375 2003 3484 2060 sibi
3513 2002 3609 2059 ha-

2004 2097 2160 2155 benis
2181 2098 2383 2154 amoris
2411 2100 2620 2154 astricti
2648 2109 2796 2155 sunt.

2075 2193 2164 2248 55.
2192 2193 2341 2248 Bona
2371 2191 2535 2263 igitur
2567 2203 2589 2231 ε
2620 2192 2836 2249 vincula
2882 2193 3191 2262 nuptiarum
3219 2236 3232 2259 ,
3287 2191 3384 2249 sed
3428 2200 3608 2247 tamen

2003 2287 2219 2343 vincula
2247 2305 2260 2343 :
2286 2287 2491 2343 bonum
2516 2287 2866 2358 conjugium,
2900 2286 2994 2342 sed
3025 2295 3203 2341 tamen
3241 2301 3269 2341 a
3310 2286 3443 2357 jugo
3471 2295 3615 2341 trac-

2002 2389 2141 2445 tum,
2173 2389 2230 2436 et
2253 2381 2384 2452 jugo
2414 2379 2635 2447 mundi;
2663 2390 2722 2435 ut
2752 2380 2871 2435 viro
2902 2381 3082 2450 potius
3122 2381 3305 2452 cupiat
3347 2379 3568 2451 placere
3595 2423 3610 2446 ,

2000 2491 2161 2548 quam
2188 2476 2320 2532 Deo.
2348 2476 2496 2531 Bona
2520 2475 2686 2531 etiam
2718 2474 2940 2530 vulnera
2977 2473 3292 2538 charitatis,
3324 2482 3382 2529 et
3410 2474 3615 2529 osculis

2000 2574 2341 2646 praeferenda
2376 2591 2389 2628 :
2423 2572 2592 2629 Utilia
2617 2573 2763 2629 enim
2786 2573 3003 2627 vulnera
3032 2571 3224 2638 amici,
3257 2571 3609 2641 quamvelun-

1997 2670 2132 2724 taria
2163 2669 2343 2725 oscula
2363 2668 2558 2724 inimici
2584 2667 2774 2741 (Prov.
2810 2683 2999 2734 xxvn,
3025 2666 3103 2737 6).
3135 2665 3381 2736 Denique
3408 2665 3610 2721 Petrus

1996 2765 2248 2820 vulnerat
2283 2762 2527 2835 (Matth.,
2564 2778 2709 2828 xxvt,
2739 2761 2853 2832 51),
2888 2760 3058 2817 Judas
3090 2760 3371 2816 osculatur
3392 2758 3410 2833 (
3434 2758 3570 2814 Ibid.
3591 2801 3606 2827 ,

1995 2856 2100 2929 49)
2134 2874 2148 2911 :
2178 2856 2332 2912 illum
2362 2855 2548 2911 oscula
2573 2854 2944 2911 condemnant
2964 2896 2980 2922 ,
3009 2853 3153 2909 hunc
3191 2855 3387 2909 vulnus
3422 2868 3611 2909 emen-

1995 2952 2089 3008 dat
2126 2971 2140 3009 :
2181 2952 2326 3008 illius
2380 2952 2583 3008 osculis
2636 2951 2966 3022 proditionis
3009 2964 3218 3005 venena
3259 2948 3562 3006 funduntur
3589 2992 3602 3012 .

1995 3045 2153 3102 istius
2176 3045 2434 3117 lacrymis
2469 3045 2629 3116 culpa
2680 3043 2914 3100 lavatur.
2959 3042 3148 3113 Itaque
3182 3051 3241 3097 ut
3286 3042 3603 3099 ostenderet

1993 3157 2176 3198 sermo
2200 3140 2558 3212 propheticus
2583 3140 2723 3196 bona
2749 3140 2977 3194 vulnera
3008 3138 3315 3205 charitatis,
3356 3136 3605 3193 Ecclesia

285 3229 501 3301 gritatis
528 3230 755 3302 gratiam
779 3230 1160 3300 praetulerunt.
1192 3229 1300 3287 Sed
1320 3230 1584 3286 Dominus
1606 3230 1697 3301 qui
1723 3229 1890 3286 sciret
1914 3220 1960 3284 C
1992 3234 2129 3291 dicit
2156 3234 2207 3289 in
2232 3233 2477 3289 Canticis
2499 3233 2840 3288 canticorum
2870 3249 2883 3285 :
2917 3231 3056 3298 Quia
3080 3232 3350 3286 vulnerata
3376 3230 3607 3285 Charita-

289 3323 689 3395 praedicandam
720 3325 976 3381 omnibus
998 3325 1392 3397 integritatem,
1417 3325 1736 3379 imitandam
1762 3337 1893 3389 pau-

291 3418 415 3474 cis:
456 3419 575 3476 Non
599 3437 805 3489 omnes,
839 3422 1057 3492 inquit,
1094 3423 1309 3494 capiunt
1337 3421 1540 3476 verbum
1578 3419 1721 3475 istud
1748 3462 1762 3488 ,
1801 3422 1891 3475 sed

288 3512 479 3586 quibus
504 3515 676 3570 datum
699 3525 772 3571 est
804 3515 996 3589 (Ibid,
1030 3517 1153 3587 11),
1189 3516 1293 3573 hoc
1320 3525 1443 3583 est,
1484 3531 1594 3572 non
1625 3526 1708 3573 est
1734 3531 1888 3572 com-

285 3607 476 3663 munis
503 3608 750 3678 plurimis
773 3652 790 3677 ,
823 3617 879 3666 et
906 3609 1140 3682 vulgaris
1171 3609 1454 3683 integritas
1479 3627 1493 3666 :
1544 3624 1646 3665 nec
1674 3626 1771 3681 pro
1804 3609 1888 3665 in-

281 3701 548 3758 ﬁrmitate
594 3704 926 3775 permittitur
952 3746 968 3769 ,
1015 3704 1112 3760 sed
1178 3719 1277 3775 pro
1313 3704 1513 3761 virtute
1550 3703 1885 3760 conceditur.

283 3798 537 3869 Denique
570 3814 694 3856 eum
720 3799 951 3856 dixisset
985 3817 998 3854 :
1036 3797 1103 3854 Et
1130 3809 1247 3854 sunt
1272 3800 1527 3873 spadones
1558 3800 1646 3870 qui
1673 3815 1726 3853 se
1746 3799 1889 3869 ipsos

278 3901 642 3948 castraverunt
667 3902 877 3966 propter
904 3908 1123 3965 regnum
1144 3894 1390 3949 caelorum
1418 3893 1435 3961 (
1462 3891 1630 3960 lbid.,
1657 3892 1758 3964 12)
1786 3908 1800 3958 ;
1832 3900 1888 3947 ιιι

277 3986 601 4043 OStenderet
632 3986 736 4043 hoc
766 4001 876 4042 non
905 3988 1199 4043 mediocris
1224 4002 1346 4044 esse
1376 3987 1592 4045 virtutis
1618 4004 1630 4041 :
1667 3986 1771 4056 Qui
1795 4002 1889 4055 po-

277 4090 406 4148 test,
436 4080 636 4152 inquit,
678 4098 864 4155 capere
891 4082 1085 4153 capiat.

357 4176 448 4231 ὅθ.
481 4175 550 4230 Et
585 4175 710 4231 ideo
741 4185 863 4246 post
896 4175 999 4231 hoc
1029 4176 1255 4232 verbum
1302 4175 1606 4231 olleruntnr
1636 4175 1785 4245 pueri
1817 4173 1884 4228 ad

276 4267 722 4324 benedicendum
747 4312 762 4338 ,
798 4269 888 4340 qui
919 4270 1248 4340 corruptela:
1272 4280 1557 4341 expertes,
1605 4269 1888 4342 integrita-

277 4365 356 4421 tis
378 4379 577 4421 munus
596 4365 937 4420 immaculata
965 4375 1124 4421 aetate
1150 4373 1452 4421 servarent.
1484 4367 1644 4438 221
1672 4366 1884 4421 Talium

275 4460 433 4517 enim
461 4468 548 4515 est
591 4474 816 4531 regnum
846 4459 1147 4527 caelorum,
1189 4459 1280 4530 qui
1325 4458 1380 4514 in
1432 4459 1696 4529 puerilem
1725 4458 1888 4515 casti-

275 4554 527 4610 moniam
561 4562 835 4624 tamquam
868 4553 919 4608 in
951 4561 1198 4607 naturam
1231 4550 1516 4607 infantium
1556 4551 1885 4622 corruptelae

1995 3329 2061 3383 tis
2086 3344 2183 3399 ego
2210 3343 2324 3381 sum
2357 3324 2529 3395 (Cant.
2565 3341 2623 3391 ll,
2660 3324 2740 3394 5).

2066 3420 2157 3476 54.
2182 3418 2357 3475 Nemo
2385 3434 2517 3489 ergo
2548 3418 2629 3474 vel
2653 3417 2743 3489 qui
2763 3416 3077 3488 conjugium
3101 3415 3603 3487 elegit,reprehen-

1993 3513 2088 3569 dat
2113 3512 2482 3583 integritatem
2512 3528 2526 3564 :
2561 3511 2645 3567 vel
2670 3511 2760 3582 qui
2790 3511 3157 3581 integritatem
3184 3508 3455 3581 sequitur,
3473 3525 3605 3566 con-

1992 3605 2221 3663 demnet
2241 3604 2577 3677 conjugium.
2603 3603 2850 3675 Namque
2882 3603 3041 3675 hujus
3064 3601 3395 3659 sententia:d
3411 3602 3608 3660 adver-

1991 3700 2170 3755 sarios
2211 3699 2546 3770 interpretes
2612 3696 2894 3753 damnavit
2944 3695 3265 3768 jamdudum
3310 3695 3553 3752 Ecclesia
3588 3738 3604 3763 ,

1992 3810 2090 3852 eos
2131 3793 2344 3849 scilicet
2381 3795 2472 3864 qui
2514 3791 2754 3847 audeant
2787 3791 3007 3847 solvere
3049 3790 3303 3861 cnpulam
3346 3790 3608 3862 conjuga-

1990 3888 2119 3944 lem.
2148 3886 2347 3942 Audite
2378 3886 2523 3942 enim
2552 3885 2686 3958 quid
2716 3886 2865 3942 dicat
2902 3895 3256 3940 sacrosancta
3302 3882 3547 3941 Ecclesia
3585 3901 3597 3937 :

2000 3983 2149 4051 Veni,
2185 3986 2377 4055 fratrer
2406 3999 2571 4048 meus,
2606 3999 2846 4038 exeamus
2880 3983 2932 4036 in
2966 3996 3180 4052 agrum,
3220 3980 3601 4050 requiescamus

1988 4079 2043 4132 in
2067 4076 2316 4146 castellis,
2347 4076 2580 4132 diluculo
2612 4092 2887 4147 surgamus
2924 4075 2978 4129 in
3017 4074 3195 4129 vineas
3218 4114 3233 4139 ,
3260 4071 3526 4127 videamus
3555 4072 3601 4125 si

1987 4172 2167 4242 ﬂoruit
2187 4172 2305 4226 vitis
2337 4169 2512 4245 (Cant.
2544 4186 2639 4238 vn,
2672 4170 2760 4235 11,
2786 4168 2903 4241 12).
2930 4177 2953 4206 θ
2985 4165 3187 4223 Multos
3216 4180 3345 4236 ager
3377 4164 3594 4219 fructus

1988 4262 2177 4331 habet,
2204 4263 2299 4320 sed
2329 4263 2423 4320 ille
2451 4263 2649 4320 melior
2680 4270 2766 4319 est
2799 4262 2890 4332 qui
2923 4270 2979 4318 et
3025 4258 3293 4317 fructibus
3327 4255 3600 4314 redundat

1986 4366 2039 4412 et
2070 4356 2315 4413 ﬂoribus.
2345 4356 2441 4411 Est
2464 4372 2592 4427 ergo
2618 4355 2880 4411 Ecclesia:
2908 4368 3041 4425 ager
3070 4352 3310 4409 diversis
3331 4348 3600 4406 fecundus

1985 4451 2184 4523 copiis.
2217 4450 2317 4506 Hic
2347 4465 2544 4507 cernas
2572 4449 2821 4522 germina
2845 4445 3173 4519 virginitatis
3198 4445 3334 4500 ﬂore
3365 4458 3601 4499 vernan-

1989 4547 2088 4612 tia,
2120 4545 2235 4601 illic
2263 4553 2541 4615 tamquam
2574 4544 2627 4598 in
2659 4542 2869 4613 campis
2898 4540 3052 4596 silvae
3071 4537 3394 4595 viduitatem
3416 4536 3598 4608 gravi-

273 4646 627 4717 ignoratione
652 4647 1035 4703 remeaverint.
1068 4645 1163 4700 Est
1181 4660 1311 4716 ergo
1325 4645 1486 4700 etiam
1509 4644 1723 4701 caelesti
1754 4659 1889 4700 voce
1914 4626 1970 4689 Ῑ)
1996 4650 2106 4696 tate
2138 4641 2459 4712 pollentem,
2493 4638 2624 4695 alibi
2650 4648 2928 4708 tamquam
2973 4635 3130 4691 uberi
3164 4632 3322 4705 fruge
3356 4628 3595 4702 eoujugii

276 4739 516 4813 probata
568 4740 894 4812 virginitas,
943 4739 1349 4811 Dominicisque
1391 4739 1694 4811 expetenda
1750 4754 1889 4812 prte-

273 4845 604 4975 ccg‘llfbuo
631 4905 755 4962 loco
777 4905 1148 4977 magisterium
1179 4904 1372 4960 divina:
1400 4904 1549 4961 vocis
1586 4903 1885 4961 imitemur.

1993 4735 2256 4792 Ecclesiae
2284 4736 2445 4808 222
2474 4743 2717 4805 segetem
2743 4731 3049 4802 replentem
3075 4727 3264 4785 mundi
3287 4727 3510 4790 horrea,
3537 4737 3603 4779 ac

1989 4829 2157 4885 veluti
2189 4831 2458 4883 maritatas
2485 4827 2661 4882 vineae
2689 4825 2887 4881 ictibus
2918 4822 3214 4880 toreularia
3236 4818 3450 4876 Domini
3472 4816 3603 4874 Jesu

1989 4921 2356 4979 redundantia
2378 4962 2393 4989 ,
2424 4920 2479 4976 in
2511 4920 2710 4991 quibus
2743 4918 2923 4975 ﬁdelis
2952 4914 3191 4988 eonjugii
3224 4912 3434 4970 fructus
3465 4924 3598 4967 exu-

272 5007 421 5066 Nam
460 5024 586 5064 cum
636 5009 692 5065 in
739 5008 1117 5080 superioribus
1145 5007 1455 5080 conjugium
1502 5010 1889 5067 memoraverit
1992 5018 2166 5075 berat.

275 5119 394 5161 non
440 5118 568 5160 esse
610 5104 974 5173 solvendum,
1022 5105 1123 5161 nisi
1166 5121 1234 5161 ex
1278 5121 1441 5163 causa
1489 5106 1885 5175 fornicationis,

276 5199 337 5254 in
370 5197 765 5267 posterioribus
794 5199 1118 5271 integritatis
1146 5200 1377 5272 gratiam
1426 5199 1740 5271 donumque
1760 5215 1891 5257 con-

2598 5150 2828 5211 CAPUT
2870 5150 2982 5207 VII.

278 5291 464 5349 texuit
497 5291 689 5365 (lbid..
720 5293 780 5363 9)
810 5309 825 5358 ;
858 5303 917 5349 ut
960 5294 1185 5350 doceret
1230 5310 1335 5350 non
1382 5294 1721 5350 datnnandas
1764 5308 1889 5352 esse
1991 5293 2224 5352 Tertium
2250 5301 2408 5365 caput
2428 5306 2725 5365 aggressus,
2754 5305 2938 5359 nempe
2974 5288 3324 5361 virginitatem
3355 5301 3462 5341 non
3490 5299 3600 5341 esse

281 5388 529 5457 nuptias,
556 5386 655 5443 sed
683 5385 1022 5459 probandas;
1058 5388 1261 5457 nuptiis
1292 5399 1472 5443 tamen
1500 5388 1633 5457 ipsis
1663 5386 1888 5457 integri-

278 5479 417 5537 tatis
441 5477 624 5534 studia
651 5478 1013 5550 praeferenda.
1062 5478 1194 5548 Quis
1236 5480 1379 5535 enim
1427 5490 1533 5535 tam
1581 5494 1808 5536 aversus
1855 5495 1886 5535 a

359 5631 385 5660 λ
413 5621 545 5677 Mss.
578 5618 808 5690 aliquot,
839 5632 943 5690 non
973 5618 1193 5690 nubunt,
1215 5631 1377 5690 neque
1406 5616 1679 5672 nubentur.

360 5692 389 5734 δ
419 5691 652 5762 Quidam
670 5688 842 5755 ‘mss.,
864 5688 1021 5762 alieni
1044 5689 1117 5762 ab
1134 5688 1343 5754 uxorio,
1371 5697 1479 5762 etc.

369 5783 392 5812 ε
421 5757 541 5828 Non
567 5767 726 5838 pauci
755 5778 919 5838 ιιιεςς,
948 5761 1154 5838 vincula
1178 5768 1320 5827 sunt,
1350 5760 1442 5816 sed
1475 5771 1645 5816 tamen
1671 5757 1901 5824 vincula;

286 5846 391 5906 etsi
412 5829 620 5900 uincula
643 5834 934 5893 charitatis.
969 5829 1191 5898 Bonum,
1219 5841 1328 5887 etc.

2063 5385 2323 5451 inutilem,
2354 5394 2511 5455 negat
2536 5383 2702 5438 ullum
2739 5382 2857 5436 hinc
2893 5380 3191 5455 reipublica:
3230 5375 3413 5445 απεττὶ
3451 5378 3601 5432 dam-

2057 5498 2181 5537 num
2201 5496 2220 5547 ;
2247 5480 2368 5550 quin
2394 5481 2552 5534 immo
2565 5479 2650 5533 ubi
2668 5478 2894 5533 maxime
2916 5475 3009 5531 ille
3030 5483 3195 5530 status
3208 5474 3411 5543 ﬂoreat,
3428 5474 3500 5528 ibi
3517 5490 3605 5530 co-

2077 5614 2103 5653 ιι
2131 5614 2485 5676 Marcionem,
2520 5609 2876 5666 Manichaeum
2908 5620 2971 5659 ac
2996 5602 3282 5676 Tatianum
3316 5648 3331 5671 ,
3364 5620 3431 5661 eo
3459 5606 3603 5675 quod

2007 5690 2226 5760 nuptias
2256 5674 2710 5760 condemnarent,
2734 5677 3130 5733 condemnatos
3150 5675 3219 5730 ab
3234 5674 3608 5749 Ecclesiajam

2008 5756 2138 5815 alibi
2168 5756 2603 5813 observavimus.

2086 5839 2109 5865 ε
2142 5830 2301 5885 Rom.
2332 5826 2465 5887 edit.
2496 5824 2633 5891 sola,
2665 5818 2820 5877 Multi
2844 5818 2958 5889 agri
2983 5819 3185 5888 fructus
3214 5816 3425 5875 habent.
