4054 6306
231 299 345 357 277

1365 278 1451 335 DE
1491 272 1945 345 VIRGINITATE
1983 269 2191 337 LIBER
2229 267 2432 327 UNUS.

3449 261 3555 318 178

240 431 349 471 nus
372 415 483 475 sit:
510 415 687 475 Sinite
716 428 801 472 eos
832 399 1398 467 uenireadme.Nolite
1418 394 1852 465 adulescentulas
1878 392 1932 465 Α
1954 390 2276 464 iactantiam
2326 384 2657 443 declinabat.
2702 381 2767 439 Et
2816 395 2916 438 nos
2961 380 3129 455 igitur
3162 379 3214 447 si
3253 379 3387 439 salvi
3441 392 3565 435 esse

244 525 443 569 arcere
470 554 485 576 ,
526 510 598 571 de
627 508 828 579 quibus
871 502 1130 573 scriptum
1175 506 1302 555 est:
1346 492 1632 562 Propterea
1676 488 1858 549 adole-

244 604 502 663 scentuli:
522 603 820 661 dilexerunt
848 608 896 653 te
919 595 1095 667 (Cant.
1127 608 1184 661 ι,
1214 590 1301 663 2).
1349 588 1417 643 Ει
1442 584 1772 647 induxerunt
1804 592 1857 647 te

246 697 302 753 in
324 697 552 754 domum
578 697 770 754 metris
789 709 900 757 suae
935 689 1110 761 (Cant.
1132 702 1250 752 vni,
1266 684 1350 758 2).
1378 681 1558 740 Nolite
1574 689 1854 753 postremo

247 808 277 847 a
309 792 519 851 Christi
553 791 824 847 charitste
859 787 1024 844 etiam
1056 782 1315 856 parvulos
1350 791 1647 849 separare,
1690 788 1854 845 quem

247 886 417 943 etiam
452 884 598 943 intra
631 883 824 941 matris
851 891 1065 939 uterum
1096 876 1274 933 adhuc
1300 872 1464 947 positi
1491 869 1856 933 exsultatione

252 978 582 1053 prophetica
611 976 923 1039 fatebantur
947 972 1102 1042 (Luc.
1134 987 1173 1037 t,
1201 968 1317 1040 Η).

743 1089 908 1165 335
941 1086 1169 1145 CAPUT
1210 1084 1353 1141 vnt.

248 1207 489 1266 ditatem
518 1223 720 1263 omnem
746 1205 1020 1278 gua’rendo
1045 1201 1249 1258 Christo
1296 1197 1519 1255 habilem
1557 1213 1667 1254 esse
1698 1212 1860 1266 supra

319 1303 518 1370 docuit,
545 1301 628 1357 hic
649 1300 853 1356 nullum
877 1299 1048 1354 locum
1071 1296 1140 1351 ad
1164 1294 1219 1350 id
1247 1303 1595 1367 Opportunum
1615 1305 1718 1344 non
1740 1304 1849 1345 esse

324 1394 570 1451 ostendit.
628 1392 735 1449 Cur
789 1391 1054 1447 occidente
1102 1388 1213 1444 sole
1267 1386 1394 1458 (agri
1440 1388 1732 1456 offerantur
1786 1380 1857 1435 ad

322 1490 587 1547 Christum
613 1530 629 1555 ,
667 1488 712 1541 is
740 1495 915 1542 autem
953 1493 1218 1557 qumatur
1245 1491 1359 1535 orto
1390 1483 1506 1553 jam
1535 1476 1661 1532 die?
1688 1476 1778 1531 ubi
1809 1483 1859 1529 et

205 1580 209 1583 λ
322 1586 386 1641 de
406 1582 668 1657 jactantia
691 1581 907 1636 uitanda
931 1578 1255 1651 praecipitur.
1296 1573 1378 1628 Ad
1418 1570 1734 1642 sequendum
1766 1585 1859 1641 per

325 1682 462 1737 diem
493 1679 758 1735 Christum
781 1674 1076 1733 exhortatio
1106 1688 1127 1728 :
1164 1687 1281 1726 eum
1306 1684 1424 1724 vero
1469 1683 1563 1723 nec
1608 1667 1661 1719 in
1701 1668 1813 1734 (oro
1838 1705 1854 1731 ,

1960 483 2355 557 desideramus,
2389 480 2477 534 vel
2506 478 2551 534 si
2580 479 2691 553 jam
2718 492 2991 541 meremur
3021 476 3312 532 sanitatem
3332 518 3346 541 ,
3372 471 3562 544 procul

1960 596 1989 634 a
2023 579 2238 645 luxuria
2265 619 2279 643 ,
2313 574 2501 649 procul
2533 589 2564 627 a
2592 571 2818 635 lascivia
2846 588 2861 639 ;
2893 579 3149 650 tanquam
3179 568 3235 639 in
3259 565 3417 630 arido
3436 566 3561 620 vita:

1960 673 2119 729 istius
2139 681 2163 708 ἰ
2190 679 2246 727 et
2266 669 2457 749 jejuno
2488 666 2605 723 solo
2630 662 2863 738 quadam
2904 661 2993 717 siti
3042 659 3290 732 corporis
3330 656 3563 728 fugitan-

1960 774 2069 823 tem
2112 763 2431 821 deliciarum
2460 759 2736 816 Christum
2767 771 3081 827 sequamur.

2030 857 2121 918 45.
2181 858 2489 929 Sequemur
2530 869 2625 923 per
2674 851 2815 907 dies.
2859 847 3028 906 Adest
3082 845 3343 902 Ecclesiae
3404 842 3558 908 dies,

1960 970 2121 1026 quem
2154 952 2426 1011 Abraham
2449 947 2608 1017 vidit,
2641 944 2929 1023 etgavisus
2959 950 3042 998 est
3079 940 3261 1012 (Joan.
3290 954 3414 1002 vnt,
3445 935 3559 1009 56).

1959 1047 2268 1120 Sequamur
2282 1060 2414 1116 ergo
2432 1059 2530 1121 per
2555 1041 2674 1097 dies
2695 1038 3003 1105 Clu-istum;
3036 1049 3142 1091 non
3175 1034 3320 1090 enim
3348 1034 3401 1087 in
3434 1045 3556 1088 uoc-

1961 1142 2107 1196 tibus
2139 1140 2432 1211 reperitur.
2475 1133 2541 1190 In
2580 1133 2767 1201 cubili,
2813 1130 3012 1202 inquit,
3057 1145 3190 1197 meo,
3224 1126 3279 1181 in
3326 1124 3563 1181 noctibus

1960 1234 2171 1308 quasivi
2188 1250 2339 1306 quem
2351 1230 2537 1286 dilexit
2561 1230 2738 1283 anima
2763 1242 2875 1281 mea
2898 1243 2907 1276 :
2934 1222 3149 1295 qumsiui
3176 1238 3315 1288 eum,
3336 1220 3496 1299 225
3516 1226 3566 1272 et

1960 1346 2067 1384 non
2105 1328 2278 1383 inueni
2315 1340 2431 1380 eum
2463 1341 2476 1377 :
2523 1320 2699 1378 vocavi
2749 1335 2863 1373 eum
2894 1359 2909 1383 ,
2959 1325 3005 1371 et
3036 1332 3138 1372 non
3177 1313 3439 1369 obaudivit
3487 1327 3567 1365 me

1962 1420 2136 1496 (Cant.
2171 1434 2252 1483 Ill.
2283 1419 2363 1489 i).

2031 1512 2125 1569 46.
2160 1512 2214 1567 In
2249 1510 2367 1566 foro
2390 1518 2479 1565 aut
2514 1508 2570 1564 in
2605 1506 2800 1579 platels
2826 1503 3082 1561 Christus
3125 1516 3233 1558 non
3267 1501 3559 1573 reperitur.

1963 1610 2211 1680 Denique
2239 1621 2342 1662 nec
2371 1605 2463 1660 illa
2496 1617 2619 1660 eum
2648 1602 2703 1657 in
2737 1602 2856 1657 foro
2882 1609 2941 1656 et
2967 1601 3022 1656 in
3046 1598 3247 1671 plateis
3270 1598 3449 1669 potuit
3476 1611 3565 1653 re-

1960 1703 2166 1776 perire,
2193 1716 2314 1772 qua:
2339 1698 2477 1754 dixit
2501 1716 2515 1752 :
2553 1696 2871 1769 Exsurgam,
2896 1695 3007 1762 ibo,
3028 1701 3077 1748 et
3089 1691 3373 1748 circumibo
3391 1689 3571 1745 civita-

323 1792 418 1831 ’.κ
459 1775 515 1829 in
552 1771 810 1867 rma“)-
841 1769 927 1825 ubi
981 1765 1246 1823 "(mari
1299 1780 1361 1818 ac
1407 1760 1621 1831 ’μησί
1667 1758 1858 1816 “om”
1889 1799 1937 1860 Β
1961 1758 2067 1856 lem
2097 1840 2111 1863 ,
2146 1758 2356 1867 in-foro
2391 1803 2437 1849 et
2476 1793 2531 1847 in
2559 1758 2754 1865 plateis
2778 1832 2792 1856 ,
2837 1758 2883 1845 et
2922 1758 3154 1859 quierant
3197 1801 3350 1859 quem
3385 1783 3568 1839 dilexit

328 1866 567 1941 Sponsa,
594 1862 832 1937 reperiri.

328 2004 423 2061 49..
475 2002 535 2060 In
577 2001 713 2075 ipsis
758 1997 937 2055 adhuc
973 1996 1235 2055 Ecclesiae
1276 1992 1557 2067 principiis
1579 1990 1752 2047 turbae
1773 2003 1862 2045 re-

252 2097 546 2173 quirebant
587 2110 732 2153 eum.
766 2092 880 2163 Qua
910 2089 1168 2147 ratione?
1199 2088 1338 2157 Quia
1369 2101 1552 2141 manus
1576 2125 1592 2151 ,
1644 2082 1859 2155 inquit,

262 2194 538 2266 imponens
581 2186 795 2243 curabat
840 2202 926 2241 eos
983 2183 1139 2258 (Luc.
1183 2198 1277 2249 tv,
1323 2180 1441 2249 40).
1493 2175 1607 2233 Nec
1646 2183 1862 2245 tempus

251 2286 319 2342 ad
353 2283 660 2341 sanandum
690 2324 704 2353 ,
758 2296 858 2337 nec
891 2279 1051 2335 locus
1095 2275 1377 2350 qurcritur.
1418 2271 1685 2328 Omnibus
1713 2270 1858 2325 enim

252 2380 394 2436 locis
444 2376 808 2447 omnibusque
859 2372 1197 2440 temporibus
1250 2385 1358 2425 non
1397 2374 1482 2423 est
1536 2362 1865 2436 praetermit-

254 2473 422 2530 tenda
452 2469 748 2527 medicina.
784 2468 931 2522 Intra
967 2465 1192 2521 domum
1222 2462 1392 2518 Maria
1434 2459 1504 2515 ab
1530 2456 1725 2529 angelo
1768 2454 1863 2517 be—

255 2564 530 2623 nedieitur
571 2560 735 2634 (Luc.
768 2576 818 2627 t,
846 2558 981 2630 28);
1010 2558 1152 2614 intra
1182 2555 1405 2611 domum
1445 2550 1614 2611 David
1644 2550 1865 2621 ungitur

256 2661 311 2714 iu
344 2659 669 2729 prophetam
698 2653 741 2725 (l
772 2652 899 2723 Reg.
934 2666 1060 2718 ινι,
1093 2647 1174 2721 3).
1205 2646 1417 2718 Ubique
1462 2644 1623 2703 Jesus
1663 2649 1862 2708 curat,

256 2750 457 2822 ubique
483 2756 641 2805 sanat
668 2765 683 2802 :
717 2746 769 2801 in
793 2744 1016 2807 itinere,
1042 2740 1097 2799 in
1127 2739 1313 2802 domo,
1343 2737 1397 2793 in
1421 2736 1662 2793 deserto.
1688 2734 1747 2793 In
1780 2734 1866 2793 iti-

256 2860 389 2901 nere
426 2852 659 2900 curatur
683 2853 805 2911 quae
831 2834 1103 2893 ﬁmbriam
1121 2832 1299 2903 tetigit
1326 2828 1556 2902 (Matth.
1591 2844 1679 2896 is,
1707 2827 1812 2899 20)
1847 2845 1863 2883 :

256 2939 313 2994 in
323 2936 491 2993 domo
504 2929 769 3006 principis
786 2930 1091 3002 Synagogze
1103 2924 1210 2981 lilia
1227 2922 1582 2983 resuscitatur
1596 2918 1791 2994 (Herc.
1812 2936 1864 2988 ν,

253 3031 386 3101 4ης
428 3030 482 3085 in
525 3027 747 3084 deserto
788 3022 949 3080 turba
980 3027 1225 3079 sanatur.
1258 3017 1502 3087 Denique
1545 3015 1623 3072 sic
1665 3014 1864 3073 habes:

256 3124 388 3180 Cum
421 3131 597 3177 autem
622 3119 703 3175 sol
741 3115 1051 3181 occidisset,
1093 3128 1272 3176 omnes
1301 3111 1389 3180 qui
1417 3107 1674 3167 habebant
1711 3107 1868 3177 inﬁr-

1964 1896 2141 1950 anima
2175 1908 2308 1947 mea.
2353 1889 2580 1959 Quaesivi
2607 1903 2759 1954 eum,
2802 1894 2850 1940 et
2890 1901 2994 1939 non
3017 1883 3361 1938 invenieum:
3391 1879 3568 1935 vocari

1964 2008 2101 2058 eum,
2133 1999 2181 2045 et
2203 2005 2308 2047 non
2325 1986 2588 2043 obaudinit
2616 2000 2699 2043 me
2728 1981 2911 2057 (Ibid.
2944 1980 3034 2055 2).
3077 1979 3436 2051 Nequaquam
3469 1975 3571 2053 igi-

1964 2093 2051 2143 tur
2082 2083 2156 2143 ibi
2183 2095 2493 2154 qutcratnus
2514 2077 2818 2143 Christum,
2851 2076 2940 2133 ubi
2975 2074 3225 2137 invenire
3251 2087 3360 2135 non
3394 2069 3572 2140 possi-

1962 2194 2106 2235 mus.
2153 2175 2275 2239 Nou
2326 2175 2419 2232 est
2470 2173 2721 2233 Christus
2762 2169 3259 2235 circumforaneae.
3317 2165 3571 2229 Christus

1963 2276 2111 2333 enim
2150 2282 2239 2331 est
2282 2288 2420 2344 pas,
2458 2272 2512 2331 in
2542 2270 2662 2327 foro
2696 2269 2827 2329 lites
2866 2289 2881 2327 :
2921 2265 3176 2331 Christus
3220 2264 3431 2337 iustitia
3462 2268 3569 2329 est,

1961 2368 2019 2425 in
2062 2367 2182 2430 loro
2219 2364 2475 2435 iniquitas
2515 2381 2530 2417 :
2571 2360 2828 2421 Christus
2868 2371 3126 2431 operator
3168 2366 3291 2425 est,
3350 2355 3404 2411 in
3449 2352 3575 2411 foro

1963 2462 2129 2521 inane
2163 2459 2336 2519 otium
2369 2474 2384 2511 :
2415 2454 2666 2519 Christus
2704 2452 2941 2517 Charitas
2961 2461 3045 2509 est
3067 2493 3082 2518 ,
3118 2450 3172 2513 in
3204 2449 3324 2509 foro
3357 2448 3573 2505 obtrec-

1966 2552 2130 2613 tatio:
2163 2550 2414 2611 Christus
2438 2549 2573 2609 lides
2591 2557 2693 2613 est,
2720 2547 2774 2605 in
2800 2547 2917 2605 toro
2941 2544 3091 2605 fraus
3113 2552 3280 2615 atque
3307 2540 3574 2612 perﬁdia:

1964 2647 2221 2709 Christus
2254 2646 2311 2705 in
2339 2643 2585 2703 Ecclesia
2614 2651 2730 2709 est,
2756 2640 2809 2697 in
2840 2638 2963 2697 foro
2984 2637 3152 2701 idola.
3182 2636 3249 2699 Et
3284 2643 3344 2691 ut
3366 2633 3460 2695 illa
3494 2632 3579 2697 vi-

1966 2742 2072 2799 dua
2100 2756 2264 2813 quam
2290 2739 2343 2797 in
2366 2737 2475 2799 alio
2497 2735 2918 2809 perstrinximus
2942 2732 3086 2793 libro
3117 2728 3222 2805 (De
3257 2730 3426 2789 viduis
3453 2746 3498 2787 ι.
3534 2727 3569 2785 9

1967 2849 2016 2893 et
2038 2836 2200 2910 αφ).
2231 2842 2531 2907 cognoscat
2572 2846 2681 2889 non
2720 2828 3065 2891 obtrectandi
3087 2841 3176 2890 me
3208 2825 3451 2885 locutum
3482 2823 3573 2881 illa

1966 2930 2174 2996 studio,
2206 2928 2301 2985 sed
2321 2923 2580 2989 monendi
2607 2943 2621 2979 :
2651 2938 2847 2995 meque
2875 2937 2985 2983 non
3012 2934 3264 2992 asperum
3286 2960 3303 2986 ,
3335 2915 3432 2977 sed
3460 2913 3574 2973 sol-

1966 3022 2267 3090 licitum;h
2308 3021 2482 3093 gratia
2531 3015 2997 3075 reconciliationis
3035 3012 3307 3089 accipiat:
3362 3010 3416 3066 in
3464 3006 3571 3069 Ec-

1967 3120 2135 3177 clesia
2179 3116 2339 3177 vidua
2397 3112 2730 3187 iustiﬁcetur
2762 3153 2777 3177 ,
2836 3110 2890 3167 in
2947 3108 3067 3167 foro
3113 3104 3568 3164 circumvenitur.

261 3232 375 3273 mos
403 3214 566 3272 uariis
589 3210 950 3283 languoribus,
987 3206 1241 3265 ducebant
1270 3205 1394 3260 illos
1424 3204 1492 3258 ad
1528 3219 1663 3259 eum.
1687 3201 1754 3257 At
1776 3201 1866 3257 ille
1892 3192 1939 3256 C
1971 3212 2262 3284 ιεὐείαιηιιε
2285 3221 2416 3279 ergo
2434 3205 2635 3272 forum,
2666 3204 2938 3275 fugiamus
2963 3202 3193 3274 plateas,

262 3310 485 3381 singulis
514 3308 595 3365 bis
621 3322 808 3367 manus
828 3304 1097 3376 imponens
1121 3298 1334 3361 curabat
1364 3313 1451 3355 eos
1466 3295 1619 3369 (Luc.
1644 3310 1720 3362 tv,
1746 3292 1860 3366 40).

263 3403 657 3472 Sausbaterge
682 3399 817 3459 etin
847 3398 1090 3463 deserto,
1120 3404 1174 3453 et
1195 3393 1483 3451 occidente
1502 3392 1615 3462 jam
1643 3389 1783 3453 sole,
1810 3397 1866 3444 et

261 3498 523 3562 sanabat,
561 3508 751 3554 manus
777 3490 1109 3562 imponens;
1142 3498 1200 3547 ut
1226 3496 1279 3542 et
1303 3486 1473 3547 Deum
1500 3498 1563 3541 se
1592 3492 1651 3542 et
1687 3481 1867 3537 homi.

259 3605 398 3648 nens
430 3589 851 3647 demonstraret.
898 3585 1015 3643 Non
1065 3581 1342 3641 immerito
1386 3579 1548 3652 igitur
1581 3577 1719 3637 facta
1754 3577 1867 3649 iam

253 3686 355 3743 die
384 3684 557 3742 turba:
581 3680 940 3754 requirebant
971 3694 1118 3735 eum.

332 3778 426 3837 45.
473 3778 645 3837 Video
673 3776 947 3837 ordinem.
972 3772 1103 3830 Sole
1129 3769 1434 3836 occidente,
1464 3766 1593 3841 aegri
1617 3763 1871 3825 deferun-

253 3873 430 3932 turad
451 3872 729 3931 Christum
757 3889 770 3928 ε
800 3871 944 3925 facta
965 3878 1149 3924 autem
1176 3864 1291 3931 die,
1316 3861 1491 3919 turbae
1517 3860 1872 3932 requirebant

252 3988 412 4032 eum.
444 3968 676 4039 Quando
702 3967 849 4025 enim
881 3964 986 4021 nisi
1015 3977 1112 4034 per
1134 3961 1256 4019 dies
1287 3959 1552 4031 quaeritur
1579 3954 1871 4012 Christus?

253 4067 399 4125 Nam
425 4064 520 4138 qui
549 4065 605 4120 in
635 4062 758 4119 luce
788 4058 1053 4125 ambulat,
1076 4070 1189 4111 non
1214 4052 1421 4111 recedit
1449 4066 1479 4107 a
1497 4050 1738 4111 Christo.
1768 4048 1873 4105 Ita-

255 4177 371 4238 que
412 4176 519 4215 nos
567 4157 804 4214 habebat
831 4153 1011 4217 adhuc
1039 4149 1424 4223 aegrotantium
1449 4144 1685 4218 gemitus
1707 4186 1724 4213 ,
1754 4144 1873 4201 dies

250 4235 377 4330 iam
400 4252 563 4311 ﬁdem
590 4250 762 4321 plebis
782 4289 798 4318 ,
824 4248 937 4319 jam
977 4244 1226 4301 ltetitiam
1256 4249 1618 4304 senatorum;
1646 4235 1871 4307 utquod

255 4349 532 4420 scriptum
562 4353 684 4412 est,
719 4342 1087 4414 compleretur
1123 4354 1135 4392 :
1169 4337 1251 4392 Ad
1281 4349 1546 4407 uesperum
1586 4330 1874 4389 demorabi-

255 4455 352 4505 tur
377 4444 566 4515 ﬂetus,
606 4447 656 4496 et
695 4437 765 4499 ad
798 4436 1115 4495 matutinum
1156 4430 1337 4488 laetitia
1362 4428 1383 4501 (
1410 4426 1556 4483 Psal.
1587 4440 1744 4494 uls,
1776 4422 1870 4498 6).

258 4540 402 4608 Qua:
431 4537 580 4593 enirn
603 4532 774 4591 turbae
798 4531 975 4601 major
999 4526 1197 4600 gratia,
1229 4538 1390 4596 quam
1421 4529 1482 4581 ut
1511 4520 1674 4579 etiam
1705 4521 1758 4574 in
1781 4517 1875 4575 de-

259 4640 479 4689 sertum
510 4631 690 4686 locum
710 4626 989 4687 Christum
1018 4618 1325 4692 sequatur?

340 4724 434 4782 44.
476 4724 537 4781 le
561 4740 672 4795 quo
692 4722 790 4779 ille
814 4721 977 4779 docet
997 4736 1027 4777 a
1058 4718 1303 4789 perfecto
1331 4715 1531 4776 abesse
1543 4715 1749 4775 debere
1763 4713 1879 4785 jac-

262 4819 500 4874 tantirtm
527 4836 542 4883 ;
569 4832 676 4872 non
703 4815 847 4871 enim
881 4810 1249 4869 sanaudorum
1269 4808 1507 4881 copiam,
1533 4808 1629 4866 sed
1650 4821 1878 4878 operum

344 4968 374 4995 σι
395 4956 472 5013 Ita
502 4954 636 5015 edit.
665 4969 862 5011 omnes
898 4969 962 5010 ac
1001 4966 1134 5007 mss.
1166 4949 1409 5007 nonnulli
1438 4967 1451 5002 :
1497 4950 1585 5004 alii
1618 4964 1751 5005 vero
1774 4952 1874 5006 ali-

262 5039 443 5105 quot,
484 5039 533 5084 et
552 5028 739 5100 jejuno
767 5029 878 5082 solo
907 5025 1131 5105 quodam
1152 5025 1239 5078 siti
1255 5066 1278 5105 η
1303 5022 1539 5105 corporis
1566 5022 1875 5105 [agitantem

262 5093 512 5165 delicias,
533 5093 677 5165 etc};
709 5114 848 5155 unus
875 5140 888 5162 ,
918 5093 966 5153 et
985 5099 1175 5169 jejuno
1200 5094 1309 5169 salo
1330 5136 1345 5159 ,
1379 5093 1519 5166 quod
1560 5095 1613 5148 in
1642 5096 1876 5164 appetitu

264 5174 533 5245 corporis.
562 5181 695 5245 etc.;
724 5172 899 5245 alius,
933 5166 1315 5245 et'jejunosola
1339 5183 1483 5245 ,__quo
1499 5169 1614 5240 jam
1636 5169 1876 5245 ρριυιᾳῃς

268 5237 403 5373 tinnit
438 5243 672 5315 corporis
705 5237 1167 5323 fugitantes—(etc.
1195 5239 1251 5294 ln
1281 5237 1512 5309 reliquis
1537 5249 1718 5293 autem
1751 5238 1887 5295 nihil

268 5336 373 5373 san
406 5365 418 5373 .

268 5336 418 5375 Sal".

345 5390 377 5431 δ
402 5388 606 5446 Omnes
633 5385 767 5441 edit.
816 5398 875 5438 ae
895 5398 1024 5437 mss.
1052 5382 1296 5453 aliquot,
1320 5380 1545 5453 gratiam
1576 5382 1885 5437 reconcilie-

271 5464 437 5525 tionis
469 5458 710 5530 accipiat.
743 5455 814 5530 In
834 5454 1110 5530 (Ecclesia,
1144 5452 1517 5530 etc._;_mt-lius
1549 5462 1733 5511 autem
1756 5453 1890 5513 reli-

272 5524 400 5605 qui.
426 5524 593 5605 gratia
615 5527 1089 5605 reconciliationis,
1116 5536 1220 5605 etc.
1252 5525 1399 5605 ldcrn
1430 5524 1575 5605 enim
1607 5536 1689 5580 est
1729 5539 1792 5578 ac
1837 5527 1882 5580 si

274 5596 594 5674 scripsisset
624 5602 689 5674 in
736 5599 1210 5674 reconciliationis
1235 5596 1611 5674 testimonium
1654 5596 1888 5667 acCipiat

277 5668 428 5749 quod
443 5689 576 5749 sum
603 5673 876 5749 dicturus,
899 5670 1162 5749 nimirum
1197 5671 1251 5724 in
1284 5668 1551 5749 Ecclesia,
1584 5677 1693 5724 etc.

361 5759 385 5789 ο
427 5746 665 5805 Adverte
702 5742 1010 5816 periculum
1042 5757 1229 5816 eorum
1267 5741 1360 5812 qui
1399 5740 1752 5816 presbyteros
1794 5747 1893 5801 aut

282 5819 533 5885 doctrina
562 5810 928 5873 ecclesiastica
958 5812 1268 5882 destitutos,
1286 5810 1389 5868 aut
1408 5810 1763 5874 saecularibus
1785 5826 1879 5866 cu—

2043 3306 2133 3362 47.
2168 3301 2515 3359 Prudentium
2545 3309 2717 3355 autem
2737 3307 2912 3357 notam
2940 3310 3145 3355 assume
3169 3292 3261 3349 tibi
3279 3332 3295 3365 ,
3327 3298 3379 3346 ut
3404 3298 3573 3349 custo-

1970 3398 2081 3452 diat
2106 3406 2154 3450 te
2176 3412 2207 3449 a
2233 3394 2453 3449 muliere
2472 3393 2647 3446 alinea
2668 3400 2715 3445 et
2736 3390 2973 3449 malam.
3002 3386 3110 3442 Per
3133 3390 3416 3459 fenestram
3435 3382 3573 3439 enim

1972 3492 2037 3549 de
2061 3490 2217 3547 domo
2238 3504 2336 3545 sua
2366 3488 2422 3545 in
2449 3484 2649 3558 plateas
2677 3484 2930 3559 prospicit
2950 3480 3244 3556 (Pratum,
3275 3476 3311 3533 ι
3336 3486 3384 3534 et
3413 3474 3568 3550 δρψ).

1972 3588 2267 3659 Fugiamus
2308 3582 2537 3655 plateas.
2576 3578 2695 3641 Non
2759 3577 2902 3637 enim
2948 3576 3146 3647 injuria
3199 3569 3574 3631 tantummodo

1972 3692 2057 3740 est
2073 3696 2183 3739 non
2199 3677 2475 3737 invenisse
2500 3690 2664 3748 quem
2686 3686 2924 3746 quiet-as;
2955 3669 3053 3728 sed
3073 3669 3239 3725 etiam
3251 3666 3574 3740 plerumque

1977 3788 1999 3816 ο
2033 3776 2119 3835 ubi
2154 3788 2266 3830 non
2305 3778 2522 3842 oportet
2548 3768 2810 3841 quaesisse
2835 3808 2850 3833 ,
2892 3764 3090 3823 vulnus
3134 3771 3220 3819 est
3251 3778 3265 3816 :
3309 3760 3571 3833 qumsisse

1973 3872 2029 3927 in
2076 3868 2332 3931 domibus
2364 3864 2608 3921 virorum
2654 3861 2747 3932 qui
2797 3858 2900 3916 sibi
2952 3858 3089 3914 falso
3142 3854 3425 3919 doctorum
3475 3867 3573 3907 no-

1974 3979 2101 4023 men
2132 3966 2464 4021 assumunt:
2498 3955 2761 4027 quasisse
2796 3951 3082 4025 procacius
3106 3964 3266 4025 quam
3311 3960 3572 4003 verecun-

1974 4059 2116 4116 dius.

2046 4151 2139 4208 48.
2170 4150 2315 4222 Ergo
2341 4140 2680 4205 caveamus“
2708 4140 2964 4214 exemplo
2984 4137 3248 4198 Ecclesiae
3282 4135 3428 4195 illius
3450 4174 3467 4203 ,
3508 4148 3578 4188 ne

1979 4261 2083 4304 nos
2106 4243 2364 4304 custodes
2398 4241 2675 4309 inveniant
2705 4280 2721 4308 ,
2768 4237 2862 4310 qui
2898 4236 3237 4296 circumeunt
3259 4231 3533 4289 civitatem
3562 4245 3576 4285 :

1980 4339 2297 4397 Invenerunt
2325 4379 2341 4406 ,
2371 4336 2543 4408 inquit
2568 4376 2583 4402 ,
2611 4350 2693 4391 me
2718 4329 2958 4389 custodes
2985 4328 3074 4402 qui
3112 4332 3431 4383 circumeunt
3458 4321 3585 4379 ciri-

1979 4445 2135 4493 tatem
2166 4450 2182 4492 :
2210 4441 2572 4506 percusserunt
2600 4471 2614 4496 ,
2641 4438 2688 4484 et
2718 4427 3115 4484 uulnerauerunt
3143 4438 3255 4490 me,
3276 4430 3325 4476 et
3354 4418 3585 4477 tulerunt

1984 4527 2201 4599 pallium
2232 4542 2400 4581 meum
2421 4521 2659 4580 custodes
2684 4534 2950 4576 murorum
2977 4513 3154 4590 (Cant.
3178 4528 3233 4582 v,
3258 4511 3337 4585 7).
3363 4508 3483 4567 Non
3527 4509 3580 4571 In

1899 4599 1953 4661 D
1979 4637 2061 4688 se,
2092 4622 2251 4686 ﬁlim;
2285 4628 2474 4684 euon,
2508 4617 2731 4689 inquam
2756 4653 2773 4681 ,
2809 4614 2864 4673 in
2890 4626 2970 4677 se,
3000 4608 3124 4665 sua:
3157 4649 3172 4674 ,
3204 4606 3300 4665 sed
3338 4604 3391 4667 in
3425 4600 3583 4659 nobis

1982 4716 2297 4773 vulneratur
2352 4712 2619 4773 Ecclesia.
2681 4708 2987 4777 Careamus
3049 4702 3213 4777 igitur
3267 4715 3334 4759 ne
3399 4699 3581 4768 lapsus

1984 4819 2173 4869 noster
2198 4809 2395 4869 vulnus
2436 4804 2696 4865 Ecclesiae
2737 4802 2868 4869 list;
2921 4812 2991 4859 ne
3032 4797 3158 4869 quis
3197 4810 3229 4849 a
3270 4792 3428 4853 nobis
3469 4789 3586 4863 pal-

1983 4949 2297 5020 piditatibus
2341 4953 2629 5020 corruptos
2652 4952 2794 5020 ,‘aut
2820 4942 3069 5020 denique
3113 4941 3293 5020 innata
3328 4935 3583 5020 (quadam

1984 5006 2148 5078 animi
2180 5021 2408 5077 mollitie
2435 5006 2663 5074 nimium
2685 5006 3032 5087 indulgentes
3050 5013 3377 5087 consulunt;
3403 5022 3471 5063 ex
3502 5006 3588 5061 his

1984 5098 2129 5151 enim
2158 5093 2405 5165 quisquis
2432 5090 2794 5165 quaeritviam
2821 5081 3047 5153 salutis,
3078 5084 3216 5141 haud
3246 5081 3585 5165 dubieque-

1986 5150 2059 5223 rit
2087 5150 2192 5223 ubi'
2217 5150 2322 5219 non
2355 5150 2590 5233 Oportet.
2627 5159 2817 5217 Obiter
2846 5150 3043 5213 autem
3066 5169 3348 5233 monemus
3383 5151 3452 5205 ab
3484 5150 3586 5203 hoc

1989 5239 2109 5295 loco
2139 5222 2192 5294 in
2216 5251 2347 5292 mss.
2367 5222 2473 5290 n'on
2500 5233 2687 5304 paucis
2715 5234 2961 5287 lacunam
2982 5243 3126 5295 esse,
3153 5242 3273 5299 qua:
3295 5222 3470 5278 ferme
3493 5232 3590 5290 per

1987 5319 2099 5366 tres
2128 5311 2367 5379 integras
2395 5311 2674 5379 columnas
2701 5304 2833 5379 hiat.

2061 5379 2089 5421 τι
2113 5365 2273 5439 [ὶοωῖ
2297 5379 2430 5435 edit.
2455 5377 2593 5443 sola,
2619 5376 2851 5447 exemplo
2870 5374 3015 5433 illius
3036 5387 3054 5426 :
3074 5368 3171 5427 sed
3200 5365 3466 5447 sublatam
3486 5378 3588 5447 vos

1984 5468 2103 5511 cem
2114 5436 2371 5511 Ecclesia:
2384 5436 2842 5523 supervacaneam
2868 5460 2971 5500 non
2988 5456 3131 5509 esse,
3152 5440 3285 5495 satis
3307 5436 3587 5493 declarant

1986 5536 2289 5659 “inmitia:
2322 5594 2563 5665 inquam,
2609 5592 2662 5645 in
2688 5606 2743 5645 se
2763 5631 2776 5655 ,
2804 5588 2959 5656 ﬁlice,
2997 5582 3189 5638 isthmc
3226 5580 3390 5636 etiam
3423 5578 3586 5663 Rern.

1985 5652 2454 5799 Ediltrescider'at
2480 5652 2669 5721 contra
2719 5652 3038 5717 cmterarum
3081 5669 3144 5710 ac
3179 5667 3312 5710 mss.
3344 5652 3593 5711 omnium

2064 5756 2177 5799 em.

2064 5756 2177 5799 em.
