4054 6306
437 293 543 351 ΞἹ9

1824 293 2072 353 SANCTI
2109 292 2442 352 AMBROSII

3644 295 3750 353 280

428 411 566 471 lium
596 411 846 482 auferat,
875 411 981 470 hoc
1008 423 1133 483 est,
1162 414 1422 471 amictum
1460 412 1797 487 prudentiae,
1827 412 2041 485 insigne
2066 416 2117 475 Α
2145 425 2267 468 rum
2298 425 2523 469 suorum
2554 412 2895 483 ditlundere,
2939 416 3203 472 verticem
3246 414 3551 471 divinitatis
3587 416 3750 471 attol-

433 505 761 579 patientise,
798 523 909 579 quo
956 506 1223 564 mollioris
1277 508 1505 564 ambitio
1560 509 1725 563 vestis
1774 507 2037 563 exuitur:

437 599 543 669 Qui
571 600 718 658 enim
743 602 1072 658 mollioribus
1106 604 1328 658 vestibus
1364 603 1674 671 induuntur,
1709 604 1763 658 in
1804 601 2041 659 domibus

433 712 615 768 regum
642 704 762 751 sunt
785 695 1005 770 (Matth.
1036 714 1111 764 xl,
1136 697 1214 769 8).
1243 697 1405 755 Nobis
1426 707 1606 755 autem
1636 698 1857 770 pallium
1888 697 2042 755 dedit

434 788 724 857 Christus,
757 806 866 862 quo
896 790 1175 863 apostolos
1233 807 1363 849 suos
1402 800 1460 849 et
1496 807 1696 864 corpus
1724 810 1881 849 suum
1920 793 2041 865 ipse

432 882 673 939 vestivit.
706 883 862 953 Quod
899 883 1137 957 denique
1166 884 1324 956 jubet
1352 893 1404 942 te
1428 886 1559 943 dare
1586 928 1604 957 ,
1653 887 1700 944 si
1759 887 1884 959 quis
1916 902 1948 943 a
1986 895 2038 943 te

433 977 673 1034 tunicam
692 987 866 1051 petat,
886 986 945 1035 ut
962 979 1264 1036 dimittasei
1280 989 1333 1037 et
1357 981 1579 1052 pallium
1597 980 1816 1057 (Matth.
1843 998 1899 1050 v,
1920 981 2036 1055 40),

434 1070 490 1127 id
538 1079 663 1140 est,
710 1072 921 1143 insigne
970 1072 1329 1147 philosophiae
1381 1083 1489 1131 tua:
1535 1076 1748 1144 tradas,
1789 1085 1846 1133 et
1882 1077 2038 1149 quasi

433 1164 638 1221 amictu
677 1164 981 1237 prudentia:
1016 1174 1121 1223 tua:
1148 1182 1275 1223 eum
1320 1168 1412 1241 qui
1449 1177 1576 1226 ante
1607 1170 1787 1227 nudus
1829 1168 1995 1227 fuerit
2018 1212 2034 1236 ,

431 1257 868 1315 circumvestias.

434 1470 780 1537 Quterendum
806 1375 1459 1528 Christun‘izlin'ldnlibus
1487 1481 1785 1527 aromatum
1806 1483 1959 1544 atque
1982 1475 2036 1529 in

501 1566 737 1623 deserto:
780 1566 941 1638 hujus
966 1566 1297 1640 fecunditas,
1344 1569 1579 1641 exposito
1618 1585 1713 1624 cur
1740 1570 1841 1640 flos
1887 1580 2036 1641 atque

499 1660 667 1716 lilium
689 1660 894 1716 dicatur
924 1660 1182 1730 Christus,
1202 1661 1510 1717 describitur
1528 1677 1548 1717 :
1575 1671 1623 1717 et
1649 1662 1828 1718 induci
1857 1663 1912 1718 in
1942 1663 2037 1718 do-

500 1770 642 1808 mum
668 1755 809 1821 vini,
845 1753 1183 1826 ordinarique
1202 1754 1255 1810 in
1276 1756 1330 1811 se
1356 1754 1663 1810 charitatem
1695 1771 1885 1828 cupere
1914 1771 2036 1810 nar-

500 1859 653 1906 ratur
686 1849 941 1909 Ecclesia.

495 1984 590 2043 49.
633 1985 709 2043 lbi
758 1986 959 2060 igitur,
999 1987 1158 2057 ﬁliae,
1216 1987 1498 2045 Christum
1549 2003 1895 2060 quaeramus,
1943 1989 2036 2046 ubi

424 2080 624 2151 quaerit
649 2080 921 2146 Ecclesia,
954 2081 1008 2136 in
1036 2082 1317 2138 montibus
1352 2082 1480 2138 boni
1512 2080 1675 2155 226
1701 2082 1913 2149 odoris,
1945 2083 2037 2154 qui

426 2174 774 2229 excelsorum
807 2173 1148 2231 sublimitate
1174 2175 1447 2232 factorum
1482 2189 1709 2230 suavem
1748 2175 1874 2230 vita)
1903 2174 2039 2231 odo-

428 2281 546 2323 rem
581 2282 678 2337 pro
708 2266 1030 2324 meritorum
1065 2268 1362 2324 verticibus
1398 2268 1673 2324 exhalant.
1701 2267 1861 2340 Fugit
1885 2269 2034 2327 enim

427 2360 640 2431 plateas
665 2402 681 2428 ,
727 2360 864 2432 fugit
901 2372 1239 2427 conventus,
1279 2371 1336 2419 et
1381 2362 1646 2434 strepitus
1684 2363 1824 2431 fori,
1876 2363 2033 2434 juxta

425 2457 569 2528 quod
597 2457 859 2527 scriptum
891 2470 975 2516 est
1004 2477 1019 2516 :
1051 2456 1224 2533 Fuge,
1254 2464 1521 2533 fraternus
1546 2476 1721 2527 meus,
1764 2470 1815 2517 et
1848 2462 2035 2517 similis

427 2551 626 2623 efﬁcere
654 2567 802 2608 cervo
829 2563 921 2608 aut
958 2553 1178 2610 hinnulo
1208 2556 1345 2610 cervi
1379 2556 1433 2609 in
1458 2555 1716 2612 montibus
1740 2566 2034 2611 aromatum

423 2641 604 2714 (Cant.
636 2660 759 2712 vni,
790 2645 903 2719 14).
938 2646 1283 2720 Serpentinis
1313 2647 1457 2705 enim
1481 2649 1690 2706 invisus
1715 2649 1957 2707 colubris
1977 2659 2033 2707 et

422 2735 665 2808 fugitans
686 2753 904 2808 canum,
936 2749 1100 2812 atque
1120 2741 1268 2798 humi
1294 2742 1885 2814 reptantibusinl‘estus
1909 2758 2029 2800 ser-

421 2831 703 2900 pentibus,
728 2834 906 2890 nescit
926 2834 1174 2892 habitare
1188 2837 1292 2893 nisi
1322 2837 1376 2892 in
1394 2837 2028 2905 sublimitatevirtutum,

421 2928 598 2983 nescit
626 2931 956 2985 commorari
988 2929 1091 2986 nisi
1136 2929 1191 2986 in
1243 2929 1439 2987 talibus
1474 2931 1736 2987 Ecclesia:
1776 2930 2026 3001 filiabus,

426 3034 553 3093 qua:
575 3029 804 3092 possunt
829 3021 1017 3080 dicere
1049 3039 1063 3078 :
1090 3021 1284 3080 Christi
1323 3025 1468 3080 enim
1500 3025 1663 3080 bonus
1693 3024 1824 3081 odor
1850 3041 2030 3081 sumus

422 3112 537 3170 Deo
570 3112 638 3187 (ll
665 3110 787 3170 Cor.
821 3132 895 3183 ll,
930 3115 1053 3186 15);
1079 3116 1179 3173 sed
1228 3117 1555 3189 quibusdam
1586 3119 1726 3174 odor
1746 3119 1940 3175 mortis
1973 3119 2026 3175 in

2145 505 2283 561 lere.
2315 505 2475 562 Juxta
2508 522 2670 578 quam
2688 517 2890 565 nostra:
2913 508 3057 582 ligna
3079 508 3231 565 silva:
3260 509 3597 576 frutescant;
3623 508 3750 581 quia

2143 600 2281 655 sicut
2314 599 2471 656 arbor
2504 600 2630 655 mali
2662 602 2796 658 inter
2840 603 2982 674 ligna
3002 602 3178 668 silete,
3208 602 3286 657 ita
3310 606 3582 676 fraternus
3606 617 3752 657 meus

2142 693 2277 749 inter
2304 693 2534 749 medium
2559 696 2789 765 ﬁliorum
2809 694 2989 769 (Cant.
3005 712 3061 763 ll,
3087 696 3163 767 ὅ).
3195 694 3267 752 Et
3291 694 3485 751 videns
3511 694 3618 751 hoc
3650 695 3751 751 Ec-

2142 787 2311 844 clesia
2340 787 2557 844 laetetur
2582 796 2637 844 et
2651 788 2889 860 gaudeat
2916 788 3145 846 dicens:
3189 787 3257 844 ln
3279 788 3461 843 umbra
3484 792 3599 863 ejus
3625 806 3752 845 con-

2144 883 2319 954 cupiui
2345 892 2393 937 et
2422 883 2564 950 sedi,
2594 892 2642 938 et
2672 887 2876 956 [ructus
2903 884 3015 955 ejus
3034 885 3206 940 dulcis
3243 886 3297 939 in
3332 886 3574 957 faucibus
3605 885 3749 940 meis.

2213 976 2305 1033 53.
2339 975 2562 1043 Videns,
2598 977 2840 1049 inquam,
2869 977 2974 1033 hoc
3002 977 3283 1044 Ecclesia,
3309 986 3368 1034 et
3392 976 3521 1035 tidei
3552 987 3755 1034 nostra:

2137 1071 2249 1143 jam
2280 1071 2402 1128 laeta
2432 1085 2692 1128 successu
2719 1071 2866 1128 dicat
2896 1088 2912 1129 :
2942 1071 3189 1129 lnducite
3211 1088 3292 1128 me
3318 1073 3373 1127 in
3416 1075 3627 1128 domum
3648 1072 3753 1127 vini

2140 1173 2189 1219 et
2229 1163 2467 1220 ordinate
2494 1165 2550 1220 in
2591 1164 3002 1221 mecharitatem
3032 1165 3199 1236 (Ibid.
3242 1163 3321 1239 4).
3353 1163 3605 1222 Charitas
3644 1181 3753 1223 non

2140 1266 2324 1331 potest
2342 1272 2466 1315 esse
2487 1259 2607 1316 sine
2639 1258 2785 1328 fide;
2817 1269 2929 1317 tres
2955 1260 3102 1316 enim
3133 1270 3265 1317 sunt
3290 1260 3443 1319 velut
3466 1260 3635 1318 vades
3656 1261 3756 1318 Ec-

2140 1350 2348 1421 clesiae,
2381 1367 2533 1423 spes,
2563 1352 2732 1421 fides,
2756 1354 3019 1412 cbaritas.
3045 1352 3183 1411 Cum
3208 1371 3337 1428 spes
3363 1357 3754 1428 praecesserit,

2140 1444 2277 1578 fides
2292 1444 2515 1503 fundata
2534 1444 2723 1518 fuerit,
2737 1449 3023 1506 ordinatur
3045 1448 3308 1518 Charitas,
3326 1447 3576 1508 Ecclesia
3587 1465 3758 1523 ecpu-

2161 1553 2187 1578 n
2197 1547 2210 1578 Ι
2220 1554 2285 1578 nl-

2160 1547 2304 1598 3W7.

2673 1636 2834 1710 237
2860 1634 3091 1695 CAPUT
3123 1636 3193 1694 χ.

2145 1748 2215 1806 Ut
2241 1748 2438 1807 Christi
2467 1765 2757 1806 mereamur
2784 1752 2839 1807 in
2866 1768 2963 1807 nos
2987 1754 3285 1821 adventum,
3312 1753 3581 1826 Spiritum
3604 1772 3752 1811 sauc-

2006 1890 2011 1895 ,
2061 1829 2108 1891 Β
2214 1854 2321 1899 tum
2352 1844 2585 1901 invocari
2614 1845 2831 1913 debere;
2857 1846 3011 1902 illum
3036 1848 3172 1903 enim
3196 1865 3301 1904 non
3326 1866 3532 1922 semper
3551 1852 3752 1920 uenire,

2213 1957 2375 2013 neque
2395 1940 2465 1995 ad
2488 1957 2663 1996 omnes
2684 1957 2704 1996 :
2732 1941 2825 1997 sed
2850 1942 2922 1997 ad
2940 1958 3055 1998 eam
3080 1943 3309 1999 animam
3327 1959 3442 2016 gnte
3462 1945 3535 2000 ita
3562 1954 3753 2001 terres-

2210 2042 2339 2087 trem
2369 2034 2569 2088 exuerit
2593 2035 2849 2104 tunicam,
2880 2045 2933 2090 ut
2961 2036 3131 2107 ipsam
3159 2046 3338 2108 postea
3366 2055 3467 2094 non
3494 2050 3742 2095 resumat.

2213 2124 2413 2181 Pedum
2449 2127 2576 2182 lotio
2602 2128 2730 2197 quid
2768 2128 3065 2202 signiﬁcet;
3096 2140 3143 2185 et
3168 2132 3307 2200 quod
3341 2132 3470 2187 dicit
3513 2132 3747 2205 Sponsa,

2210 2219 2490 2291 quomodo
2513 2219 2809 2291 inquinabo
2831 2221 2990 2277 illos?
3016 2219 3254 2294 Denique
3276 2225 3539 2296 spiritales
3561 2226 3752 2282 animi:

2210 2312 2363 2382 pedes
2392 2314 2493 2368 hoc
2522 2313 2636 2369 loco
2655 2314 3021 2387 intelligendos
3048 2333 3160 2373 esse
3184 2319 3594 2379 demonstratur.

2206 2450 2298 2507 51.
2340 2450 2588 2507 Didicisti
2630 2466 2762 2523 ergo
2802 2452 2898 2510 ubi
2932 2453 3206 2511 Christum
3252 2457 3537 2528 requiras;
3584 2458 3743 2516 disce

2131 2544 2295 2601 etiam
2311 2545 2771 2618 quemadmodum
2795 2548 2969 2618 possis
2984 2549 3219 2620 mereri,
3242 2560 3303 2607 ut
3317 2551 3410 2608 ille
3441 2560 3493 2609 te
3508 2564 3740 2624 quaeat.

2134 2637 2325 2696 Excita
2366 2640 2633 2712 Spiritum
2658 2652 2905 2699 sanctum
2933 2643 3427 2718 dicenszExsurge,
3459 2647 3675 2717 Aquilo,
3691 2659 3743 2703 et

2132 2736 2249 2791 veni
2262 2777 2277 2803 ,
2302 2735 2525 2804 Auster;
2546 2739 2726 2809 aspira
2748 2740 2955 2793 hortum
2968 2755 3135 2795 meum
3160 2749 3207 2794 et
3223 2726 3743 2812 profluantaromhta

2132 2848 2247 2887 mea
2272 2830 2456 2904 (Cant.
2482 2847 2561 2901 tv,
2595 2831 2713 2905 16).
2750 2831 3040 2889 Descendat
3067 2834 3332 2904 fraternus
3358 2850 3501 2889 meus
3527 2835 3582 2889 in
3611 2835 3743 2890 hor-

2133 2932 2241 2979 tum
2291 2939 2445 2979 suum
2464 2965 2479 2990 ,
2513 2934 2560 2979 et
2589 2925 2861 2979 manducet
2887 2929 3089 2997 fructus
3117 2925 3493 2998 pomiferarum
3521 2943 3741 2982 summ

2134 3017 2312 3091 (Cant,
2342 3021 2510 3090 v.1).
2536 3018 2737 3076 Hortus
2760 3021 2923 3078 Verbi
2950 3021 3150 3079 anima:
3187 3022 3472 3081 vernantis
3505 3021 3742 3081 auectas

2130 3120 2234 3178 est,
2262 3121 2320 3169 et
2347 3113 2401 3168 in
2434 3112 2713 3185 pomiferis
2734 3114 2951 3172 virtutis
2982 3123 3069 3174 est
3092 3116 3320 3173 fructus.

423 3219 654 3266 mortem
680 3252 695 3278 ,
729 3211 783 3266 in
810 3210 879 3266 iis
909 3211 1000 3282 qui
1024 3222 1253 3283 pereunt
1279 3231 1294 3270 :
1324 3213 1647 3284 quibusdam
1676 3214 1814 3269 odor
1832 3214 2023 3270 vitrein
2052 3230 2099 3294 ο
2203 3205 2294 3261 55-
2325 3206 2486 3263 Venit
2521 3223 2653 3279 ergo
2678 3226 2693 3277 ;
2725 3219 2782 3266 el
2814 3210 2931 3267 Sive
2961 3210 3287 3280 manduces,
3320 3214 3438 3269 sive
3485 3213 3664 3282 bibas,
3689 3213 3741 3271 si

418 3303 586 3359 vitam
607 3347 623 3372 ,
660 3304 712 3359 in
743 3302 811 3359 iis
838 3305 1027 3377 utique
1054 3306 1147 3377 qui
1176 3306 1403 3363 odorem
1447 3307 1879 3364 resurrectionis
1920 3307 2030 3365 Do-

418 3394 637 3451 minicaa
656 3396 832 3452 vivida
858 3396 965 3454 tide
1004 3399 1234 3469 spirant.

490 3489 582 3545 50.
618 3488 712 3545 Isti
743 3498 874 3546 sunt
900 3502 1207 3548 aromatum
1238 3502 1485 3562 montes,
1536 3494 1628 3565 qui
1657 3493 1870 3549 Domini
1902 3508 2026 3550 cor-

422 3596 524 3652 pus
551 3581 683 3638 lesu
715 3593 1093 3654 acceperunt,
1140 3597 1197 3641 et
1236 3587 1290 3643 in
1322 3585 1507 3643 linteis
1529 3601 1653 3643 cum
1686 3589 2026 3646 aromatibus

419 3675 729 3747 ligaverunt
753 3676 938 3739 (Joan.
975 3693 1089 3744 xtx,
1117 3677 1239 3750 40);
1274 3680 1609 3751 quicumque
1654 3680 1800 3735 enim
1847 3681 2025 3738 credi-

417 3770 619 3827 derunt
645 3771 770 3843 quia
801 3770 965 3828 Jesus
1002 3779 1249 3828 mortuus
1279 3782 1395 3840 est,
1438 3784 1491 3829 et
1534 3775 1781 3844 sepultus
1809 3785 1928 3842 est,
1969 3784 2025 3831 et

422 3864 762 3929 resurrexit,
804 3864 856 3919 hi
911 3865 1193 3921 excelsum
1228 3881 1374 3922 verae
1403 3881 1670 3923 cacumen
1702 3866 1829 3923 ﬁdei
1855 3867 2027 3924 virtu-

417 3970 533 4016 tum
582 3958 817 4031 fastigiis
850 3959 1182 4017 extulerunt.
1230 3959 1330 4018 Ubi
1367 3977 1500 4034 ergo
1537 3960 1790 4018 Christus
1826 3962 2025 4035 quaeri-

416 4054 541 4111 tur?
569 4053 627 4110 In
661 4062 885 4125 pectore
909 4054 1196 4125 prudentis
1225 4055 1438 4111 scilicet
1464 4055 1794 4112 sacerdotis.

488 4150 578 4205 51.
612 4148 678 4204 Et
699 4148 956 4220 quoniam
982 4149 1050 4205 de
1081 4149 1302 4206 deserto
1334 4159 1599 4206 tractatus
1635 4151 1721 4206 hic
1763 4153 2018 4219 sumitur,

421 4242 510 4300 ubi
534 4242 864 4314 quaerendos
891 4243 1000 4311 sit,
1033 4244 1198 4299 etiam
1229 4244 1349 4315 ipse
1376 4244 1756 4311 demonstrat,
1787 4246 2016 4304 dicens:

420 4334 537 4411 Ego
563 4337 659 4407 ﬂos
676 4337 877 4408 campi,
911 4346 958 4390 et
987 4336 1154 4391 lilium
1184 4338 1517 4393 convallium.
1545 4338 1818 4411 Tanquam
1848 4340 2019 4397 lilium

415 4433 472 4487 in
519 4431 692 4487 medio
751 4431 1022 4500 spinarum
1048 4429 1223 4502 (Cant.
1258 4433 1402 4501 11,1,
1431 4431 1514 4506 2).
1539 4433 1681 4491 Ecce
1722 4436 1889 4493 alium
1936 4437 2019 4496 ιο.

414 4541 541 4583 cum
567 4566 583 4590 ,
620 4526 673 4582 in
699 4540 809 4598 quo
836 4524 978 4581 solet
1003 4525 1269 4582 Dominus
1289 4525 1551 4584 diversari
1577 4546 1591 4597 ;
1624 4529 1793 4586 immo
1823 4548 1931 4591 non
1961 4535 2014 4592 in

2130 3296 2406 3355 Christum
2452 3299 2708 3368 invocas,
2737 3301 2894 3358 adest
2916 3302 3105 3359 dicens
3128 3320 3148 3360 :
3185 3302 3386 3372 Venite,
3427 3307 3744 3362 manducata

2131 3407 2293 3460 panes
2330 3408 2492 3457 meos,
2533 3402 2581 3447 et
2606 3392 2765 3449 bibite
2804 3398 2982 3449 vinum
3010 3410 3181 3450 meum
3211 3394 3488 3467 (Proverb.
3522 3412 3607 3467 ιι,
3629 3396 3732 3470 5);

2126 3483 2243 3540 sive
2286 3484 2452 3541 etiam
2489 3485 2754 3554 dormias,
2802 3488 2984 3559 pulsat
3027 3487 3093 3544 ad
3135 3487 3382 3560 ianuam.
3430 3489 3614 3559 Venit,
3649 3493 3740 3549 in-

2124 3595 2313 3651 quam,
2342 3580 2681 3653 frequenter,
2709 3592 2766 3639 et
2794 3598 2895 3655 per
2917 3594 3265 3656 prospectum
3309 3588 3478 3643 mittit
3506 3602 3734 3643 manum

2124 3687 2316 3731 suam:
2349 3676 2448 3733 sed
2491 3692 2598 3733 non
2631 3691 2851 3750 semper
2888 3693 2990 3735 nec
3029 3680 3096 3735 ad
3126 3695 3341 3748 omnes;
3370 3682 3469 3737 sed
3500 3682 3570 3738 ad
3605 3698 3734 3739 eam

2124 3770 2362 3825 animam
2393 3784 2516 3842 quas
2558 3780 2737 3843 potest
2775 3772 2996 3830 dicere:
3044 3772 3211 3829 Nocte
3237 3776 3461 3832 exuime
3497 3776 3731 3832 tunicatis

2125 3882 2290 3921 meam
2312 3866 2490 3940 (Cant.
2512 3883 2567 3935 v,
2592 3867 2674 3941 5).
2706 3868 2917 3924 Etenim
2946 3869 3000 3925 in
3026 3869 3130 3926 hac
3155 3870 3342 3927 saeculi
3373 3879 3537 3928 nocte
3565 3872 3726 3942 prius

2125 3959 2221 4015 tibi
2244 3960 2546 4032 corporalis
2562 3962 2688 4018 vitae
2706 3964 2940 4018 amictus
2959 3970 3045 4019 est
3059 3964 3371 4030 exuendus,
3404 3966 3561 4021 exuit
3575 3964 3729 4019 enim

2121 4070 2184 4113 se
2210 4071 2377 4113 carne
2407 4057 2697 4125 Dominus,
2730 4068 2788 4113 ut
2818 4073 2921 4129 pro
2953 4067 3008 4116 te
3049 4058 3120 4116 de
3159 4058 3628 4117 dominationibus
3670 4068 3732 4116 et

2121 4150 2485 4222 potestatibus
2514 4152 2697 4208 mundi
2732 4153 2889 4208 istius
2913 4151 3301 4223 triumpharet.

2193 4246 2283 4303 56.
2318 4248 2589 4315 Quomodo
2630 4248 2852 4303 induam
2895 4248 3320 4323 illam(lbid.)?
3355 4248 3495 4307 Vide
3540 4250 3728 4307 anima

2121 4338 2234 4396 Deo
2254 4339 2451 4397 devota
2474 4340 2602 4411 quid
2624 4340 2788 4397 dicat.
2816 4341 2907 4401 Sic
2936 4356 2997 4399 se
3020 4352 3173 4399 actus
3196 4343 3448 4414 corporis
3467 4353 3527 4401 et
3551 4355 3728 4401 terre-

2120 4449 2221 4489 nos
2246 4432 2400 4489 exuit
2428 4449 2633 4502 mores,
2668 4445 2726 4490 ut
2754 4436 2962 4490 nesciat
2988 4435 3287 4507 quomodo,
3315 4436 3531 4492 etiamsi
3562 4436 3716 4505 velit,

2119 4542 2310 4583 rursus
2343 4528 2515 4597 possit
2551 4526 2798 4583 induere.
2832 4527 3102 4595 Quomodo
3137 4528 3356 4584 induam
3395 4529 3589 4585 illam?
3614 4532 3723 4589 hoc

416 4638 548 4690 uno,
575 4621 676 4679 sed
704 4622 758 4678 in
788 4620 1057 4694 pluribus.
1088 4620 1200 4694 Ego
1224 4663 1239 4690 ,
1274 4623 1490 4694 inquit,
1519 4626 1620 4695 ﬂos
1649 4629 1861 4698 campi;
1889 4631 2012 4701 quin
2041 4623 2093 4684 li
2119 4630 2225 4687 est,
2258 4635 2361 4693 qua
2388 4619 2734 4685 verecundia,
2758 4635 2868 4692 quo
2897 4620 3129 4692 pudore,
3162 4636 3268 4692 qua
3296 4632 3575 4693 postremo
3603 4639 3725 4680 me.

414 4726 692 4791 patentem
721 4715 1128 4787 simplicitatem
1159 4731 1312 4787 pum
1347 4719 1550 4775 mentis
1584 4718 1912 4791 frequentat.
1945 4721 2017 4780 Et

408 4812 581 4869 lilium
609 4810 922 4867 convallium
944 4825 964 4877 ;
993 4808 1095 4866 ﬂos
1110 4808 1257 4866 enim
1281 4807 1606 4868 humilitatis
1630 4823 1713 4869 est
1739 4813 2011 4886 Christus,

410 4923 520 4963 non
551 4903 804 4969 luxuriae,
834 4917 943 4959 non
977 4902 1337 4974 voluptatum,
1361 4919 1468 4962 non
1483 4905 1721 4964 lascivia:
1743 4949 1760 4974 ,
1792 4910 1887 4967 sed
1910 4908 2014 4968 llos

407 4999 801 5072 simplicitatis,
828 4997 929 5054 ﬂos
955 4997 1298 5054 humilitatis.
1335 4998 1603 5072 Tanquam
1633 5002 1801 5058 lilium
1823 5006 1877 5059 in
1896 5021 2008 5060 me-

405 5096 495 5150 dio
522 5094 816 5166 spinarum.
845 5090 1035 5147 Nonne
1058 5092 1201 5147 inter
1220 5094 1546 5163 asperitates
1576 5095 1849 5161 laborum,
1878 5113 2001 5152 con-

405 5188 768 5259 tritionesque
780 5185 1088 5240 animorum
1111 5184 1237 5241 boni
1254 5184 1358 5242 ﬂos
1385 5186 1571 5244 odoris
1597 5191 1861 5261 exsurgit;
1881 5192 2010 5262 quia

406 5280 648 5337 contrito
674 5278 841 5334 corde
864 5276 1013 5333 Deus
1044 5276 1330 5347 placatur?

476 5375 567 5431 52.
584 5373 696 5429 Hoc
717 5380 804 5429 est
818 5372 1097 5428 desertum
1124 5413 1139 5439 ,
1165 5372 1315 5440 filiae,
1331 5372 1475 5441 quod
1497 5372 1644 5429 ducit
1668 5373 1736 5428 ad
1753 5388 2003 5444 regnum,

404 5467 512 5524 hoc
537 5476 625 5523 est
646 5465 809 5522 etiam
831 5464 1133 5533 desertum,
1158 5464 1301 5535 quod
1332 5464 1495 5520 floret
1523 5474 1581 5519 ut
1609 5464 1786 5520 lilium
1809 5481 1823 5531 ;
1850 5466 2001 5535 juxta

401 5558 547 5629 quod
579 5557 837 5627 scriptum
860 5564 945 5612 est
973 5573 987 5611 :
1019 5555 1243 5623 Ltetare,
1267 5556 1477 5622 sterilis,
1509 5566 1559 5610 et
1583 5556 1808 5624 exsulta,
1830 5557 2002 5613 deser-

398 5660 542 5717 tum,
573 5661 620 5705 et
647 5652 830 5721 floreat
856 5660 911 5704 ut
948 5651 1117 5705 lilium
1155 5649 1331 5723 (Esai.
1360 5664 1503 5704 xxxv
1523 5689 1539 5717 ,
1568 5648 1644 5721 1).
1689 5649 1746 5705 In
1779 5652 1883 5707 hoc
1912 5651 2007 5707 de-

402 5751 584 5808 serto,
623 5740 785 5810 tilize,
820 5742 985 5798 arbor
1019 5741 1109 5797 illa
1138 5741 1279 5797 b0na
1318 5739 1626 5809 fructifera,
1670 5756 1790 5812 quae
1834 5744 2005 5801 bonos

401 5834 616 5894 fructus
645 5833 775 5893 facit
800 5832 1019 5907 (Matth.
1069 5848 1144 5892 vn
1173 5873 1188 5899 ,
1219 5834 1335 5907 t7),
1365 5834 1552 5906 incipit
1586 5834 1804 5893 brachia
1838 5835 2002 5894 facto.

2120 4714 2338 4769 moria?
2372 4712 2721 4771 Consuetudo
2756 4712 2905 4772 enim
2936 4713 3066 4772 boni
3108 4728 3268 4770 usum
3297 4715 3583 4786 pravitatis
3618 4731 3719 4775 ve-

2120 4809 2252 4865 teris
2281 4808 2485 4865 amisit.

2188 4902 2280 4957 57.
2299 4900 2427 4956 Lavi
2444 4900 2599 4971 pedes
2619 4888 2779 4968 meos,
2793 4901 3053 4972 quomodo
3067 4900 3348 4973 inquinabo
3360 4902 3513 4975 illos(
3520 4903 3547 4957 Ι
3553 4902 3658 4959 bid.
3667 4905 3721 4976 )3

2114 4993 2366 5051 Didicisti
2405 4994 2458 5050 in
2486 4993 2786 5065 Evangelia
2812 4994 2956 5065 quod
2991 4995 3158 5067 pedes
3190 4997 3374 5053 lavare
3404 4996 3531 5054 lidei
3562 5012 3716 5072 mys-

2118 5085 2312 5141 terium
2340 5084 2667 5142 humilitatis
2703 5087 2914 5157 insigne
2941 5089 3055 5155 sit;
3085 5087 3235 5157 juxta
3262 5089 3410 5161 quod
3448 5091 3717 5163 scriptum

2112 5188 2235 5235 est:
2280 5178 2342 5234 Si
2375 5195 2467 5249 ego
2501 5179 2602 5234 lavi
2650 5179 2804 5250 pedes
2833 5189 3024 5236 vestros
3053 5179 3312 5236 Dominus
3354 5192 3403 5238 et
3433 5185 3708 5260 magister,

2109 5282 2300 5345 quanto
2342 5273 2508 5342 magis
2532 5288 2621 5328 vos
2663 5272 2858 5329 debetis
2904 5276 3039 5330 alter
3082 5275 3296 5330 alterius
3338 5278 3497 5348 pedes
3540 5280 3718 5336 lavare

2114 5364 2295 5438 (Joan.
2328 5368 2448 5434 xiii,
2482 5366 2601 5440 14)!
2647 5368 2756 5425 Sed
2800 5369 2905 5425 hoc
2935 5369 3002 5425 ad
3040 5369 3403 5427 humilitatem
3448 5372 3709 5444 pertinet.

2108 5461 2381 5527 Quantum
2402 5477 2533 5517 vero
2553 5461 2620 5517 ad
2643 5462 2985 5534 mysterium,
3005 5462 3169 5533 pedes
3190 5464 3354 5521 debet
3376 5465 3561 5523 lavare
3578 5483 3711 5525 suos

2108 5555 2200 5628 qui
2240 5557 2356 5612 vult
2396 5567 2608 5627 partem
2657 5556 2859 5614 habere
2901 5573 3022 5613 cum
3049 5555 3308 5614 Christo:
3349 5558 3413 5616 Si
3434 5563 3571 5616 enim
3600 5580 3702 5618 non

2107 5649 2297 5717 lavero,
2330 5652 2522 5722 inquit,
2558 5650 2649 5705 tibi
2674 5652 2860 5723 pedes,
2904 5669 3008 5707 non
3038 5652 3247 5708 habebis
3271 5662 3472 5725 partem
3501 5673 3704 5713 mecum

2105 5743 2271 5815 (Ibid.
2291 5743 2373 5816 8).
2401 5743 2537 5802 Cum
2578 5744 2684 5803 hoc
2704 5744 2869 5805 Petro
2896 5746 3125 5820 dicitur,
3145 5748 3273 5820 quid
3295 5748 3364 5809 de
3385 5750 3544 5809 nobis
3572 5767 3702 5810 cen-

2103 5830 2296 5895 seturt
