4054 6306
171 5733 200 5754 ο

249 283 351 344 ΞΜ

1384 279 1473 338 DE
1514 275 1963 339 VlRGlNl‘l‘ATE
2003 273 2209 334 LIBER
2248 275 2452 334 UNUS.

3466 271 3576 328 282

323 401 538 472 58.Qui
560 403 692 460 lavit
715 403 876 476 igitur
895 401 1081 474 pedes,
1102 415 1206 456 non
1230 412 1453 456 necesse
1474 397 1638 453 habet
1659 397 1854 452 iterum
1881 400 1936 460 Α
1960 394 2099 468 quit,
2129 409 2256 449 mea:
2285 394 2612 449 stillaverunt
2638 391 2925 464 myrrham,
2959 398 3006 445 et
3035 389 3189 463 digiti
3218 393 3320 444 met
3351 389 3492 460 pleni
3519 388 3574 444 in

251 497 469 565 lavare;
495 510 551 554 et
572 498 702 555 ideo
723 506 911 554 careat
932 512 997 552 ne
1019 495 1263 567 inquinet
1282 508 1398 550 eos.
1421 492 1491 548 Et
1518 491 1659 548 bene
1673 499 1858 546 sancta

250 593 501 650 Ecclesia
526 593 689 649 dicit:
722 592 846 648 Lari
873 591 1022 663 pedes
1039 605 1198 645 meos.
1227 589 1341 644 Non
1371 586 1504 642 dicit
1531 604 1544 640 :
1575 583 1860 654 Quomodo

252 687 455 744 iterum
486 687 687 742 lavabo
709 702 834 752 eos;
880 685 999 751 sed,
1029 683 1305 755 quomodo
1340 684 1533 738 iterum
1565 681 1859 752 inquinabo

250 783 388 838 eos?
433 783 592 853 quasi
639 783 809 838 oblita
851 781 1076 836 maculae.
1107 780 1308 835 veteris
1335 822 1348 846 ,
1399 777 1564 832 oblita
1595 775 1854 847 contagii.

251 874 528 931 Admonet
571 875 739 947 igitur
780 874 834 930 in
865 872 1167 929 ministerio
1197 870 1464 943 corporali
1495 868 1856 940 quemadmo-

249 967 381 1024 dum
426 966 679 1038 spiritale
710 966 1010 1024 debeamus
1040 976 1260 1022 actuum
1303 973 1617 1020 nostrorum
1645 964 1858 1020 diluere

251 1060 568 1132 vestigium.
620 1059 808 1132 Itaque
855 1060 1022 1131 pedes
1061 1075 1184 1116 cum
1212 1059 1385 1116 semel
1429 1058 1628 1114 laveris
1665 1058 1857 1114 aeterni

251 1152 418 1210 lentis
458 1153 700 1224 irriguo,
743 1163 799 1209 et
821 1153 1065 1227 mysterii
1096 1152 1449 1208 mundaveris
1477 1161 1854 1217 sacramento;

249 1254 276 1282 ι
292 1259 425 1301 cave
452 1259 520 1302 ne
547 1245 748 1302 iterum
770 1260 1051 1318 corporea:
1074 1244 1602 1316 cupiditatisilluvie,
1621 1245 1847 1303 lutulen-

251 1340 405 1410 tique
433 1347 587 1396 actus
619 1340 856 1418 terrenis)
880 1339 1137 1395 sordibus
1169 1339 1539 1412 inquinentur.

323 1434 412 1490 59.
438 1431 530 1489 lsti
552 1443 677 1490 sunt
703 1433 868 1504 pedes
889 1449 1025 1506 quos
1041 1434 1204 1490 David
1229 1435 1356 1490 lavit
1375 1435 1430 1490 in
1453 1434 1670 1504 spiritu,
1694 1433 1858 1507 228

248 1526 342 1599 qui
371 1535 425 1582 te
455 1525 614 1581 docet
655 1526 1114 1597 quemadmodum
1153 1542 1249 1583 eos
1282 1527 1566 1599 inquinare
1597 1542 1704 1582 non
1735 1543 1857 1598 pos-

245 1617 348 1682 sis,
380 1617 572 1674 dicens
596 1635 611 1672 :
652 1617 864 1673 Stantes
891 1629 1038 1673 erant
1071 1619 1226 1691 pedes
1252 1620 1416 1675 nostri
1443 1621 1498 1674 in
1529 1621 1680 1675 atriis
1709 1620 1813 1676 tuis
1836 1660 1853 1688 ,

249 1709 586 1766 Hierusalem
615 1709 788 1784 (Psal.
820 1727 970 1778 cxxt,
999 1712 1080 1784 2).
1114 1713 1309 1785 Utique
1335 1713 1423 1769 hic
1458 1729 1564 1770 non
1583 1715 1850 1785 corporis,

1963 487 2197 543 manibus
2241 488 2502 542 clausura:
2529 486 2710 558 (Cant.
2746 501 2798 552 v,
2833 485 2914 555 5).
2947 485 3120 550 Quam
3150 481 3427 554 myrrham
3454 482 3573 537 stil-

1962 585 2073 639 lant
2101 584 2298 639 animte
2348 598 2563 652 manus,
2614 583 2716 638 nisi
2751 582 2897 637 illam
2938 595 3100 651 quam
3145 578 3340 633 obtulit
3390 577 3570 649 justus

1961 676 2054 732 ille
2074 677 2399 732 Nicodemus
2423 677 2680 747 magister
2707 677 2759 731 in
2793 673 2956 730 Israel
2979 672 3160 744 (Joan.
3178 683 3258 738 ιιι,
3283 672 3307 726 1
3339 680 3386 726 et
3410 669 3568 740 seq.),

1960 769 2052 824 ille
2079 769 2168 840 qui
2198 769 2393 826 meruit
2420 769 2621 826 lavacri
2652 770 2861 841 primus
2881 767 3074 823 audire
3105 766 3447 838 mysterium,
3477 765 3570 836 qui

1959 862 2139 918 attulit
2171 864 2463 919 mixturam
2498 864 2733 936 myrrhae
2773 873 2828 920 et
2856 863 3006 917 aloes
3039 862 3192 932 quasi
3247 861 3414 916 libras
3441 875 3572 916 ceu-

1960 964 2096 1024 tum,
2126 967 2180 1014 et
2205 957 2352 1013 misit
2373 957 2425 1012 in
2449 972 2650 1026 corpus
2671 956 2802 1012 .lesu
2829 955 3010 1026 (Joan.
3037 971 3154 1023 xtx,
3181 955 3276 1027 59)
3309 973 3321 1010 :
3353 954 3571 1026 periec-

1962 1059 2074 1107 tum
2105 1053 2294 1122 utique
2323 1051 2549 1107 odorem
2582 1050 2708 1108 ﬁdei
2739 1050 2966 1107 attulit?

2033 1143 2122 1200 62.
2155 1144 2306 1200 lluuc
2338 1145 2563 1201 odorem
2599 1144 2802 1217 fragrat
2827 1144 3006 1198 anima
3041 1158 3160 1214 qua:
3189 1143 3416 1198 Christo
3442 1158 3570 1214 ape-

1960 1239 2076 1295 rire
2110 1239 2321 1310 incipit,
2348 1249 2405 1294 ut
2430 1239 2662 1311 accipiat
2690 1240 2866 1311 primo
2893 1237 3118 1294 odorem
3155 1238 3456 1293 Dominicze
3483 1253 3570 1294 se-

1960 1334 2215 1406 pulturae,
2241 1345 2295 1390 et
2319 1334 2652 1406 credatquia
2681 1349 2808 1390 caro
2827 1334 2948 1404 ejus
2975 1349 3083 1389 non
3111 1333 3571 1405 viditlcorruptio-

1960 1444 2110 1498 nem,
2145 1444 2246 1485 nec
2271 1428 2442 1486 odore
2470 1431 2653 1500 aliquo
2685 1429 2880 1484 mortis
2910 1427 3182 1484 emarcuit
3208 1447 3220 1481 :
3255 1428 3350 1483 sed
3376 1427 3569 1483 aeterni

1959 1525 2104 1582 illius
2131 1523 2303 1593 ﬁoris,
2335 1535 2391 1581 et
2419 1540 2636 1595 semper
2665 1525 2896 1580 virentis
2925 1523 3098 1580 odore
3127 1523 3348 1579 condita
3380 1538 3564 1578 surre-

1959 1615 2060 1672 xit.
2089 1616 2378 1685 Quomodo
2408 1617 2551 1672 enim
2577 1626 2794 1688 poterat
2819 1617 2906 1672 vel
2933 1616 2985 1671 in
3014 1629 3180 1671 carne
3198 1630 3562 1680 marcescere,

1957 1711 2112 1781 cujus
2136 1728 2333 1767 nomen
2359 1720 2696 1780 unguentum
2729 1710 3071 1766 exinanitum
3095 1718 3180 1766 est
3209 1706 3387 1780 (Cant.
3415 1725 3455 1778 t,
3478 1706 3563 1781 2)?

255 1803 354 1860 sed
399 1805 567 1859 animi
617 1804 862 1875 intellige
903 1805 1090 1876 pedes.
1124 1806 1410 1874 Quomodo
1434 1808 1577 1861 enim
1612 1817 1858 1863 terrenus
1887 1821 1936 1882 Β
1963 1804 2276 1859 Exinanivit
2303 1819 2384 1871 se,
2420 1813 2479 1859 ut
2505 1804 2741 1874 spiraret
2773 1803 2892 1858 tibi.

247 1895 418 1954 homo
459 1898 512 1953 in
541 1898 682 1954 caelo
714 1898 939 1954 haberet
983 1899 1233 1970 corporis
1264 1899 1465 1970 pedes?
1515 1900 1847 1956 llierusalem

245 1990 416 2059 enim,
444 1991 585 2046 sicut
616 1991 815 2046 Paulus
843 1999 895 2046 te
916 1992 1110 2047 docuit
1139 1991 1326 2064 (Hebr.
1354 2008 1452 2060 xu,
1487 1993 1604 2064 2‘2),
1629 1992 1681 2048 in
1710 1995 1851 2051 caelo

244 2094 352 2140 est.
385 2083 454 2138 Et
486 2083 630 2140 idem
666 2092 720 2140 te
747 2083 934 2140 docuit
961 2084 1419 2157 quemadmodum
1455 2087 1507 2141 in
1538 2087 1678 2144 coelo
1705 2098 1851 2144 stare

245 2177 449 2249 possis,
481 2191 605 2233 cum
651 2177 824 2234 dicit:
860 2177 1059 2233 Nostra
1085 2190 1254 2234 autent
1283 2181 1605 2235 conversatio
1631 2182 1684 2234 in
1712 2181 1850 2237 (telis

244 2281 320 2326 est
351 2269 582 2343 (Philip.
617 2285 698 2338 ιιι,
723 2269 822 2342 20)
849 2288 864 2337 ;
897 2272 1252 2327 conversatio
1290 2289 1529 2342 uterum,
1559 2287 1854 2331 conversa-

245 2365 326 2420 tio
353 2365 644 2432 lactorum,
678 2365 1026 2421 conversatio
1058 2365 1203 2422 ﬁdei.

875 2481 1106 2539 CAPUT
1132 2483 1228 2540 XI.

241 2574 451 2632 Bonum
477 2593 588 2633 esse
603 2576 671 2630 ad
693 2593 952 2632 accessura
980 2578 1172 2633 Christi
1194 2579 1454 2651 trepidare
1479 2596 1541 2634 ac
1563 2581 1850 2652 festinare:

314 2691 432 2729 eum
451 2691 554 2728 non
576 2690 692 2728 cum
713 2675 903 2729 venerit
929 2674 1120 2742 solum,
1141 2675 1232 2730 sed
1254 2685 1301 2728 et
1321 2676 1468 2748 prius
1485 2692 1635 2746 quam
1658 2678 1846 2744 veniat,

307 2769 524 2824 solitum
551 2768 754 2837 deferre
783 2768 1092 2835 mercedem,
1127 2779 1183 2823 ut
1211 2770 1423 2841 myrrha
1457 2769 1605 2845 digiti
1644 2786 1704 2824 ac
1734 2788 1848 2825 ma-

315 2877 418 2914 nus
448 2861 640 2930 ﬂuant,
665 2862 761 2913 hoc
799 2870 897 2928 est,
931 2870 987 2915 ut
1017 2863 1286 2916 credamus
1317 2861 1583 2917 Christum
1628 2879 1729 2918 non
1775 2865 1850 2918 vi-

312 2952 451 3006 disse
475 2951 882 3022 corruptionem,
918 2970 1033 3006 cum
1059 2955 1124 3007 sit
1153 2965 1473 3026 unguentum
1503 2954 1727 3022 effusum
1757 2972 1853 3010 no-

309 3063 426 3101 men
471 3050 610 3120 ejus.
660 3045 780 3101 Hoc
826 3057 1143 3119 unguentum
1168 3050 1306 3118 quod
1354 3065 1558 3120 semper
1597 3050 1852 3125 ﬂagrabat

311 3141 457 3214 apud
500 3139 732 3203 Patrem,
761 3143 812 3197 in
845 3153 1073 3213 tempore
1113 3143 1283 3199 Filius
1308 3143 1492 3212 effudit
1514 3161 1532 3200 :
1555 3145 1646 3199 sed
1672 3147 1853 3200 exina-

2027 1897 2119 1954 65.
2151 1899 2382 1968 Semper
2421 1906 2756 1971 unguentum
2806 1895 2910 1952 hoc
2950 1903 3090 1962 erat,
3135 1895 3231 1951 sed
3262 1903 3383 1950 erat
3418 1892 3562 1965 apud

1953 1991 2196 2059 Patrem,
2229 2002 2346 2048 erat
2377 1992 2429 2046 in
2464 1993 2646 2048 Patre.
2675 1991 2868 2047 Olebat
2896 1997 3105 2044 tantum
3158 1988 3366 2059 angelis
3401 1987 3565 2060 229

1952 2085 2396 2156 etarchangelis,
2436 2094 2710 2155 tamquam
2750 2086 2890 2140 intra
2923 2098 3019 2138 vas
3056 2081 3205 2137 caeli.
3244 2081 3479 2152 Aperuit
3501 2095 3564 2134 os

1951 2179 2112 2236 Pater
2141 2180 2363 2235 dicens:
2403 2178 2536 2234 Ecce
2570 2181 2722 2252 posui
2769 2187 2817 2232 te
2864 2179 2916 2231 in
2966 2183 3327 2232 testamentum
3353 2174 3555 2244 generis

1949 2277 2074 2342 mei,
2104 2275 2158 2329 in
2195 2275 2359 2330 lucem
2386 2275 2614 2347 gentium
2637 2289 2657 2339 ;
2688 2282 2743 2326 ut
2773 2272 2844 2326 sis
2869 2273 2923 2326 in
2941 2271 3163 2325 salutem
3193 2284 3354 2339 usque
3380 2267 3448 2321 ad
3473 2283 3564 2322 ex-

1949 2381 2166 2425 tremum
2185 2366 2521 2440 terrw(Esai.
2540 2384 2690 2434 thx,
2714 2366 2792 2432 6).
2816 2364 3106 2419 Descendit
3122 2362 3312 2427 Filius,
3339 2359 3556 2431 repleta

1951 2474 2078 2521 sunt
2108 2465 2292 2519 omnia
2333 2479 2478 2520 novo
2519 2462 2689 2518 odore
2726 2461 2911 2516 Verbi.
2949 2459 3228 2515 Eruetavit
3258 2473 3353 2513 cor
3383 2457 3562 2512 Patris

1953 2559 2190 2616 Verbum
2221 2557 2421 2612 bonum
2443 2555 2617 2629 (Psal.
2650 2569 2794 2617 xuv,
2823 2554 2905 2624 ἓ),
2933 2551 3194 2624 lragravit
3223 2550 3419 2615 Filius,
3439 2547 3562 2618 Spi-

1953 2656 2091 2710 ritus
2122 2664 2346 2709 sanetus
2372 2651 2670 2716 exhalavit,
2700 2660 2862 2720 atque
2895 2663 2992 2718 per
3027 2647 3273 2703 omnium
3304 2659 3365 2700 se
3390 2643 3557 2700 corda

1951 2746 2208 2812 diliudit;
2250 2744 2460 2812 Dilfusa
2505 2755 2578 2798 est
2617 2743 2761 2798 enim
2815 2742 3046 2796 charitas
3076 2740 3173 2795 Dei
3212 2741 3268 2794 in
3311 2738 3557 2794 cordibus

1951 2841 2144 2896 nostris
2165 2857 2256 2914 per
2287 2839 2546 2910 Spiritum
2576 2847 2812 2892 sanctum
2845 2834 3022 2907 (Rom.
3055 2850 3113 2899 v,
3147 2835 3225 2902 5).

2024 2933 2116 2990 64.
2152 2934 2270 3004 Ipse
2304 2933 2398 2990 Dei
2444 2931 2616 2987 Filius
2658 2931 2710 2986 in
2759 2943 2992 2999 corpore
3035 2936 3312 2996 tamquam
3344 2927 3397 2981 in
3428 2940 3560 2981 vase

1950 3027 2176 3084 odorem
2226 3027 2406 3098 primo
2453 3023 2764 3085 cohibebat,
2805 3037 2964 3076 suum
2996 3019 3292 3092 opperiens
3323 3030 3557 3089 tempus,

1951 3121 2091 3176 sicut
2120 3120 2196 3175 ait
2223 3137 2236 3174 :
2268 3118 2525 3175 Dominus
2549 3118 2638 3172 dat
2666 3117 2791 3171 mihi
2826 3118 3058 3187 linguam
3107 3114 3420 3169 eruditionis
3439 3151 3456 3179 ,
3502 3123 3562 3168 ut

311 3202 478 3289 nilum
502 3236 604 3308 fuit
627 3236 678 3289 in
701 3232 924 3302 Judwis,
948 3202 994 3290 et
1016 3254 1048 3290 a
1069 3237 1346 3307 gentilibus
1367 3238 1638 3292 collectum
1657 3281 1672 3304 ,
1706 3255 1849 3292 cum-

1961 3214 2118 3267 tciam
2146 3213 2354 3282 quando
2396 3218 2629 3281 oporteat
2659 3211 2828 3264 dicere
2867 3223 3154 3262 sermonem
3187 3203 3361 3278 (Esai.
3389 3223 3442 3272 L,
3476 3202 3557 3274 4).

315 3345 413 3399 que
443 3331 722 3383 etianmunt
748 3331 878 3400 ﬂuat
903 3330 1153 3398 quotidie,
1189 3331 1461 3402 diligenter
1490 3331 1850 3403 excipiendum

323 3432 420 3486 εει,
450 3432 506 3476 ut
537 3424 760 3478 animam
793 3434 1023 3479 ηοειναηι
1049 3433 1207 3478 ιοιαηι
1237 3434 1486 3494 penetret.

319 3581 415 3639 60.
457 3584 711 3658 Quisquis
751 3587 833 3644 sic
878 3586 1049 3655 vivit,
1083 3596 1264 3658 potest
1301 3587 1524 3644 dicere:
1559 3586 1849 3645 Fraternas

238 3684 392 3732 meus
410 3679 551 3732 misit
571 3696 780 3734 manum
801 3698 946 3735 suam
967 3699 1059 3752 per
1080 3691 1434 3753 prospectum,
1448 3693 1495 3738 et
1515 3693 1688 3738 venter
1705 3699 1850 3737 meus

237 3771 482 3825 turbatus
531 3784 608 3827 est
654 3772 723 3826 ad
766 3773 960 3829 illum:
1013 3777 1216 3830 surrexi
1268 3761 1471 3843 aperire
1524 3776 1680 3846 fratri
1734 3793 1848 3832 meo

237 3861 422 3936 (Cant.
457 3863 628 3935 v,.4).
664 3866 871 3922 Bonum
901 3877 984 3923 est
1013 3878 1069 3924 ut
1097 3868 1167 3924 ad
1199 3869 1498 3925 adventum
1532 3869 1741 3927 Domini
1765 3870 1850 3924 in-

237 3957 449 4014 teriora
483 3959 792 4016 turbentur.
826 3961 883 4018 Si
916 3963 981 4016 ad
1007 3963 1182 4034 angeli
1213 3963 1500 4019 adventum
1535 3962 1700 4019 Maria
1727 3972 1846 4018 tur-

236 4050 370 4106 bata
399 4061 485 4108 est
528 4051 688 4124 (Luc.
719 4055 896 4124 t,29),
949 4067 1153 4127 quanto
1198 4057 1368 4126 magis
1397 4057 1462 4112 ad
1511 4055 1711 4112 Christi
1746 4071 1846 4114 nos

234 4143 529 4198 turbamur
576 4145 908 4202 adventum!
962 4147 1321 4204 lnlluentibus
1363 4150 1566 4221 quippe
1604 4147 1843 4218 divinis,

232 4250 543 4306 corporeus
567 4239 948 4310 peregrinatur
975 4236 1224 4308 allectus,
1249 4252 1299 4296 et
1327 4257 1456 4297 usus
1484 4242 1578 4299 ille
1603 4245 1847 4300 exterio-

231 4327 320 4382 ris
370 4327 608 4385 hominis
658 4329 943 4387 exolescit.
994 4331 1064 4387 Et
1112 4341 1169 4388 tu
1201 4333 1456 4402 turbare,
1505 4343 1560 4390 et
1591 4343 1643 4388 tu
1692 4334 1846 4390 festi-

234 4435 334 4476 na.
365 4420 713 4479 Festinantes
759 4423 836 4480 illi
858 4440 1057 4495 agnum
1088 4426 1416 4482 manducare
1449 4428 1844 4498 praecipiuntur

229 4513 440 4586 (Exod.
467 4532 557 4582 xu,
582 4516 697 4589 il).
721 4518 915 4591 Surge,
941 4521 1114 4591 aperi,
1139 4521 1206 4576 ad
1227 4521 1449 4592 januam
1471 4520 1718 4578 Christus
1734 4531 1840 4590 est,

1955 3305 2113 3362 Venit
2157 3307 2317 3370 hora,
2359 3316 2379 3345 ε
2419 3315 2475 3362 et
2493 3305 2708 3376 aperuit
2747 3319 2832 3372 os,
2865 3302 3166 3358 exinanivit
3200 3310 3558 3370 unguentum,

1951 3401 2170 3474 quando
2202 3402 2379 3456 virtus
2405 3401 2590 3456 exibat
2617 3401 2685 3456 de
2711 3415 2799 3455 eo.

2023 3494 2114 3549 65.
2153 3493 2266 3549 Hoc
2298 3502 2630 3564 unguentum
2658 3493 2998 3549 exinanitum
3024 3499 3106 3546 est
3131 3504 3296 3560 super
3318 3488 3558 3557 Judteos,

1950 3594 2008 3643 et
2034 3586 2333 3643 collectum
2366 3596 2452 3642 est
2482 3602 2510 3640 a
2541 3587 2831 3657 gentibus:
2865 3585 3204 3642 exinanitum
3238 3584 3292 3639 in
3338 3583 3551 3647 Judzna,

1949 3691 2006 3738 et
2036 3681 2280 3738 redoluit
2317 3683 2371 3737 in
2410 3682 2666 3737 omnibus
2698 3682 2880 3736 terris.
2935 3679 3049 3736 lloc
3081 3689 3357 3750 unguento
3392 3688 3554 3734 unt-ta

1950 3785 2038 3832 est
2065 3775 2256 3843 Maria,
2303 3786 2360 3831 et
2404 3775 2560 3846 virgo
2584 3775 2862 3846 concepit,
2897 3776 3052 3845 virgo
3094 3774 3305 3844 peperit
3349 3772 3556 3827 bonum

1949 3871 2220 3938 odorem,
2266 3870 2356 3925 Dei
2390 3870 2609 3926 Filium.
2659 3870 2773 3926 iloc
2815 3879 3152 3940 unguentum
3196 3868 3429 3924 ell‘usum
3460 3879 3548 3924 est

1950 3979 2116 4033 super
2153 3978 2344 4034 aquas,
2388 3973 2444 4018 et
2487 3963 2849 4018 sanctiﬁcavit
2893 3978 3084 4032 aquas.
3133 3961 3248 4019 Hoc
3279 3969 3559 4031 unguento

1949 4059 2098 4112 uncti
2126 4065 2252 4112 sunt
2279 4067 2388 4112 tres
2421 4057 2600 4127 pueri,
2634 4065 2688 4111 et
2718 4055 3006 4111 humorem
3047 4054 3117 4109 iis
3145 4054 3360 4109 ﬂamma
3395 4067 3552 4108 rora-

1947 4151 2028 4208 vit
2060 4151 2224 4224 (Dan.
2254 4167 2336 4218 ιιι,
2359 4150 2476 4222 ‘25).
2504 4151 2619 4206 Hoc
2655 4151 2840 4206 Daniel
2871 4159 3069 4204 unctus
3094 4159 3204 4215 est,
3235 4157 3290 4203 et
3337 4147 3559 4202 leonum

1949 4261 2042 4302 ora
2070 4247 2323 4313 mollivit,
2353 4246 2734 4318 leritatemque
2761 4245 3048 4317 permulsit
3079 4244 3245 4315 (Dan.
3278 4259 3352 4310 γι,
3382 4242 3498 4311 2‘2).

2019 4339 2108 4395 66.
2142 4339 2289 4395 Fluit
2326 4339 2428 4394 hoc
2467 4350 2808 4410 unguentum
2849 4337 3116 4409 quotidie,
3145 4347 3201 4392 et
3247 4351 3542 4406 numquam

1945 4430 2151 4487 deﬁcit.
2181 4432 2381 4502 Accipe
2407 4446 2500 4486 vas
2531 4441 2702 4498 tuum,
2740 4431 2915 4501 virgo,
2945 4438 3000 4484 et
3023 4430 3248 4494 accede,
3283 4438 3342 4483 ut
3370 4426 3551 4499 possis

1947 4525 2052 4580 hoc
2079 4537 2352 4596 unguento
2377 4525 2602 4596 repleri.
2631 4525 2834 4594 Accipe
2863 4534 3195 4595 unguentum
3224 4522 3554 4578 aestimatum

230 4609 513 4666 vestibula
544 4610 741 4668 domus
771 4621 876 4669 tua:
905 4614 1082 4685 pulsat
1115 4632 1129 4671 :
1161 4617 1206 4671 si
1233 4616 1540 4686 aperueris,
1574 4616 1838 4685 introibit,
1868 4628 1920 4689 1)
1947 4621 2210 4676 trecentis
2233 4619 2491 4685 denariis,
2523 4620 2618 4675 sed
2649 4619 2816 4689 gratis
2837 4618 3050 4683 datum,
3085 4635 3195 4673 non
3229 4619 3549 4682 venditum;

227 4713 292 4759 et
323 4704 572 4761 introibit
599 4721 722 4762 eum
754 4707 938 4765 Patre.

309 4797 403 4854 61.
434 4798 544 4856 Nec
561 4801 738 4857 solum
763 4817 887 4859 cum
907 4804 1183 4876 ingressus
1207 4803 1388 4871 fuerit,
1418 4805 1726 4862 mercedem
1756 4820 1843 4861 re-

227 4891 471 4961 linquit;
498 4895 593 4949 sed
618 4896 778 4951 etiam
798 4898 946 4968 prius
967 4912 1129 4968 quam
1149 4897 1506 4969 ingrediatur,
1531 4899 1841 4954 mercedem

231 4990 546 5058 prmmittit.
572 4989 764 5047 Adhuc
788 4992 966 5046 anima
991 4991 1258 5059 turbatur,
1287 4992 1464 5047 adhuc
1490 4991 1725 5062 parietes
1747 4992 1845 5047 do-

230 5096 365 5137 mus
394 5099 506 5138 sua:
535 5083 738 5155 palpat,
778 5083 959 5139 adhuc
987 5083 1187 5139 ostium
1217 5085 1411 5155 quaerit
1459 5084 1548 5140 ubi
1591 5084 1845 5141 Christus

230 5184 349 5241 est,
381 5177 558 5233 adhuc
587 5178 752 5234 solvit
777 5179 1051 5234 vinculum
1081 5179 1284 5244 carnis,
1313 5187 1368 5234 et
1389 5177 1639 5249 corporis
1667 5179 1845 5236 clauso

230 5278 349 5335 tra,
376 5270 553 5326 adhuc
580 5269 830 5328 Christus
856 5269 884 5310 δ
920 5272 1053 5327 loris
1083 5273 1291 5344 pulsat:
1321 5271 1514 5328 Manus
1536 5283 1728 5340 autem,
1762 5273 1843 5329 in-

318 5417 344 5442 “
376 5408 576 5465 Omnes
601 5409 736 5465 edit.
761 5425 884 5466 cum
923 5411 1112 5480 paucis
1143 5426 1274 5467 mss.
1295 5452 1310 5477 ,
1350 5428 1469 5466 cave
1509 5414 1698 5468 iterum
1722 5430 1838 5466 cor-

231 5495 416 5552 parere
444 5484 745 5549 cupiditatis
781 5484 1032 5548 illuviem,
1063 5499 1124 5536 ne
1154 5485 1393 5538 lutulenti
1428 5494 1576 5539 actus
1604 5485 1844 5540 sordibus

231 5552 616 5619 inquinentur;
653 5554 743 5610 alii
774 5557 946 5609 multo
971 5556 1157 5625 plures
1201 5571 1264 5612 ac
1296 5557 1538 5628 potiores
1569 5566 1628 5612 ut
1657 5571 1757 5612 nos
1790 5559 1842 5613 in

235 5631 418 5679 textu.

312 5697 350 5738 ιι
382 5695 508 5752 Mss.
540 5713 646 5751 non
681 5699 862 5766 pauci,
894 5702 1032 5768 fores
1063 5700 1256 5769 pulsat.

318 5775 356 5852 ξ.
381 5769 449 5821 Ita
477 5769 726 5852 plerique
756 5784 913 5835 mss.;
941 5773 1184 5828 nonnulli
1219 5781 1399 5829 autem
1431 5784 1494 5826 ac
1521 5770 1680 5838 edit.,
1710 5788 1834 5842 ape-

233 5842 357 5893 ruit
388 5855 464 5910 os,
497 5842 654 5897 exiuit
679 5853 1016 5913 unguentum.

1947 4722 2010 4768 ut
2037 4729 2229 4769 omnes
2261 4713 2528 4770 haberent
2555 4714 2741 4783 gratis.
2782 4712 2966 4781 Virgo,
3003 4727 3244 4782 ungere:
3279 4711 3393 4766 noli
3420 4725 3555 4765 con-

1949 4807 2158 4863 tristari
2190 4807 2328 4862 sicut
2376 4805 2546 4862 ludas
2573 4803 2759 4875 (Joan.
2789 4821 2885 4871 xu,
2917 4802 2997 4876 5),
3025 4804 3148 4875 quia
3181 4803 3284 4858 hoc
3314 4816 3560 4873 unguen-

1942 4911 2053 4956 tum
2072 4896 2431 4969 ell'unditur,d
2456 4899 2554 4955 sed
2575 4899 2852 4970 consepeli
2879 4901 2930 4953 in
2953 4908 3004 4953 te
3028 4897 3325 4952 Christum.
3343 4895 3550 4950 Claude

1946 5010 2080 5050 sane
2103 5009 2197 5048 vas
2227 5003 2410 5060 tuum,
2459 5009 2527 5047 ne
2556 5003 2892 5062 unguentum
2921 4989 3130 5046 efﬂuat.
3158 4989 3362 5045 Claude
3401 4987 3542 5042 inte-

1945 5088 2160 5160 gritatis
2187 5089 2364 5158 clave,
2396 5088 2654 5158 loquendi
2683 5087 3040 5153 verecundia,
3071 5083 3403 5140 abstinentia
3432 5081 3549 5154 glo-

1946 5180 2147 5238 riandi.

2021 5273 2112 5330 67.
2147 5272 2260 5329 lloc
2289 5289 2411 5344 qua:
2438 5273 2604 5330 habet
2633 5284 2998 5346 unguentum,
3028 5269 3309 5326 Christum
3336 5267 3556 5338 recipit;

2021 5411 2048 5449 ἀ
2074 5411 2245 5468 Paris.
2275 5414 2524 5479 qumdam
2548 5415 2708 5482 edit.,
2733 5417 2824 5470 sed
2847 5413 3107 5480 consepeli
3127 5421 3176 5463 te
3195 5411 3246 5462 in
3267 5407 3550 5482 Christum,

1949 5499 2252 5555 perperam.
2283 5484 2422 5540 Inl‘ra
2442 5503 2570 5541 vero
2589 5479 2884 5542 uhiomnes
2908 5479 3037 5555 edit.
3068 5497 3130 5555 ac
3153 5497 3283 5555 mss.
3317 5479 3547 5555 aliquot,

1948 5551 2149 5611 Claude
2185 5557 2499 5627 integritatis
2542 5560 2706 5624 clave,
2753 5566 2908 5621 etc.;
2951 5554 3043 5627 alii
3081 5553 3286 5627 habent
3330 5551 3548 5618 partim,

1946 5628 2135 5702 claude
2151 5621 2350 5702 ostium
2381 5621 2746 5702 integritatis);
2791 5626 2977 5702 claude
3017 5621 3264 5702 loquendi
3311 5636 3554 5702 verecun-

1945 5700 2087 5754 diam
2108 5699 2424 5772 abstinentia
2447 5693 2711 5772 gloriandi
2731 5715 2749 5753 ε
2769 5700 2988 5772 partim,
3015 5693 3215 5772 Claude
3241 5695 3552 5772 integritatis

1943 5772 2087 5825 clave
2121 5771 2369 5839 loquendi
2416 5765 2807 5836 acrecundiam,
2841 5765 3206 5839 abstinentiam
3253 5766 3542 5836 gloriandi.

1943 5841 2145 5900 Neutra
2179 5837 2360 5897 tamen
2395 5844 2583 5898 harum
2616 5841 2908 5898 lcetionum
2941 5837 3076 5892 satis
3105 5841 3416 5894 commoda.
