4054 6306
478 265 586 323 283
1853 252 2100 317 SANO’I‘I
2138 253 2469 320 “Iliam
3664 255 3763 317 281

479 384 531 433 et
561 373 691 433 ideo
715 387 842 445 qua
863 370 1119 437 habebat,
1150 369 1225 439 ait
1254 388 1268 429 :
1296 370 1516 440 Aperui,
1539 368 1736 442 inquit.
1760 368 1915 441 fratri
1938 383 2075 435 meo.
2105 371 2150 439 Δ
2254 367 2344 425 70.
2372 366 2543 427 Audis
2566 382 2755 429 vocem
2777 368 3049 442 pulsantis
3076 367 3144 433 ad
3161 367 3408 441 ianuam.
3435 375 3488 427 et
3508 367 3762 433 dicentis:

480 473 642 543 frater
666 464 1065 527 mtmsisit
1084 464 1262 533 (Cant.
1293 479 1345 528 v.
1379 463 1456 530 .6).
1480 461 1765 532 Quomodo
1795 460 2085 525 transivit?
2188 462 2346 533 Aperi
2373 463 2525 531 mihi,
2554 480 2706 529 soror
2734 480 2849 523 mea
2877 481 2898 520 :
2928 479 3103 536 surge.
3125 462 3361 536 proxima
3386 478 3515 531 mea,
3544 461 3767 519 columba

481 560 541 619 Id
569 570 680 627 est,
722 558 925 617 mentis
959 557 1168 617 interna
1211 559 1559 628 penetravit,
1602 557 1745 613 sicut
1772 554 1977 612 dictum
2001 564 2088 613 est
2188 575 2323 625 mea,
2354 560 2582 631 perfecta
2625 576 2741 619 mea
2767 557 2963 631 (Ibid)
3001 577 3011 613 :
3044 557 3323 615 charitate
3355 555 3623 629 proxima,
3649 558 3766 613 sim-

485 653 713 719 Marim:
760 648 832 706 Et
859 659 1004 713 suam
1040 648 1207 720 ipsius
1244 649 1475 711 animum
1517 647 1845 719 pertransibit
1876 646 2085 720 gladius
2189 650 2434 721 plicitate
2454 651 2731 721 columba,
2764 654 2961 711 virtute
2988 649 3411 722 perfecta;quia
3436 659 3590 720 caput
3612 665 3768 713 ιιιεωη

484 746 640 821 (Luc.
669 761 730 812 tt,
754 742 874 816 35).
900 743 1094 805 Vivum
1118 741 1266 801 enim
1296 740 1536 801 Verbum
1562 740 1673 807 Dei,
1705 739 1845 796 sicut
1873 738 2087 812 gladius
2185 746 2440 818 repletum
2480 756 2558 803 est
2604 762 2742 803 rore.
2790 747 2943 805 Sicut
2987 746 3133 803 enim
3176 760 3266 801 ros
3312 743 3434 801 cmli
3490 752 3770 800 nocturnas

488 852 703 907 acutus,
726 849 1047 913 penetrans,
1071 846 1125 895 el
1143 836 1508 909 corporalium
1527 836 1781 909 repagula
1804 835 2089 906 cogitatio—

489 952 644 1003 num,
675 943 734 993 et
758 933 944 995 cerdis
977 934 1189 997 interna
1220 930 1451 989 rimatur
1479 930 1670 1003 (Hebr.
1702 946 1780 997 tv,
1809 928 1923 1003 η).

1099 1024 1330 1083 CAPUT
1361 1024 1479 1089 XII.

496 1122 752 1179 Otttnibtts
771 1132 819 1178 et
840 1121 1064 1178 maxims
1080 1118 1364 1193 uirginibus
1379 1116 1648 1187 Christum
1659 1116 2087 1189 exspectandum:

563 1219 609 1275 si
631 1234 754 1275 uero
782 1217 874 1274 ille
894 1215 1200 1281 tardaverit,
1225 1213 1366 1286 quod
1391 1229 1589 1285 semper
1618 1211 1809 1269 animm
1828 1211 1887 1281 ﬁt
1909 1226 2081 1271 socor-

559 1312 671 1379 dia,
716 1310 1032 1385 surgendum
1068 1318 1116 1366 et
1144 1309 1403 1366 donorum
1432 1306 1496 1363 ab
1537 1322 1597 1365 eo
1619 1309 1734 1379 jam
1761 1312 2091 1376 acceptorum

558 1404 990 1474 comminatione
1039 1400 1387 1461 invocantium
1431 1397 1686 1471 Spiritum
1708 1406 1945 1465 sanctum
1958 1411 2092 1463 μεε-

560 1498 753 1567 tentpla
782 1497 921 1561 enim
955 1496 1223 1565 Sponsum
1260 1508 1652 1565 responsurum.
1684 1490 1824 1565 Quid
1858 1491 1922 1549 sit
1951 1490 2089 1562 quod

558 1605 714 1667 caput
740 1609 803 1653 ac
824 1593 1091 1657 cincinnos
1118 1607 1240 1651 suos
1266 1589 1509 1647 humido:
1532 1587 1715 1649 dicat?
1740 1603 1840 1659 quo
1870 1587 1983 1643 loco
2010 1586 2092 1643 ἱηετ

553 1690 741 1752 seritur
770 1704 805 1743 a
828 1687 1143 1759 capillorum
1164 1685 1417 1747 cincinnis
1437 1683 1747 1741 dehortatia.
1773 1681 1973 1745 Deinde
2004 1681 2091 1739 ubi

2188 848 2407 897 amovet
2430 839 2731 908 siccitates,
2759 840 2833 903 ita
2863 855 2956 898 ros
2983 839 3201 901 Domini
3229 837 3404 893 nostri
3427 836 3553 894 108"
3582 835 3769 901 Chiis“

2190 934 2475 995 nocturnis
2501 944 2556 993 et
2597 933 2951 997 saecularibus
2983 933 3226 993 tenebris
3254 942 3474 997 aeterna:
3499 932 3628 987 vita:
3664 933 3770 999 stil—

2190 1028 2322 1089 latit
2351 1028 2661 1093 humorem.
2695 1028 2810 1093 Hoc
2835 1039 2919 1087 est
2940 1039 3109 1100 caput
3136 1027 3278 1100 quod
3300 1038 3437 1087 msut
3474 1026 3660 1082 mundi
3688 1042 3772 1087 ne-

2190 1120 2350 1179 scivit
2377 1136 2669 1190 arescere;
2699 1120 2844 1185 unde
2870 1121 2986 1183 ait:
3020 1122 3159 1191 Quia
3184 1122 3229 1189 si
3259 1122 3314 1179 in
3343 1122 3559 1177 humido
3585 1124 3678 1177 hoc
3703 1123 3776 1191 [a-

2191 1215 2357 1284 ciuut,
2383 1215 2439 1271 in
2468 1215 2621 1275 arida
2644 1215 2773 1285 quid
2795 1216 2987 1287 faciant
3016 1214 3170 1285 (Lttc.
3196 1231 3354 1281 χχιιι,
3385 1214 3521 1286 5!)?
3554 1214 3667 1273 Hoc
3690 1216 3775 1287 igi-

2192 1315 2279 1362 tur
2309 1317 2469 1379 caput
2497 1317 2645 1363 rorat
2670 1307 2819 1375 aliis,
2846 1307 2950 1365 sibi
2982 1307 3242 1369 abundat.
3287 1307 3354 1364 Et
3388 1306 3527 1365 bene
3554 1308 3776 1367 abundat

2190 1413 2354 1481 caput
2376 1402 2582 1469 Christi
2606 1421 2623 1473 ;
2647 1405 2770 1476 quia
2797 1414 2962 1476 caput
2985 1414 3136 1465 tuum
3152 1403 3406 1462 Christus
3426 1414 3533 1472 est,
3566 1406 3656 1475 qui
3678 1405 3775 1476 ple-

2193 1484 2297 1559 nu's
2322 1508 2407 1556 est
2434 1514 2676 1571 semper,
2704 1513 2808 1561 nec
2844 1498 3272 1561 liberalitatibus
3307 1497 3633 1559 exhauritur
3656 1500 3779 1567 suis,

2192 1602 2285 1659 aut
2328 1592 2584 1649 diuturna
2631 1591 2816 1655 deﬁcit
2845 1591 3119 1664 largitate.
3146 1592 3201 1653 ltt
3232 1592 3340 1653 hoc
3378 1602 3543 1663 caput
3589 1591 3776 1653 ferrum

2193 1700 2302 1747 non
2331 1686 2603 1753 ascendit.
2635 1685 2781 1758 quod
2808 1693 2896 1747 est
2924 1688 3345 1749 instrumentum
3392 1686 3550 1755 belli,
3582 1686 3779 1758 insigne

559 1786 789 1841 animam
836 1800 1023 1839 rursus
1067 1781 1136 1837 ad
1172 1779 1478 1841 seruandam
1520 1778 1888 1843 innocentiam,
1921 1786 1971 1835 et
1994 1793 2089 1833 σα·
2119 1778 2169 1840 Β
2193 1779 2503 1842 discordia.

557 1876 803 1948 piendum
827 1891 891 1935 es
917 1874 1118 1935 actibus
1145 1889 1205 1927 ac
1232 1871 1337 1943 ﬁde
1359 1870 1573 1928 odorem
1600 1870 1889 1943 spiritalem
1918 1869 2094 1941 impu-

559 1970 654 2043 (it,
685 1968 910 2040 spondet
949 1983 1067 2023 eam
1096 1966 1171 2029 sic
1197 1964 1531 2038 placituram,
1568 1978 1997 2033 decessorumque
2022 1959 2093 2017 ad

559 2064 733 2136 ipsam
758 2061 1061 2128 Christum,
1092 2076 1256 2132 neque
1285 2076 1339 2119 se
1366 2057 1449 2114 illi
1474 2059 1575 2114 nisi
1600 2057 1897 2115 tentationis
1934 2072 2094 2117 causa

555 2159 932 2217 subducturum
954 2174 973 2224 ;
993 2165 1145 2227 atque
1170 2154 1300 2213 adeo
1324 2163 1601 2211 tentatorss
1621 2169 1735 2213 esse
1751 2153 2089 2222 spernendos.

558 2253 652 2311 68.
680 2252 744 2308 Et
767 2260 822 2311 tu
846 2248 1251 2323 igitttr,anitna,
1266 2264 1374 2313 una
1392 2247 1460 2304 de
1482 2246 1708 2318 populo,
1725 2261 1832 2303 una
1846 2246 1913 2305 de
1934 2245 2097 2317 plebe

491 2347 695 2421 (neque
716 2345 863 2403 enim
883 2342 1142 2406 Christus
1164 2351 1347 2413 stupet
1362 2341 1722 2417 gmaliqna
1744 2340 2091 2401 sccularium

489 2438 806 2499 discrimina
837 2436 1188 2510 dignitatum,
1212 2451 1282 2493 ne
1307 2446 1553 2493 auratam
1584 2444 1819 2502 vestem,
1850 2442 1945 2499 aut
1971 2449 2093 2497 mo-

491 2535 603 2591 nile
623 2535 955 2606 pretiosum,
979 2540 1075 2589 aut
1100 2530 1299 2589 nobilia
1323 2529 1730 2593 coruscantiutn
1756 2543 2093 2601 gemmarum

492 2638 638 2687 serta
665 2628 911 2694 miratur,
946 2640 1181 2700 quorum
1221 2623 1521 2697 dispendiis
1560 2638 1708 2694 saepe
1744 2622 1813 2681 lis
1842 2629 2095 2683 movetur

495 2724 553 2779 itt
582 2721 853 2787 Ecclesia,
871 2735 976 2791 pax
1003 2715 1267 2789 fugatur),
1288 2726 1438 2773 certe
1463 2724 1520 2773 tu
1550 2731 1655 2777 una
1678 2714 1747 2777 de
1769 2712 2095 2785 virginibus,

492 2830 615 2888 quae
642 2814 891 2885 corporis
916 2812 991 2871 tui
1012 2812 1240 2884 gratiam
1266 2809 1560 2881 splendore
1584 2807 1787 2877 mentis
1820 2806 2099 2873 illuminas

501 2910 749 2982 (ΡτθΡίοτ
779 2908 925 2967 enim
961 2921 1022 2965 es
1049 2922 1171 2978 quae
1199 2904 1464 2965 Ecclesia:
1482 2901 1867 2975 compararis),
1897 2909 1979 2966 tu,
2012 2902 2097 2963 in-

499 3017 689 3075 quam,
711 3000 768 3058 in
790 2999 956 3059 cubili
989 3010 1104 3066 tuo,
1128 3006 1185 3056 et
1213 3005 1485 3057 nocturno
1507 3006 1757 3066 tempore
1775 2994 2093 3064 constituta,

494 3112 717 3169 semper
746 3094 1012 3153 meditare
1039 3092 1337 3161 Christum,
1371 3091 1563 3162 eteius
1592 3089 1884 3153 adventum
1915 3087 2094 3157 omni:

503 3191 609 3259 bus
637 3199 859 3263 sperato
885 3189 1196 3251 momentis.

566 3285 659 3343 69.
690 3283 750 3342 Si
779 3283 998 3343 tardare
1045 3282 1142 3343 tibi
1182 3279 1422 3345 videtur,
1464 3292 1719 3350 exsurge.
1741 3275 1982 3337 Tardarc
2012 3275 2094 3335 vi-.

492 3379 690 3445 detur,
731 3393 854 3434 cum
892 3376 988 3433 diu
1025 3376 1279 3432 dormis:
1332 3372 1550 3433 tardare
1593 3373 1830 3440 videtur,
1877 3387 1999 3429 cum
2020 3370 2093 3433 ab

492 3474 743 3535 oratione
765 3487 962 3535 vacas:
993 3471 1211 3529 tardare
1232 3469 1472 3538 videtur,
1495 3483 1620 3527 cum
1647 3482 1839 3527 vocem
1862 3483 1970 3525 non
1999 3483 2094 3527 es-

493 3566 630 3623 citas
657 3574 684 3604 ι
714 3565 959 3637 psalmis.
992 3564 1270 3623 Primitias
1308 3564 1610 3636 vigiliarum
1635 3570 1849 3623 tuarum
1874 3560 2099 3623 Christo

493 3660 674 3717 dicato
697 3700 714 3728 ,
766 3659 1034 3732 primitias
1064 3666 1279 3716 actuum
1324 3669 1543 3719 tuorum
1586 3657 1809 3721 Christo
1846 3657 2089 3721 immota.

499 3752 713 3815 Audisti
739 3754 794 3808 in
821 3750 1198 3821 superioribus
1216 3752 1343 3824 quia
1369 3751 1585 3807 vocavit
1611 3758 1685 3816 te,
1710 3750 1929 3811 dicens:
1965 3748 2098 3811 Veni

497 3863 530 3901 a
552 3845 757 3903 Libano
780 3888 797 3914 ,
845 3844 1056 3917 Sponsa
1082 3886 1097 3912 ,
1137 3845 1253 3900 ueni
1281 3861 1312 3897 α
1351 3842 1590 3911 Libano;
1620 3842 1862 3903 transibis
1897 3851 1947 3899 et
1981 3858 2098 3912 pcr—

496 3939 741 3999 transibis
769 3957 803 4001 α
844 3939 1102 4013 principio
1150 3940 1273 4011 ﬁdei
1299 3937 1473 4012 (Cant.
1501 3954 1576 4006 tv,
1613 3936 1671 4010 8)
1701 3955 1716 4003 ;
1750 3937 2009 4007 transibis
2039 3938 2097 3998 in

494 4036 752 4095 smculum
782 4044 1079 4101 certatura,
1112 4033 1475 4106 pertransibis
1498 4031 1565 4089 ad
1596 4032 1872 4097 Christum
1903 4031 2096 4097 trium—

493 4130 725 4199 phstura
753 4128 825 4185 de
847 4127 1076 4185 sacculo.
1101 4127 1318 4187 Audisti
1348 4127 1472 4198 quia
1503 4138 1558 4183 te
1579 4142 1607 4181 a
1641 4125 1861 4185 leonum
1890 4134 1947 4185 ct
1976 4141 2100 4197 par-

491 4223 707 4290 dorum,
725 4223 780 4283 id
793 4233 900 4289 est,
915 4238 944 4277 a
960 4222 1290 4294 spiritalium
1310 4221 1681 4293 nequitiarum
1696 4218 2099 4275 incursionibus

494 4316 809 4388 separavit:
840 4314 1038 4370 audisti
1080 4314 1206 4385 quia
1227 4315 1407 4385 placet
1433 4313 1484 4369 ei
1515 4323 1729 4371 tuarum
1755 4309 2099 4383 pulchritudo

497 4410 758 4465 virtutum
792 4426 808 4464 :
840 4406 1042 4464 audisti
1063 4405 1695 4478 .quia.vestimentorum
1741 4413 1955 4461 tuorum
1977 4418 2101 4469 are-

496 4510 661 4569 mata,
689 4499 796 4563 hoc
832 4507 940 4565 est,
974 4499 1177 4556 bonum
1216 4502 1448 4561 odorem
1480 4498 1814 4571 integritatis
1848 4497 2103 4561 omnibus

2268 1874 2356 1933 7i.
2383 1872 2536 1931 Nunc
2563 1881 2774 1947 specta.
2803 1882 2858 1931 et
2883 1871 3006 1931 vide
3034 1887 3124 1929 ros
3145 1871 3238 1933 ille
3259 1871 3439 1945 qualis
3462 1872 3561 1939 sit,
3588 1871 3781 1931 scilicet

2195 1984 2305 2027 non
2339 1969 2580 2039 vulgaris
2618 1968 2902 2031 humoris:
2931 1967 2960 2009 ι’
2985 1968 3227 2027 cincinni
3263 1977 3446 2027 autem
3474 1979 3608 2025 sunt
3646 1970 3695 2027 in
3723 1982 3780 2025 eo

2192 2069 2470 2133 guttarum
2505 2064 2700 2119 nectis.
2748 2061 2889 2129 Noli,
2925 2060 3175 2134 proxima
3216 2076 3356 2129 mea,
3389 2062 3645 2132 accipere
3678 2060 3781 2115 cio.

2190 2156 2388 2211 cinnos
2416 2154 2787 2226 corporalium
2809 2154 3133 2225 capillerum
3157 2152 3339 2227 (Cant.
3372 2170 3426 2219 ν.
3456 2154 3541 2227 2).
3574 2154 3690 2211 Non
3717 2152 3782 2211 illi

2199 2256 2544 2314 ornamenta,
2569 2247 2667 2307 sed
2693 2247 2924 2305 crimina
2951 2255 3079 2305 sunt
3104 2266 3117 2305 :
3147 2248 3416 2307 lenocinia
3441 2247 3662 2314 format,
3688 2264 3783 2305 nou

2194 2348 2464 2411 prmcepta
2496 2340 2733 2395 virtutis.
2768 2340 2923 2399 Alios
2962 2342 3248 2403 cincinnos
3286 2341 3579 2399 Nazartnus
3615 2341 3782 2408 habet,

2193 2433 2467 2505 inquibus
2493 2433 2696 2490 ferrum
2725 2451 2832 2490 non
2864 2435 3133 2502 ascendit,
3157 2451 3295 2511 quos
3317 2451 3481 2493 nemo
3514 2436 3779 2507 prmcidit:

2194 2526 2284 2598 qui
2315 2541 2421 2583 non
2457 2526 2785 2584 calamistris
2823 2528 3144 2600 compositi,
3189 2538 3243 2584 et
3274 2537 3394 2587 arte
3441 2528 3669 2601 digesti,
3698 2528 3781 2589 sed

2195 2622 2480 2699 multiplici
2502 2622 2809 2695 crispantes
2829 2623 3090 2685 virtutum
3119 2624 3404 2680 nitentium
3429 2625 3605 2697 gratia
3637 2622 3785 2687 reful-

2196 2726 2407 2774 serunt.
2440 2718 2600 2774 Disce
2632 2718 2683 2773 in
2718 2718 2944 2775 historia
2976 2717 3168 2789 quales
3196 2717 3487 2774 Nazarams
3520 2719 3781 2779 cincinnos

2198 2813 2422 2882 habeat,
2446 2828 2580 2885 quos
2607 2814 2863 2891 quamdiu
2896 2814 3130 2873 Samson
3155 2814 3345 2870 habuit
3367 2814 3630 2884 intactos,
3648 2830 3785 2872 num-

2197 2924 2359 2978 quam
2392 2908 2535 2967 viuci
2564 2910 2740 2980 potuit
2767 2908 2972 2982 (λαιῆς.
3001 2924 3113 2976 xvt,
3149 2906 3262 2982 17).
3289 2907 3593 2967 Ciocinnos
3620 2908 3779 2980 perdi-

2196 3000 2301 3067 dit,
2335 3010 2388 3059 et
2420 3003 2675 3061 meritum
2702 3000 2921 3059 virtutis
2952 3001 3153 3059 amisit.

2270 3093 2430 3175 231
2470 3095 2561 3150 72.
2603 3094 2799 3155 Audita
2846 3095 3009 3167 igitur
3053 3112 3185 3159 Voce
3210 3096 3412 3165 Verbi,
3444 3113 3612 3168 quam
3640 3111 3787 3155 ειυς.

2121 3176 2166 3245 C
2200 3202 2286 3253 ras
2335 3189 2571 3243 tunicam
2618 3199 2814 3257 nocte,
2849 3203 2919 3245 ne
2956 3204 3168 3260 quaeras
3213 3190 3676 3263 quemadmodum
3718 3191 3786 3245 itt-

2195 3280 2333 3337 duas
2358 3297 2515 3349 eam;
2551 3292 2573 3319 ο
2606 3281 2900 3339 offenditur
2925 3283 3069 3338 enim
3093 3324 3109 3351 ,
3140 3292 3196 3339 et
3224 3282 3546 3359 frequenter
3578 3284 3786 3345 offertur

2198 3389 2295 3445 per
2325 3374 2618 3445 nequitiam
2662 3373 2987 3444 spiritalem.
3018 3376 3483 3443 Quemadmodum
3503 3420 3522 3444 ,
3553 3379 3783 3449 inquam.

2198 3467 2393 3523 induas
2439 3483 2556 3524 eam
2577 3509 2591 3533 ,
2618 3468 2987 3537 obliviscaris,
3026 3480 3082 3525 et
3113 3473 3327 3527 nescias
3360 3489 3374 3527 :
3406 3480 3461 3528 et
3507 3474 3660 3544 quasi
3690 3473 3783 3542 jam

2201 3560 2465 3621 Dominus
2517 3560 2771 3629 assistat,
2815 3577 3011 3618 exsors
3052 3564 3413 3635 corporalium
3461 3566 3784 3623 vinculorum

2201 3653 2416 3717 turbata
2446 3650 2473 3691 ιλ
2501 3668 2801 3727 correttrgas
2830 3672 2845 3710 :
2887 3655 3158 3717 intereant
3206 3658 3553 3716 orationibus
3603 3672 3788 3729 νεωμ-

2199 3760 2289 3811 res
2334 3754 2572 3809 mentem
2622 3747 2753 3805 dum
2796 3750 3009 3821 surgis;
3041 3758 3101 3806 ut
3146 3766 3215 3808 ex
3268 3750 3569 3810 humilibus
3614 3753 3677 3809 ad
3709 3766 3788 3808 se-

2200 3859 2367 3917 perna
2392 3844 2716 3915 contendas,
2738 3855 2789 3903 et
2820 3846 3041 3905 studeas
3068 3848 3212 3904 fores
3236 3848 3312 3904 tui
3332 3847 3520 3907 cordis
3544 3848 3782 3921 aperire:

2200 3938 2333 3999 dum
2378 3952 2572 3997 manus
2623 3948 2744 3996 tuas
2770 3940 2961 3997 tendes
3000 3940 3069 4001 ad
3095 3940 3372 3999 Christum
3394 3981 3410 4008 ,
3442 3941 3664 4000 ﬁdelem
3708 3950 3786 3995 tua

2200 4039 2349 4103 gesta
2379 4031 2668 4102 spirabunt
2697 4031 2945 4091 odorem.

2274 4125 2364 4183 73.
2406 4124 2653 4183 Admove
2691 4126 2853 4198 igitur
2890 4142 3083 4185 manus
3122 4128 3342 4185 naribus
3389 4130 3499 4185 tuis
3528 4173 3543 4197 ,
3576 4140 3629 4187 et
3657 4128 3788 4185 odo-

2202 4230 2317 4273 rem
2349 4226 2568 4275 actuum
2598 4227 2811 4275 tuorutn
2842 4218 3116 4278 indefessa
3152 4235 3218 4276 ac
3249 4222 3497 4294 pervigili
3529 4223 3790 4279 alacritate

2204 4310 2403 4371 mentis
2452 4310 2698 4380 explora.
2730 4311 2988 4370 Mulcebit
3033 4322 3085 4370 te
3132 4313 3268 4370 odor
3303 4314 3546 4371 dextera:
3572 4324 3678 4371 tum
3700 4355 3715 4380 ,
3743 4319 3788 4366 et

2203 4403 2543 4475 ﬂagrantiam
2571 4407 2995 4463 resurrectionis
3044 4416 3133 4463 tua
3164 4409 3412 4465 membra
3450 4410 3787 4471 redolebuttt,

2206 4497 2483 4572 myrrham
2513 4498 2667 4570 digiti
2718 4500 2793 4556 tui
2841 4500 3152 4564 sudabunt.
3192 4501 3296 4559 hoc
3342 4512 3462 4571 est,
3496 4503 3625 4561 ﬁdei
3662 4514 3789 4558 verre

495 4592 757 4655 odoribus
782 4592 1026 4662 prtctulit
1049 4611 1064 4649 :
1088 4592 1289 4650 audisti
1319 4593 1447 4664 quia
1477 4594 1672 4659 hortus
1700 4607 1762 4655 es
1785 4591 2098 4661 conclusus,
2127 4586 2182 4653 Ι)
2205 4593 2433 4667 gratiam
2459 4593 2725 4664 spiritalia
2758 4603 2913 4664 gesta
2943 4596 3273 4667 ﬂagrabunt.
3305 4596 3470 4669 Capis
3493 4614 3629 4671 ergo
3649 4639 3664 4663 ,
3697 4596 3789 4650 vir.

494 4685 745 4745 suavium
777 4686 1166 4757 pomiferarum
1196 4683 1433 4745 refertus
1460 4684 1749 4755 fructibus.
1781 4684 1912 4742 Pete
1934 4686 2100 4756 igitur

496 4786 557 4834 ut
585 4776 791 4849 aspir-et
829 4777 924 4837 tibi
955 4777 1191 4847 Spiritus
1220 4788 1465 4846 sanctus,
1490 4778 1696 4851 aspiret
1722 4793 1888 4851 super
1918 4778 2107 4845 cubile

500 4880 653 4931 tuum
671 4915 689 4941 ,
721 4881 885 4943 atque
910 4870 1135 4931 odorem
1167 4873 1273 4943 piat
1297 4873 1528 4939 mentis,
1552 4882 1609 4931 et
1632 4874 1822 4945 gratia:
1843 4872 2109 4944 spiritalis

496 4966 820 5023 accumulet.
863 4964 1235 5036 Respondebit
1285 4965 1419 5027 tibi:
1474 4964 1587 5038 Ego
1636 4966 1877 5033 dormio,
1918 4974 1968 5021 et
2012 4980 2101 5020 cor

496 5076 668 5118 meum
687 5057 872 5133 uigilat
905 5056 1081 5131 (Cant.
1113 5075 1172 5128 v,
1203 5057 1286 5133 2).

570 5238 597 5269 ι
633 5229 707 5286 De
736 5227 961 5299 psalmis
987 5226 1136 5285 dotni
1166 5225 1421 5299 privatim
1446 5224 1808 5299 decantandis
1838 5223 2098 5299 intelligi-

497 5317 640 5367 mus,
673 5296 800 5357 cn'm
832 5299 1061 5371 publica
1081 5296 1379 5371 psalmodia
1407 5297 1460 5353 id
1492 5298 1757 5371 temporis
1780 5297 1831 5371 in
1856 5296 2095 5371 Ecclesia

497 5367 890 5433 Mediolanensi
912 5367 1093 5429 adhuc
1112 5385 1217 5426 non
1243 5369 1493 5427 videatur
1516 5369 1681 5425 fuisse
1704 5368 1973 5425 instituta.
2001 5367 2097 5429 Vel

496 5457 646 5503 certe
675 5462 770 5517 per
800 5460 986 5502 vocem
1017 5443 1246 5517 psalmis
1263 5439 1470 5517 signari
1492 5451 1718 5512 possunt
1746 5439 2099 5517 aliiquilibet

498 5512 698 5574 cantici
742 5519 814 5588 pii
846 5512 1337 5590 atqtte’spiritales,
1368 5512 1436 5568 ad
1472 5527 1612 5587 quos
1652 5528 1751 5571 nos
1777 5514 2099 5576 exhortatur

503 5600 727 5647 sanctus
757 5593 1072 5662 Apostolus.

577 5664 605 5705 δ
636 5658 823 5737 Romf
850 5664 982 5721 cdit.
1027 5663 1145 5723 sola
1171 5703 1188 5729 ,
1220 5659 1459 5719 Cincinni
1487 5666 1662 5725 autem
1700 5658 1800 5716 mei
1845 5666 2111 5737 guttarum

512 5735 699 5797 noctis.

587 5819 609 5852 ο
636 5807 859 5867 Amerb.
886 5817 943 5866 et
968 5809 1147 5880 Eram,
1179 5806 1468 5887 oﬁ'ttttditttr
1492 5805 1669 5879 enim;
1694 5804 1823 5873 Gill.
1856 5817 1922 5863 ac
1950 5800 2112 5867 Rom.

2204 4701 2296 4758 go,
2326 4701 2391 4743 ex
2420 4686 2680 4743 interiore
2707 4697 2800 4742 tuo
2830 4703 3063 4759 corpore
3093 4690 3454 4762 voluptatem,
3483 4700 3542 4747 et
3566 4693 3678 4763 ipsa
3704 4687 3788 4745 tibi

2202 4777 2404 4845 dulcis,
2437 4779 2552 4849 ipsa
2583 4779 2680 4839 tibi
2708 4781 2890 4841 suavis
2915 4796 2998 4849 es,
3031 4793 3082 4838 et
3115 4784 3229 4852 ipsa
3261 4784 3355 4841 tibi
3381 4784 3549 4856 (quod
3580 4799 3788 4855 peccau-

2204 4872 2347 4931 tibtts
2390 4884 2542 4942 sape
2587 4871 2893 4944 contingit)
2942 4891 3051 4933 non
3094 4874 3291 4948 incipis:
3325 4876 3654 4949 displicere;
3684 4875 3789 4946 plus

2203 4964 2350 5025 enim
2382 4964 2477 5020 tibi
2522 4963 2758 5036 placebit
2785 4966 2928 5031 nuda
2974 4967 3316 5039 simplicitas,
3345 4984 3637 5042 corporea:
3658 4968 3787 5025 [ηυ-

2205 5054 2292 5113 dis
2318 5065 2480 5114 exuta
2507 5057 2862 5129 tegminibus.

2203 5237 2329 5300 cu_m
2361 5222 2545 5300 paucis
2596 5236 2757 5300 mss,
2786 5218 3003 5300 offertur
3023 5225 3204 5300 enim;
3228 5222 3329 5300 alii
3371 5236 3505 5300 mss.
3533 5219 3785 5300 denique,

2206 5293 2487 5363 oﬂ'enditur
2535 5295 2689 5358 enim,
2719 5305 2825 5351 etc.
2857 5294 2972 5350 Non
3021 5293 3398 5356 incommode,
3430 5294 3569 5350 idem
3610 5293 3788 5363 quipr

2206 5356 2297 5429 est.
2336 5375 2499 5438 atque
2552 5356 2795 5431 occurrit.
2824 5367 2965 5438 Quid
2994 5374 3176 5429 autem
3223 5369 3266 5423 si
3311 5367 3459 5436 legas
3486 5356 3789 5438 ostenditur?

2204 5439 2368 5495 Certe
2422 5436 2562 5494 hanc
2592 5436 2882 5503 lectionem
2932 5438 3256 5496 duceremus
3307 5439 3477 5494 multo
3506 5436 3784 5507 potiorem.

2207 5513 2251 5567 si
2284 5512 2427 5582 quod
2452 5509 2596 5566 aliud
2626 5510 2939 5587 praesidium
2971 5511 3021 5571 ei
3052 5510 3268 5567 adesset
3310 5506 3788 5583 praeter’conjcctu-

2210 5600 2324 5639 ram
2335 5623 2347 5637 .

2286 5655 2315 5695 τι
2346 5658 2477 5715 Mss.
2522 5654 2762 5725 aliquot,
2792 5670 3074 5729 consurges
3116 5656 3173 5714 in
3222 5667 3444 5724 tetram,
3495 5646 3788 5711 orationi“!

2220 5744 2485 5804 preparas
2509 5736 2745 5793 mentem.
