4054 6306
219 245 329 301 983

1327 238 1414 296 DE
1456 235 1904 312 VIRGIMTATE
1946 234 2148 310 LIBER
2193 237 2398 298 UNUS.

3417 241 3527 312 986

291 363 384 418 74.
424 361 613 418 Talem
688 370 739 420 te
786 361 1036 419 Christus
1099 361 1464 434 desideravit,
1517 363 1677 418 talem
1770 361 2027 434 teAnec
2076 363 2430 428 Sttcculiueris
2477 363 2837 440 potestatibus
2883 364 3098 434 mundi,
3131 365 3225 424 tibi
3275 363 3526 428 Christus

219 455 473 513 Christus
505 459 689 540 elegit.
718 460 926 529 Aperto
958 459 1133 530 itaque
1173 458 1472 530 ingreditur
1513 459 1690 523 ostio;
1720 473 1817 513 ne-

219 567 328 622 que
379 553 524 607 enim
577 562 754 634 potest
796 553 1016 618 fallere,
1051 554 1139 624 qui
1174 569 1232 608 se
1281 553 1647 628 ingressurum
1697 567 1818 608 esse

217 647 494 717 promisit.
545 646 917 718 Complectere
967 647 1126 717 igitur
1189 661 1346 718 quem
1399 646 1640 720 qua-sisti
1676 663 1690 700 :
1730 661 1818 701 ac-

216 739 351 793 cede
398 737 465 794 ad
498 738 708 809 ipsum,
743 750 796 796 et
849 740 1240 798 illuminaberis
1271 757 1284 793 :
1315 749 1437 795 tene
1468 739 1652 806 illum,
1686 755 1817 810 roga

216 849 285 891 ne
332 834 444 889 cito
486 834 679 900 abeat,
710 835 936 894 obsecra
982 852 1048 890 ne
1096 835 1352 901 recedat;
1391 835 1623 894 Verbum
1672 836 1816 891 cnim

216 929 311 984 Dei
342 933 551 993 currit,
583 928 801 985 fastidio
834 945 940 984 non
967 929 1177 1001 capitur
1197 973 1212 997 ,
1243 929 1567 1001 negligentia
1603 944 1707 986 non
1740 938 1822 985 tc-

217 1035 402 1080 netur.
433 1023 608 1079 Obeat
648 1026 830 1078 anima
864 1034 951 1080 tua
1005 1024 1056 1079 in
1086 1023 1257 1080 verbo
1287 1024 1405 1096 ejus
1427 1066 1440 1086 .
1472 1034 1526 1079 et
1573 1023 1819 1081 caelestis

216 1117 492 1174 sermonis
518 1118 707 1175 insiste
735 1120 999 1190 vestigio;
1029 1119 1138 1175 cito
1165 1119 1312 1174 enim
1343 1118 1557 1173 transit.

288 1211 380 1268 75.
425 1212 671 1284 Denique
719 1212 847 1286 quid
895 1213 971 1268 ait
1018 1212 1147 1268 illa?
1181 1212 1403 1280 Quaesivi
1433 1229 1586 1281 eum,
1617 1222 1666 1268 et
1715 1227 1820 1267 non

214 1307 385 1360 inveni
407 1305 558 1360 illum
586 1324 604 1360 :
634 1307 808 1360 vocavi
836 1322 949 1362 eum
973 1349 987 1372 ,
1019 1315 1064 1360 et
1096 1323 1199 1361 non
1231 1305 1498 1364 obaudivit
1531 1323 1610 1361 me
1636 1304 1814 1378 (Cant.

215 1416 269 1467 v,
305 1398 383 1472 6).
419 1399 496 1464 Ne
521 1410 680 1473 putes
728 1400 1022 1474 diSplicere
1049 1409 1134 1467 te,
1169 1416 1287 1472 quze
1317 1401 1548 1466 vocasti,
1583 1416 1704 1469 qme
1735 1415 1822 1454 ro-

213 1495 351 1568 gasti
376 1537 390 1561 ,
421 1512 542 1566 qua:
572 1494 856 1567 aperuisti,
888 1494 1028 1566 quod
1061 1504 1169 1550 tam
1201 1495 1311 1551 cito
1341 1495 1475 1548 abiit
1503 1511 1515 1547 :
1547 1493 1675 1548 sinit
1723 1508 1822 1550 nos

213 1604 362 1661 srepe
395 1591 609 1645 tentari.
646 1589 887 1662 Denique
917 1588 1092 1644 turbis
1120 1590 1466 1662 rogantibus'
1491 1607 1558 1646 ne
1601 1589 1823 1646 recede-

214 1694 328 1751 ret,
361 1684 491 1756 quid
521 1685 597 1742 ait
627 1685 680 1740 in
713 1684 1040 1754 Evangelio?
1069 1682 1137 1739 Et
1162 1686 1281 1740 aliis
1305 1685 1594 1740 civitatibus
1624 1692 1824 1756 oportet

1921 465 2197 524 occurret,
2233 472 2334 516 nec
2359 468 2410 513 te
2438 457 2528 512 diu
2561 457 2756 514 tentari
2788 459 3043 527 patietur.

1993 550 2082 606 78.
2123 551 2254 622 Quze
2281 553 2359 608 sic
2389 552 2670 608 Christum
2704 554 2951 624 requirit,
2984 571 3103 624 quae
3133 552 3409 616 Christum
3444 554 3527 610 in-

1921 645 2094 709 venit,
2129 653 2305 714 potest
2330 645 2511 700 dicere
2545 664 2558 700 :
2592 645 2760 700 Tenui
2786 663 2920 713 eum,
2952 664 3041 704 nec
3069 648 3360 714 relinquam
3388 662 3526 710 eum;

1921 740 2082 794 donec
2124 739 2450 800 introducam
2493 757 2608 794 eum
2648 741 2701 794 in
2751 741 2960 795 domum
3008 741 3186 804 matris
3215 756 3372 807 mete,
3396 749 3445 802 et
3471 739 3526 793 in

1921 831 2213 886 cubiculum
2238 832 2352 902 ejus
2377 847 2492 906 qua
2517 849 2598 886 me
2621 835 2850 903 concepit
2879 831 3094 904 (Ibid).
3123 833 3256 903 Qua:
3299 841 3384 890 est
3425 832 3526 888 do-

1923 946 2043 990 mus
2090 933 2278 988 matris
2326 939 2431 994 tua:
2477 938 2534 988 et
2561 931 2870 992 cubiculum
2919 931 3068 1002 ejus,
3103 929 3207 990 nisi
3249 931 3525 988 internum

1923 1032 2031 1084 tua:
2057 1034 2436 1097 secretumque
2467 1026 2714 1082 naturae?
2746 1026 2894 1082 Hanc
2920 1026 3142 1081 domum
3184 1038 3342 1084 serva
3362 1067 3377 1090 ,
3415 1025 3519 1082 bu-

1917 1119 2008 1190 jus
2037 1119 2230 1188 dumus
2263 1119 2522 1180 mundata
2552 1121 2885 1192 penetralia;
2920 1130 2978 1176 ut
3022 1133 3144 1180 cum
3178 1118 3526 1178 immaculata

1923 1213 2116 1280 domus
2165 1210 2360 1280 fuerit,
2411 1227 2509 1270 nec
2559 1213 2722 1272 ullius
2786 1213 3107 1274 adulterinae
3170 1212 3527 1272 conscientia)

1921 1307 2176 1364 sordibus
2216 1307 2524 1380 inquinata,
2559 1306 2819 1378 spiritalis
2851 1307 3042 1362 domus
3074 1307 3127 1362 in
3156 1305 3522 1368 sacerdotium

1921 1410 2166 1466 sanctum
2208 1399 2385 1472 lapide
2414 1401 2660 1472 angulari
2706 1411 3078 1472 coagmentata
3118 1407 3440 1471 consurgat,
3471 1405 3529 1468 et

1924 1495 2159 1568 Spiritus
2205 1506 2426 1554 sanctus
2475 1494 2684 1556 habitet
2730 1495 2787 1550 iu
2835 1510 2920 1550 ea.
2952 1494 3084 1563 Qua:
3123 1495 3205 1549 sic
3247 1493 3523 1554 Christum

1924 1590 2178 1662 requirit,
2207 1605 2328 1661 qua:
2355 1589 2435 1644 sic
2460 1587 2738 1646 Christum
2782 1587 3030 1643 obsecrat
3055 1629 3070 1654 ,
3103 1602 3212 1646 non
3263 1584 3526 1657 relinqui-

1926 1694 2015 1740 tur
2063 1685 2130 1740 ab
2167 1700 2272 1756 eo,
2320 1684 2489 1740 immo
2531 1683 2694 1739 etiam
2742 1681 3054 1753 frequenter
3102 1680 3391 1747 revisitur;
3441 1687 3527 1740 cst

212 1794 296 1832 me
319 1779 720 1849 euangelizare‘
752 1777 958 1832 verbum
1002 1775 1142 1843 Dei;
1171 1779 1290 1850 quia
1320 1779 1438 1833 ideo
1477 1779 1658 1832 missus
1698 1794 1813 1832 sum
1841 1758 1891 1820 Β
1919 1779 2069 1846 enim
2114 1777 2399 1838 nobiscum
2447 1791 2616 1848 usuue
2662 1776 2728 1832 ad
2774 1775 3302 1834 consummationem
3336 1771 3523 1830 mundi

215 1869 372 1941 (Luc.
404 1885 480 1935 tv,
508 1869 622 1942 45).
652 1869 762 1925 Sed
793 1872 957 1926 etiam
990 1871 1034 1925 si
1067 1872 1166 1928 tibi
1216 1871 1306 1928 ille
1337 1871 1535 1928 abiisse
1563 1869 1773 1927 videtur
1797 1913 1812 1940 ,

211 1963 243 2004 δ
271 1966 383 2029 exi,
419 1980 605 2019 rursus
631 1965 851 2044 explora
876 1963 1048 2038 (Cant.
1081 1980 1133 2030 ν,
1164 1962 1241 2036 7),

289 2061 383 2118 7G.
407 2059 527 2116 Noli
555 2059 674 2116 Jam
710 2061 821 2116 Deo
850 2061 1046 2115 devota
1079 2060 1204 2115 illos
1231 2058 1553 2116 metuendos
1583 2060 1816 2122 circum.

218 2152 476 2210 foraneos
529 2152 897 2226 iutelligibiles
923 2153 1117 2214 timere
1145 2153 1398 2209 custodes
1419 2195 1432 2219 ,
1464 2153 1573 2212 noli
1622 2153 1819 2209 timere

215 2261 314 2302 eos
361 2245 454 2318 qui
500 2246 844 2302 circumeunt
872 2245 1176 2313 civitatem,
1209 2245 1318 2301 noli
1364 2245 1584 2300 vulnera
1632 2243 1822 2300 formi-

215 2342 388 2407 dare,
418 2357 539 2424 quae
588 2341 938 2413 sequentibus
981 2341 1256 2404 Christum
1303 2356 1501 2402 nocere
1545 2357 1650 2398 non
1694 2357 1820 2414 pos-

218 2446 367 2491 sunt.
406 2435 630 2490 Etiamsi
660 2451 860 2508 corpus
892 2445 1062 2502 tuum,
1097 2436 1197 2491 hoc
1221 2446 1304 2492 est
1325 2479 1339 2503 ,
1379 2436 1542 2490 vitam
1574 2436 1826 2505 corporis,

220 2531 300 2585 tui
346 2528 628 2596 auferant,
671 2528 880 2585 vicinus
919 2541 1002 2584 est
1053 2527 1346 2586 Christus:
1380 2546 1539 2601 quem
1581 2545 1704 2585 cum
1739 2531 1822 2584 in-

219 2623 480 2689 veneris,
508 2623 598 2678 ubi
645 2638 766 2684 cum
811 2621 1002 2679 eodem
1057 2624 1384 2680 commorari
1416 2625 1616 2680 debeas
1652 2640 1820 2694 agno-

218 2730 341 2782 sce,
373 2731 444 2770 ne
474 2713 617 2772 forte
644 2729 673 2769 a
707 2725 760 2772 te
788 2714 1062 2782 discedat;
1093 2715 1206 2770 cito
1235 2717 1380 2772 enim
1414 2715 1617 2772 deserit
1659 2716 1825 2787 negli-

217 2820 437 2881 gentes.

729 2903 890 2976 232
927 2901 1155 2959 CAPUT
1191 2902 1330 2959 χιιι.

221 3016 551 3083 Discendum
589 3017 734 3076 nobis
759 3034 869 3074 esse
916 3018 977 3074 ab
1006 3015 1241 3076 Ecclesia
1269 3035 1368 3089 quo
1395 3028 1546 3091 pacto
1587 3018 1826 3092 Sponsus

294 3112 464 3172 teneri
501 3121 686 3183 queat,
733 3112 950 3168 vinculis
980 3113 1171 3168 scilicet
1219 3112 1488 3168 cltaritotis
1534 3123 1582 3176 et
1627 3115 1822 3185 suppli-

297 3208 497 3263 ciorum
527 3205 770 3275 beneﬁcio
799 3221 818 3260 :
846 3205 1278 3262 introducendum
1303 3207 1460 3261 etiam
1505 3221 1620 3262 eum
1668 3207 1722 3262 in
1751 3209 1834 3260 inp.

302 3304 541 3363 tartareus
567 3299 810 3365 domum,
847 3299 936 3360 sed
965 3301 1146 3358 virtute
1187 3301 1330 3374 prius
1376 3311 1701 3364 exornatam.
1727 3299 1834 3362 Per

303 3410 459 3464 quam
490 3397 764 3465 fenestram
790 3413 997 3450 manum
1026 3395 1226 3458 mittere
1251 3395 1453 3449 dicatur
1479 3394 1716 3465 Sponsus
1736 3438 1750 3462 ,
1788 3405 1836 3460 et

303 3488 732 3559 quemadmodum
776 3493 1014 3560 {oneum
1043 3487 1230 3560 virgini
1251 3491 1349 3546 sint
1379 3488 1671 3559 parandis?
1702 3487 1838 3550 Eam

301 3599 511 3654 quoque
543 3586 725 3658 μηκας
773 3596 883 3648 sum
918 3580 1111 3636 silentii
1141 3596 1285 3634 seras
1314 3596 1574 3648 apponere
1613 3581 1832 3647 debere,

299 3680 442 3750 quod
487 3694 670 3749 magno
716 3693 810 3732 suo
862 3675 1000 3730 malo
1034 3673 1143 3728 Eva
1170 3690 1270 3736 non
1303 3673 1446 3744 fecit.
1473 3673 1620 3731 Tunc
1654 3675 1836 3731 morti-

296 3773 562 3847 ﬁcationis
599 3789 659 3828 ac
705 3771 1096 3836 resurrectionis
1121 3772 1383 3842 myrrham
1422 3771 1758 3836 sudaturam;
1790 3770 1836 3827 si

300 3868 458 3931 modo
504 3868 650 3940 virgo
691 3867 784 3926 illa
823 3868 943 3924 talis
991 3866 1178 3937 fuerit,
1207 3866 1373 3943 qualis
1397 3865 1732 3937 essejubetur
1771 3863 1836 3920 ab

298 3963 550 4033 Apostolo
577 3978 597 4017 :
625 3963 718 4020 sed
744 3959 1006 4020 Christum
1033 3961 1219 4032 inquiri
1241 3960 1389 4027 velle,
1421 3970 1574 4031 atque
1597 3960 1719 4014 odio
1741 3960 1838 4022 Ita-

303 4058 426 4113 bere
455 4056 831 4129 garrulitatem.

299 4215 394 4269 77.
437 4213 569 4281 Quis
615 4211 777 4284 igitur
809 4219 860 4266 te
891 4210 994 4266 nisi
1026 4217 1214 4266 sancta
1266 4209 1507 4265 Ecclesia
1538 4209 1701 4266 debet
1734 4210 1837 4266 do-

222 4323 359 4364 cere
410 4304 866 4378 quemadmodum
912 4303 1185 4359 Christum
1241 4302 1464 4360 teneas?
1515 4303 1682 4359 immo
1723 4303 1835 4375 iam

221 4400 438 4465 docuit,
475 4397 524 4454 si
553 4413 672 4470 qua:
703 4397 860 4469 legis,
896 4396 1199 4466 intelligas:
1237 4396 1404 4462 Quam
1433 4396 1718 4460 modicum,
1751 4397 1836 4451 in-

223 4495 350 4566 quit
371 4535 384 4557 ,
417 4491 516 4564 fuit
539 4534 552 4556 ,
584 4508 700 4546 cum
741 4489 953 4546 transivi
978 4491 1041 4544 ab
1078 4490 1207 4561 ipsis
1229 4532 1244 4554 ,
1274 4489 1437 4544 donec
1486 4490 1656 4544 inveni
1687 4507 1836 4561 quem

223 4587 413 4643 dilexit
444 4587 618 4640 anima
645 4601 756 4639 mea
792 4585 975 4640 :tenui
1015 4600 1128 4638 eum
1149 4626 1165 4652 ,
1198 4593 1245 4638 et
1267 4601 1367 4638 non
1414 4585 1700 4655 relinquam
1724 4602 1838 4640 cum

226 4680 410 4757 (Cant.
445 4694 524 4734 ιιι.
557 4677 636 4749 4).
667 4677 876 4748 Quibus
911 4679 1075 4750 igitur
1120 4677 1372 4734 Christus
1428 4681 1686 4734 tenetur?
1715 4679 1835 4736 Non

226 4776 451 4849 injuria:
497 4775 757 4841 nexibus,
791 4790 897 4828 non
950 4772 1172 4828 restium
1225 4774 1427 4830 nodis:
1463 4775 1556 4830 sed
1611 4775 1839 4831 vinculis

223 4870 516 4927 cbaritatis
540 4911 554 4934 ,
589 4869 789 4925 mentis
835 4867 1063 4923 habenis
1093 4868 1408 4938 stringitur,
1439 4879 1496 4924 et
1524 4870 1716 4925 anima:
1759 4879 1838 4925 te-

225 4974 398 5030 netur
451 4961 667 5028 aliectu.
703 4961 762 5020 Si
788 4965 871 5020 vis
897 4972 953 5021 et
997 4971 1054 5018 tu
1083 4970 1270 5028 tenere
1298 4960 1608 5028 Christum,
1653 4979 1838 5034 qua-re

222 5060 464 5130 iugiter,
514 5074 616 5122 nec
654 5073 867 5128 poenam
913 5067 1156 5126 metuas;
1206 5057 1347 5120 inter
1385 5057 1650 5127 supplicia
1690 5059 1834 5116 enim

225 5152 555 5222 frequenter
575 5152 843 5223 corporis,
865 5151 1006 5208 inter
1032 5152 1176 5222 ipsas
1207 5161 1617 5222 persecutorum
1646 5167 1839 5209 manus

226 5244 486 5302 Christus
511 5246 706 5302 melius
755 5246 1046 5301 invenitur.
1080 5244 1245 5322 Quam
1291 5245 1549 5299 modicum
1571 5288 1585 5312 ,
1624 5245 1835 5326 inquit,

230 5344 357 5414 fuit,
388 5358 506 5398 cum
538 5342 747 5400 transivi
775 5341 838 5400 ab
877 5341 1021 5413 ipsis.
1059 5339 1270 5412 Exiguo
1301 5340 1445 5398 enim
1478 5345 1683 5412 spatio,
1715 5342 1838 5400 bre-

230 5439 400 5507 vique
429 5443 712 5491 momeuto
747 5450 870 5491 cum
898 5445 1307 5505 persecutorqu
1341 5447 1534 5490 manus
1564 5437 1832 5506 evaseris,

307 5611 336 5640 ⁸
353 5601 516 5658 Rom.
543 5597 852 5668 edit.,sola,
883 5617 1094 5672 regnum
1122 5599 1240 5656 Dei.
1257 5599 1464 5655 Rursus
1489 5613 1624 5652 vero
1646 5597 1835 5672 eadem

227 5690 355 5731 cum
401 5674 554 5742 aliis,
582 5683 646 5755 et
688 5687 819 5755 mss.
868 5670 1107 5755 aliquot,
1131 5682 1184 5727 tu
1227 5672 1666 5755 rursusucxplora
1691 5687 1710 5738 ;
1737 5670 1828 5754 ubi

231 5761 369 5804 mss.
403 5745 672 5823 nonnulli,
701 5742 1202 5826 extrorsus'cxplora
1228 5761 1246 5802 :
1277 5753 1331 5822 et
1360 5743 1448 5828 alii
1482 5742 1695 5811 melius,
1724 5742 1829 5811 exi,

230 5830 341 5880 etc.

1923 1871 2136 1941 (Matth.
2174 1887 2364 1938 xxvttt,
2395 1870 2510 1941 20).

1991 1965 2080 2024 79.
2124 1965 2266 2037 Ergo
2320 1965 2573 2022 Christus
2617 1972 2866 2034 repertus
2907 1971 3024 2029 est,
3070 1972 3125 2016 et
3170 1969 3387 2020 tenetur
3421 1978 3435 2016 :
3469 1967 3526 2016 et

1920 2068 2170 2134 repertus
2217 2067 2303 2126 est
2346 2058 2436 2112 ille
2481 2057 2572 2132 qui
2622 2072 2719 2128 per
2768 2055 3058 2116 fenestram
3116 2066 3258 2112 tuam
3301 2068 3526 2127 manum

1923 2153 2090 2210 misit.
2119 2152 2249 2220 Qua:
2280 2163 2364 2218 est
2393 2150 2626 2214 fenestra
2662 2160 2845 2214 nostra
2879 2148 3054 2220 (Cant.
3080 2165 3130 2216 γ,
3164 2146 3254 2220 ι),
3289 2148 3393 2204 nisi
3427 2161 3524 2222 per

1922 2263 2085 2318 quam
2124 2261 2289 2317 opera
2315 2242 2519 2302 Christi
2547 2244 2826 2312 videmus,
2858 2244 3049 2300 oculus
3093 2241 3302 2298 scilicet
3325 2241 3526 2309 animi,

1923 2352 1978 2397 et
2024 2345 2218 2400 mentis
2263 2340 2523 2404 obtutus?
2558 2341 2625 2402 Et
2663 2338 2816 2405 ideo,
2863 2339 3038 2409 virgo,
3088 2354 3182 2409 per
3228 2338 3524 2394 fenestram

1925 2445 2073 2498 tuam
2100 2434 2348 2496 Christus
2381 2435 2654 2498 introeat,
2682 2433 2932 2490 Christus
2965 2447 3179 2488 manum
3220 2446 3371 2486 suam
3407 2431 3532 2486 mit-

1928 2541 2004 2585 tat
2054 2545 2150 2602 per
2197 2530 2527 2600 fenestram,
2556 2527 2654 2586 tibi
2698 2527 2878 2582 veniat
2904 2524 3088 2592 Verbi,
3123 2540 3232 2580 non
3283 2522 3533 2594 corporis

1927 2639 2098 2678 amor.
2134 2622 2193 2682 Si
2243 2623 2402 2693 igitur
2450 2637 2546 2692 per
2593 2619 2886 2676 fenestram
2917 2628 3061 2676 tuam
3107 2634 3327 2676 manum
3366 2615 3534 2674 mittit

1930 2718 2026 2773 Dei
2081 2716 2358 2784 Verbum,
2399 2714 2523 2772 vide
2564 2713 3021 2785 quemadmodum
3094 2711 3364 2768 fenestras
3410 2717 3533 2766 tuas

1930 2828 2234 2885 praepares,
2265 2811 2389 2868 Vide
2417 2811 2869 2885 quemadmodum
2895 2810 2964 2864 ab
3011 2808 3156 2866 omni
3189 2807 3412 2878 pulvere
3439 2805 3537 2862 dc-

1931 2905 2182 2970 lietorum
2210 2903 2492 2982 detergere
2520 2903 2743 2960 debeas.
2774 2915 2792 2941 °
2820 2902 2962 2958 Nihil
2988 2910 3186 2962 tetrum
3210 2900 3426 2964 habeat.
3455 2899 3538 2958 ni-

1933 2998 2006 3055 hil
2054 2998 2422 3058 adulteriuum
2475 2998 2711 3054 terrestre
2759 2997 3002 3068 virginis.
3056 2995 3255 3052 Procul
3310 2993 3532 3049 stibium

1933 3099 1989 3146 et
2035 3101 2263 3146 czeteras
2313 3090 2549 3146 all‘eetati
2599 3105 2768 3162 nugas
2796 3090 3040 3155 decoris,
3082 3086 3274 3160 procul
3325 3085 3534 3141 adulte-

1939 3184 2041 3239 riui
2074 3185 2275 3242 amoris
2327 3183 2628 3240 illecebras.
2661 3185 2862 3242 Similis
2889 3182 3100 3238 aurium
3133 3181 3382 3238 clausura
3422 3189 3534 3244 est,

1937 3279 2137 3348 quibus
2184 3295 2289 3342 non
2339 3277 2716 3350 suspendenda
2767 3293 2963 3342 onera,
2997 3292 3104 3332 non
3155 3275 3364 3347 figenda
3416 3275 3535 3330 vul~

1939 3386 2066 3426 nera
2106 3391 2117 3425 :
2148 3371 2241 3430 sed
2275 3387 2412 3427 unus
2443 3381 2669 3429 ornatus
2694 3380 2810 3437 est,
2844 3369 3032 3428 audire
3059 3368 3202 3441 quod
3235 3368 3425 3438 prosit.

2008 3466 2170 3542 233
2209 3466 2299 3523 80.
2341 3466 2569 3528 Januam
2601 3482 2815 3544 quoque
2846 3475 2991 3530 tuam
3022 3465 3172 3522 disce
3199 3462 3539 3537 temporibus

1937 3558 2196 3624 obserure
2242 3560 2520 3618 nocturnis
2543 3602 2556 3626 ,
2593 3576 2700 3615 non
2729 3559 2885 3617 facile
2923 3557 3210 3628 quisquam
3264 3567 3536 3626 patentem

1936 3656 2198 3726 reperiat.
2227 3656 2474 3728 Sponsus
2521 3657 2634 3730 ipse
2679 3655 2791 3712 vult
2819 3653 3057 3711 clausam
3090 3667 3233 3716 esse.
3263 3667 3388 3710 cum
3423 3650 3540 3722 pul-

1937 3760 2041 3805 sat.
2071 3749 2242 3806 Janua
2295 3761 2480 3805 nostra
2525 3766 2586 3803 os
2635 3761 2878 3804 nostrum
2932 3758 3046 3815 est,
3073 3747 3296 3806 Christo
3341 3760 3537 3818 prope-

1938 3843 2162 3899 modum
2189 3845 2290 3899 soli
2319 3843 2480 3899 debet
2507 3842 2710 3913 aperiri
2743 3860 2757 3896 :
2793 3857 2892 3898 nec
2922 3842 3194 3912 aperiatur
3217 3883 3230 3906 ,
3264 3840 3365 3894 nisi
3411 3848 3539 3894 ante

1939 3938 2235 4009 pulsaverit
2269 3938 2360 4002 Dei
2392 3937 2648 3998 Verbum.
2681 3935 2925 4005 Denique
2957 3935 3078 3990 ideo
3108 3935 3366 4006 scriptum
3411 3941 3492 3987 cst
3523 3950 3536 3987 :

1942 4031 2142 4086 Hortus
2189 4032 2459 4086 conclusus
2480 4073 2494 4098 ,
2526 4047 2672 4084 soror
2697 4046 2811 4083 mea
2838 4029 3045 4099 Sponsa
3064 4071 3076 4089 .
3109 4028 3288 4083 hortus
3328 4027 3539 4080 conclu-

1937 4144 2046 4195 sus,
2082 4131 2196 4200 fons
2222 4128 2456 4198 signatus
2481 4123 2656 4192 (Cant.
2690 4141 2765 4192 tv,
2798 4122 2910 4195 12);
2942 4138 3008 4178 ne
3041 4122 3195 4177 facile
3222 4121 3431 4191 aperiat
3478 4135 3540 4175 os

1937 4235 2128 4286 suum,
2169 4233 2270 4274 nec
2313 4217 2521 4288 vulgari
2561 4216 2808 4288 designet
2853 4215 3110 4286 alloquio.
3158 4213 3342 4284 Neque
3391 4212 3538 4268 enim

1938 4314 2004 4369 de
2033 4314 2164 4386 ipsis
2197 4313 2394 4368 divinis
2439 4311 2631 4379 decet,
2665 4311 2768 4366 nisi
2805 4309 2988 4365 Verbo
3019 4308 3114 4364 Dei
3148 4307 3491 4375 interpellata
3521 4348 3538 4374 ,

1940 4391 2292 4478 respondeas.
2323 4405 2462 4472 Quid
2497 4404 2590 4459 tibi
2623 4420 2745 4459 cum
2777 4403 3034 4458 caneris?
3064 4401 3175 4458 Soli
3201 4401 3416 4458 Christo
3465 4399 3543 4453 lo-

1941 4516 2139 4570 quere,
2172 4499 2274 4554 soli
2311 4499 2554 4554 fabulare
2591 4496 2832 4552 Christo.
2870 4495 2925 4552 Si
2958 4495 3178 4550 enimut
3203 4492 3460 4548 mulieres
3488 4491 3543 4548 in

1947 4594 2186 4650 Ecclesia
2219 4603 2454 4662 taceant,
2481 4595 2741 4664 scriptum
2756 4600 2840 4648 est
2860 4591 3040 4664 (lCor.
3073 4606 3182 4657 xrv,
3207 4587 3544 4660 34),quanto

1943 4687 2112 4759 magis
2160 4703 2264 4750 non
2297 4689 2455 4744 decet
2482 4696 2671 4760 patere
2713 4687 2936 4757 virginis
2959 4685 3182 4762 ianuam
3207 4727 3222 4750 ,
3256 4702 3360 4738 non
3391 4683 3544 4738 decet

1942 4782 2117 4837 vidua:
2150 4795 2336 4854 patere
2364 4782 2544 4838 fores!
2579 4781 2701 4837 Cito
2734 4780 3024 4836 insidiator
3058 4777 3278 4849 pudoris
3310 4777 3549 4847 obrepit,

1940 4872 1968 4911 (ι
1999 4876 2107 4930 cito
2138 4875 2361 4930 verbum
2389 4874 2612 4939 excidit,
2642 4873 2785 4944 quod
2820 4887 3086 4930 revocare
3112 4872 3409 4926 desideres.

2012 4969 2101 5024 8i.
2145 4969 2199 5024 Si
2231 4968 2359 5024 Eva:
2389 4967 2568 5026 clausa
2593 4967 2783 5022 fuisset
2805 4968 2990 5036 janua,
3022 4981 3122 5024 nec
3153 4964 3320 5018 Adam
3347 4963 3545 5032 decep-

1947 5071 2031 5117 tus
2081 5061 2299 5126 fuisset,
2350 5076 2451 5116 nec
2503 5060 2875 5131 reSpondisset
2923 5061 3252 5129 interrogata
3304 5054 3546 5125 serpenti

1950 5155 2104 5228 (Cen.
2136 5170 2224 5220 ιιι,
2257 5154 2293 5208 2
2337 5164 2383 5209 et
2427 5155 2586 5224 seq.).
2617 5153 2861 5209 Introivit
2911 5167 3058 5207 mors
3106 5167 3202 5220 per
3251 5149 3544 5202 fenestram

1948 5250 2166 5323 (Jerem.
2199 5265 2250 5303 ιιι
2271 5290 2283 5314 ,
2312 5247 2430 5319 2i),
2466 5247 2566 5302 hoc
2597 5255 2681 5302 est
2702 5289 2715 5313 ,
2750 5262 2844 5316 per
2897 5245 3022 5300 Eva:
3049 5244 3269 5298 Ostium.
3302 5237 3545 5308 Ingredi-

1946 5353 2036 5400 tur
2079 5358 2224 5400 mors
2276 5358 2370 5414 per
2399 5342 2602 5396 ostium
2634 5350 2783 5395 tuutn
2810 5381 2825 5407 ,
2856 5339 2902 5394 si
2953 5338 3145 5393 falsum
3186 5331 3428 5404 loquaris
3451 5371 3466 5396 ,
3499 5330 3546 5385 si

1948 5437 2201 5507 turpiter,
2235 5436 2280 5489 si
2315 5434 2650 5504 procaciter,
2685 5443 2966 5501 postremo
2997 5429 3045 5484 si
3076 5427 3169 5483 ubi
3195 5441 3303 5482 non
3327 5432 3545 5494 oportet

2017 5597 2044 5637 δ
2067 5596 2294 5664 Quidam
2324 5611 2481 5663 mss.,
2510 5598 2612 5661 exi,
2645 5604 2910 5650 extrorsus
2936 5594 3172 5662 explora.

2019 5675 2046 5706 °
2080 5665 2242 5724 Pauci
2273 5684 2428 5735 metu,
2461 5668 2593 5722 nihil
2621 5678 2876 5721 terrenum
2903 5664 3106 5718 habent.

2010 5737 2039 5778 ⁸
2071 5740 2226 5798 Rom.
2261 5741 2393 5797 edit.
2427 5741 2565 5810 sola,
2598 5740 2698 5793 cito
2729 5738 2934 5793 verbum
2961 5735 3166 5808 excipit.
