  <div class='ocr_page' id='page_1' title='image "/cluster/home/n/w/nwhite01/storage/ocr_20150623/16/hvd.32044015471998/149.png"; bbox 0 0 4054 6306; ppageno 0'>
   <div class='ocr_carea' id='block_1_1' title="bbox 548 243 655 307">
    <p class='ocr_par' dir='ltr' id='par_1_1' title="bbox 548 243 655 307">
     <span class='ocr_line' id='line_1_1' title="bbox 548 243 655 307; baseline -0.009 0"><span class='ocrx_word' id='word_1_1' title='bbox 548 243 655 307; x_wconf 66' lang='lat'><strong>287</strong></span> 
     </span>
    </p>
   </div>
   <div class='ocr_carea' id='block_1_2' title="bbox 1894 268 3820 345">
    <p class='ocr_par' dir='ltr' id='par_1_2' title="bbox 1894 268 3820 345">
     <span class='ocr_line' id='line_1_2' title="bbox 1894 268 3820 345; baseline 0.01 -18"><span class='ocrx_word' id='word_1_2' title='bbox 1894 268 2142 329; x_wconf 81' lang='lat' dir='ltr'><strong>SANCTI</strong></span> <span class='ocrx_word' id='word_1_3' title='bbox 2176 272 2507 334; x_wconf 75' lang='lat' dir='ltr'><strong>AMBROSII</strong></span> <span class='ocrx_word' id='word_1_4' title='bbox 3731 288 3820 345; x_wconf 68' lang='lat'><strong>288</strong></span> 
     </span>
    </p>
   </div>
   <div class='ocr_carea' id='block_1_3' title="bbox 547 364 3822 478">
    <p class='ocr_par' dir='ltr' id='par_1_3' title="bbox 547 364 3822 478">
     <span class='ocr_line' id='line_1_3' title="bbox 547 364 3822 478; baseline 0.013 -56"><span class='ocrx_word' id='word_1_5' title='bbox 547 364 811 478; x_wconf 61' lang='lat' dir='ltr'><strong>loquaris.</strong></span> <span class='ocrx_word' id='word_1_6' title='bbox 846 368 1059 431; x_wconf 68' lang='lat' dir='ltr'><strong>Clausa:</strong></span> <span class='ocrx_word' id='word_1_7' title='bbox 1082 376 1194 434; x_wconf 88' lang='lat' dir='ltr'><strong>sint</strong></span> <span class='ocrx_word' id='word_1_8' title='bbox 1235 378 1398 451; x_wconf 90' lang='lat' dir='ltr'><strong>igitur</strong></span> <span class='ocrx_word' id='word_1_9' title='bbox 1427 379 1695 441; x_wconf 89' lang='lat' dir='ltr'><strong>labiorum</strong></span> <span class='ocrx_word' id='word_1_10' title='bbox 1721 385 1866 444; x_wconf 79' lang='lat' dir='ltr'><strong>fores</strong></span> <span class='ocrx_word' id='word_1_11' title='bbox 1895 397 2147 459; x_wconf 90' lang='lat' dir='ltr'><strong>tuorum,</strong></span> <span class='ocrx_word' id='word_1_12' title='bbox 2177 398 2229 459; x_wconf 77' lang='grc' dir='ltr'><strong>Α</strong></span> <span class='ocrx_word' id='word_1_13' title='bbox 2253 405 2380 451; x_wconf 91' lang='lat' dir='ltr'><strong>sunt</strong></span> <span class='ocrx_word' id='word_1_14' title='bbox 2425 404 2481 451; x_wconf 93' lang='lat' dir='ltr'><strong>et</strong></span> <span class='ocrx_word' id='word_1_15' title='bbox 2507 395 2597 451; x_wconf 84' lang='lat' dir='ltr'><strong>alii</strong></span> <span class='ocrx_word' id='word_1_16' title='bbox 2623 397 2914 467; x_wconf 75' lang='lat' dir='ltr'><strong>custodes,</strong></span> <span class='ocrx_word' id='word_1_17' title='bbox 2944 414 3081 471; x_wconf 88' lang='lat' dir='ltr'><strong>quos</strong></span> <span class='ocrx_word' id='word_1_18' title='bbox 3109 402 3280 474; x_wconf 83' lang='lat' dir='ltr'><strong>magis</strong></span> <span class='ocrx_word' id='word_1_19' title='bbox 3310 402 3612 478; x_wconf 75' lang='lat' dir='ltr'><strong>intelligere</strong></span> <span class='ocrx_word' id='word_1_20' title='bbox 3647 404 3822 463; x_wconf 83' lang='lat' dir='ltr'><strong>debea-</strong></span> 
     </span>
    </p>
   </div>
   <div class='ocr_carea' id='block_1_4' title="bbox 547 459 2145 537">
    <p class='ocr_par' dir='ltr' id='par_1_4' title="bbox 547 459 2145 537">
     <span class='ocr_line' id='line_1_4' title="bbox 547 459 2145 537; baseline 0.015 -23"><span class='ocrx_word' id='word_1_21' title='bbox 547 466 604 515; x_wconf 91' lang='lat' dir='ltr'><strong>et</strong></span> <span class='ocrx_word' id='word_1_22' title='bbox 647 459 963 520; x_wconf 77' lang='lat' dir='ltr'><strong>obaeratum</strong></span> <span class='ocrx_word' id='word_1_23' title='bbox 1005 478 1221 525; x_wconf 90' lang='lat' dir='ltr'><strong>maneat</strong></span> <span class='ocrx_word' id='word_1_24' title='bbox 1271 471 1422 527; x_wconf 82' lang='lat' dir='ltr'><strong>vocis</strong></span> <span class='ocrx_word' id='word_1_25' title='bbox 1470 476 1794 532; x_wconf 74' lang='lat' dir='ltr'><strong>vestibulum</strong></span> <span class='ocrx_word' id='word_1_26' title='bbox 1827 496 1841 531; x_wconf 90' lang='lat'><strong>:</strong></span> <span class='ocrx_word' id='word_1_27' title='bbox 1873 490 2004 536; x_wconf 89' lang='lat' dir='ltr'><strong>tunc</strong></span> <span class='ocrx_word' id='word_1_28' title='bbox 2034 481 2145 537; x_wconf 81' lang='lat' dir='ltr'><strong>for-</strong></span> 
     </span>
    </p>
   </div>
   <div class='ocr_carea' id='block_1_5' title="bbox 549 559 2151 643">
    <p class='ocr_par' dir='ltr' id='par_1_5' title="bbox 549 559 2151 643">
     <span class='ocr_line' id='line_1_5' title="bbox 549 559 2151 643; baseline 0.014 -33"><span class='ocrx_word' id='word_1_29' title='bbox 549 559 697 611; x_wconf 87' lang='lat' dir='ltr'><strong>tasse</strong></span> <span class='ocrx_word' id='word_1_30' title='bbox 724 559 1239 628; x_wconf 85' lang='lat' dir='ltr'><strong>reserandum,cum</strong></span> <span class='ocrx_word' id='word_1_31' title='bbox 1268 566 1507 626; x_wconf 90' lang='lat' dir='ltr'><strong>audieris</strong></span> <span class='ocrx_word' id='word_1_32' title='bbox 1537 570 1633 626; x_wconf 90' lang='lat' dir='ltr'><strong>Dei</strong></span> <span class='ocrx_word' id='word_1_33' title='bbox 1663 586 1871 643; x_wconf 92' lang='lat' dir='ltr'><strong>vocem,</strong></span> <span class='ocrx_word' id='word_1_34' title='bbox 1899 589 2023 630; x_wconf 92' lang='lat' dir='ltr'><strong>cum</strong></span> <span class='ocrx_word' id='word_1_35' title='bbox 2054 590 2151 630; x_wconf 90' lang='lat' dir='ltr'><strong>au-</strong></span> 
     </span>
    </p>
   </div>
   <div class='ocr_carea' id='block_1_6' title="bbox 553 645 1128 711">
    <p class='ocr_par' dir='ltr' id='par_1_6' title="bbox 553 645 1128 711">
     <span class='ocr_line' id='line_1_6' title="bbox 553 645 1128 711; baseline 0.017 -9"><span class='ocrx_word' id='word_1_36' title='bbox 553 645 722 705; x_wconf 86' lang='lat' dir='ltr'><strong>dieris</strong></span> <span class='ocrx_word' id='word_1_37' title='bbox 751 650 848 707; x_wconf 90' lang='lat' dir='ltr'><strong>Dei</strong></span> <span class='ocrx_word' id='word_1_38' title='bbox 876 654 1128 711; x_wconf 82' lang='lat' dir='ltr'><strong>verbum.</strong></span> 
     </span>
    </p>
   </div>
   <div class='ocr_carea' id='block_1_7' title="bbox 622 740 2149 834">
    <p class='ocr_par' dir='ltr' id='par_1_7' title="bbox 622 740 2149 834">
     <span class='ocr_line' id='line_1_7' title="bbox 622 740 2149 834; baseline 0.014 -37"><span class='ocrx_word' id='word_1_39' title='bbox 622 740 713 797; x_wconf 73' lang='lat'><strong>82.</strong></span> <span class='ocrx_word' id='word_1_40' title='bbox 748 742 900 802; x_wconf 88' lang='lat' dir='ltr'><strong>Tunc</strong></span> <span class='ocrx_word' id='word_1_41' title='bbox 922 746 1020 804; x_wconf 90' lang='lat' dir='ltr'><strong>tibi</strong></span> <span class='ocrx_word' id='word_1_42' title='bbox 1042 750 1258 822; x_wconf 81' lang='lat' dir='ltr'><strong>myrrha</strong></span> <span class='ocrx_word' id='word_1_43' title='bbox 1291 752 1699 829; x_wconf 88' lang='lat' dir='ltr'><strong>sudabit(Cant.</strong></span> <span class='ocrx_word' id='word_1_44' title='bbox 1726 757 1877 834; x_wconf 86' lang='lat' dir='ltr'><strong>v,5),</strong></span> <span class='ocrx_word' id='word_1_45' title='bbox 1901 769 2030 816; x_wconf 89' lang='lat' dir='ltr'><strong>tunc</strong></span> <span class='ocrx_word' id='word_1_46' title='bbox 2052 759 2149 817; x_wconf 89' lang='lat' dir='ltr'><strong>tibi</strong></span> 
     </span>
    </p>
   </div>
   <div class='ocr_carea' id='block_1_8' title="bbox 550 831 2149 917">
    <p class='ocr_par' dir='ltr' id='par_1_8' title="bbox 550 831 2149 917">
     <span class='ocr_line' id='line_1_8' title="bbox 550 831 2149 917; baseline 0.014 -28"><span class='ocrx_word' id='word_1_47' title='bbox 550 831 894 906; x_wconf 80' lang='lat' dir='ltr'><strong>baptismatis</strong></span> <span class='ocrx_word' id='word_1_48' title='bbox 920 842 1183 914; x_wconf 89' lang='lat' dir='ltr'><strong>aspirabit</strong></span> <span class='ocrx_word' id='word_1_49' title='bbox 1206 847 1413 917; x_wconf 85' lang='lat' dir='ltr'><strong>gratia;</strong></span> <span class='ocrx_word' id='word_1_50' title='bbox 1444 858 1506 905; x_wconf 92' lang='lat' dir='ltr'><strong>ut</strong></span> <span class='ocrx_word' id='word_1_51' title='bbox 1531 850 1601 907; x_wconf 93' lang='lat' dir='ltr'><strong>ab</strong></span> <span class='ocrx_word' id='word_1_52' title='bbox 1634 831 1921 910; x_wconf 88' lang='lat' dir='ltr'><strong>elementis</strong></span> <span class='ocrx_word' id='word_1_53' title='bbox 1961 855 2149 912; x_wconf 90' lang='lat' dir='ltr'><strong>mundi</strong></span> 
     </span>
    </p>
   </div>
   <div class='ocr_carea' id='block_1_9' title="bbox 552 932 2144 1020">
    <p class='ocr_par' dir='ltr' id='par_1_9' title="bbox 552 932 2144 1020">
     <span class='ocr_line' id='line_1_9' title="bbox 552 932 2144 1020; baseline 0.014 -36"><span class='ocrx_word' id='word_1_54' title='bbox 552 932 917 990; x_wconf 89' lang='lat' dir='ltr'><strong>commoriare</strong></span> <span class='ocrx_word' id='word_1_55' title='bbox 943 950 1067 992; x_wconf 91' lang='lat' dir='ltr'><strong>cum</strong></span> <span class='ocrx_word' id='word_1_56' title='bbox 1091 935 1309 997; x_wconf 80' lang='lat' dir='ltr'><strong>Chrism</strong></span> <span class='ocrx_word' id='word_1_57' title='bbox 1327 985 1341 1010; x_wconf 90' lang='lat'><strong>,</strong></span> <span class='ocrx_word' id='word_1_58' title='bbox 1374 953 1428 998; x_wconf 90' lang='lat' dir='ltr'><strong>et</strong></span> <span class='ocrx_word' id='word_1_59' title='bbox 1457 958 1581 999; x_wconf 92' lang='lat' dir='ltr'><strong>cum</strong></span> <span class='ocrx_word' id='word_1_60' title='bbox 1623 944 1841 1004; x_wconf 87' lang='lat' dir='ltr'><strong>Christo</strong></span> <span class='ocrx_word' id='word_1_61' title='bbox 1870 964 2144 1020; x_wconf 90' lang='lat' dir='ltr'><strong>resurgas.</strong></span> 
     </span>
    </p>
   </div>
   <div class='ocr_carea' id='block_1_10' title="bbox 556 1019 2147 1100">
    <p class='ocr_par' dir='ltr' id='par_1_10' title="bbox 556 1019 2147 1100">
     <span class='ocr_line' id='line_1_10' title="bbox 556 1019 2147 1100; baseline 0.016 -26"><span class='ocrx_word' id='word_1_62' title='bbox 556 1019 697 1088; x_wconf 80' lang='lat' dir='ltr'><strong>Quid</strong></span> <span class='ocrx_word' id='word_1_63' title='bbox 718 1023 921 1093; x_wconf 86' lang='lat' dir='ltr'><strong>adhuc,</strong></span> <span class='ocrx_word' id='word_1_64' title='bbox 950 1029 1152 1100; x_wconf 89' lang='lat' dir='ltr'><strong>inquit,</strong></span> <span class='ocrx_word' id='word_1_65' title='bbox 1184 1033 1321 1088; x_wconf 77' lang='lat' dir='ltr'><strong>velut</strong></span> <span class='ocrx_word' id='word_1_66' title='bbox 1364 1036 1585 1092; x_wconf 79' lang='lat' dir='ltr'><strong>uiuentes</strong></span> <span class='ocrx_word' id='word_1_67' title='bbox 1613 1038 1677 1092; x_wconf 85' lang='lat' dir='ltr'><strong>de</strong></span> <span class='ocrx_word' id='word_1_68' title='bbox 1701 1038 1798 1096; x_wconf 85' lang='lat' dir='ltr'><strong>hoc</strong></span> <span class='ocrx_word' id='word_1_69' title='bbox 1837 1019 2147 1098; x_wconf 17' lang='lat' dir='ltr'><strong>mundoide-</strong></span> 
     </span>
    </p>
   </div>
   <div class='ocr_carea' id='block_1_11' title="bbox 552 1119 2150 1211">
    <p class='ocr_par' dir='ltr' id='par_1_11' title="bbox 552 1119 2150 1211">
     <span class='ocr_line' id='line_1_11' title="bbox 552 1119 2150 1211; baseline 0.014 -40"><span class='ocrx_word' id='word_1_70' title='bbox 552 1119 801 1175; x_wconf 85' lang='lat' dir='ltr'><strong>cernitis?</strong></span> <span class='ocrx_word' id='word_1_71' title='bbox 820 1120 907 1176; x_wconf 83' lang='lat' dir='ltr'><strong>Ne</strong></span> <span class='ocrx_word' id='word_1_72' title='bbox 932 1125 1204 1197; x_wconf 86' lang='lat' dir='ltr'><strong>tetigeritis</strong></span> <span class='ocrx_word' id='word_1_73' title='bbox 1225 1170 1239 1195; x_wconf 91' lang='lat'><strong>,</strong></span> <span class='ocrx_word' id='word_1_74' title='bbox 1272 1145 1338 1184; x_wconf 86' lang='lat' dir='ltr'><strong>ne</strong></span> <span class='ocrx_word' id='word_1_75' title='bbox 1377 1133 1806 1190; x_wconf 85' lang='lat' dir='ltr'><strong>attaminaveritis</strong></span> <span class='ocrx_word' id='word_1_76' title='bbox 1829 1178 1843 1198; x_wconf 83' lang='grc'><strong>,</strong></span> <span class='ocrx_word' id='word_1_77' title='bbox 1877 1153 1940 1191; x_wconf 86' lang='lat' dir='ltr'><strong>ne</strong></span> <span class='ocrx_word' id='word_1_78' title='bbox 1969 1147 2150 1211; x_wconf 88' lang='lat' dir='ltr'><strong>gusta-</strong></span> 
     </span>
    </p>
   </div>
   <div class='ocr_carea' id='block_1_12' title="bbox 550 1216 2146 1305">
    <p class='ocr_par' dir='ltr' id='par_1_12' title="bbox 550 1216 2146 1305">
     <span class='ocr_line' id='line_1_12' title="bbox 550 1216 2146 1305; baseline 0.013 -36"><span class='ocrx_word' id='word_1_79' title='bbox 550 1216 729 1273; x_wconf 79' lang='lat' dir='ltr'><strong>veritis</strong></span> <span class='ocrx_word' id='word_1_80' title='bbox 755 1233 872 1286; x_wconf 67' lang='lat' dir='ltr'><strong>quia</strong></span> <span class='ocrx_word' id='word_1_81' title='bbox 902 1230 1023 1275; x_wconf 87' lang='lat' dir='ltr'><strong>sunt</strong></span> <span class='ocrx_word' id='word_1_82' title='bbox 1052 1222 1122 1277; x_wconf 89' lang='lat' dir='ltr'><strong>ad</strong></span> <span class='ocrx_word' id='word_1_83' title='bbox 1149 1227 1531 1296; x_wconf 74' lang='lat' dir='ltr'><strong>corruptionem</strong></span> <span class='ocrx_word' id='word_1_84' title='bbox 1557 1229 1672 1299; x_wconf 89' lang='lat' dir='ltr'><strong>ipso</strong></span> <span class='ocrx_word' id='word_1_85' title='bbox 1692 1247 1790 1286; x_wconf 91' lang='lat' dir='ltr'><strong>usu</strong></span> <span class='ocrx_word' id='word_1_86' title='bbox 1817 1229 2040 1305; x_wconf 91' lang='lat' dir='ltr'><strong>(Coloss.</strong></span> <span class='ocrx_word' id='word_1_87' title='bbox 2075 1250 2146 1302; x_wconf 87' lang='lat' dir='ltr'><strong>ll,</strong></span> 
     </span>
    </p>
   </div>
   <div class='ocr_carea' id='block_1_13' title="bbox 552 1306 2147 1386">
    <p class='ocr_par' dir='ltr' id='par_1_13' title="bbox 552 1306 2147 1386">
     <span class='ocr_line' id='line_1_13' title="bbox 552 1306 2147 1386; baseline 0.014 -24"><span class='ocrx_word' id='word_1_88' title='bbox 552 1306 625 1363; x_wconf 63' lang='grc' dir='ltr'>ευ</span> <span class='ocrx_word' id='word_1_89' title='bbox 638 1319 690 1364; x_wconf 87' lang='lat' dir='ltr'><strong>et</strong></span> <span class='ocrx_word' id='word_1_90' title='bbox 710 1309 1187 1386; x_wconf 85' lang='lat' dir='ltr'><strong>seq.);corruptela</strong></span> <span class='ocrx_word' id='word_1_91' title='bbox 1206 1321 1351 1376; x_wconf 90' lang='lat' dir='ltr'><strong>enim</strong></span> <span class='ocrx_word' id='word_1_92' title='bbox 1370 1320 1563 1378; x_wconf 88' lang='lat' dir='ltr'><strong>abesse</strong></span> <span class='ocrx_word' id='word_1_93' title='bbox 1582 1323 1745 1381; x_wconf 86' lang='lat' dir='ltr'><strong>debet</strong></span> <span class='ocrx_word' id='word_1_94' title='bbox 1766 1340 1795 1380; x_wconf 91' lang='lat' dir='ltr'><strong>a</strong></span> <span class='ocrx_word' id='word_1_95' title='bbox 1810 1327 1973 1381; x_wconf 91' lang='lat' dir='ltr'><strong>castis</strong></span> <span class='ocrx_word' id='word_1_96' title='bbox 2006 1345 2019 1381; x_wconf 92' lang='lat'><strong>:</strong></span> <span class='ocrx_word' id='word_1_97' title='bbox 2048 1327 2147 1383; x_wconf 78' lang='lat' dir='ltr'><strong>ita-</strong></span> 
     </span>
    </p>
   </div>
   <div class='ocr_carea' id='block_1_14' title="bbox 552 1407 2148 1486">
    <p class='ocr_par' dir='ltr' id='par_1_14' title="bbox 552 1407 2148 1486">
     <span class='ocr_line' id='line_1_14' title="bbox 552 1407 2148 1486; baseline 0.013 -30"><span class='ocrx_word' id='word_1_98' title='bbox 552 1415 659 1474; x_wconf 90' lang='lat' dir='ltr'><strong>que</strong></span> <span class='ocrx_word' id='word_1_99' title='bbox 685 1407 863 1461; x_wconf 85' lang='lat' dir='ltr'><strong>carnis</strong></span> <span class='ocrx_word' id='word_1_100' title='bbox 892 1415 949 1463; x_wconf 91' lang='lat' dir='ltr'><strong>et</strong></span> <span class='ocrx_word' id='word_1_101' title='bbox 975 1411 1161 1465; x_wconf 91' lang='lat' dir='ltr'><strong>mundi</strong></span> <span class='ocrx_word' id='word_1_102' title='bbox 1192 1414 1424 1483; x_wconf 91' lang='lat' dir='ltr'><strong>sepelite</strong></span> <span class='ocrx_word' id='word_1_103' title='bbox 1447 1429 1657 1471; x_wconf 89' lang='lat' dir='ltr'><strong>curam.</strong></span> <span class='ocrx_word' id='word_1_104' title='bbox 1679 1416 1781 1486; x_wconf 83' lang='lat' dir='ltr'><strong>Qui</strong></span> <span class='ocrx_word' id='word_1_105' title='bbox 1806 1435 1927 1474; x_wconf 85' lang='lat' dir='ltr'><strong>cum</strong></span> <span class='ocrx_word' id='word_1_106' title='bbox 1942 1417 2148 1476; x_wconf 90' lang='lat' dir='ltr'><strong>Christo</strong></span> 
     </span>
    </p>
   </div>
   <div class='ocr_carea' id='block_1_15' title="bbox 547 1499 2149 1582">
    <p class='ocr_par' dir='ltr' id='par_1_15' title="bbox 547 1499 2149 1582">
     <span class='ocr_line' id='line_1_15' title="bbox 547 1499 2149 1582; baseline 0.014 -33"><span class='ocrx_word' id='word_1_107' title='bbox 547 1499 939 1569; x_wconf 72' lang='lat' dir='ltr'><strong>resurrexistis,</strong></span> <span class='ocrx_word' id='word_1_108' title='bbox 970 1519 1088 1571; x_wconf 79' lang='lat' dir='ltr'><strong>qua:</strong></span> <span class='ocrx_word' id='word_1_109' title='bbox 1129 1522 1337 1561; x_wconf 88' lang='lat' dir='ltr'><strong>sursum</strong></span> <span class='ocrx_word' id='word_1_110' title='bbox 1380 1518 1504 1564; x_wconf 87' lang='lat' dir='ltr'><strong>sunt</strong></span> <span class='ocrx_word' id='word_1_111' title='bbox 1550 1512 1761 1582; x_wconf 74' lang='lat' dir='ltr'><strong>quwrite</strong></span> <span class='ocrx_word' id='word_1_112' title='bbox 1788 1512 1875 1568; x_wconf 85' lang='lat' dir='ltr'><strong>ubi</strong></span> <span class='ocrx_word' id='word_1_113' title='bbox 1914 1512 2149 1571; x_wconf 72' lang='lat' dir='ltr'><strong>Christus</strong></span> 
     </span>
    </p>
   </div>
   <div class='ocr_carea' id='block_1_16' title="bbox 547 1590 2145 1677">
    <p class='ocr_par' dir='ltr' id='par_1_16' title="bbox 547 1590 2145 1677">
     <span class='ocr_line' id='line_1_16' title="bbox 547 1590 2145 1677; baseline 0.013 -31"><span class='ocrx_word' id='word_1_114' title='bbox 547 1601 624 1646; x_wconf 82' lang='lat' dir='ltr'><strong>est</strong></span> <span class='ocrx_word' id='word_1_115' title='bbox 663 1590 880 1665; x_wconf 85' lang='lat' dir='ltr'><strong>(Coloss.</strong></span> <span class='ocrx_word' id='word_1_116' title='bbox 908 1611 1000 1666; x_wconf 84' lang='lat' dir='ltr'><strong>tn,</strong></span> <span class='ocrx_word' id='word_1_117' title='bbox 1028 1599 1111 1669; x_wconf 75' lang='lat' dir='ltr'><strong>i).</strong></span> <span class='ocrx_word' id='word_1_118' title='bbox 1138 1598 1273 1656; x_wconf 91' lang='lat' dir='ltr'><strong>Cum</strong></span> <span class='ocrx_word' id='word_1_119' title='bbox 1304 1601 1581 1661; x_wconf 88' lang='lat' dir='ltr'><strong>Christum</strong></span> <span class='ocrx_word' id='word_1_120' title='bbox 1608 1607 1876 1677; x_wconf 73' lang='lat' dir='ltr'><strong>quaeritis,</strong></span> <span class='ocrx_word' id='word_1_121' title='bbox 1933 1608 2145 1666; x_wconf 87' lang='lat' dir='ltr'><strong>Patrem</strong></span> 
     </span>
    </p>
   </div>
   <div class='ocr_carea' id='block_1_17' title="bbox 546 1680 2073 1758">
    <p class='ocr_par' dir='ltr' id='par_1_17' title="bbox 546 1680 2073 1758">
     <span class='ocr_line' id='line_1_17' title="bbox 546 1680 2073 1758; baseline 0.012 -20"><span class='ocrx_word' id='word_1_122' title='bbox 546 1680 716 1740; x_wconf 89' lang='lat' dir='ltr'><strong>Deum</strong></span> <span class='ocrx_word' id='word_1_123' title='bbox 743 1685 975 1757; x_wconf 90' lang='lat' dir='ltr'><strong>videtis;</strong></span> <span class='ocrx_word' id='word_1_124' title='bbox 997 1689 1249 1748; x_wconf 89' lang='lat' dir='ltr'><strong>Christus</strong></span> <span class='ocrx_word' id='word_1_125' title='bbox 1268 1695 1411 1751; x_wconf 87' lang='lat' dir='ltr'><strong>enim</strong></span> <span class='ocrx_word' id='word_1_126' title='bbox 1441 1697 1493 1753; x_wconf 93' lang='lat' dir='ltr'><strong>in</strong></span> <span class='ocrx_word' id='word_1_127' title='bbox 1519 1697 1743 1755; x_wconf 79' lang='lat' dir='ltr'><strong>dextera</strong></span> <span class='ocrx_word' id='word_1_128' title='bbox 1774 1701 1871 1757; x_wconf 89' lang='lat' dir='ltr'><strong>Dei</strong></span> <span class='ocrx_word' id='word_1_129' title='bbox 1900 1702 2073 1758; x_wconf 89' lang='lat' dir='ltr'><strong>sedet.</strong></span> 
     </span>
    </p>
   </div>
   <div class='ocr_carea' id='block_1_18' title="bbox 618 1777 2145 1866">
    <p class='ocr_par' dir='ltr' id='par_1_18' title="bbox 618 1777 2145 1866">
     <span class='ocr_line' id='line_1_18' title="bbox 618 1777 2145 1866; baseline 0.014 -31"><span class='ocrx_word' id='word_1_130' title='bbox 618 1777 710 1837; x_wconf 79' lang='lat'><strong>83.</strong></span> <span class='ocrx_word' id='word_1_131' title='bbox 748 1779 857 1838; x_wconf 85' lang='lat' dir='ltr'><strong>Sed</strong></span> <span class='ocrx_word' id='word_1_132' title='bbox 905 1799 969 1841; x_wconf 89' lang='lat' dir='ltr'><strong>ea</strong></span> <span class='ocrx_word' id='word_1_133' title='bbox 1016 1801 1140 1858; x_wconf 75' lang='lat' dir='ltr'><strong>quae</strong></span> <span class='ocrx_word' id='word_1_134' title='bbox 1186 1786 1461 1847; x_wconf 84' lang='lat' dir='ltr'><strong>Christum</strong></span> <span class='ocrx_word' id='word_1_135' title='bbox 1508 1795 1773 1866; x_wconf 86' lang='lat' dir='ltr'><strong>requirit,</strong></span> <span class='ocrx_word' id='word_1_136' title='bbox 1828 1812 1935 1854; x_wconf 89' lang='lat' dir='ltr'><strong>non</strong></span> <span class='ocrx_word' id='word_1_137' title='bbox 1983 1798 2145 1856; x_wconf 86' lang='lat' dir='ltr'><strong>debet</strong></span> 
     </span>
    </p>
   </div>
   <div class='ocr_carea' id='block_1_19' title="bbox 2257 490 3823 566">
    <p class='ocr_par' dir='ltr' id='par_1_19' title="bbox 2257 490 3823 566">
     <span class='ocr_line' id='line_1_19' title="bbox 2257 490 3823 566; baseline 0.007 -20"><span class='ocrx_word' id='word_1_138' title='bbox 2257 505 2398 546; x_wconf 88' lang='lat' dir='ltr'><strong>mus.</strong></span> <span class='ocrx_word' id='word_1_139' title='bbox 2431 490 2527 546; x_wconf 87' lang='lat' dir='ltr'><strong>Est</strong></span> <span class='ocrx_word' id='word_1_140' title='bbox 2552 492 2697 548; x_wconf 90' lang='lat' dir='ltr'><strong>enim</strong></span> <span class='ocrx_word' id='word_1_141' title='bbox 2723 494 2913 549; x_wconf 87' lang='lat' dir='ltr'><strong>civitas</strong></span> <span class='ocrx_word' id='word_1_142' title='bbox 2956 510 3077 566; x_wconf 66' lang='lat' dir='ltr'><strong>quae</strong></span> <span class='ocrx_word' id='word_1_143' title='bbox 3108 505 3290 566; x_wconf 87' lang='lat' dir='ltr'><strong>portas</strong></span> <span class='ocrx_word' id='word_1_144' title='bbox 3325 513 3608 555; x_wconf 91' lang='lat' dir='ltr'><strong>murorum</strong></span> <span class='ocrx_word' id='word_1_145' title='bbox 3635 500 3823 557; x_wconf 87' lang='lat' dir='ltr'><strong>clausas</strong></span> 
     </span>
    </p>
   </div>
   <div class='ocr_carea' id='block_1_20' title="bbox 2252 581 3822 666">
    <p class='ocr_par' dir='ltr' id='par_1_20' title="bbox 2252 581 3822 666">
     <span class='ocr_line' id='line_1_20' title="bbox 2252 581 3822 666; baseline 0.008 -29"><span class='ocrx_word' id='word_1_146' title='bbox 2252 597 2361 638; x_wconf 89' lang='lat' dir='ltr'><strong>non</strong></span> <span class='ocrx_word' id='word_1_147' title='bbox 2391 581 2581 651; x_wconf 87' lang='lat' dir='ltr'><strong>habet,</strong></span> <span class='ocrx_word' id='word_1_148' title='bbox 2608 584 2677 641; x_wconf 88' lang='lat' dir='ltr'><strong>de</strong></span> <span class='ocrx_word' id='word_1_149' title='bbox 2718 602 2823 658; x_wconf 89' lang='lat' dir='ltr'><strong>qua</strong></span> <span class='ocrx_word' id='word_1_150' title='bbox 2862 586 3066 643; x_wconf 79' lang='lat' dir='ltr'><strong>dictum</strong></span> <span class='ocrx_word' id='word_1_151' title='bbox 3116 600 3240 645; x_wconf 72' lang='lat' dir='ltr'><strong>est:</strong></span> <span class='ocrx_word' id='word_1_152' title='bbox 3274 590 3341 645; x_wconf 87' lang='lat' dir='ltr'><strong>Et</strong></span> <span class='ocrx_word' id='word_1_153' title='bbox 3382 602 3545 661; x_wconf 75' lang='lat' dir='ltr'><strong>porta:</strong></span> <span class='ocrx_word' id='word_1_154' title='bbox 3585 596 3694 666; x_wconf 90' lang='lat' dir='ltr'><strong>ejus</strong></span> <span class='ocrx_word' id='word_1_155' title='bbox 3736 610 3822 650; x_wconf 78' lang='lat' dir='ltr'><strong>non</strong></span> 
     </span>
    </p>
   </div>
   <div class='ocr_carea' id='block_1_21' title="bbox 2252 678 3822 757">
    <p class='ocr_par' dir='ltr' id='par_1_21' title="bbox 2252 678 3822 757">
     <span class='ocr_line' id='line_1_21' title="bbox 2252 678 3822 757; baseline 0.008 -26"><span class='ocrx_word' id='word_1_156' title='bbox 2252 678 2556 735; x_wconf 83' lang='lat' dir='ltr'><strong>claudentur</strong></span> <span class='ocrx_word' id='word_1_157' title='bbox 2602 698 2696 753; x_wconf 91' lang='lat' dir='ltr'><strong>per</strong></span> <span class='ocrx_word' id='word_1_158' title='bbox 2724 682 2861 738; x_wconf 88' lang='lat' dir='ltr'><strong>diem</strong></span> <span class='ocrx_word' id='word_1_159' title='bbox 2901 684 3090 756; x_wconf 80' lang='lat' dir='ltr'><strong>(Apoc.</strong></span> <span class='ocrx_word' id='word_1_160' title='bbox 3122 702 3234 756; x_wconf 73' lang='lat' dir='ltr'><strong>ut,</strong></span> <span class='ocrx_word' id='word_1_161' title='bbox 3263 684 3391 757; x_wconf 73' lang='lat'><strong>25);</strong></span> <span class='ocrx_word' id='word_1_162' title='bbox 3422 704 3529 743; x_wconf 78' lang='lat' dir='ltr'><strong>nox</strong></span> <span class='ocrx_word' id='word_1_163' title='bbox 3562 690 3704 744; x_wconf 88' lang='lat' dir='ltr'><strong>enim</strong></span> <span class='ocrx_word' id='word_1_164' title='bbox 3732 706 3822 745; x_wconf 91' lang='lat' dir='ltr'><strong>non</strong></span> 
     </span>
    </p>
   </div>
   <div class='ocr_carea' id='block_1_22' title="bbox 2252 774 3821 853">
    <p class='ocr_par' dir='ltr' id='par_1_22' title="bbox 2252 774 3821 853">
     <span class='ocr_line' id='line_1_22' title="bbox 2252 774 3821 853; baseline 0.007 -26"><span class='ocrx_word' id='word_1_165' title='bbox 2252 774 2355 828; x_wconf 91' lang='lat' dir='ltr'><strong>erit</strong></span> <span class='ocrx_word' id='word_1_166' title='bbox 2402 775 2637 845; x_wconf 87' lang='lat' dir='ltr'><strong>amplius</strong></span> <span class='ocrx_word' id='word_1_167' title='bbox 2687 778 2739 832; x_wconf 91' lang='lat' dir='ltr'><strong>in</strong></span> <span class='ocrx_word' id='word_1_168' title='bbox 2790 794 2890 844; x_wconf 85' lang='lat' dir='ltr'><strong>ea,</strong></span> <span class='ocrx_word' id='word_1_169' title='bbox 2923 777 3154 836; x_wconf 78' lang='lat' dir='ltr'><strong>aﬂ‘erent</strong></span> <span class='ocrx_word' id='word_1_170' title='bbox 3200 781 3432 853; x_wconf 78' lang='lat' dir='ltr'><strong>gloriam</strong></span> <span class='ocrx_word' id='word_1_171' title='bbox 3475 792 3534 837; x_wconf 89' lang='lat' dir='ltr'><strong>et</strong></span> <span class='ocrx_word' id='word_1_172' title='bbox 3583 780 3821 839; x_wconf 89' lang='lat' dir='ltr'><strong>honorem</strong></span> 
     </span>
    </p>
   </div>
   <div class='ocr_carea' id='block_1_23' title="bbox 2251 867 3825 946">
    <p class='ocr_par' dir='ltr' id='par_1_23' title="bbox 2251 867 3825 946">
     <span class='ocr_line' id='line_1_23' title="bbox 2251 867 3825 946; baseline 0.007 -25"><span class='ocrx_word' id='word_1_173' title='bbox 2251 873 2439 936; x_wconf 84' lang='lat' dir='ltr'><strong>gentes</strong></span> <span class='ocrx_word' id='word_1_174' title='bbox 2468 868 2518 921; x_wconf 91' lang='lat' dir='ltr'><strong>in</strong></span> <span class='ocrx_word' id='word_1_175' title='bbox 2553 867 2719 923; x_wconf 90' lang='lat' dir='ltr'><strong>illam.</strong></span> <span class='ocrx_word' id='word_1_176' title='bbox 2750 869 2843 925; x_wconf 90' lang='lat' dir='ltr'><strong>llla</strong></span> <span class='ocrx_word' id='word_1_177' title='bbox 2874 881 2956 926; x_wconf 91' lang='lat' dir='ltr'><strong>est</strong></span> <span class='ocrx_word' id='word_1_178' title='bbox 2986 887 3115 943; x_wconf 89' lang='lat' dir='ltr'><strong>ergo</strong></span> <span class='ocrx_word' id='word_1_179' title='bbox 3140 873 3337 928; x_wconf 86' lang='lat' dir='ltr'><strong>civitas</strong></span> <span class='ocrx_word' id='word_1_180' title='bbox 3362 873 3700 930; x_wconf 86' lang='lat' dir='ltr'><strong>Hierusalem</strong></span> <span class='ocrx_word' id='word_1_181' title='bbox 3724 891 3825 946; x_wconf 66' lang='lat' dir='ltr'><strong>quae</strong></span> 
     </span>
    </p>
   </div>
   <div class='ocr_carea' id='block_1_24' title="bbox 2252 960 3824 1043">
    <p class='ocr_par' dir='ltr' id='par_1_24' title="bbox 2252 960 3824 1043">
     <span class='ocr_line' id='line_1_24' title="bbox 2252 960 3824 1043; baseline 0.007 -28"><span class='ocrx_word' id='word_1_182' title='bbox 2252 962 2308 1016; x_wconf 91' lang='lat' dir='ltr'><strong>in</strong></span> <span class='ocrx_word' id='word_1_183' title='bbox 2334 960 2475 1016; x_wconf 88' lang='lat' dir='ltr'><strong>coelo</strong></span> <span class='ocrx_word' id='word_1_184' title='bbox 2520 972 2605 1018; x_wconf 84' lang='lat' dir='ltr'><strong>est</strong></span> <span class='ocrx_word' id='word_1_185' title='bbox 2638 963 2828 1039; x_wconf 81' lang='lat' dir='ltr'><strong>(Hebr.</strong></span> <span class='ocrx_word' id='word_1_186' title='bbox 2863 982 2966 1033; x_wconf 78' lang='lat' dir='ltr'><strong>xu,</strong></span> <span class='ocrx_word' id='word_1_187' title='bbox 2997 965 3113 1040; x_wconf 70' lang='grc'><strong>22),</strong></span> <span class='ocrx_word' id='word_1_188' title='bbox 3145 968 3282 1024; x_wconf 90' lang='lat' dir='ltr'><strong>intra</strong></span> <span class='ocrx_word' id='word_1_189' title='bbox 3328 985 3491 1040; x_wconf 87' lang='lat' dir='ltr'><strong>quam</strong></span> <span class='ocrx_word' id='word_1_190' title='bbox 3534 970 3650 1040; x_wconf 87' lang='lat' dir='ltr'><strong>jam</strong></span> <span class='ocrx_word' id='word_1_191' title='bbox 3693 972 3824 1043; x_wconf 86' lang='lat' dir='ltr'><strong>quasi</strong></span> 
     </span>
    </p>
   </div>
   <div class='ocr_carea' id='block_1_25' title="bbox 2252 1055 3824 1126">
    <p class='ocr_par' dir='ltr' id='par_1_25' title="bbox 2252 1055 3824 1126">
     <span class='ocr_line' id='line_1_25' title="bbox 2252 1055 3824 1126; baseline 0.006 -16"><span class='ocrx_word' id='word_1_192' title='bbox 2252 1055 2489 1125; x_wconf 81' lang='lat' dir='ltr'><strong>perfecta</strong></span> <span class='ocrx_word' id='word_1_193' title='bbox 2517 1067 2573 1113; x_wconf 88' lang='lat' dir='ltr'><strong>et</strong></span> <span class='ocrx_word' id='word_1_194' title='bbox 2603 1057 2947 1115; x_wconf 82' lang='lat' dir='ltr'><strong>immaculata</strong></span> <span class='ocrx_word' id='word_1_195' title='bbox 2981 1061 3252 1126; x_wconf 82' lang='lat' dir='ltr'><strong>servaris;</strong></span> <span class='ocrx_word' id='word_1_196' title='bbox 3289 1080 3393 1117; x_wconf 89' lang='lat' dir='ltr'><strong>non</strong></span> <span class='ocrx_word' id='word_1_197' title='bbox 3426 1064 3575 1119; x_wconf 91' lang='lat' dir='ltr'><strong>enim</strong></span> <span class='ocrx_word' id='word_1_198' title='bbox 3606 1064 3760 1119; x_wconf 84' lang='lat' dir='ltr'><strong>intrat</strong></span> <span class='ocrx_word' id='word_1_199' title='bbox 3782 1065 3824 1120; x_wconf 91' lang='lat' dir='ltr'><strong>in</strong></span> 
     </span>
    </p>
   </div>
   <div class='ocr_carea' id='block_1_26' title="bbox 2252 1148 3822 1225">
    <p class='ocr_par' dir='ltr' id='par_1_26' title="bbox 2252 1148 3822 1225">
     <span class='ocr_line' id='line_1_26' title="bbox 2252 1148 3822 1225; baseline 0.008 -22"><span class='ocrx_word' id='word_1_200' title='bbox 2252 1162 2371 1203; x_wconf 87' lang='lat' dir='ltr'><strong>eam</strong></span> <span class='ocrx_word' id='word_1_201' title='bbox 2402 1163 2563 1205; x_wconf 89' lang='lat' dir='ltr'><strong>omne</strong></span> <span class='ocrx_word' id='word_1_202' title='bbox 2587 1148 2614 1188; x_wconf 67' lang='grc' dir='ltr'><strong>ι’</strong></span> <span class='ocrx_word' id='word_1_203' title='bbox 2645 1167 2957 1209; x_wconf 86' lang='lat' dir='ltr'><strong>commune.</strong></span> <span class='ocrx_word' id='word_1_204' title='bbox 2983 1152 3303 1210; x_wconf 91' lang='lat' dir='ltr'><strong>Communis</strong></span> <span class='ocrx_word' id='word_1_205' title='bbox 3328 1157 3553 1213; x_wconf 83' lang='lat' dir='ltr'><strong>castitas</strong></span> <span class='ocrx_word' id='word_1_206' title='bbox 3589 1173 3692 1213; x_wconf 89' lang='lat' dir='ltr'><strong>non</strong></span> <span class='ocrx_word' id='word_1_207' title='bbox 3721 1169 3822 1225; x_wconf 88' lang='lat' dir='ltr'><strong>est,</strong></span> 
     </span>
    </p>
   </div>
   <div class='ocr_carea' id='block_1_27' title="bbox 2250 1245 3825 1321">
    <p class='ocr_par' dir='ltr' id='par_1_27' title="bbox 2250 1245 3825 1321">
     <span class='ocr_line' id='line_1_27' title="bbox 2250 1245 3825 1321; baseline 0.008 -24"><span class='ocrx_word' id='word_1_208' title='bbox 2250 1245 2555 1299; x_wconf 89' lang='lat' dir='ltr'><strong>communis</strong></span> <span class='ocrx_word' id='word_1_209' title='bbox 2588 1246 2842 1316; x_wconf 76' lang='lat' dir='ltr'><strong>pudicitia</strong></span> <span class='ocrx_word' id='word_1_210' title='bbox 2879 1264 2985 1303; x_wconf 91' lang='lat' dir='ltr'><strong>non</strong></span> <span class='ocrx_word' id='word_1_211' title='bbox 3017 1259 3131 1318; x_wconf 87' lang='lat' dir='ltr'><strong>est,</strong></span> <span class='ocrx_word' id='word_1_212' title='bbox 3164 1264 3285 1321; x_wconf 60' lang='lat' dir='ltr'><strong>qute</strong></span> <span class='ocrx_word' id='word_1_213' title='bbox 3312 1252 3366 1306; x_wconf 92' lang='lat' dir='ltr'><strong>in</strong></span> <span class='ocrx_word' id='word_1_214' title='bbox 3396 1252 3540 1308; x_wconf 90' lang='lat' dir='ltr'><strong>libro</strong></span> <span class='ocrx_word' id='word_1_215' title='bbox 3568 1252 3689 1309; x_wconf 79' lang='lat' dir='ltr'><strong>vita:</strong></span> <span class='ocrx_word' id='word_1_216' title='bbox 3714 1255 3825 1310; x_wconf 87' lang='lat' dir='ltr'><strong>scri-</strong></span> 
     </span>
    </p>
   </div>
   <div class='ocr_carea' id='block_1_28' title="bbox 2250 1336 2913 1415">
    <p class='ocr_par' dir='ltr' id='par_1_28' title="bbox 2250 1336 2913 1415">
     <span class='ocr_line' id='line_1_28' title="bbox 2250 1336 2913 1415; baseline 0.005 -21"><span class='ocrx_word' id='word_1_217' title='bbox 2250 1336 2397 1394; x_wconf 85' lang='lat' dir='ltr'><strong>bitur</strong></span> <span class='ocrx_word' id='word_1_218' title='bbox 2427 1339 2613 1410; x_wconf 84' lang='lat' dir='ltr'><strong>(Apoc.</strong></span> <span class='ocrx_word' id='word_1_219' title='bbox 2650 1358 2759 1410; x_wconf 70' lang='grc' dir='ltr'>χχι,</span> <span class='ocrx_word' id='word_1_220' title='bbox 2794 1341 2913 1415; x_wconf 70' lang='grc'><strong>27).</strong></span> 
     </span>
    </p>
   </div>
   <div class='ocr_carea' id='block_1_29' title="bbox 2322 1429 3826 1511">
    <p class='ocr_par' dir='ltr' id='par_1_29' title="bbox 2322 1429 3826 1511">
     <span class='ocr_line' id='line_1_29' title="bbox 2322 1429 3826 1511; baseline 0.007 -26"><span class='ocrx_word' id='word_1_221' title='bbox 2322 1429 2412 1485; x_wconf 87' lang='lat'><strong>86.</strong></span> <span class='ocrx_word' id='word_1_222' title='bbox 2451 1431 2507 1486; x_wconf 92' lang='lat' dir='ltr'><strong>Si</strong></span> <span class='ocrx_word' id='word_1_223' title='bbox 2555 1431 2717 1504; x_wconf 78' lang='lat' dir='ltr'><strong>igitur</strong></span> <span class='ocrx_word' id='word_1_224' title='bbox 2770 1433 3080 1491; x_wconf 83' lang='lat' dir='ltr'><strong>invenimus</strong></span> <span class='ocrx_word' id='word_1_225' title='bbox 3125 1436 3438 1505; x_wconf 88' lang='lat' dir='ltr'><strong>civitatem,</strong></span> <span class='ocrx_word' id='word_1_226' title='bbox 3483 1438 3826 1511; x_wconf 84' lang='lat' dir='ltr'><strong>ingrediamur</strong></span> 
     </span>
    </p>
   </div>
   <div class='ocr_carea' id='block_1_30' title="bbox 2251 1525 3826 1604">
    <p class='ocr_par' dir='ltr' id='par_1_30' title="bbox 2251 1525 3826 1604">
     <span class='ocr_line' id='line_1_30' title="bbox 2251 1525 3826 1604; baseline 0.006 -23"><span class='ocrx_word' id='word_1_227' title='bbox 2251 1525 2305 1581; x_wconf 88' lang='lat' dir='ltr'><strong>in</strong></span> <span class='ocrx_word' id='word_1_228' title='bbox 2334 1541 2478 1591; x_wconf 89' lang='lat' dir='ltr'><strong>eam,</strong></span> <span class='ocrx_word' id='word_1_229' title='bbox 2512 1527 2791 1584; x_wconf 84' lang='lat' dir='ltr'><strong>videamus</strong></span> <span class='ocrx_word' id='word_1_230' title='bbox 2820 1527 3004 1585; x_wconf 88' lang='lat' dir='ltr'><strong>lumen</strong></span> <span class='ocrx_word' id='word_1_231' title='bbox 3035 1530 3153 1602; x_wconf 91' lang='lat' dir='ltr'><strong>ejus</strong></span> <span class='ocrx_word' id='word_1_232' title='bbox 3175 1574 3189 1599; x_wconf 95' lang='lat'><strong>,</strong></span> <span class='ocrx_word' id='word_1_233' title='bbox 3217 1532 3496 1590; x_wconf 89' lang='lat' dir='ltr'><strong>videamus</strong></span> <span class='ocrx_word' id='word_1_234' title='bbox 3528 1538 3826 1604; x_wconf 87' lang='lat' dir='ltr'><strong>muros,vi-</strong></span> 
     </span>
    </p>
   </div>
   <div class='ocr_carea' id='block_1_31' title="bbox 2250 1619 3829 1698">
    <p class='ocr_par' dir='ltr' id='par_1_31' title="bbox 2250 1619 3829 1698">
     <span class='ocr_line' id='line_1_31' title="bbox 2250 1619 3829 1698; baseline 0.006 -23"><span class='ocrx_word' id='word_1_235' title='bbox 2250 1619 2477 1675; x_wconf 88' lang='lat' dir='ltr'><strong>deamus</strong></span> <span class='ocrx_word' id='word_1_236' title='bbox 2506 1623 2711 1689; x_wconf 88' lang='lat' dir='ltr'><strong>tribus,</strong></span> <span class='ocrx_word' id='word_1_237' title='bbox 2750 1621 3029 1681; x_wconf 86' lang='lat' dir='ltr'><strong>videamus</strong></span> <span class='ocrx_word' id='word_1_238' title='bbox 3076 1625 3428 1684; x_wconf 82' lang='lat' dir='ltr'><strong>fundamenta</strong></span> <span class='ocrx_word' id='word_1_239' title='bbox 3474 1629 3703 1684; x_wconf 85' lang='lat' dir='ltr'><strong>muralia</strong></span> <span class='ocrx_word' id='word_1_240' title='bbox 3725 1670 3740 1698; x_wconf 93' lang='lat'><strong>,</strong></span> <span class='ocrx_word' id='word_1_241' title='bbox 3763 1630 3829 1684; x_wconf 87' lang='lat' dir='ltr'><strong>vi-</strong></span> 
     </span>
    </p>
   </div>
   <div class='ocr_carea' id='block_1_32' title="bbox 2249 1714 3827 1796">
    <p class='ocr_par' dir='ltr' id='par_1_32' title="bbox 2249 1714 3827 1796">
     <span class='ocr_line' id='line_1_32' title="bbox 2249 1714 3827 1796; baseline 0.007 -27"><span class='ocrx_word' id='word_1_242' title='bbox 2249 1714 2477 1770; x_wconf 86' lang='lat' dir='ltr'><strong>deamus</strong></span> <span class='ocrx_word' id='word_1_243' title='bbox 2521 1718 2683 1772; x_wconf 84' lang='lat' dir='ltr'><strong>etiam</strong></span> <span class='ocrx_word' id='word_1_244' title='bbox 2750 1718 3006 1776; x_wconf 86' lang='lat' dir='ltr'><strong>custodes</strong></span> <span class='ocrx_word' id='word_1_245' title='bbox 3053 1737 3358 1778; x_wconf 90' lang='lat' dir='ltr'><strong>murorum.</strong></span> <span class='ocrx_word' id='word_1_246' title='bbox 3410 1722 3521 1779; x_wconf 90' lang='lat' dir='ltr'><strong>Sed</strong></span> <span class='ocrx_word' id='word_1_247' title='bbox 3579 1723 3827 1796; x_wconf 91' lang='lat' dir='ltr'><strong>quomodo</strong></span> 
     </span>
    </p>
   </div>
   <div class='ocr_carea' id='block_1_33' title="bbox 2251 1806 3825 1882">
    <p class='ocr_par' dir='ltr' id='par_1_33' title="bbox 2251 1806 3825 1882">
     <span class='ocr_line' id='line_1_33' title="bbox 2251 1806 3825 1882; baseline 0.008 -20"><span class='ocrx_word' id='word_1_248' title='bbox 2251 1806 2620 1880; x_wconf 65' lang='lat' dir='ltr'><strong>ingrediantur</strong></span> <span class='ocrx_word' id='word_1_249' title='bbox 2651 1810 2704 1865; x_wconf 92' lang='lat' dir='ltr'><strong>in</strong></span> <span class='ocrx_word' id='word_1_250' title='bbox 2732 1814 2889 1868; x_wconf 79' lang='lat' dir='ltr'><strong>eam?</strong></span> <span class='ocrx_word' id='word_1_251' title='bbox 2916 1813 2975 1867; x_wconf 90' lang='lat' dir='ltr'><strong>In</strong></span> <span class='ocrx_word' id='word_1_252' title='bbox 3007 1814 3107 1870; x_wconf 89' lang='lat' dir='ltr'><strong>hac</strong></span> <span class='ocrx_word' id='word_1_253' title='bbox 3132 1816 3355 1872; x_wconf 88' lang='lat' dir='ltr'><strong>civitate</strong></span> <span class='ocrx_word' id='word_1_254' title='bbox 3386 1817 3494 1872; x_wconf 89' lang='lat' dir='ltr'><strong>vita</strong></span> <span class='ocrx_word' id='word_1_255' title='bbox 3528 1826 3635 1882; x_wconf 90' lang='lat' dir='ltr'><strong>est,</strong></span> <span class='ocrx_word' id='word_1_256' title='bbox 3665 1829 3715 1874; x_wconf 87' lang='lat' dir='ltr'><strong>et</strong></span> <span class='ocrx_word' id='word_1_257' title='bbox 3739 1834 3825 1874; x_wconf 86' lang='lat' dir='ltr'><strong>una</strong></span> 
     </span>
    </p>
   </div>
   <div class='ocr_carea' id='block_1_34' title="bbox 543 1876 3823 1978">
    <p class='ocr_par' dir='ltr' id='par_1_34' title="bbox 543 1876 3823 1978">
     <span class='ocr_line' id='line_1_34' title="bbox 543 1876 3823 1978; baseline 0.012 -48"><span class='ocrx_word' id='word_1_258' title='bbox 543 1885 668 1931; x_wconf 84' lang='lat' dir='ltr'><strong>esse</strong></span> <span class='ocrx_word' id='word_1_259' title='bbox 698 1876 956 1978; x_wconf 77' lang='lat' dir='ltr'><strong>vulgaris,</strong></span> <span class='ocrx_word' id='word_1_260' title='bbox 984 1896 1091 1938; x_wconf 92' lang='lat' dir='ltr'><strong>non</strong></span> <span class='ocrx_word' id='word_1_261' title='bbox 1120 1881 1284 1941; x_wconf 89' lang='lat' dir='ltr'><strong>debet</strong></span> <span class='ocrx_word' id='word_1_262' title='bbox 1312 1901 1436 1943; x_wconf 89' lang='lat' dir='ltr'><strong>esse</strong></span> <span class='ocrx_word' id='word_1_263' title='bbox 1460 1887 1513 1943; x_wconf 93' lang='lat' dir='ltr'><strong>in</strong></span> <span class='ocrx_word' id='word_1_264' title='bbox 1540 1888 1681 1957; x_wconf 84' lang='lat' dir='ltr'><strong>loro,</strong></span> <span class='ocrx_word' id='word_1_265' title='bbox 1711 1906 1818 1947; x_wconf 88' lang='lat' dir='ltr'><strong>non</strong></span> <span class='ocrx_word' id='word_1_266' title='bbox 1843 1893 1897 1949; x_wconf 93' lang='lat' dir='ltr'><strong>in</strong></span> <span class='ocrx_word' id='word_1_267' title='bbox 1929 1894 2142 1965; x_wconf 87' lang='lat' dir='ltr'><strong>plateis,</strong></span> <span class='ocrx_word' id='word_1_268' title='bbox 2176 1881 2223 1943; x_wconf 80' lang='grc' dir='ltr'><strong>Β</strong></span> <span class='ocrx_word' id='word_1_269' title='bbox 2251 1876 2336 1960; x_wconf 76' lang='grc' dir='ltr'><strong>εει</strong></span> <span class='ocrx_word' id='word_1_270' title='bbox 2362 1904 2443 1958; x_wconf 85' lang='lat' dir='ltr'><strong>via</strong></span> <span class='ocrx_word' id='word_1_271' title='bbox 2470 1919 2591 1975; x_wconf 70' lang='lat' dir='ltr'><strong>qua:</strong></span> <span class='ocrx_word' id='word_1_272' title='bbox 2619 1905 2768 1962; x_wconf 87' lang='lat' dir='ltr'><strong>ducit</strong></span> <span class='ocrx_word' id='word_1_273' title='bbox 2795 1907 2864 1962; x_wconf 90' lang='lat' dir='ltr'><strong>ad</strong></span> <span class='ocrx_word' id='word_1_274' title='bbox 2893 1908 3056 1963; x_wconf 89' lang='lat' dir='ltr'><strong>vitam</strong></span> <span class='ocrx_word' id='word_1_275' title='bbox 3094 1928 3106 1965; x_wconf 93' lang='lat'><strong>:</strong></span> <span class='ocrx_word' id='word_1_276' title='bbox 3138 1911 3219 1965; x_wconf 91' lang='lat' dir='ltr'><strong>via</strong></span> <span class='ocrx_word' id='word_1_277' title='bbox 3247 1920 3428 1968; x_wconf 89' lang='lat' dir='ltr'><strong>autem</strong></span> <span class='ocrx_word' id='word_1_278' title='bbox 3461 1910 3710 1969; x_wconf 89' lang='lat' dir='ltr'><strong>Christus</strong></span> <span class='ocrx_word' id='word_1_279' title='bbox 3729 1923 3823 1978; x_wconf 89' lang='lat' dir='ltr'><strong>est;</strong></span> 
     </span>
    </p>
   </div>
   <div class='ocr_carea' id='block_1_35' title="bbox 544 1972 2147 2054">
    <p class='ocr_par' dir='ltr' id='par_1_35' title="bbox 544 1972 2147 2054">
     <span class='ocr_line' id='line_1_35' title="bbox 544 1972 2147 2054; baseline 0.014 -32"><span class='ocrx_word' id='word_1_280' title='bbox 544 1979 682 2025; x_wconf 91' lang='lat' dir='ltr'><strong>voce</strong></span> <span class='ocrx_word' id='word_1_281' title='bbox 724 1972 984 2041; x_wconf 87' lang='lat' dir='ltr'><strong>querula,</strong></span> <span class='ocrx_word' id='word_1_282' title='bbox 1016 1990 1207 2046; x_wconf 88' lang='lat' dir='ltr'><strong>gressu</strong></span> <span class='ocrx_word' id='word_1_283' title='bbox 1239 1979 1481 2048; x_wconf 91' lang='lat' dir='ltr'><strong>lubrica,</strong></span> <span class='ocrx_word' id='word_1_284' title='bbox 1515 1991 1540 2019; x_wconf 75' lang='grc' dir='ltr'>ει</span> <span class='ocrx_word' id='word_1_285' title='bbox 1562 1983 1738 2041; x_wconf 80' lang='lat' dir='ltr'><strong>facilis</strong></span> <span class='ocrx_word' id='word_1_286' title='bbox 1772 1986 1991 2054; x_wconf 89' lang='lat' dir='ltr'><strong>auditu,</strong></span> <span class='ocrx_word' id='word_1_287' title='bbox 2025 1989 2147 2045; x_wconf 92' lang='lat' dir='ltr'><strong>vilis</strong></span> 
     </span>
    </p>
   </div>
   <div class='ocr_carea' id='block_1_36' title="bbox 544 2064 2148 2145">
    <p class='ocr_par' dir='ltr' id='par_1_36' title="bbox 544 2064 2148 2145">
     <span class='ocr_line' id='line_1_36' title="bbox 544 2064 2148 2145; baseline 0.015 -30"><span class='ocrx_word' id='word_1_288' title='bbox 544 2073 792 2133; x_wconf 82' lang='lat' dir='ltr'><strong>aspectu.</strong></span> <span class='ocrx_word' id='word_1_289' title='bbox 840 2064 1143 2125; x_wconf 87' lang='lat' dir='ltr'><strong>Terrenum</strong></span> <span class='ocrx_word' id='word_1_290' title='bbox 1191 2071 1289 2127; x_wconf 88' lang='lat' dir='ltr'><strong>tibi</strong></span> <span class='ocrx_word' id='word_1_291' title='bbox 1329 2075 1627 2145; x_wconf 84' lang='lat' dir='ltr'><strong>Apostolus</strong></span> <span class='ocrx_word' id='word_1_292' title='bbox 1669 2080 2007 2137; x_wconf 88' lang='lat' dir='ltr'><strong>consortium</strong></span> <span class='ocrx_word' id='word_1_293' title='bbox 2050 2098 2148 2139; x_wconf 91' lang='lat' dir='ltr'><strong>ne-</strong></span> 
     </span>
    </p>
   </div>
   <div class='ocr_carea' id='block_1_37' title="bbox 545 2157 2146 2236">
    <p class='ocr_par' dir='ltr' id='par_1_37' title="bbox 545 2157 2146 2236">
     <span class='ocr_line' id='line_1_37' title="bbox 545 2157 2146 2236; baseline 0.014 -28"><span class='ocrx_word' id='word_1_294' title='bbox 545 2162 670 2225; x_wconf 88' lang='lat' dir='ltr'><strong>gat,</strong></span> <span class='ocrx_word' id='word_1_295' title='bbox 701 2164 759 2212; x_wconf 91' lang='lat' dir='ltr'><strong>et</strong></span> <span class='ocrx_word' id='word_1_296' title='bbox 781 2157 948 2227; x_wconf 47' lang='lat' dir='ltr'><strong>Lultra</strong></span> <span class='ocrx_word' id='word_1_297' title='bbox 974 2171 1185 2219; x_wconf 76' lang='lat' dir='ltr'><strong>naturae</strong></span> <span class='ocrx_word' id='word_1_298' title='bbox 1208 2168 1602 2236; x_wconf 88' lang='lat' dir='ltr'><strong>propemodum</strong></span> <span class='ocrx_word' id='word_1_299' title='bbox 1648 2171 1910 2229; x_wconf 88' lang='lat' dir='ltr'><strong>terminos</strong></span> <span class='ocrx_word' id='word_1_300' title='bbox 1938 2174 2040 2231; x_wconf 92' lang='lat' dir='ltr'><strong>alis</strong></span> <span class='ocrx_word' id='word_1_301' title='bbox 2078 2175 2146 2231; x_wconf 86' lang='lat' dir='ltr'><strong>ad</strong></span> 
     </span>
    </p>
   </div>
   <div class='ocr_carea' id='block_1_38' title="bbox 546 2246 2145 2331">
    <p class='ocr_par' dir='ltr' id='par_1_38' title="bbox 546 2246 2145 2331">
     <span class='ocr_line' id='line_1_38' title="bbox 546 2246 2145 2331; baseline 0.013 -29"><span class='ocrx_word' id='word_1_302' title='bbox 546 2246 745 2304; x_wconf 70' lang='lat' dir='ltr'><strong>cmlum</strong></span> <span class='ocrx_word' id='word_1_303' title='bbox 796 2248 959 2307; x_wconf 91' lang='lat' dir='ltr'><strong>docet</strong></span> <span class='ocrx_word' id='word_1_304' title='bbox 1006 2255 1341 2325; x_wconf 87' lang='lat' dir='ltr'><strong>spiritalibus</strong></span> <span class='ocrx_word' id='word_1_305' title='bbox 1385 2259 1733 2319; x_wconf 87' lang='lat' dir='ltr'><strong>evolandum.</strong></span> <span class='ocrx_word' id='word_1_306' title='bbox 1771 2264 1900 2331; x_wconf 79' lang='lat' dir='ltr'><strong>Qua:</strong></span> <span class='ocrx_word' id='word_1_307' title='bbox 1939 2283 2145 2322; x_wconf 82' lang='lat' dir='ltr'><strong>sursum</strong></span> 
     </span>
    </p>
   </div>
   <div class='ocr_carea' id='block_1_39' title="bbox 544 2343 2141 2434">
    <p class='ocr_par' dir='ltr' id='par_1_39' title="bbox 544 2343 2141 2434">
     <span class='ocr_line' id='line_1_39' title="bbox 544 2343 2141 2434; baseline 0.013 -39"><span class='ocrx_word' id='word_1_308' title='bbox 544 2352 682 2434; x_wconf 85' lang='lat' dir='ltr'><strong>sunt,</strong></span> <span class='ocrx_word' id='word_1_309' title='bbox 712 2343 905 2416; x_wconf 84' lang='lat' dir='ltr'><strong>inquit.</strong></span> <span class='ocrx_word' id='word_1_310' title='bbox 934 2350 1121 2419; x_wconf 87' lang='lat' dir='ltr'><strong>sapite,</strong></span> <span class='ocrx_word' id='word_1_311' title='bbox 1151 2366 1253 2407; x_wconf 90' lang='lat' dir='ltr'><strong>non</strong></span> <span class='ocrx_word' id='word_1_312' title='bbox 1278 2368 1394 2422; x_wconf 62' lang='lat' dir='ltr'><strong>quae</strong></span> <span class='ocrx_word' id='word_1_313' title='bbox 1437 2371 1592 2428; x_wconf 83' lang='lat' dir='ltr'><strong>super</strong></span> <span class='ocrx_word' id='word_1_314' title='bbox 1633 2367 1821 2414; x_wconf 90' lang='lat' dir='ltr'><strong>terram</strong></span> <span class='ocrx_word' id='word_1_315' title='bbox 1848 2358 2037 2434; x_wconf 90' lang='lat' dir='ltr'><strong>(Ibid.,</strong></span> <span class='ocrx_word' id='word_1_316' title='bbox 2062 2362 2141 2434; x_wconf 76' lang='lat'><strong>9.).</strong></span> 
     </span>
    </p>
   </div>
   <div class='ocr_carea' id='block_1_40' title="bbox 546 2433 2145 2524">
    <p class='ocr_par' dir='ltr' id='par_1_40' title="bbox 546 2433 2145 2524">
     <span class='ocr_line' id='line_1_40' title="bbox 546 2433 2145 2524; baseline 0.014 -34"><span class='ocrx_word' id='word_1_317' title='bbox 546 2433 655 2491; x_wconf 89' lang='lat' dir='ltr'><strong>Sed</strong></span> <span class='ocrx_word' id='word_1_318' title='bbox 686 2437 811 2508; x_wconf 89' lang='lat' dir='ltr'><strong>quia</strong></span> <span class='ocrx_word' id='word_1_319' title='bbox 842 2440 945 2496; x_wconf 91' lang='lat' dir='ltr'><strong>hoc</strong></span> <span class='ocrx_word' id='word_1_320' title='bbox 988 2441 1328 2513; x_wconf 90' lang='lat' dir='ltr'><strong>impossibile</strong></span> <span class='ocrx_word' id='word_1_321' title='bbox 1352 2458 1469 2504; x_wconf 90' lang='lat' dir='ltr'><strong>erat</strong></span> <span class='ocrx_word' id='word_1_322' title='bbox 1498 2450 1549 2504; x_wconf 92' lang='lat' dir='ltr'><strong>in</strong></span> <span class='ocrx_word' id='word_1_323' title='bbox 1580 2449 1685 2509; x_wconf 91' lang='lat' dir='ltr'><strong>hoc</strong></span> <span class='ocrx_word' id='word_1_324' title='bbox 1723 2433 1969 2524; x_wconf 84' lang='lat' dir='ltr'><strong>corporis</strong></span> <span class='ocrx_word' id='word_1_325' title='bbox 1996 2433 2145 2512; x_wconf 90' lang='lat' dir='ltr'><strong>velut</strong></span> 
     </span>
    </p>
   </div>
   <div class='ocr_carea' id='block_1_41' title="bbox 543 2526 2141 2615">
    <p class='ocr_par' dir='ltr' id='par_1_41' title="bbox 543 2526 2141 2615">
     <span class='ocr_line' id='line_1_41' title="bbox 543 2526 2141 2615; baseline 0.013 -33"><span class='ocrx_word' id='word_1_326' title='bbox 543 2526 785 2584; x_wconf 88' lang='lat' dir='ltr'><strong>claustro</strong></span> <span class='ocrx_word' id='word_1_327' title='bbox 807 2531 1064 2600; x_wconf 89' lang='lat' dir='ltr'><strong>reclusis;</strong></span> <span class='ocrx_word' id='word_1_328' title='bbox 1093 2544 1148 2590; x_wconf 91' lang='lat' dir='ltr'><strong>et</strong></span> <span class='ocrx_word' id='word_1_329' title='bbox 1176 2535 1303 2608; x_wconf 89' lang='lat' dir='ltr'><strong>quia</strong></span> <span class='ocrx_word' id='word_1_330' title='bbox 1338 2537 1609 2598; x_wconf 79' lang='lat' dir='ltr'><strong>defunctis</strong></span> <span class='ocrx_word' id='word_1_331' title='bbox 1634 2545 1991 2615; x_wconf 87' lang='lat' dir='ltr'><strong>corporibus,</strong></span> <span class='ocrx_word' id='word_1_332' title='bbox 2024 2547 2141 2603; x_wconf 87' lang='lat' dir='ltr'><strong>ani-</strong></span> 
     </span>
    </p>
   </div>
   <div class='ocr_carea' id='block_1_42' title="bbox 543 2620 2143 2709">
    <p class='ocr_par' dir='ltr' id='par_1_42' title="bbox 543 2620 2143 2709">
     <span class='ocr_line' id='line_1_42' title="bbox 543 2620 2143 2709; baseline 0.014 -34"><span class='ocrx_word' id='word_1_333' title='bbox 543 2635 632 2675; x_wconf 87' lang='lat' dir='ltr'><strong>ma</strong></span> <span class='ocrx_word' id='word_1_334' title='bbox 664 2620 837 2678; x_wconf 82' lang='lat' dir='ltr'><strong>fertur</strong></span> <span class='ocrx_word' id='word_1_335' title='bbox 864 2624 930 2680; x_wconf 89' lang='lat' dir='ltr'><strong>ad</strong></span> <span class='ocrx_word' id='word_1_336' title='bbox 958 2629 1241 2698; x_wconf 88' lang='lat' dir='ltr'><strong>superiora</strong></span> <span class='ocrx_word' id='word_1_337' title='bbox 1274 2632 1524 2691; x_wconf 90' lang='lat' dir='ltr'><strong>revolare</strong></span> <span class='ocrx_word' id='word_1_338' title='bbox 1544 2676 1561 2703; x_wconf 90' lang='lat'><strong>,</strong></span> <span class='ocrx_word' id='word_1_339' title='bbox 1589 2635 1808 2709; x_wconf 89' lang='lat' dir='ltr'><strong>alligata</strong></span> <span class='ocrx_word' id='word_1_340' title='bbox 1836 2639 1967 2696; x_wconf 91' lang='lat' dir='ltr'><strong>dum</strong></span> <span class='ocrx_word' id='word_1_341' title='bbox 1998 2642 2143 2697; x_wconf 89' lang='lat' dir='ltr'><strong>vivi-</strong></span> 
     </span>
    </p>
   </div>
   <div class='ocr_carea' id='block_1_43' title="bbox 541 2713 2138 2796">
    <p class='ocr_par' dir='ltr' id='par_1_43' title="bbox 541 2713 2138 2796">
     <span class='ocr_line' id='line_1_43' title="bbox 541 2713 2138 2796; baseline 0.016 -31"><span class='ocrx_word' id='word_1_342' title='bbox 541 2725 664 2767; x_wconf 88' lang='lat' dir='ltr'><strong>mus</strong></span> <span class='ocrx_word' id='word_1_343' title='bbox 709 2713 940 2785; x_wconf 89' lang='lat' dir='ltr'><strong>quadam</strong></span> <span class='ocrx_word' id='word_1_344' title='bbox 968 2719 1192 2789; x_wconf 70' lang='lat' dir='ltr'><strong>(nostra:</strong></span> <span class='ocrx_word' id='word_1_345' title='bbox 1243 2724 1364 2796; x_wconf 85' lang='lat' dir='ltr'><strong>lege</strong></span> <span class='ocrx_word' id='word_1_346' title='bbox 1421 2736 1662 2796; x_wconf 57' lang='lat' dir='ltr'><strong>natura),</strong></span> <span class='ocrx_word' id='word_1_347' title='bbox 1712 2731 1838 2787; x_wconf 90' lang='lat' dir='ltr'><strong>ideo</strong></span> <span class='ocrx_word' id='word_1_348' title='bbox 1883 2733 2138 2789; x_wconf 87' lang='lat' dir='ltr'><strong>addidit:</strong></span> 
     </span>
    </p>
   </div>
   <div class='ocr_carea' id='block_1_44' title="bbox 542 2807 2142 2885">
    <p class='ocr_par' dir='ltr' id='par_1_44' title="bbox 542 2807 2142 2885">
     <span class='ocr_line' id='line_1_44' title="bbox 542 2807 2142 2885; baseline 0.013 -21"><span class='ocrx_word' id='word_1_349' title='bbox 542 2807 740 2866; x_wconf 73' lang='grc' dir='ltr'><strong>Μονιυὶ</strong></span> <span class='ocrx_word' id='word_1_350' title='bbox 783 2814 920 2868; x_wconf 88' lang='lat' dir='ltr'><strong>enim</strong></span> <span class='ocrx_word' id='word_1_351' title='bbox 967 2816 1088 2872; x_wconf 82' lang='lat' dir='ltr'><strong>estis</strong></span> <span class='ocrx_word' id='word_1_352' title='bbox 1109 2858 1125 2884; x_wconf 94' lang='lat'><strong>,</strong></span> <span class='ocrx_word' id='word_1_353' title='bbox 1155 2829 1206 2875; x_wconf 88' lang='lat' dir='ltr'><strong>et</strong></span> <span class='ocrx_word' id='word_1_354' title='bbox 1231 2821 1335 2876; x_wconf 81' lang='lat' dir='ltr'><strong>vita</strong></span> <span class='ocrx_word' id='word_1_355' title='bbox 1362 2832 1524 2878; x_wconf 83' lang='lat' dir='ltr'><strong>vestra</strong></span> <span class='ocrx_word' id='word_1_356' title='bbox 1548 2823 1852 2881; x_wconf 89' lang='lat' dir='ltr'><strong>abscondita</strong></span> <span class='ocrx_word' id='word_1_357' title='bbox 1898 2838 1972 2884; x_wconf 89' lang='lat' dir='ltr'><strong>est</strong></span> <span class='ocrx_word' id='word_1_358' title='bbox 2022 2845 2142 2885; x_wconf 88' lang='lat' dir='ltr'><strong>cum</strong></span> 
     </span>
    </p>
   </div>
   <div class='ocr_carea' id='block_1_45' title="bbox 541 2901 2137 2989">
    <p class='ocr_par' dir='ltr' id='par_1_45' title="bbox 541 2901 2137 2989">
     <span class='ocr_line' id='line_1_45' title="bbox 541 2901 2137 2989; baseline 0.016 -31"><span class='ocrx_word' id='word_1_359' title='bbox 541 2901 749 2963; x_wconf 83' lang='lat' dir='ltr'><strong>Christo</strong></span> <span class='ocrx_word' id='word_1_360' title='bbox 788 2909 845 2964; x_wconf 89' lang='lat' dir='ltr'><strong>in</strong></span> <span class='ocrx_word' id='word_1_361' title='bbox 890 2910 1002 2968; x_wconf 87' lang='lat' dir='ltr'><strong>Deo</strong></span> <span class='ocrx_word' id='word_1_362' title='bbox 1045 2912 1248 2988; x_wconf 90' lang='lat' dir='ltr'><strong>(Ibid.,</strong></span> <span class='ocrx_word' id='word_1_363' title='bbox 1278 2918 1371 2989; x_wconf 81' lang='lat'><strong>5).</strong></span> <span class='ocrx_word' id='word_1_364' title='bbox 1422 2920 1480 2975; x_wconf 89' lang='lat' dir='ltr'><strong>Si</strong></span> <span class='ocrx_word' id='word_1_365' title='bbox 1526 2922 1843 2978; x_wconf 91' lang='lat' dir='ltr'><strong>abscondita</strong></span> <span class='ocrx_word' id='word_1_366' title='bbox 1889 2935 1975 2982; x_wconf 90' lang='lat' dir='ltr'><strong>est</strong></span> <span class='ocrx_word' id='word_1_367' title='bbox 2014 2942 2137 2983; x_wconf 93' lang='lat' dir='ltr'><strong>cum</strong></span> 
     </span>
    </p>
   </div>
   <div class='ocr_carea' id='block_1_46' title="bbox 498 2997 2138 3082">
    <p class='ocr_par' dir='ltr' id='par_1_46' title="bbox 498 2997 2138 3082">
     <span class='ocr_line' id='line_1_46' title="bbox 498 2997 2138 3082; baseline 0.014 -28"><span class='ocrx_word' id='word_1_368' title='bbox 498 3076 499 3079; x_wconf 13' lang='grc' dir='ltr'><strong>η</strong></span> <span class='ocrx_word' id='word_1_369' title='bbox 537 2997 757 3059; x_wconf 80' lang='lat' dir='ltr'><strong>Christo</strong></span> <span class='ocrx_word' id='word_1_370' title='bbox 781 3004 836 3059; x_wconf 91' lang='lat' dir='ltr'><strong>in</strong></span> <span class='ocrx_word' id='word_1_371' title='bbox 867 3005 999 3074; x_wconf 88' lang='lat' dir='ltr'><strong>Deo,</strong></span> <span class='ocrx_word' id='word_1_372' title='bbox 1029 3023 1138 3065; x_wconf 91' lang='lat' dir='ltr'><strong>non</strong></span> <span class='ocrx_word' id='word_1_373' title='bbox 1163 3021 1423 3082; x_wconf 77' lang='lat' dir='ltr'><strong>appareat</strong></span> <span class='ocrx_word' id='word_1_374' title='bbox 1448 3014 1686 3082; x_wconf 88' lang='lat' dir='ltr'><strong>mundo;</strong></span> <span class='ocrx_word' id='word_1_375' title='bbox 1718 3014 1968 3075; x_wconf 87' lang='lat' dir='ltr'><strong>Christus</strong></span> <span class='ocrx_word' id='word_1_376' title='bbox 1992 3022 2138 3077; x_wconf 89' lang='lat' dir='ltr'><strong>enim</strong></span> 
     </span>
    </p>
   </div>
   <div class='ocr_carea' id='block_1_47' title="bbox 537 3101 1477 3172">
    <p class='ocr_par' dir='ltr' id='par_1_47' title="bbox 537 3101 1477 3172">
     <span class='ocr_line' id='line_1_47' title="bbox 537 3101 1477 3172; baseline 0.014 -22"><span class='ocrx_word' id='word_1_377' title='bbox 537 3106 789 3154; x_wconf 90' lang='lat' dir='ltr'><strong>mortuus</strong></span> <span class='ocrx_word' id='word_1_378' title='bbox 814 3108 899 3156; x_wconf 90' lang='lat' dir='ltr'><strong>est</strong></span> <span class='ocrx_word' id='word_1_379' title='bbox 924 3101 1151 3172; x_wconf 89' lang='lat' dir='ltr'><strong>mundo,</strong></span> <span class='ocrx_word' id='word_1_380' title='bbox 1183 3104 1316 3161; x_wconf 85' lang='lat' dir='ltr'><strong>vivit</strong></span> <span class='ocrx_word' id='word_1_381' title='bbox 1347 3107 1477 3163; x_wconf 89' lang='lat' dir='ltr'><strong>Deo.</strong></span> 
     </span>
    </p>
   </div>
   <div class='ocr_carea' id='block_1_48' title="bbox 610 3190 2142 3270">
    <p class='ocr_par' dir='ltr' id='par_1_48' title="bbox 610 3190 2142 3270">
     <span class='ocr_line' id='line_1_48' title="bbox 610 3190 2142 3270; baseline 0.012 -22"><span class='ocrx_word' id='word_1_382' title='bbox 610 3190 700 3249; x_wconf 69' lang='lat'><strong>84.</strong></span> <span class='ocrx_word' id='word_1_383' title='bbox 746 3193 879 3251; x_wconf 79' lang='lat' dir='ltr'><strong>Vide</strong></span> <span class='ocrx_word' id='word_1_384' title='bbox 943 3213 1087 3253; x_wconf 91' lang='lat' dir='ltr'><strong>nunc</strong></span> <span class='ocrx_word' id='word_1_385' title='bbox 1138 3202 1597 3270; x_wconf 89' lang='lat' dir='ltr'><strong>quemadmodum</strong></span> <span class='ocrx_word' id='word_1_386' title='bbox 1643 3203 1944 3263; x_wconf 87' lang='lat' dir='ltr'><strong>desiderari</strong></span> <span class='ocrx_word' id='word_1_387' title='bbox 1991 3220 2142 3267; x_wconf 89' lang='lat' dir='ltr'><strong>amet</strong></span> 
     </span>
    </p>
   </div>
   <div class='ocr_carea' id='block_1_49' title="bbox 533 3280 2216 3379">
    <p class='ocr_par' dir='ltr' id='par_1_49' title="bbox 533 3280 2216 3379">
     <span class='ocr_line' id='line_1_49' title="bbox 533 3280 2216 3379; baseline 0.01 -35"><span class='ocrx_word' id='word_1_388' title='bbox 533 3286 806 3358; x_wconf 87' lang='lat' dir='ltr'><strong>Christus,</strong></span> <span class='ocrx_word' id='word_1_389' title='bbox 837 3292 1314 3352; x_wconf 81' lang='lat' dir='ltr'><strong>confabulationes</strong></span> <span class='ocrx_word' id='word_1_390' title='bbox 1342 3313 1449 3353; x_wconf 90' lang='lat' dir='ltr'><strong>non</strong></span> <span class='ocrx_word' id='word_1_391' title='bbox 1491 3310 1657 3354; x_wconf 86' lang='lat' dir='ltr'><strong>amet.</strong></span> <span class='ocrx_word' id='word_1_392' title='bbox 1702 3302 1932 3372; x_wconf 83' lang='lat' dir='ltr'><strong>Aperuit</strong></span> <span class='ocrx_word' id='word_1_393' title='bbox 1977 3305 2141 3379; x_wconf 63' lang='lat'><strong>234</strong></span> <span class='ocrx_word' id='word_1_394' title='bbox 2168 3280 2216 3346; x_wconf 68' lang='grc' dir='ltr'>ο</span> 
     </span>
    </p>
   </div>
   <div class='ocr_carea' id='block_1_50' title="bbox 533 3383 2138 3469">
    <p class='ocr_par' dir='ltr' id='par_1_50' title="bbox 533 3383 2138 3469">
     <span class='ocr_line' id='line_1_50' title="bbox 533 3383 2138 3469; baseline 0.013 -34"><span class='ocrx_word' id='word_1_395' title='bbox 533 3394 664 3454; x_wconf 90' lang='lat' dir='ltr'><strong>ergo</strong></span> <span class='ocrx_word' id='word_1_396' title='bbox 693 3383 846 3456; x_wconf 86' lang='lat' dir='ltr'><strong>virgo</strong></span> <span class='ocrx_word' id='word_1_397' title='bbox 884 3384 977 3442; x_wconf 88' lang='lat' dir='ltr'><strong>illa</strong></span> <span class='ocrx_word' id='word_1_398' title='bbox 1008 3401 1138 3445; x_wconf 91' lang='lat' dir='ltr'><strong>suas</strong></span> <span class='ocrx_word' id='word_1_399' title='bbox 1183 3388 1329 3447; x_wconf 80' lang='lat' dir='ltr'><strong>fores</strong></span> <span class='ocrx_word' id='word_1_400' title='bbox 1362 3391 1457 3447; x_wconf 89' lang='lat' dir='ltr'><strong>Dei</strong></span> <span class='ocrx_word' id='word_1_401' title='bbox 1489 3392 1670 3451; x_wconf 84' lang='lat' dir='ltr'><strong>Verbo</strong></span> <span class='ocrx_word' id='word_1_402' title='bbox 1701 3414 1715 3451; x_wconf 87' lang='lat'><strong>:</strong></span> <span class='ocrx_word' id='word_1_403' title='bbox 1747 3396 1842 3452; x_wconf 90' lang='lat' dir='ltr'><strong>sed</strong></span> <span class='ocrx_word' id='word_1_404' title='bbox 1879 3400 2138 3469; x_wconf 83' lang='lat' dir='ltr'><strong>transivit,</strong></span> 
     </span>
    </p>
   </div>
   <div class='ocr_carea' id='block_1_51' title="bbox 536 3474 2137 3568">
    <p class='ocr_par' dir='ltr' id='par_1_51' title="bbox 536 3474 2137 3568">
     <span class='ocr_line' id='line_1_51' title="bbox 536 3474 2137 3568; baseline 0.012 -37"><span class='ocrx_word' id='word_1_405' title='bbox 536 3474 730 3545; x_wconf 86' lang='lat' dir='ltr'><strong>inquit,</strong></span> <span class='ocrx_word' id='word_1_406' title='bbox 761 3488 808 3533; x_wconf 90' lang='lat' dir='ltr'><strong>et</strong></span> <span class='ocrx_word' id='word_1_407' title='bbox 833 3481 988 3535; x_wconf 71' lang='lat' dir='ltr'><strong>exivit</strong></span> <span class='ocrx_word' id='word_1_408' title='bbox 1009 3484 1185 3539; x_wconf 83' lang='lat' dir='ltr'><strong>animo</strong></span> <span class='ocrx_word' id='word_1_409' title='bbox 1208 3500 1323 3540; x_wconf 89' lang='lat' dir='ltr'><strong>mea</strong></span> <span class='ocrx_word' id='word_1_410' title='bbox 1348 3487 1401 3541; x_wconf 93' lang='lat' dir='ltr'><strong>in</strong></span> <span class='ocrx_word' id='word_1_411' title='bbox 1429 3488 1581 3543; x_wconf 77' lang='lat' dir='ltr'><strong>verba</strong></span> <span class='ocrx_word' id='word_1_412' title='bbox 1609 3490 1723 3560; x_wconf 85' lang='lat' dir='ltr'><strong>ejus</strong></span> <span class='ocrx_word' id='word_1_413' title='bbox 1750 3489 1928 3563; x_wconf 86' lang='lat' dir='ltr'><strong>(Cant.</strong></span> <span class='ocrx_word' id='word_1_414' title='bbox 1963 3509 1996 3549; x_wconf 91' lang='lat' dir='ltr'><strong>v</strong></span> <span class='ocrx_word' id='word_1_415' title='bbox 2014 3536 2030 3561; x_wconf 94' lang='lat'><strong>,</strong></span> <span class='ocrx_word' id='word_1_416' title='bbox 2059 3494 2137 3568; x_wconf 87' lang='lat'><strong>6).</strong></span> 
     </span>
    </p>
   </div>
   <div class='ocr_carea' id='block_1_52' title="bbox 536 3567 2137 3647">
    <p class='ocr_par' dir='ltr' id='par_1_52' title="bbox 536 3567 2137 3647">
     <span class='ocr_line' id='line_1_52' title="bbox 536 3567 2137 3647; baseline 0.012 -24"><span class='ocrx_word' id='word_1_417' title='bbox 536 3567 718 3625; x_wconf 82' lang='lat' dir='ltr'><strong>Exivit</strong></span> <span class='ocrx_word' id='word_1_418' title='bbox 739 3586 770 3627; x_wconf 90' lang='lat' dir='ltr'><strong>a</strong></span> <span class='ocrx_word' id='word_1_419' title='bbox 797 3574 1020 3642; x_wconf 88' lang='lat' dir='ltr'><strong>mundo,</strong></span> <span class='ocrx_word' id='word_1_420' title='bbox 1043 3576 1213 3632; x_wconf 79' lang='lat' dir='ltr'><strong>exivit</strong></span> <span class='ocrx_word' id='word_1_421' title='bbox 1230 3593 1262 3633; x_wconf 89' lang='lat' dir='ltr'><strong>a</strong></span> <span class='ocrx_word' id='word_1_422' title='bbox 1290 3580 1515 3647; x_wconf 69' lang='lat' dir='ltr'><strong>saeculo,</strong></span> <span class='ocrx_word' id='word_1_423' title='bbox 1536 3585 1799 3638; x_wconf 90' lang='lat' dir='ltr'><strong>remansit</strong></span> <span class='ocrx_word' id='word_1_424' title='bbox 1820 3585 1872 3640; x_wconf 94' lang='lat' dir='ltr'><strong>in</strong></span> <span class='ocrx_word' id='word_1_425' title='bbox 1895 3567 2137 3644; x_wconf 89' lang='lat' dir='ltr'><strong>Christo.</strong></span> 
     </span>
    </p>
   </div>
   <div class='ocr_carea' id='block_1_53' title="bbox 540 3662 2143 3754">
    <p class='ocr_par' dir='ltr' id='par_1_53' title="bbox 540 3662 2143 3754">
     <span class='ocr_line' id='line_1_53' title="bbox 540 3662 2143 3754; baseline 0.014 -38"><span class='ocrx_word' id='word_1_426' title='bbox 540 3662 788 3732; x_wconf 64' lang='lat' dir='ltr'><strong>Quaesivi,</strong></span> <span class='ocrx_word' id='word_1_427' title='bbox 823 3668 1026 3739; x_wconf 92' lang='lat' dir='ltr'><strong>inquit,</strong></span> <span class='ocrx_word' id='word_1_428' title='bbox 1057 3687 1206 3739; x_wconf 82' lang='lat' dir='ltr'><strong>eum,</strong></span> <span class='ocrx_word' id='word_1_429' title='bbox 1229 3683 1276 3727; x_wconf 90' lang='lat' dir='ltr'><strong>et</strong></span> <span class='ocrx_word' id='word_1_430' title='bbox 1302 3690 1407 3729; x_wconf 89' lang='lat' dir='ltr'><strong>non</strong></span> <span class='ocrx_word' id='word_1_431' title='bbox 1426 3675 1595 3732; x_wconf 81' lang='lat' dir='ltr'><strong>inveni</strong></span> <span class='ocrx_word' id='word_1_432' title='bbox 1621 3693 1735 3733; x_wconf 89' lang='lat' dir='ltr'><strong>eum</strong></span> <span class='ocrx_word' id='word_1_433' title='bbox 1757 3677 1972 3754; x_wconf 89' lang='lat' dir='ltr'><strong>(Ibid.);</strong></span> <span class='ocrx_word' id='word_1_434' title='bbox 1997 3693 2143 3740; x_wconf 89' lang='lat' dir='ltr'><strong>amat</strong></span> 
     </span>
    </p>
   </div>
   <div class='ocr_carea' id='block_1_54' title="bbox 536 3759 1332 3838">
    <p class='ocr_par' dir='ltr' id='par_1_54' title="bbox 536 3759 1332 3838">
     <span class='ocr_line' id='line_1_54' title="bbox 536 3759 1332 3838; baseline 0.011 -24"><span class='ocrx_word' id='word_1_435' title='bbox 536 3759 684 3815; x_wconf 88' lang='lat' dir='ltr'><strong>enim</strong></span> <span class='ocrx_word' id='word_1_436' title='bbox 710 3759 960 3819; x_wconf 88' lang='lat' dir='ltr'><strong>Christus</strong></span> <span class='ocrx_word' id='word_1_437' title='bbox 983 3763 1076 3821; x_wconf 92' lang='lat' dir='ltr'><strong>diu</strong></span> <span class='ocrx_word' id='word_1_438' title='bbox 1108 3768 1332 3838; x_wconf 88' lang='lat' dir='ltr'><strong>requiri.</strong></span> 
     </span>
    </p>
   </div>
   <div class='ocr_carea' id='block_1_55' title="bbox 1115 3879 1517 3939">
    <p class='ocr_par' dir='ltr' id='par_1_55' title="bbox 1115 3879 1517 3939">
     <span class='ocr_line' id='line_1_55' title="bbox 1115 3879 1517 3939; baseline 0.007 -4"><span class='ocrx_word' id='word_1_439' title='bbox 1115 3879 1344 3939; x_wconf 82' lang='lat' dir='ltr'><strong>CAPUT</strong></span> <span class='ocrx_word' id='word_1_440' title='bbox 1372 3881 1517 3938; x_wconf 81' lang='lat' dir='ltr'><strong>XIV.</strong></span> 
     </span>
    </p>
   </div>
   <div class='ocr_carea' id='block_1_56' title="bbox 537 3968 2140 4042">
    <p class='ocr_par' dir='ltr' id='par_1_56' title="bbox 537 3968 2140 4042">
     <span class='ocr_line' id='line_1_56' title="bbox 537 3968 2140 4042; baseline 0.009 -16"><span class='ocrx_word' id='word_1_441' title='bbox 537 3968 795 4042; x_wconf 87' lang='lat' dir='ltr'><strong>Sponsam</strong></span> <span class='ocrx_word' id='word_1_442' title='bbox 823 3971 1040 4028; x_wconf 79' lang='lat' dir='ltr'><strong>inveniri</strong></span> <span class='ocrx_word' id='word_1_443' title='bbox 1071 3992 1104 4029; x_wconf 93' lang='lat' dir='ltr'><strong>a</strong></span> <span class='ocrx_word' id='word_1_444' title='bbox 1128 3975 1422 4031; x_wconf 87' lang='lat' dir='ltr'><strong>custodibus</strong></span> <span class='ocrx_word' id='word_1_445' title='bbox 1451 3977 1672 4038; x_wconf 76' lang='lat' dir='ltr'><strong>ctelestis</strong></span> <span class='ocrx_word' id='word_1_446' title='bbox 1717 3979 2052 4040; x_wconf 85' lang='lat' dir='ltr'><strong>Hierusalem</strong></span> <span class='ocrx_word' id='word_1_447' title='bbox 2083 3985 2140 4040; x_wconf 88' lang='lat' dir='ltr'><strong>in</strong></span> 
     </span>
    </p>
   </div>
   <div class='ocr_carea' id='block_1_57' title="bbox 605 4065 2139 4151">
    <p class='ocr_par' dir='ltr' id='par_1_57' title="bbox 605 4065 2139 4151">
     <span class='ocr_line' id='line_1_57' title="bbox 605 4065 2139 4151; baseline 0.008 -30"><span class='ocrx_word' id='word_1_448' title='bbox 605 4082 764 4138; x_wconf 85' lang='lat' dir='ltr'><strong>quam</strong></span> <span class='ocrx_word' id='word_1_449' title='bbox 809 4065 889 4121; x_wconf 84' lang='lat' dir='ltr'><strong>illi</strong></span> <span class='ocrx_word' id='word_1_450' title='bbox 930 4067 1321 4140; x_wconf 86' lang='lat' dir='ltr'><strong>ingrediendum</strong></span> <span class='ocrx_word' id='word_1_451' title='bbox 1344 4114 1359 4137; x_wconf 89' lang='lat'><strong>,</strong></span> <span class='ocrx_word' id='word_1_452' title='bbox 1389 4082 1437 4128; x_wconf 88' lang='lat' dir='ltr'><strong>et</strong></span> <span class='ocrx_word' id='word_1_453' title='bbox 1456 4089 1560 4144; x_wconf 90' lang='lat' dir='ltr'><strong>qua</strong></span> <span class='ocrx_word' id='word_1_454' title='bbox 1595 4076 1840 4132; x_wconf 81' lang='lat' dir='ltr'><strong>ratione?</strong></span> <span class='ocrx_word' id='word_1_455' title='bbox 1886 4075 2139 4151; x_wconf 86' lang='lat' dir='ltr'><strong>Ejusdem</strong></span> 
     </span>
    </p>
   </div>
   <div class='ocr_carea' id='block_1_58' title="bbox 605 4163 2137 4243">
    <p class='ocr_par' dir='ltr' id='par_1_58' title="bbox 605 4163 2137 4243">
     <span class='ocr_line' id='line_1_58' title="bbox 605 4163 2137 4243; baseline 0.008 -26"><span class='ocrx_word' id='word_1_456' title='bbox 605 4163 828 4218; x_wconf 85' lang='lat' dir='ltr'><strong>civitatis</strong></span> <span class='ocrx_word' id='word_1_457' title='bbox 855 4163 1028 4219; x_wconf 84' lang='lat' dir='ltr'><strong>lumen</strong></span> <span class='ocrx_word' id='word_1_458' title='bbox 1053 4206 1069 4232; x_wconf 88' lang='lat'><strong>,</strong></span> <span class='ocrx_word' id='word_1_459' title='bbox 1096 4166 1264 4232; x_wconf 87' lang='lat' dir='ltr'><strong>muri,</strong></span> <span class='ocrx_word' id='word_1_460' title='bbox 1296 4176 1462 4238; x_wconf 73' lang='lat' dir='ltr'><strong>porta:</strong></span> <span class='ocrx_word' id='word_1_461' title='bbox 1482 4209 1498 4236; x_wconf 97' lang='lat'><strong>,</strong></span> <span class='ocrx_word' id='word_1_462' title='bbox 1523 4184 1583 4222; x_wconf 91' lang='lat' dir='ltr'><strong>ac</strong></span> <span class='ocrx_word' id='word_1_463' title='bbox 1606 4171 1740 4226; x_wconf 80' lang='lat' dir='ltr'><strong>cives</strong></span> <span class='ocrx_word' id='word_1_464' title='bbox 1781 4171 2137 4243; x_wconf 65' lang='lat' dir='ltr'><strong>explicaretur.</strong></span> 
     </span>
    </p>
   </div>
   <div class='ocr_carea' id='block_1_59' title="bbox 609 4255 2143 4335">
    <p class='ocr_par' dir='ltr' id='par_1_59' title="bbox 609 4255 2143 4335">
     <span class='ocr_line' id='line_1_59' title="bbox 609 4255 2143 4335; baseline 0.007 -26"><span class='ocrx_word' id='word_1_465' title='bbox 609 4255 883 4324; x_wconf 83' lang='lat' dir='ltr'><strong>Quomodo</strong></span> <span class='ocrx_word' id='word_1_466' title='bbox 922 4257 1245 4327; x_wconf 86' lang='lat' dir='ltr'><strong>intelligatur</strong></span> <span class='ocrx_word' id='word_1_467' title='bbox 1283 4260 1459 4315; x_wconf 89' lang='lat' dir='ltr'><strong>anima</strong></span> <span class='ocrx_word' id='word_1_468' title='bbox 1508 4262 1727 4335; x_wconf 89' lang='lat' dir='ltr'><strong>spoliari</strong></span> <span class='ocrx_word' id='word_1_469' title='bbox 1755 4280 1788 4318; x_wconf 92' lang='lat' dir='ltr'><strong>a</strong></span> <span class='ocrx_word' id='word_1_470' title='bbox 1815 4265 2007 4319; x_wconf 87' lang='lat' dir='ltr'><strong>sanctis</strong></span> <span class='ocrx_word' id='word_1_471' title='bbox 2047 4282 2143 4321; x_wconf 89' lang='lat' dir='ltr'><strong>an-</strong></span> 
     </span>
    </p>
   </div>
   <div class='ocr_carea' id='block_1_60' title="bbox 604 4349 2142 4428">
    <p class='ocr_par' dir='ltr' id='par_1_60' title="bbox 604 4349 2142 4428">
     <span class='ocr_line' id='line_1_60' title="bbox 604 4349 2142 4428; baseline 0.006 -25"><span class='ocrx_word' id='word_1_472' title='bbox 604 4350 734 4420; x_wconf 87' lang='lat' dir='ltr'><strong>gelis</strong></span> <span class='ocrx_word' id='word_1_473' title='bbox 756 4363 776 4403; x_wconf 86' lang='lat'><strong>.&#39;</strong></span> <span class='ocrx_word' id='word_1_474' title='bbox 802 4349 1061 4420; x_wconf 84' lang='lat' dir='ltr'><strong>quomodo</strong></span> <span class='ocrx_word' id='word_1_475' title='bbox 1088 4351 1243 4405; x_wconf 89' lang='lat' dir='ltr'><strong>etiam</strong></span> <span class='ocrx_word' id='word_1_476' title='bbox 1268 4367 1382 4422; x_wconf 82' lang='lat' dir='ltr'><strong>qute</strong></span> <span class='ocrx_word' id='word_1_477' title='bbox 1408 4350 1671 4408; x_wconf 88' lang='lat' dir='ltr'><strong>Christum</strong></span> <span class='ocrx_word' id='word_1_478' title='bbox 1713 4354 1768 4410; x_wconf 89' lang='lat' dir='ltr'><strong>in</strong></span> <span class='ocrx_word' id='word_1_479' title='bbox 1799 4358 1916 4426; x_wconf 82' lang='lat' dir='ltr'><strong>foro</strong></span> <span class='ocrx_word' id='word_1_480' title='bbox 1944 4365 1991 4412; x_wconf 89' lang='lat' dir='ltr'><strong>et</strong></span> <span class='ocrx_word' id='word_1_481' title='bbox 2025 4359 2142 4428; x_wconf 90' lang='lat' dir='ltr'><strong>pla-</strong></span> 
     </span>
    </p>
   </div>
   <div class='ocr_carea' id='block_1_61' title="bbox 607 4441 2142 4520">
    <p class='ocr_par' dir='ltr' id='par_1_61' title="bbox 607 4441 2142 4520">
     <span class='ocr_line' id='line_1_61' title="bbox 607 4441 2142 4520; baseline 0.007 -25"><span class='ocrx_word' id='word_1_482' title='bbox 607 4441 702 4496; x_wconf 86' lang='lat' dir='ltr'><strong>teis</strong></span> <span class='ocrx_word' id='word_1_483' title='bbox 731 4441 955 4513; x_wconf 79' lang='lat' dir='ltr'><strong>mysticis</strong></span> <span class='ocrx_word' id='word_1_484' title='bbox 984 4443 1256 4512; x_wconf 80' lang='lat' dir='ltr'><strong>qmesitum</strong></span> <span class='ocrx_word' id='word_1_485' title='bbox 1304 4445 1556 4501; x_wconf 83' lang='lat' dir='ltr'><strong>invenerit</strong></span> <span class='ocrx_word' id='word_1_486' title='bbox 1581 4488 1595 4512; x_wconf 90' lang='lat'><strong>,</strong></span> <span class='ocrx_word' id='word_1_487' title='bbox 1629 4446 1691 4500; x_wconf 84' lang='lat' dir='ltr'><strong>ab</strong></span> <span class='ocrx_word' id='word_1_488' title='bbox 1718 4447 1910 4503; x_wconf 89' lang='lat' dir='ltr'><strong>eisdem</strong></span> <span class='ocrx_word' id='word_1_489' title='bbox 1945 4450 2142 4520; x_wconf 85' lang='lat' dir='ltr'><strong>angelis</strong></span> 
     </span>
    </p>
   </div>
   <div class='ocr_carea' id='block_1_62' title="bbox 605 4535 2140 4612">
    <p class='ocr_par' dir='ltr' id='par_1_62' title="bbox 605 4535 2140 4612">
     <span class='ocr_line' id='line_1_62' title="bbox 605 4535 2140 4612; baseline 0.006 -23"><span class='ocrx_word' id='word_1_490' title='bbox 605 4535 899 4590; x_wconf 82' lang='lat' dir='ltr'><strong>vulneretur</strong></span> <span class='ocrx_word' id='word_1_491' title='bbox 914 4536 940 4590; x_wconf 75' lang='grc'><strong><em>7</em></strong></span> <span class='ocrx_word' id='word_1_492' title='bbox 971 4535 1168 4605; x_wconf 83' lang='lat' dir='ltr'><strong>Quibus</strong></span> <span class='ocrx_word' id='word_1_493' title='bbox 1187 4538 1434 4612; x_wconf 88' lang='lat' dir='ltr'><strong>jungitur</strong></span> <span class='ocrx_word' id='word_1_494' title='bbox 1457 4538 1562 4595; x_wconf 88' lang='lat' dir='ltr'><strong>alia</strong></span> <span class='ocrx_word' id='word_1_495' title='bbox 1582 4539 1733 4611; x_wconf 84' lang='lat' dir='ltr'><strong>pallii</strong></span> <span class='ocrx_word' id='word_1_496' title='bbox 1756 4541 1956 4598; x_wconf 88' lang='lat' dir='ltr'><strong>utiliter</strong></span> <span class='ocrx_word' id='word_1_497' title='bbox 1979 4542 2140 4598; x_wconf 86' lang='lat' dir='ltr'><strong>ablati</strong></span> 
     </span>
    </p>
   </div>
   <div class='ocr_carea' id='block_1_63' title="bbox 609 4631 882 4704">
    <p class='ocr_par' dir='ltr' id='par_1_63' title="bbox 609 4631 882 4704">
     <span class='ocr_line' id='line_1_63' title="bbox 609 4631 882 4704; baseline 0 -20"><span class='ocrx_word' id='word_1_498' title='bbox 609 4631 882 4704; x_wconf 76' lang='lat' dir='ltr'><strong>expositio.</strong></span> 
     </span>
    </p>
   </div>
   <div class='ocr_carea' id='block_1_64' title="bbox 607 4723 2139 4789">
    <p class='ocr_par' dir='ltr' id='par_1_64' title="bbox 607 4723 2139 4789">
     <span class='ocr_line' id='line_1_64' title="bbox 607 4723 2139 4789; baseline 0.005 -8"><span class='ocrx_word' id='word_1_499' title='bbox 607 4723 699 4781; x_wconf 83' lang='lat'><strong>85.</strong></span> <span class='ocrx_word' id='word_1_500' title='bbox 741 4725 1071 4783; x_wconf 88' lang='lat' dir='ltr'><strong>Invenerunt</strong></span> <span class='ocrx_word' id='word_1_501' title='bbox 1095 4725 1243 4783; x_wconf 91' lang='lat' dir='ltr'><strong>illam</strong></span> <span class='ocrx_word' id='word_1_502' title='bbox 1265 4726 1522 4785; x_wconf 86' lang='lat' dir='ltr'><strong>custodes</strong></span> <span class='ocrx_word' id='word_1_503' title='bbox 1553 4742 1854 4786; x_wconf 89' lang='lat' dir='ltr'><strong>murorum.</strong></span> <span class='ocrx_word' id='word_1_504' title='bbox 1880 4729 2139 4789; x_wconf 86' lang='lat' dir='ltr'><strong>Fortasse</strong></span> 
     </span>
    </p>
   </div>
   <div class='ocr_carea' id='block_1_65' title="bbox 2246 1997 3826 2075">
    <p class='ocr_par' dir='ltr' id='par_1_65' title="bbox 2246 1997 3826 2075">
     <span class='ocr_line' id='line_1_65' title="bbox 2246 1997 3826 2075; baseline 0.004 -23"><span class='ocrx_word' id='word_1_505' title='bbox 2246 2011 2378 2067; x_wconf 85' lang='lat' dir='ltr'><strong>ergo</strong></span> <span class='ocrx_word' id='word_1_506' title='bbox 2404 1997 2679 2054; x_wconf 88' lang='lat' dir='ltr'><strong>Christum</strong></span> <span class='ocrx_word' id='word_1_507' title='bbox 2725 2014 3039 2070; x_wconf 88' lang='lat' dir='ltr'><strong>sequamur.</strong></span> <span class='ocrx_word' id='word_1_508' title='bbox 3072 2002 3178 2059; x_wconf 88' lang='lat' dir='ltr'><strong>Sed</strong></span> <span class='ocrx_word' id='word_1_509' title='bbox 3206 2003 3322 2075; x_wconf 90' lang='lat' dir='ltr'><strong>ipsa</strong></span> <span class='ocrx_word' id='word_1_510' title='bbox 3354 2005 3407 2061; x_wconf 93' lang='lat' dir='ltr'><strong>in</strong></span> <span class='ocrx_word' id='word_1_511' title='bbox 3437 2005 3585 2063; x_wconf 58' lang='lat' dir='ltr'><strong>caelo</strong></span> <span class='ocrx_word' id='word_1_512' title='bbox 3614 2016 3695 2063; x_wconf 86' lang='lat' dir='ltr'><strong>est</strong></span> <span class='ocrx_word' id='word_1_513' title='bbox 3717 2007 3826 2063; x_wconf 84' lang='lat' dir='ltr'><strong>civi-</strong></span> 
     </span>
    </p>
   </div>
   <div class='ocr_carea' id='block_1_66' title="bbox 2247 2091 3826 2166">
    <p class='ocr_par' dir='ltr' id='par_1_66' title="bbox 2247 2091 3826 2166">
     <span class='ocr_line' id='line_1_66' title="bbox 2247 2091 3826 2166; baseline 0.005 -21"><span class='ocrx_word' id='word_1_514' title='bbox 2247 2098 2350 2145; x_wconf 87' lang='lat' dir='ltr'><strong>tas.</strong></span> <span class='ocrx_word' id='word_1_515' title='bbox 2383 2091 2667 2159; x_wconf 88' lang='lat' dir='ltr'><strong>Quomodo</strong></span> <span class='ocrx_word' id='word_1_516' title='bbox 2697 2092 2859 2163; x_wconf 80' lang='lat' dir='ltr'><strong>igitur</strong></span> <span class='ocrx_word' id='word_1_517' title='bbox 2888 2094 3250 2151; x_wconf 91' lang='lat' dir='ltr'><strong>asceudamus</strong></span> <span class='ocrx_word' id='word_1_518' title='bbox 3280 2095 3349 2152; x_wconf 86' lang='lat' dir='ltr'><strong>ad</strong></span> <span class='ocrx_word' id='word_1_519' title='bbox 3403 2097 3643 2166; x_wconf 76' lang='lat' dir='ltr'><strong>coelum,</strong></span> <span class='ocrx_word' id='word_1_520' title='bbox 3692 2097 3826 2153; x_wconf 88' lang='lat' dir='ltr'><strong>docet</strong></span> 
     </span>
    </p>
   </div>
   <div class='ocr_carea' id='block_1_67' title="bbox 2250 2183 3828 2261">
    <p class='ocr_par' dir='ltr' id='par_1_67' title="bbox 2250 2183 3828 2261">
     <span class='ocr_line' id='line_1_67' title="bbox 2250 2183 3828 2261; baseline 0.004 -21"><span class='ocrx_word' id='word_1_521' title='bbox 2250 2193 2272 2223; x_wconf 68' lang='grc' dir='ltr'><strong>ε</strong></span> <span class='ocrx_word' id='word_1_522' title='bbox 2292 2183 2635 2257; x_wconf 84' lang='lat' dir='ltr'><strong>EvangeliSIa</strong></span> <span class='ocrx_word' id='word_1_523' title='bbox 2666 2186 2756 2257; x_wconf 89' lang='lat' dir='ltr'><strong>qui</strong></span> <span class='ocrx_word' id='word_1_524' title='bbox 2787 2186 2919 2241; x_wconf 89' lang='lat' dir='ltr'><strong>dicit</strong></span> <span class='ocrx_word' id='word_1_525' title='bbox 2953 2204 2967 2242; x_wconf 90' lang='lat'><strong>:</strong></span> <span class='ocrx_word' id='word_1_526' title='bbox 3002 2185 3073 2242; x_wconf 83' lang='lat' dir='ltr'><strong>Et</strong></span> <span class='ocrx_word' id='word_1_527' title='bbox 3102 2190 3250 2244; x_wconf 72' lang='lat' dir='ltr'><strong>duxit</strong></span> <span class='ocrx_word' id='word_1_528' title='bbox 3280 2207 3358 2244; x_wconf 90' lang='lat' dir='ltr'><strong>me</strong></span> <span class='ocrx_word' id='word_1_529' title='bbox 3372 2188 3609 2261; x_wconf 87' lang='lat' dir='ltr'><strong>Spiritus</strong></span> <span class='ocrx_word' id='word_1_530' title='bbox 3629 2192 3682 2247; x_wconf 87' lang='lat' dir='ltr'><strong>in</strong></span> <span class='ocrx_word' id='word_1_531' title='bbox 3706 2208 3828 2246; x_wconf 82' lang='lat' dir='ltr'><strong>mon-</strong></span> 
     </span>
    </p>
   </div>
   <div class='ocr_carea' id='block_1_68' title="bbox 2246 2282 3824 2353">
    <p class='ocr_par' dir='ltr' id='par_1_68' title="bbox 2246 2282 3824 2353">
     <span class='ocr_line' id='line_1_68' title="bbox 2246 2282 3824 2353; baseline 0.005 -19"><span class='ocrx_word' id='word_1_532' title='bbox 2246 2288 2345 2334; x_wconf 87' lang='lat' dir='ltr'><strong>tem</strong></span> <span class='ocrx_word' id='word_1_533' title='bbox 2373 2295 2618 2353; x_wconf 85' lang='lat' dir='ltr'><strong>magnum</strong></span> <span class='ocrx_word' id='word_1_534' title='bbox 2645 2290 2695 2334; x_wconf 85' lang='lat' dir='ltr'><strong>et</strong></span> <span class='ocrx_word' id='word_1_535' title='bbox 2725 2282 2910 2349; x_wconf 87' lang='lat' dir='ltr'><strong>altum,</strong></span> <span class='ocrx_word' id='word_1_536' title='bbox 2942 2293 2987 2339; x_wconf 86' lang='lat' dir='ltr'><strong>et</strong></span> <span class='ocrx_word' id='word_1_537' title='bbox 3018 2283 3243 2338; x_wconf 79' lang='lat' dir='ltr'><strong>ostendit</strong></span> <span class='ocrx_word' id='word_1_538' title='bbox 3276 2284 3403 2339; x_wconf 86' lang='lat' dir='ltr'><strong>mihi</strong></span> <span class='ocrx_word' id='word_1_539' title='bbox 3432 2288 3695 2342; x_wconf 81' lang='lat' dir='ltr'><strong>civitatem</strong></span> <span class='ocrx_word' id='word_1_540' title='bbox 3722 2304 3824 2341; x_wconf 84' lang='lat' dir='ltr'><strong>san-</strong></span> 
     </span>
    </p>
   </div>
   <div class='ocr_carea' id='block_1_69' title="bbox 2246 2372 3821 2451">
    <p class='ocr_par' dir='ltr' id='par_1_69' title="bbox 2246 2372 3821 2451">
     <span class='ocr_line' id='line_1_69' title="bbox 2246 2372 3821 2451; baseline 0.003 -23"><span class='ocrx_word' id='word_1_541' title='bbox 2246 2385 2378 2428; x_wconf 88' lang='lat' dir='ltr'><strong>ctam</strong></span> <span class='ocrx_word' id='word_1_542' title='bbox 2404 2372 2731 2429; x_wconf 81' lang='lat' dir='ltr'><strong>Hierusalem</strong></span> <span class='ocrx_word' id='word_1_543' title='bbox 2752 2374 3141 2431; x_wconf 82' lang='lat' dir='ltr'><strong>descendentem</strong></span> <span class='ocrx_word' id='word_1_544' title='bbox 3162 2380 3226 2431; x_wconf 90' lang='lat' dir='ltr'><strong>de</strong></span> <span class='ocrx_word' id='word_1_545' title='bbox 3245 2377 3369 2431; x_wconf 64' lang='lat' dir='ltr'><strong>caelo</strong></span> <span class='ocrx_word' id='word_1_546' title='bbox 3392 2377 3583 2451; x_wconf 78' lang='lat' dir='ltr'><strong>(Apoc.</strong></span> <span class='ocrx_word' id='word_1_547' title='bbox 3604 2394 3710 2445; x_wconf 71' lang='lat' dir='ltr'><strong>ut,</strong></span> <span class='ocrx_word' id='word_1_548' title='bbox 3730 2378 3821 2451; x_wconf 81' lang='lat' dir='ltr'><strong>i0).</strong></span> 
     </span>
    </p>
   </div>
   <div class='ocr_carea' id='block_1_70' title="bbox 2245 2466 3824 2541">
    <p class='ocr_par' dir='ltr' id='par_1_70' title="bbox 2245 2466 3824 2541">
     <span class='ocr_line' id='line_1_70' title="bbox 2245 2466 3824 2541; baseline 0.001 -18"><span class='ocrx_word' id='word_1_549' title='bbox 2245 2466 2619 2524; x_wconf 85' lang='lat' dir='ltr'><strong>Ascendamus</strong></span> <span class='ocrx_word' id='word_1_550' title='bbox 2662 2484 2792 2540; x_wconf 91' lang='lat' dir='ltr'><strong>ergo</strong></span> <span class='ocrx_word' id='word_1_551' title='bbox 2838 2470 3070 2539; x_wconf 87' lang='lat' dir='ltr'><strong>spiritu;</strong></span> <span class='ocrx_word' id='word_1_552' title='bbox 3103 2470 3231 2541; x_wconf 86' lang='lat' dir='ltr'><strong>quia</strong></span> <span class='ocrx_word' id='word_1_553' title='bbox 3281 2486 3410 2528; x_wconf 89' lang='lat' dir='ltr'><strong>caro</strong></span> <span class='ocrx_word' id='word_1_554' title='bbox 3456 2472 3750 2528; x_wconf 86' lang='lat' dir='ltr'><strong>ascendere</strong></span> <span class='ocrx_word' id='word_1_555' title='bbox 3771 2470 3824 2525; x_wconf 85' lang='lat' dir='ltr'><strong>ad</strong></span> 
     </span>
    </p>
   </div>
   <div class='ocr_carea' id='block_1_71' title="bbox 2244 2563 3823 2633">
    <p class='ocr_par' dir='ltr' id='par_1_71' title="bbox 2244 2563 3823 2633">
     <span class='ocr_line' id='line_1_71' title="bbox 2244 2563 3823 2633; baseline 0.001 -17"><span class='ocrx_word' id='word_1_556' title='bbox 2244 2576 2363 2617; x_wconf 88' lang='lat' dir='ltr'><strong>eam</strong></span> <span class='ocrx_word' id='word_1_557' title='bbox 2394 2578 2500 2617; x_wconf 90' lang='lat' dir='ltr'><strong>non</strong></span> <span class='ocrx_word' id='word_1_558' title='bbox 2531 2571 2727 2633; x_wconf 87' lang='lat' dir='ltr'><strong>potest.</strong></span> <span class='ocrx_word' id='word_1_559' title='bbox 2757 2564 3124 2619; x_wconf 82' lang='lat' dir='ltr'><strong>Ascendamus</strong></span> <span class='ocrx_word' id='word_1_560' title='bbox 3154 2578 3255 2620; x_wconf 90' lang='lat' dir='ltr'><strong>nos</strong></span> <span class='ocrx_word' id='word_1_561' title='bbox 3286 2563 3509 2621; x_wconf 91' lang='lat' dir='ltr'><strong>interim</strong></span> <span class='ocrx_word' id='word_1_562' title='bbox 3536 2566 3605 2622; x_wconf 88' lang='lat' dir='ltr'><strong>ad</strong></span> <span class='ocrx_word' id='word_1_563' title='bbox 3631 2564 3823 2632; x_wconf 73' lang='lat' dir='ltr'><strong>omium,</strong></span> 
     </span>
    </p>
   </div>
   <div class='ocr_carea' id='block_1_72' title="bbox 2246 2655 3823 2731">
    <p class='ocr_par' dir='ltr' id='par_1_72' title="bbox 2246 2655 3823 2731">
     <span class='ocr_line' id='line_1_72' title="bbox 2246 2655 3823 2731; baseline 0.003 -22"><span class='ocrx_word' id='word_1_564' title='bbox 2246 2662 2307 2710; x_wconf 93' lang='lat' dir='ltr'><strong>ut</strong></span> <span class='ocrx_word' id='word_1_565' title='bbox 2328 2655 2395 2710; x_wconf 91' lang='lat' dir='ltr'><strong>ad</strong></span> <span class='ocrx_word' id='word_1_566' title='bbox 2423 2670 2522 2711; x_wconf 90' lang='lat' dir='ltr'><strong>nos</strong></span> <span class='ocrx_word' id='word_1_567' title='bbox 2541 2664 2725 2725; x_wconf 91' lang='lat' dir='ltr'><strong>postea</strong></span> <span class='ocrx_word' id='word_1_568' title='bbox 2750 2655 2819 2712; x_wconf 94' lang='lat' dir='ltr'><strong>de</strong></span> <span class='ocrx_word' id='word_1_569' title='bbox 2840 2656 2981 2712; x_wconf 61' lang='lat' dir='ltr'><strong>caelo</strong></span> <span class='ocrx_word' id='word_1_570' title='bbox 3004 2657 3093 2711; x_wconf 89' lang='lat' dir='ltr'><strong>illa</strong></span> <span class='ocrx_word' id='word_1_571' title='bbox 3116 2657 3433 2725; x_wconf 86' lang='lat' dir='ltr'><strong>descendat,</strong></span> <span class='ocrx_word' id='word_1_572' title='bbox 3453 2659 3508 2714; x_wconf 79' lang='lat' dir='ltr'><strong>in</strong></span> <span class='ocrx_word' id='word_1_573' title='bbox 3538 2675 3643 2731; x_wconf 90' lang='lat' dir='ltr'><strong>qua</strong></span> <span class='ocrx_word' id='word_1_574' title='bbox 3670 2660 3823 2714; x_wconf 88' lang='lat' dir='ltr'><strong>lumen</strong></span> 
     </span>
    </p>
   </div>
   <div class='ocr_carea' id='block_1_73' title="bbox 2243 2751 3824 2826">
    <p class='ocr_par' dir='ltr' id='par_1_73' title="bbox 2243 2751 3824 2826">
     <span class='ocr_line' id='line_1_73' title="bbox 2243 2751 3824 2826; baseline 0.001 -19"><span class='ocrx_word' id='word_1_575' title='bbox 2243 2760 2328 2807; x_wconf 88' lang='lat' dir='ltr'><strong>est</strong></span> <span class='ocrx_word' id='word_1_576' title='bbox 2367 2751 2544 2806; x_wconf 89' lang='lat' dir='ltr'><strong>simile</strong></span> <span class='ocrx_word' id='word_1_577' title='bbox 2575 2751 2770 2821; x_wconf 85' lang='lat' dir='ltr'><strong>lapidis</strong></span> <span class='ocrx_word' id='word_1_578' title='bbox 2797 2752 3215 2823; x_wconf 88' lang='lat' dir='ltr'><strong>pretiosissimi,</strong></span> <span class='ocrx_word' id='word_1_579' title='bbox 3267 2762 3327 2809; x_wconf 91' lang='lat' dir='ltr'><strong>ut</strong></span> <span class='ocrx_word' id='word_1_580' title='bbox 3376 2754 3581 2825; x_wconf 89' lang='lat' dir='ltr'><strong>lapidis</strong></span> <span class='ocrx_word' id='word_1_581' title='bbox 3626 2753 3824 2826; x_wconf 77' lang='lat' dir='ltr'><strong>jaSpidis</strong></span> 
     </span>
    </p>
   </div>
   <div class='ocr_carea' id='block_1_74' title="bbox 2243 2843 3822 2921">
    <p class='ocr_par' dir='ltr' id='par_1_74' title="bbox 2243 2843 3822 2921">
     <span class='ocr_line' id='line_1_74' title="bbox 2243 2843 3822 2921; baseline 0 -20"><span class='ocrx_word' id='word_1_582' title='bbox 2243 2854 2301 2901; x_wconf 92' lang='lat' dir='ltr'><strong>et</strong></span> <span class='ocrx_word' id='word_1_583' title='bbox 2343 2844 2585 2917; x_wconf 86' lang='lat' dir='ltr'><strong>crystalli</strong></span> <span class='ocrx_word' id='word_1_584' title='bbox 2618 2843 2808 2917; x_wconf 88' lang='lat' dir='ltr'><strong>(Ibid.,</strong></span> <span class='ocrx_word' id='word_1_585' title='bbox 2843 2843 2955 2918; x_wconf 76' lang='lat' dir='ltr'><strong>ti).</strong></span> <span class='ocrx_word' id='word_1_586' title='bbox 3009 2845 3184 2903; x_wconf 82' lang='lat' dir='ltr'><strong>Habet</strong></span> <span class='ocrx_word' id='word_1_587' title='bbox 3216 2861 3432 2904; x_wconf 90' lang='lat' dir='ltr'><strong>murum</strong></span> <span class='ocrx_word' id='word_1_588' title='bbox 3481 2863 3731 2921; x_wconf 87' lang='lat' dir='ltr'><strong>magnum</strong></span> <span class='ocrx_word' id='word_1_589' title='bbox 3778 2855 3822 2902; x_wconf 89' lang='lat' dir='ltr'><strong>et</strong></span> 
     </span>
    </p>
   </div>
   <div class='ocr_carea' id='block_1_75' title="bbox 2242 2937 2434 2994">
    <p class='ocr_par' dir='ltr' id='par_1_75' title="bbox 2242 2937 2434 2994">
     <span class='ocr_line' id='line_1_75' title="bbox 2242 2937 2434 2994; baseline 0.01 -2"><span class='ocrx_word' id='word_1_590' title='bbox 2242 2937 2434 2994; x_wconf 89' lang='lat' dir='ltr'><strong>altum.</strong></span> 
     </span>
    </p>
   </div>
   <div class='ocr_carea' id='block_1_76' title="bbox 2316 3032 3819 3106">
    <p class='ocr_par' dir='ltr' id='par_1_76' title="bbox 2316 3032 3819 3106">
     <span class='ocr_line' id='line_1_76' title="bbox 2316 3032 3819 3106; baseline 0.001 -18"><span class='ocrx_word' id='word_1_591' title='bbox 2316 3032 2407 3088; x_wconf 89' lang='lat'><strong>87.</strong></span> <span class='ocrx_word' id='word_1_592' title='bbox 2449 3032 2693 3089; x_wconf 90' lang='lat' dir='ltr'><strong>Didicisti</strong></span> <span class='ocrx_word' id='word_1_593' title='bbox 2739 3032 2954 3098; x_wconf 88' lang='lat' dir='ltr'><strong>lumen.</strong></span> <span class='ocrx_word' id='word_1_594' title='bbox 2984 3033 3220 3090; x_wconf 91' lang='lat' dir='ltr'><strong>didicisti</strong></span> <span class='ocrx_word' id='word_1_595' title='bbox 3251 3048 3465 3090; x_wconf 91' lang='lat' dir='ltr'><strong>murum</strong></span> <span class='ocrx_word' id='word_1_596' title='bbox 3504 3034 3693 3091; x_wconf 89' lang='lat' dir='ltr'><strong>:disce</strong></span> <span class='ocrx_word' id='word_1_597' title='bbox 3718 3049 3819 3106; x_wconf 86' lang='lat' dir='ltr'><strong>por-</strong></span> 
     </span>
    </p>
   </div>
   <div class='ocr_carea' id='block_1_77' title="bbox 2244 3126 3822 3199">
    <p class='ocr_par' dir='ltr' id='par_1_77' title="bbox 2244 3126 3822 3199">
     <span class='ocr_line' id='line_1_77' title="bbox 2244 3126 3822 3199; baseline -0.002 -15"><span class='ocrx_word' id='word_1_598' title='bbox 2244 3137 2348 3196; x_wconf 92' lang='lat' dir='ltr'><strong>tas,</strong></span> <span class='ocrx_word' id='word_1_599' title='bbox 2376 3127 2525 3185; x_wconf 92' lang='lat' dir='ltr'><strong>disce</strong></span> <span class='ocrx_word' id='word_1_600' title='bbox 2555 3128 2830 3185; x_wconf 84' lang='lat' dir='ltr'><strong>custodes.</strong></span> <span class='ocrx_word' id='word_1_601' title='bbox 2862 3128 3050 3193; x_wconf 82' lang='lat' dir='ltr'><strong>Habet,</strong></span> <span class='ocrx_word' id='word_1_602' title='bbox 3080 3126 3291 3199; x_wconf 90' lang='lat' dir='ltr'><strong>inquit,</strong></span> <span class='ocrx_word' id='word_1_603' title='bbox 3322 3138 3505 3199; x_wconf 87' lang='lat' dir='ltr'><strong>portas</strong></span> <span class='ocrx_word' id='word_1_604' title='bbox 3544 3129 3822 3193; x_wconf 82' lang='lat' dir='ltr'><strong>duodecim;</strong></span> 
     </span>
    </p>
   </div>
   <div class='ocr_carea' id='block_1_78' title="bbox 2241 3221 3824 3297">
    <p class='ocr_par' dir='ltr' id='par_1_78' title="bbox 2241 3221 3824 3297">
     <span class='ocr_line' id='line_1_78' title="bbox 2241 3221 3824 3297; baseline -0.003 -18"><span class='ocrx_word' id='word_1_605' title='bbox 2241 3233 2292 3279; x_wconf 90' lang='lat' dir='ltr'><strong>et</strong></span> <span class='ocrx_word' id='word_1_606' title='bbox 2334 3226 2391 3280; x_wconf 88' lang='lat' dir='ltr'><strong>in</strong></span> <span class='ocrx_word' id='word_1_607' title='bbox 2418 3225 2581 3295; x_wconf 91' lang='lat' dir='ltr'><strong>portis</strong></span> <span class='ocrx_word' id='word_1_608' title='bbox 2608 3221 2636 3262; x_wconf 76' lang='grc' dir='ltr'>ά</span> <span class='ocrx_word' id='word_1_609' title='bbox 2659 3227 2870 3297; x_wconf 89' lang='lat' dir='ltr'><strong>angelos</strong></span> <span class='ocrx_word' id='word_1_610' title='bbox 2900 3225 3176 3281; x_wconf 88' lang='lat' dir='ltr'><strong>duodecim</strong></span> <span class='ocrx_word' id='word_1_611' title='bbox 3198 3269 3211 3291; x_wconf 95' lang='lat'><strong>,</strong></span> <span class='ocrx_word' id='word_1_612' title='bbox 3245 3225 3299 3281; x_wconf 90' lang='lat' dir='ltr'><strong>in</strong></span> <span class='ocrx_word' id='word_1_613' title='bbox 3328 3224 3535 3297; x_wconf 59' lang='lat' dir='ltr'><strong>[quibus</strong></span> <span class='ocrx_word' id='word_1_614' title='bbox 3585 3225 3824 3281; x_wconf 82' lang='lat' dir='ltr'><strong>duodecim</strong></span> 
     </span>
    </p>
   </div>
   <div class='ocr_carea' id='block_1_79' title="bbox 2248 3318 3821 3393">
    <p class='ocr_par' dir='ltr' id='par_1_79' title="bbox 2248 3318 3821 3393">
     <span class='ocr_line' id='line_1_79' title="bbox 2248 3318 3821 3393; baseline -0.003 -18"><span class='ocrx_word' id='word_1_615' title='bbox 2248 3320 2471 3375; x_wconf 88' lang='lat' dir='ltr'><strong>tribuum</strong></span> <span class='ocrx_word' id='word_1_616' title='bbox 2491 3319 2717 3390; x_wconf 77' lang='lat' dir='ltr'><strong>ﬁliorum</strong></span> <span class='ocrx_word' id='word_1_617' title='bbox 2741 3318 2908 3374; x_wconf 84' lang='lat' dir='ltr'><strong>Israel</strong></span> <span class='ocrx_word' id='word_1_618' title='bbox 2929 3321 3281 3392; x_wconf 87' lang='lat' dir='ltr'><strong>superscripta</strong></span> <span class='ocrx_word' id='word_1_619' title='bbox 3299 3328 3416 3375; x_wconf 85' lang='lat' dir='ltr'><strong>sunt</strong></span> <span class='ocrx_word' id='word_1_620' title='bbox 3434 3318 3821 3393; x_wconf 87' lang='lat' dir='ltr'><strong>nomina(lbid.,</strong></span> 
     </span>
    </p>
   </div>
   <div class='ocr_carea' id='block_1_80' title="bbox 2249 3411 3822 3486">
    <p class='ocr_par' dir='ltr' id='par_1_80' title="bbox 2249 3411 3822 3486">
     <span class='ocr_line' id='line_1_80' title="bbox 2249 3411 3822 3486; baseline -0.003 -17"><span class='ocrx_word' id='word_1_621' title='bbox 2249 3414 2363 3486; x_wconf 73' lang='grc'><strong>12).</strong></span> <span class='ocrx_word' id='word_1_622' title='bbox 2389 3412 2446 3469; x_wconf 93' lang='lat' dir='ltr'><strong>ln</strong></span> <span class='ocrx_word' id='word_1_623' title='bbox 2480 3415 2653 3485; x_wconf 91' lang='lat' dir='ltr'><strong>portis</strong></span> <span class='ocrx_word' id='word_1_624' title='bbox 2679 3412 3109 3482; x_wconf 87' lang='lat' dir='ltr'><strong>patriarcharum</strong></span> <span class='ocrx_word' id='word_1_625' title='bbox 3142 3414 3365 3469; x_wconf 90' lang='lat' dir='ltr'><strong>nomina</strong></span> <span class='ocrx_word' id='word_1_626' title='bbox 3390 3416 3755 3479; x_wconf 90' lang='lat' dir='ltr'><strong>continentur,</strong></span> <span class='ocrx_word' id='word_1_627' title='bbox 3781 3411 3822 3465; x_wconf 90' lang='lat' dir='ltr'><strong>in</strong></span> 
     </span>
    </p>
   </div>
   <div class='ocr_carea' id='block_1_81' title="bbox 2246 3507 3824 3580">
    <p class='ocr_par' dir='ltr' id='par_1_81' title="bbox 2246 3507 3824 3580">
     <span class='ocr_line' id='line_1_81' title="bbox 2246 3507 3824 3580; baseline -0.004 -15"><span class='ocrx_word' id='word_1_628' title='bbox 2246 3522 2404 3565; x_wconf 89' lang='lat' dir='ltr'><strong>muro</strong></span> <span class='ocrx_word' id='word_1_629' title='bbox 2434 3509 2844 3580; x_wconf 84' lang='lat' dir='ltr'><strong>apostolorum;</strong></span> <span class='ocrx_word' id='word_1_630' title='bbox 2882 3507 3232 3566; x_wconf 79' lang='lat' dir='ltr'><strong>fundamenta</strong></span> <span class='ocrx_word' id='word_1_631' title='bbox 3260 3510 3406 3566; x_wconf 92' lang='lat' dir='ltr'><strong>enim</strong></span> <span class='ocrx_word' id='word_1_632' title='bbox 3433 3510 3701 3573; x_wconf 86' lang='lat' dir='ltr'><strong>civitatis,</strong></span> <span class='ocrx_word' id='word_1_633' title='bbox 3720 3522 3824 3579; x_wconf 87' lang='lat' dir='ltr'><strong>apo-</strong></span> 
     </span>
    </p>
   </div>
   <div class='ocr_carea' id='block_1_82' title="bbox 2244 3600 3822 3673">
    <p class='ocr_par' dir='ltr' id='par_1_82' title="bbox 2244 3600 3822 3673">
     <span class='ocr_line' id='line_1_82' title="bbox 2244 3600 3822 3673; baseline -0.003 -17"><span class='ocrx_word' id='word_1_634' title='bbox 2244 3600 2369 3656; x_wconf 90' lang='lat' dir='ltr'><strong>stoli</strong></span> <span class='ocrx_word' id='word_1_635' title='bbox 2397 3600 2561 3673; x_wconf 85' lang='lat' dir='ltr'><strong>(Ibid.</strong></span> <span class='ocrx_word' id='word_1_636' title='bbox 2595 3600 2686 3673; x_wconf 62' lang='lat' dir='ltr'><strong>id)</strong></span> <span class='ocrx_word' id='word_1_637' title='bbox 2716 3619 2730 3656; x_wconf 88' lang='lat'><strong>:</strong></span> <span class='ocrx_word' id='word_1_638' title='bbox 2763 3614 2818 3657; x_wconf 92' lang='lat' dir='ltr'><strong>et</strong></span> <span class='ocrx_word' id='word_1_639' title='bbox 2848 3601 2988 3672; x_wconf 89' lang='lat' dir='ltr'><strong>lapis</strong></span> <span class='ocrx_word' id='word_1_640' title='bbox 3021 3601 3302 3673; x_wconf 81' lang='lat' dir='ltr'><strong>angularis</strong></span> <span class='ocrx_word' id='word_1_641' title='bbox 3347 3612 3432 3658; x_wconf 89' lang='lat' dir='ltr'><strong>est</strong></span> <span class='ocrx_word' id='word_1_642' title='bbox 3475 3600 3755 3667; x_wconf 89' lang='lat' dir='ltr'><strong>Christus,</strong></span> <span class='ocrx_word' id='word_1_643' title='bbox 3780 3600 3822 3653; x_wconf 87' lang='lat' dir='ltr'><strong>in</strong></span> 
     </span>
    </p>
   </div>
   <div class='ocr_carea' id='block_1_83' title="bbox 2244 3691 3824 3768">
    <p class='ocr_par' dir='ltr' id='par_1_83' title="bbox 2244 3691 3824 3768">
     <span class='ocr_line' id='line_1_83' title="bbox 2244 3691 3824 3768; baseline -0.001 -21"><span class='ocrx_word' id='word_1_644' title='bbox 2244 3708 2352 3766; x_wconf 92' lang='lat' dir='ltr'><strong>quo</strong></span> <span class='ocrx_word' id='word_1_645' title='bbox 2380 3696 2562 3750; x_wconf 91' lang='lat' dir='ltr'><strong>omnis</strong></span> <span class='ocrx_word' id='word_1_646' title='bbox 2589 3704 2865 3751; x_wconf 86' lang='lat' dir='ltr'><strong>structura</strong></span> <span class='ocrx_word' id='word_1_647' title='bbox 2891 3697 3197 3768; x_wconf 84' lang='lat' dir='ltr'><strong>consurgit.</strong></span> <span class='ocrx_word' id='word_1_648' title='bbox 3230 3696 3374 3752; x_wconf 91' lang='lat' dir='ltr'><strong>Deus</strong></span> <span class='ocrx_word' id='word_1_649' title='bbox 3397 3707 3579 3763; x_wconf 78' lang='lat' dir='ltr'><strong>extra,</strong></span> <span class='ocrx_word' id='word_1_650' title='bbox 3607 3697 3743 3753; x_wconf 90' lang='lat' dir='ltr'><strong>Deus</strong></span> <span class='ocrx_word' id='word_1_651' title='bbox 3764 3691 3824 3747; x_wconf 88' lang='lat' dir='ltr'><strong>in-</strong></span> 
     </span>
    </p>
   </div>
   <div class='ocr_carea' id='block_1_84' title="bbox 2246 3788 3823 3865">
    <p class='ocr_par' dir='ltr' id='par_1_84' title="bbox 2246 3788 3823 3865">
     <span class='ocr_line' id='line_1_84' title="bbox 2246 3788 3823 3865; baseline -0.003 -20"><span class='ocrx_word' id='word_1_652' title='bbox 2246 3799 2332 3846; x_wconf 88' lang='lat' dir='ltr'><strong>tus</strong></span> <span class='ocrx_word' id='word_1_653' title='bbox 2358 3832 2374 3859; x_wconf 94' lang='lat'><strong>,</strong></span> <span class='ocrx_word' id='word_1_654' title='bbox 2403 3791 2548 3846; x_wconf 88' lang='lat' dir='ltr'><strong>Deus</strong></span> <span class='ocrx_word' id='word_1_655' title='bbox 2599 3791 2800 3862; x_wconf 82' lang='lat' dir='ltr'><strong>ubique</strong></span> <span class='ocrx_word' id='word_1_656' title='bbox 2825 3800 2937 3865; x_wconf 84' lang='lat' dir='ltr'><strong>est;</strong></span> <span class='ocrx_word' id='word_1_657' title='bbox 2987 3791 3148 3847; x_wconf 86' lang='lat' dir='ltr'><strong>habet</strong></span> <span class='ocrx_word' id='word_1_658' title='bbox 3188 3791 3333 3847; x_wconf 91' lang='lat' dir='ltr'><strong>enim</strong></span> <span class='ocrx_word' id='word_1_659' title='bbox 3355 3833 3369 3857; x_wconf 96' lang='lat'><strong>,</strong></span> <span class='ocrx_word' id='word_1_660' title='bbox 3401 3791 3614 3863; x_wconf 87' lang='lat' dir='ltr'><strong>inquit,</strong></span> <span class='ocrx_word' id='word_1_661' title='bbox 3660 3788 3823 3845; x_wconf 83' lang='lat' dir='ltr'><strong>civitas</strong></span> 
     </span>
    </p>
   </div>
   <div class='ocr_carea' id='block_1_85' title="bbox 2247 3881 3824 3957">
    <p class='ocr_par' dir='ltr' id='par_1_85' title="bbox 2247 3881 3824 3957">
     <span class='ocr_line' id='line_1_85' title="bbox 2247 3881 3824 3957; baseline -0.005 -16"><span class='ocrx_word' id='word_1_662' title='bbox 2247 3885 2587 3957; x_wconf 82' lang='lat' dir='ltr'><strong>maiestatem</strong></span> <span class='ocrx_word' id='word_1_663' title='bbox 2621 3885 2712 3941; x_wconf 92' lang='lat' dir='ltr'><strong>Dei</strong></span> <span class='ocrx_word' id='word_1_664' title='bbox 2741 3882 2930 3954; x_wconf 89' lang='lat' dir='ltr'><strong>(Ibid.,</strong></span> <span class='ocrx_word' id='word_1_665' title='bbox 2958 3886 3073 3955; x_wconf 74' lang='lat' dir='ltr'><strong>il).</strong></span> <span class='ocrx_word' id='word_1_666' title='bbox 3105 3885 3251 3957; x_wconf 88' lang='lat' dir='ltr'><strong>Ergo</strong></span> <span class='ocrx_word' id='word_1_667' title='bbox 3278 3892 3335 3940; x_wconf 92' lang='lat' dir='ltr'><strong>et</strong></span> <span class='ocrx_word' id='word_1_668' title='bbox 3361 3900 3483 3950; x_wconf 89' lang='lat' dir='ltr'><strong>vos,</strong></span> <span class='ocrx_word' id='word_1_669' title='bbox 3518 3895 3717 3941; x_wconf 73' lang='lat' dir='ltr'><strong>sancta:</strong></span> <span class='ocrx_word' id='word_1_670' title='bbox 3735 3881 3824 3937; x_wconf 85' lang='lat' dir='ltr'><strong>vir-</strong></span> 
     </span>
    </p>
   </div>
   <div class='ocr_carea' id='block_1_86' title="bbox 2243 3980 3821 4053">
    <p class='ocr_par' dir='ltr' id='par_1_86' title="bbox 2243 3980 3821 4053">
     <span class='ocr_line' id='line_1_86' title="bbox 2243 3980 3821 4053; baseline 0 -20"><span class='ocrx_word' id='word_1_671' title='bbox 2243 3981 2427 4051; x_wconf 89' lang='lat' dir='ltr'><strong>gines,</strong></span> <span class='ocrx_word' id='word_1_672' title='bbox 2456 3990 2510 4036; x_wconf 88' lang='lat' dir='ltr'><strong>et</strong></span> <span class='ocrx_word' id='word_1_673' title='bbox 2538 3981 2866 4052; x_wconf 83' lang='lat' dir='ltr'><strong>quicumque</strong></span> <span class='ocrx_word' id='word_1_674' title='bbox 2889 3980 3021 4052; x_wconf 87' lang='lat' dir='ltr'><strong>justi</strong></span> <span class='ocrx_word' id='word_1_675' title='bbox 3046 3980 3216 4045; x_wconf 89' lang='lat' dir='ltr'><strong>estis,</strong></span> <span class='ocrx_word' id='word_1_676' title='bbox 3248 3980 3407 4053; x_wconf 73' lang='lat'><strong>235</strong></span> <span class='ocrx_word' id='word_1_677' title='bbox 3440 3990 3465 4019; x_wconf 75' lang='grc' dir='ltr'><strong>ε</strong></span> <span class='ocrx_word' id='word_1_678' title='bbox 3502 3992 3558 4037; x_wconf 89' lang='grc' dir='ltr'><strong>ει</strong></span> <span class='ocrx_word' id='word_1_679' title='bbox 3589 3981 3821 4037; x_wconf 87' lang='lat' dir='ltr'><strong>immacu-</strong></span> 
     </span>
    </p>
   </div>
   <div class='ocr_carea' id='block_1_87' title="bbox 2246 4073 3824 4146">
    <p class='ocr_par' dir='ltr' id='par_1_87' title="bbox 2246 4073 3824 4146">
     <span class='ocr_line' id='line_1_87' title="bbox 2246 4073 3824 4146; baseline 0 -18"><span class='ocrx_word' id='word_1_680' title='bbox 2246 4073 2407 4129; x_wconf 90' lang='lat' dir='ltr'><strong>latam</strong></span> <span class='ocrx_word' id='word_1_681' title='bbox 2439 4074 2633 4130; x_wconf 75' lang='lat' dir='ltr'><strong>animm</strong></span> <span class='ocrx_word' id='word_1_682' title='bbox 2658 4075 2847 4146; x_wconf 92' lang='lat' dir='ltr'><strong>geritis</strong></span> <span class='ocrx_word' id='word_1_683' title='bbox 2876 4074 3221 4141; x_wconf 88' lang='lat' dir='ltr'><strong>castitatem,</strong></span> <span class='ocrx_word' id='word_1_684' title='bbox 3246 4075 3395 4131; x_wconf 89' lang='lat' dir='ltr'><strong>cives</strong></span> <span class='ocrx_word' id='word_1_685' title='bbox 3420 4084 3727 4132; x_wconf 88' lang='lat' dir='ltr'><strong>sanctorum</strong></span> <span class='ocrx_word' id='word_1_686' title='bbox 3753 4086 3824 4128; x_wconf 56' lang='lat' dir='ltr'><strong>es.</strong></span> 
     </span>
    </p>
   </div>
   <div class='ocr_carea' id='block_1_88' title="bbox 2245 4166 3824 4235">
    <p class='ocr_par' dir='ltr' id='par_1_88' title="bbox 2245 4166 3824 4235">
     <span class='ocr_line' id='line_1_88' title="bbox 2245 4166 3824 4235; baseline -0.001 -12"><span class='ocrx_word' id='word_1_687' title='bbox 2245 4167 2314 4223; x_wconf 92' lang='lat' dir='ltr'><strong>tis</strong></span> <span class='ocrx_word' id='word_1_688' title='bbox 2340 4177 2396 4223; x_wconf 88' lang='lat' dir='ltr'><strong>et</strong></span> <span class='ocrx_word' id='word_1_689' title='bbox 2420 4166 2703 4223; x_wconf 85' lang='lat' dir='ltr'><strong>domestici</strong></span> <span class='ocrx_word' id='word_1_690' title='bbox 2736 4166 2849 4223; x_wconf 89' lang='lat' dir='ltr'><strong>Dei.</strong></span> <span class='ocrx_word' id='word_1_691' title='bbox 2879 4166 2986 4224; x_wconf 87' lang='lat' dir='ltr'><strong>Sed</strong></span> <span class='ocrx_word' id='word_1_692' title='bbox 3018 4178 3146 4224; x_wconf 92' lang='lat' dir='ltr'><strong>tunc</strong></span> <span class='ocrx_word' id='word_1_693' title='bbox 3173 4167 3517 4224; x_wconf 87' lang='lat' dir='ltr'><strong>nobilitatem</strong></span> <span class='ocrx_word' id='word_1_694' title='bbox 3562 4170 3714 4224; x_wconf 89' lang='lat' dir='ltr'><strong>istam</strong></span> <span class='ocrx_word' id='word_1_695' title='bbox 3748 4178 3824 4235; x_wconf 42' lang='lat' dir='ltr'><strong>pa.</strong></span> 
     </span>
    </p>
   </div>
   <div class='ocr_carea' id='block_1_89' title="bbox 2243 4259 3821 4336">
    <p class='ocr_par' dir='ltr' id='par_1_89' title="bbox 2243 4259 3821 4336">
     <span class='ocr_line' id='line_1_89' title="bbox 2243 4259 3821 4336; baseline -0.005 -16"><span class='ocrx_word' id='word_1_696' title='bbox 2243 4263 2365 4320; x_wconf 72' lang='lat' dir='ltr'><strong>tria:</strong></span> <span class='ocrx_word' id='word_1_697' title='bbox 2413 4262 2790 4336; x_wconf 89' lang='lat' dir='ltr'><strong>possidebitis,</strong></span> <span class='ocrx_word' id='word_1_698' title='bbox 2823 4263 2872 4320; x_wconf 89' lang='lat' dir='ltr'><strong>si</strong></span> <span class='ocrx_word' id='word_1_699' title='bbox 2901 4261 3178 4319; x_wconf 89' lang='lat' dir='ltr'><strong>Christum</strong></span> <span class='ocrx_word' id='word_1_700' title='bbox 3227 4264 3367 4318; x_wconf 89' lang='lat' dir='ltr'><strong>intra</strong></span> <span class='ocrx_word' id='word_1_701' title='bbox 3418 4262 3658 4319; x_wconf 89' lang='lat' dir='ltr'><strong>civitatis</strong></span> <span class='ocrx_word' id='word_1_702' title='bbox 3686 4259 3821 4329; x_wconf 82' lang='lat' dir='ltr'><strong>hujus</strong></span> 
     </span>
    </p>
   </div>
   <div class='ocr_carea' id='block_1_90' title="bbox 2243 4354 3822 4428">
    <p class='ocr_par' dir='ltr' id='par_1_90' title="bbox 2243 4354 3822 4428">
     <span class='ocr_line' id='line_1_90' title="bbox 2243 4354 3822 4428; baseline -0.004 -16"><span class='ocrx_word' id='word_1_703' title='bbox 2243 4364 2397 4427; x_wconf 88' lang='lat' dir='ltr'><strong>septa</strong></span> <span class='ocrx_word' id='word_1_704' title='bbox 2426 4357 2716 4425; x_wconf 63' lang='lat' dir='ltr'><strong>quaeratis,</strong></span> <span class='ocrx_word' id='word_1_705' title='bbox 2745 4356 2975 4428; x_wconf 86' lang='lat' dir='ltr'><strong>ingressi</strong></span> <span class='ocrx_word' id='word_1_706' title='bbox 3020 4372 3121 4428; x_wconf 90' lang='lat' dir='ltr'><strong>per</strong></span> <span class='ocrx_word' id='word_1_707' title='bbox 3167 4355 3331 4413; x_wconf 86' lang='lat' dir='ltr'><strong>ﬁdem</strong></span> <span class='ocrx_word' id='word_1_708' title='bbox 3359 4366 3623 4428; x_wconf 88' lang='lat' dir='ltr'><strong>actusque</strong></span> <span class='ocrx_word' id='word_1_709' title='bbox 3650 4354 3822 4427; x_wconf 86' lang='lat' dir='ltr'><strong>pretio-</strong></span> 
     </span>
    </p>
   </div>
   <div class='ocr_carea' id='block_1_91' title="bbox 2244 4448 3822 4521">
    <p class='ocr_par' dir='ltr' id='par_1_91' title="bbox 2244 4448 3822 4521">
     <span class='ocr_line' id='line_1_91' title="bbox 2244 4448 3822 4521; baseline -0.002 -15"><span class='ocrx_word' id='word_1_710' title='bbox 2244 4464 2356 4517; x_wconf 89' lang='lat' dir='ltr'><strong>sos,</strong></span> <span class='ocrx_word' id='word_1_711' title='bbox 2402 4448 2841 4521; x_wconf 90' lang='lat' dir='ltr'><strong>patriarcharum</strong></span> <span class='ocrx_word' id='word_1_712' title='bbox 2870 4451 3153 4507; x_wconf 81' lang='lat' dir='ltr'><strong>clariﬁcati</strong></span> <span class='ocrx_word' id='word_1_713' title='bbox 3179 4449 3411 4518; x_wconf 90' lang='lat' dir='ltr'><strong>lumine,</strong></span> <span class='ocrx_word' id='word_1_714' title='bbox 3444 4449 3653 4507; x_wconf 81' lang='lat' dir='ltr'><strong>fundati</strong></span> <span class='ocrx_word' id='word_1_715' title='bbox 3681 4458 3822 4518; x_wconf 83' lang='lat' dir='ltr'><strong>super</strong></span> 
     </span>
    </p>
   </div>
   <div class='ocr_carea' id='block_1_92' title="bbox 2243 4542 3307 4616">
    <p class='ocr_par' dir='ltr' id='par_1_92' title="bbox 2243 4542 3307 4616">
     <span class='ocr_line' id='line_1_92' title="bbox 2243 4542 3307 4616; baseline 0 -19"><span class='ocrx_word' id='word_1_716' title='bbox 2243 4543 2546 4615; x_wconf 88' lang='lat' dir='ltr'><strong>apostolos,</strong></span> <span class='ocrx_word' id='word_1_717' title='bbox 2578 4550 2859 4599; x_wconf 89' lang='lat' dir='ltr'><strong>versantes</strong></span> <span class='ocrx_word' id='word_1_718' title='bbox 2889 4544 3035 4601; x_wconf 91' lang='lat' dir='ltr'><strong>inter</strong></span> <span class='ocrx_word' id='word_1_719' title='bbox 3063 4542 3307 4616; x_wconf 89' lang='lat' dir='ltr'><strong>angelos.</strong></span> 
     </span>
    </p>
   </div>
   <div class='ocr_carea' id='block_1_93' title="bbox 2314 4628 3821 4710">
    <p class='ocr_par' dir='ltr' id='par_1_93' title="bbox 2314 4628 3821 4710">
     <span class='ocr_line' id='line_1_93' title="bbox 2314 4628 3821 4710; baseline -0.006 -14"><span class='ocrx_word' id='word_1_720' title='bbox 2314 4637 2403 4696; x_wconf 82' lang='lat'><strong>88.</strong></span> <span class='ocrx_word' id='word_1_721' title='bbox 2432 4638 2716 4708; x_wconf 85' lang='lat' dir='ltr'><strong>Quomodo</strong></span> <span class='ocrx_word' id='word_1_722' title='bbox 2760 4638 2925 4709; x_wconf 90' lang='lat' dir='ltr'><strong>igitur</strong></span> <span class='ocrx_word' id='word_1_723' title='bbox 2953 4636 3044 4694; x_wconf 89' lang='lat' dir='ltr'><strong>isti</strong></span> <span class='ocrx_word' id='word_1_724' title='bbox 3072 4637 3330 4694; x_wconf 88' lang='lat' dir='ltr'><strong>custodes</strong></span> <span class='ocrx_word' id='word_1_725' title='bbox 3357 4638 3537 4710; x_wconf 88' lang='lat' dir='ltr'><strong>angeli</strong></span> <span class='ocrx_word' id='word_1_726' title='bbox 3566 4646 3725 4704; x_wconf 91' lang='lat' dir='ltr'><strong>sunt,</strong></span> <span class='ocrx_word' id='word_1_727' title='bbox 3744 4628 3821 4705; x_wconf 88' lang='lat' dir='ltr'><strong>qui</strong></span> 
     </span>
    </p>
   </div>
   <div class='ocr_carea' id='block_1_94' title="bbox 2243 4720 3819 4813">
    <p class='ocr_par' dir='ltr' id='par_1_94' title="bbox 2243 4720 3819 4813">
     <span class='ocr_line' id='line_1_94' title="bbox 2243 4720 3819 4813; baseline -0.005 -26"><span class='ocrx_word' id='word_1_728' title='bbox 2243 4742 2408 4787; x_wconf 69' lang='lat' dir='ltr'><strong>casta:</strong></span> <span class='ocrx_word' id='word_1_729' title='bbox 2441 4731 2638 4786; x_wconf 65' lang='lat' dir='ltr'><strong>animae</strong></span> <span class='ocrx_word' id='word_1_730' title='bbox 2688 4730 2909 4801; x_wconf 90' lang='lat' dir='ltr'><strong>pallium</strong></span> <span class='ocrx_word' id='word_1_731' title='bbox 2964 4731 3164 4787; x_wconf 90' lang='lat' dir='ltr'><strong>tollunt</strong></span> <span class='ocrx_word' id='word_1_732' title='bbox 3212 4729 3400 4804; x_wconf 88' lang='lat' dir='ltr'><strong>(Cant.</strong></span> <span class='ocrx_word' id='word_1_733' title='bbox 3432 4747 3500 4801; x_wconf 91' lang='lat' dir='ltr'><strong>v,</strong></span> <span class='ocrx_word' id='word_1_734' title='bbox 3548 4732 3581 4787; x_wconf 88' lang='lat'><strong>7</strong></span> <span class='ocrx_word' id='word_1_735' title='bbox 3596 4730 3650 4806; x_wconf 71' lang='lat' dir='ltr'><strong>)i</strong></span> <span class='ocrx_word' id='word_1_736' title='bbox 3682 4720 3819 4813; x_wconf 74' lang='lat' dir='ltr'><strong>Aliud</strong></span> 
     </span>
    </p>
   </div>
   <div class='ocr_carea' id='block_1_95' title="bbox 532 4840 3817 4919">
    <p class='ocr_par' dir='ltr' id='par_1_95' title="bbox 532 4840 3817 4919">
     <span class='ocr_line' id='line_1_95' title="bbox 532 4840 3817 4919; baseline -0 -18"><span class='ocrx_word' id='word_1_737' title='bbox 532 4845 542 4881; x_wconf 57' lang='lat' dir='ltr'><strong>&#39;t</strong></span> <span class='ocrx_word' id='word_1_738' title='bbox 608 4854 636 4885; x_wconf 73' lang='grc' dir='ltr'><strong>ι</strong></span> <span class='ocrx_word' id='word_1_739' title='bbox 656 4844 734 4902; x_wconf 85' lang='lat' dir='ltr'><strong>Ita</strong></span> <span class='ocrx_word' id='word_1_740' title='bbox 762 4851 873 4901; x_wconf 92' lang='lat' dir='ltr'><strong>vet.</strong></span> <span class='ocrx_word' id='word_1_741' title='bbox 897 4844 1034 4919; x_wconf 80' lang='lat' dir='ltr'><strong>edit.</strong></span> <span class='ocrx_word' id='word_1_742' title='bbox 1066 4862 1129 4902; x_wconf 93' lang='lat' dir='ltr'><strong>ac</strong></span> <span class='ocrx_word' id='word_1_743' title='bbox 1148 4846 1332 4919; x_wconf 81' lang='lat' dir='ltr'><strong>plures</strong></span> <span class='ocrx_word' id='word_1_744' title='bbox 1348 4862 1507 4915; x_wconf 87' lang='lat' dir='ltr'><strong>mss.;</strong></span> <span class='ocrx_word' id='word_1_745' title='bbox 1530 4846 1692 4905; x_wconf 80' lang='lat' dir='ltr'><strong>Rom.</strong></span> <span class='ocrx_word' id='word_1_746' title='bbox 1715 4857 1896 4905; x_wconf 91' lang='lat' dir='ltr'><strong>autem</strong></span> <span class='ocrx_word' id='word_1_747' title='bbox 1922 4848 2056 4907; x_wconf 88' lang='lat' dir='ltr'><strong>edit.</strong></span> <span class='ocrx_word' id='word_1_748' title='bbox 2080 4858 2135 4906; x_wconf 86' lang='lat' dir='ltr'><strong>et</strong></span> <span class='ocrx_word' id='word_1_749' title='bbox 2158 4847 2215 4909; x_wconf 90' lang='lat' dir='ltr'><strong>D</strong></span> <span class='ocrx_word' id='word_1_750' title='bbox 2239 4849 2350 4905; x_wconf 92' lang='lat' dir='ltr'><strong>nim</strong></span> <span class='ocrx_word' id='word_1_751' title='bbox 2400 4863 2500 4919; x_wconf 93' lang='lat' dir='ltr'><strong>pro</strong></span> <span class='ocrx_word' id='word_1_752' title='bbox 2547 4847 2820 4904; x_wconf 90' lang='lat' dir='ltr'><strong>communi</strong></span> <span class='ocrx_word' id='word_1_753' title='bbox 2874 4848 3133 4919; x_wconf 84' lang='lat' dir='ltr'><strong>opinione</strong></span> <span class='ocrx_word' id='word_1_754' title='bbox 3176 4856 3356 4917; x_wconf 89' lang='lat' dir='ltr'><strong>stant,</strong></span> <span class='ocrx_word' id='word_1_755' title='bbox 3409 4847 3653 4904; x_wconf 76' lang='lat' dir='ltr'><strong>luetinus</strong></span> <span class='ocrx_word' id='word_1_756' title='bbox 3691 4840 3817 4919; x_wconf 66' lang='lat' dir='ltr'><strong>Dial.</strong></span> 
     </span>
    </p>
   </div>
   <div class='ocr_carea' id='block_1_96' title="bbox 536 4917 1376 4987">
    <p class='ocr_par' dir='ltr' id='par_1_96' title="bbox 536 4917 1376 4987">
     <span class='ocr_line' id='line_1_96' title="bbox 536 4917 1376 4987; baseline -0.001 -11"><span class='ocrx_word' id='word_1_757' title='bbox 536 4934 669 4976; x_wconf 87' lang='lat' dir='ltr'><strong>mss.</strong></span> <span class='ocrx_word' id='word_1_758' title='bbox 705 4917 975 4976; x_wconf 88' lang='lat' dir='ltr'><strong>nonnulli.</strong></span> <span class='ocrx_word' id='word_1_759' title='bbox 1005 4918 1177 4987; x_wconf 84' lang='lat' dir='ltr'><strong>facilis</strong></span> <span class='ocrx_word' id='word_1_760' title='bbox 1206 4917 1376 4975; x_wconf 90' lang='lat' dir='ltr'><strong>aditu.</strong></span> 
     </span>
    </p>
   </div>
   <div class='ocr_carea' id='block_1_97' title="bbox 604 4988 2129 5064">
    <p class='ocr_par' dir='ltr' id='par_1_97' title="bbox 604 4988 2129 5064">
     <span class='ocr_line' id='line_1_97' title="bbox 604 4988 2129 5064; baseline 0.001 -19"><span class='ocrx_word' id='word_1_761' title='bbox 604 4990 634 5029; x_wconf 70' lang='grc' dir='ltr'>ι)</span> <span class='ocrx_word' id='word_1_762' title='bbox 667 4988 1263 5064; x_wconf 73' lang='lat' dir='ltr'><strong>CommuneScripturte</strong></span> <span class='ocrx_word' id='word_1_763' title='bbox 1288 5006 1420 5064; x_wconf 86' lang='lat' dir='ltr'><strong>usu,</strong></span> <span class='ocrx_word' id='word_1_764' title='bbox 1450 4991 1594 5047; x_wconf 91' lang='lat' dir='ltr'><strong>idem</strong></span> <span class='ocrx_word' id='word_1_765' title='bbox 1631 4999 1715 5048; x_wconf 90' lang='lat' dir='ltr'><strong>est</strong></span> <span class='ocrx_word' id='word_1_766' title='bbox 1738 5000 1904 5061; x_wconf 80' lang='lat' dir='ltr'><strong>atque</strong></span> <span class='ocrx_word' id='word_1_767' title='bbox 1949 4993 2129 5064; x_wconf 88' lang='lat' dir='ltr'><strong>impn-</strong></span> 
     </span>
    </p>
   </div>
   <div class='ocr_carea' id='block_1_98' title="bbox 534 5061 1470 5132">
    <p class='ocr_par' dir='ltr' id='par_1_98' title="bbox 534 5061 1470 5132">
     <span class='ocr_line' id='line_1_98' title="bbox 534 5061 1470 5132; baseline -0.003 -13"><span class='ocrx_word' id='word_1_768' title='bbox 534 5078 654 5120; x_wconf 91' lang='lat' dir='ltr'><strong>rum</strong></span> <span class='ocrx_word' id='word_1_769' title='bbox 687 5062 878 5132; x_wconf 85' lang='lat' dir='ltr'><strong>utjam</strong></span> <span class='ocrx_word' id='word_1_770' title='bbox 910 5061 1036 5117; x_wconf 90' lang='lat' dir='ltr'><strong>alibi</strong></span> <span class='ocrx_word' id='word_1_771' title='bbox 1066 5062 1470 5118; x_wconf 86' lang='lat' dir='ltr'><strong>annotavimus.</strong></span> 
     </span>
    </p>
   </div>
   <div class='ocr_carea' id='block_1_99' title="bbox 608 5133 2128 5203">
    <p class='ocr_par' dir='ltr' id='par_1_99' title="bbox 608 5133 2128 5203">
     <span class='ocr_line' id='line_1_99' title="bbox 608 5133 2128 5203; baseline 0.001 -12"><span class='ocrx_word' id='word_1_772' title='bbox 608 5144 631 5175; x_wconf 77' lang='grc' dir='ltr'><strong><em>ο</em></strong></span> <span class='ocrx_word' id='word_1_773' title='bbox 668 5133 841 5191; x_wconf 77' lang='lat' dir='ltr'><strong>Fuere</strong></span> <span class='ocrx_word' id='word_1_774' title='bbox 870 5134 1013 5190; x_wconf 86' lang='lat' dir='ltr'><strong>inter</strong></span> <span class='ocrx_word' id='word_1_775' title='bbox 1041 5134 1334 5190; x_wconf 71' lang='lat' dir='ltr'><strong>haereticos</strong></span> <span class='ocrx_word' id='word_1_776' title='bbox 1365 5144 1472 5189; x_wconf 91' lang='lat' dir='ltr'><strong>tam</strong></span> <span class='ocrx_word' id='word_1_777' title='bbox 1496 5144 1709 5190; x_wconf 90' lang='lat' dir='ltr'><strong>veteres</strong></span> <span class='ocrx_word' id='word_1_778' title='bbox 1732 5150 1894 5203; x_wconf 91' lang='lat' dir='ltr'><strong>quam</strong></span> <span class='ocrx_word' id='word_1_779' title='bbox 1926 5150 2128 5203; x_wconf 89' lang='lat' dir='ltr'><strong>novos,</strong></span> 
     </span>
    </p>
   </div>
   <div class='ocr_carea' id='block_1_100' title="bbox 532 5205 2130 5278">
    <p class='ocr_par' dir='ltr' id='par_1_100' title="bbox 532 5205 2130 5278">
     <span class='ocr_line' id='line_1_100' title="bbox 532 5205 2130 5278; baseline 0 -15"><span class='ocrx_word' id='word_1_780' title='bbox 532 5208 623 5278; x_wconf 92' lang='lat' dir='ltr'><strong>qui</strong></span> <span class='ocrx_word' id='word_1_781' title='bbox 653 5206 1035 5278; x_wconf 80' lang='lat' dir='ltr'><strong>Apocalypsim</strong></span> <span class='ocrx_word' id='word_1_782' title='bbox 1059 5222 1087 5258; x_wconf 92' lang='lat' dir='ltr'><strong>a</strong></span> <span class='ocrx_word' id='word_1_783' title='bbox 1116 5205 1330 5262; x_wconf 78' lang='lat' dir='ltr'><strong>Joanne</strong></span> <span class='ocrx_word' id='word_1_784' title='bbox 1377 5205 1720 5277; x_wconf 86' lang='lat' dir='ltr'><strong>Evangelista</strong></span> <span class='ocrx_word' id='word_1_785' title='bbox 1747 5207 2002 5278; x_wconf 90' lang='lat' dir='ltr'><strong>scriptam</strong></span> <span class='ocrx_word' id='word_1_786' title='bbox 2032 5224 2130 5263; x_wconf 89' lang='lat' dir='ltr'><strong>ne-</strong></span> 
     </span>
    </p>
   </div>
   <div class='ocr_carea' id='block_1_101' title="bbox 532 5278 2131 5351">
    <p class='ocr_par' dir='ltr' id='par_1_101' title="bbox 532 5278 2131 5351">
     <span class='ocr_line' id='line_1_101' title="bbox 532 5278 2131 5351; baseline 0.001 -21"><span class='ocrx_word' id='word_1_787' title='bbox 532 5290 726 5351; x_wconf 74' lang='lat' dir='ltr'><strong>garent</strong></span> <span class='ocrx_word' id='word_1_788' title='bbox 754 5297 767 5334; x_wconf 88' lang='lat'><strong>:</strong></span> <span class='ocrx_word' id='word_1_789' title='bbox 797 5294 829 5335; x_wconf 91' lang='lat' dir='ltr'><strong>e</strong></span> <span class='ocrx_word' id='word_1_790' title='bbox 855 5280 1052 5349; x_wconf 80' lang='lat' dir='ltr'><strong>quibus</strong></span> <span class='ocrx_word' id='word_1_791' title='bbox 1080 5279 1323 5351; x_wconf 84' lang='lat' dir='ltr'><strong>nonnulli</strong></span> <span class='ocrx_word' id='word_1_792' title='bbox 1355 5279 1539 5351; x_wconf 76' lang='lat' dir='ltr'><strong>etiam</strong></span> <span class='ocrx_word' id='word_1_793' title='bbox 1559 5294 1627 5334; x_wconf 93' lang='lat' dir='ltr'><strong>eo</strong></span> <span class='ocrx_word' id='word_1_794' title='bbox 1654 5278 1994 5351; x_wconf 88' lang='lat' dir='ltr'><strong>devenerunt</strong></span> <span class='ocrx_word' id='word_1_795' title='bbox 2032 5280 2131 5351; x_wconf 91' lang='lat' dir='ltr'><strong>im-</strong></span> 
     </span>
    </p>
   </div>
   <div class='ocr_carea' id='block_1_102' title="bbox 533 5349 2128 5420">
    <p class='ocr_par' dir='ltr' id='par_1_102' title="bbox 533 5349 2128 5420">
     <span class='ocr_line' id='line_1_102' title="bbox 533 5349 2128 5420; baseline -0.001 -13"><span class='ocrx_word' id='word_1_796' title='bbox 533 5349 839 5420; x_wconf 63' lang='lat' dir='ltr'><strong>pudentia},</strong></span> <span class='ocrx_word' id='word_1_797' title='bbox 872 5361 931 5405; x_wconf 89' lang='lat' dir='ltr'><strong>ut</strong></span> <span class='ocrx_word' id='word_1_798' title='bbox 959 5365 1078 5406; x_wconf 86' lang='lat' dir='ltr'><strong>eam</strong></span> <span class='ocrx_word' id='word_1_799' title='bbox 1105 5349 1366 5406; x_wconf 87' lang='lat' dir='ltr'><strong>Cerintho</strong></span> <span class='ocrx_word' id='word_1_800' title='bbox 1396 5349 1759 5405; x_wconf 82' lang='lat' dir='ltr'><strong>attribuerent</strong></span> <span class='ocrx_word' id='word_1_801' title='bbox 1781 5393 1794 5411; x_wconf 84' lang='lat'><strong>.</strong></span> <span class='ocrx_word' id='word_1_802' title='bbox 1826 5350 2128 5420; x_wconf 71' lang='lat' dir='ltr'><strong>cuiusmodi</strong></span> 
     </span>
    </p>
   </div>
   <div class='ocr_carea' id='block_1_103' title="bbox 531 5421 2131 5494">
    <p class='ocr_par' dir='ltr' id='par_1_103' title="bbox 531 5421 2131 5494">
     <span class='ocr_line' id='line_1_103' title="bbox 531 5421 2131 5494; baseline -0.002 -14"><span class='ocrx_word' id='word_1_803' title='bbox 531 5422 755 5480; x_wconf 80' lang='lat' dir='ltr'><strong>fuerunt</strong></span> <span class='ocrx_word' id='word_1_804' title='bbox 798 5423 1056 5494; x_wconf 88' lang='lat' dir='ltr'><strong>alogiani,</strong></span> <span class='ocrx_word' id='word_1_805' title='bbox 1084 5436 1221 5492; x_wconf 87' lang='lat' dir='ltr'><strong>quos</strong></span> <span class='ocrx_word' id='word_1_806' title='bbox 1248 5421 1506 5494; x_wconf 81' lang='lat' dir='ltr'><strong>refutavit</strong></span> <span class='ocrx_word' id='word_1_807' title='bbox 1541 5421 1897 5494; x_wconf 85' lang='lat' dir='ltr'><strong>Epiphanius.</strong></span> <span class='ocrx_word' id='word_1_808' title='bbox 1950 5422 2131 5477; x_wconf 83' lang='lat' dir='ltr'><strong>Exsti-</strong></span> 
     </span>
    </p>
   </div>
   <div class='ocr_carea' id='block_1_104' title="bbox 534 5492 2134 5576">
    <p class='ocr_par' dir='ltr' id='par_1_104' title="bbox 534 5492 2134 5576">
     <span class='ocr_line' id='line_1_104' title="bbox 534 5492 2134 5576; baseline -0.003 -24"><span class='ocrx_word' id='word_1_809' title='bbox 534 5505 719 5553; x_wconf 89' lang='lat' dir='ltr'><strong>terunt</strong></span> <span class='ocrx_word' id='word_1_810' title='bbox 744 5492 959 5567; x_wconf 80' lang='lat' dir='ltr'><strong>quoque</strong></span> <span class='ocrx_word' id='word_1_811' title='bbox 1005 5495 1158 5576; x_wconf 65' lang='lat' dir='ltr'><strong>inter</strong></span> <span class='ocrx_word' id='word_1_812' title='bbox 1176 5492 1500 5576; x_wconf 71' lang='lat' dir='ltr'><strong>catholicos,</strong></span> <span class='ocrx_word' id='word_1_813' title='bbox 1530 5495 1620 5576; x_wconf 66' lang='lat' dir='ltr'><strong>qui</strong></span> <span class='ocrx_word' id='word_1_814' title='bbox 1651 5493 1901 5576; x_wconf 77' lang='lat' dir='ltr'><strong>eumdem</strong></span> <span class='ocrx_word' id='word_1_815' title='bbox 1936 5494 2134 5576; x_wconf 76' lang='lat' dir='ltr'><strong>librum</strong></span> 
     </span>
    </p>
   </div>
   <div class='ocr_carea' id='block_1_105' title="bbox 534 5563 2139 5636">
    <p class='ocr_par' dir='ltr' id='par_1_105' title="bbox 534 5563 2139 5636">
     <span class='ocr_line' id='line_1_105' title="bbox 534 5563 2139 5636; baseline -0.002 -13"><span class='ocrx_word' id='word_1_816' title='bbox 534 5579 628 5623; x_wconf 84' lang='lat' dir='ltr'><strong>aut</strong></span> <span class='ocrx_word' id='word_1_817' title='bbox 681 5563 840 5626; x_wconf 81' lang='lat' dir='ltr'><strong>alteri</strong></span> <span class='ocrx_word' id='word_1_818' title='bbox 866 5563 1062 5626; x_wconf 75' lang='lat' dir='ltr'><strong>Joanni</strong></span> <span class='ocrx_word' id='word_1_819' title='bbox 1109 5563 1355 5636; x_wconf 84' lang='lat' dir='ltr'><strong>ejusdem</strong></span> <span class='ocrx_word' id='word_1_820' title='bbox 1407 5563 1923 5635; x_wconf 31' lang='lat' dir='ltr'><strong>cum’Evangelista</strong></span> <span class='ocrx_word' id='word_1_821' title='bbox 1960 5565 2139 5620; x_wconf 66' lang='lat' dir='ltr'><strong>aetatis</strong></span> 
     </span>
    </p>
   </div>
   <div class='ocr_carea' id='block_1_106' title="bbox 532 5637 2137 5709">
    <p class='ocr_par' dir='ltr' id='par_1_106' title="bbox 532 5637 2137 5709">
     <span class='ocr_line' id='line_1_106' title="bbox 532 5637 2137 5709; baseline -0.001 -14"><span class='ocrx_word' id='word_1_822' title='bbox 532 5643 988 5709; x_wconf 86' lang='lat' dir='ltr'><strong>ascriberent,ant</strong></span> <span class='ocrx_word' id='word_1_823' title='bbox 1007 5639 1297 5696; x_wconf 88' lang='lat' dir='ltr'><strong>crederent</strong></span> <span class='ocrx_word' id='word_1_824' title='bbox 1312 5637 1753 5696; x_wconf 89' lang='lat' dir='ltr'><strong>meritodubitari</strong></span> <span class='ocrx_word' id='word_1_825' title='bbox 1771 5645 2137 5709; x_wconf 88' lang='lat' dir='ltr'><strong>possc,utrum</strong></span> 
     </span>
    </p>
   </div>
   <div class='ocr_carea' id='block_1_107' title="bbox 531 5710 2135 5794">
    <p class='ocr_par' dir='ltr' id='par_1_107' title="bbox 531 5710 2135 5794">
     <span class='ocr_line' id='line_1_107' title="bbox 531 5710 2135 5794; baseline -0.002 -25"><span class='ocrx_word' id='word_1_826' title='bbox 531 5710 684 5794; x_wconf 68' lang='lat' dir='ltr'><strong>illius</strong></span> <span class='ocrx_word' id='word_1_827' title='bbox 726 5724 916 5794; x_wconf 69' lang='lat' dir='ltr'><strong>auctpr</strong></span> <span class='ocrx_word' id='word_1_828' title='bbox 952 5713 1058 5769; x_wconf 92' lang='lat' dir='ltr'><strong>dici</strong></span> <span class='ocrx_word' id='word_1_829' title='bbox 1103 5711 1305 5794; x_wconf 81' lang='lat' dir='ltr'><strong>debeat</strong></span> <span class='ocrx_word' id='word_1_830' title='bbox 1355 5710 1718 5794; x_wconf 57' lang='lat' dir='ltr'><strong>Evangelista.</strong></span> <span class='ocrx_word' id='word_1_831' title='bbox 1752 5710 2135 5794; x_wconf 63' lang='lat' dir='ltr'><strong>Verumtamen</strong></span> 
     </span>
    </p>
   </div>
   <div class='ocr_carea' id='block_1_108' title="bbox 533 5780 2134 5856">
    <p class='ocr_par' dir='ltr' id='par_1_108' title="bbox 533 5780 2134 5856">
     <span class='ocr_line' id='line_1_108' title="bbox 533 5780 2134 5856; baseline 0 -18"><span class='ocrx_word' id='word_1_832' title='bbox 533 5783 793 5856; x_wconf 88' lang='lat' dir='ltr'><strong>quidquid</strong></span> <span class='ocrx_word' id='word_1_833' title='bbox 851 5785 905 5840; x_wconf 87' lang='lat' dir='ltr'><strong>in</strong></span> <span class='ocrx_word' id='word_1_834' title='bbox 934 5785 1270 5839; x_wconf 86' lang='lat' dir='ltr'><strong>contrarium</strong></span> <span class='ocrx_word' id='word_1_835' title='bbox 1323 5780 1581 5849; x_wconf 64' lang='lat' dir='ltr'><strong>aderunt,</strong></span> <span class='ocrx_word' id='word_1_836' title='bbox 1612 5780 1888 5838; x_wconf 82' lang='lat' dir='ltr'><strong>inﬁrmum</strong></span> <span class='ocrx_word' id='word_1_837' title='bbox 1919 5791 2044 5856; x_wconf 51' lang='grc' dir='ltr'>εει,</span> <span class='ocrx_word' id='word_1_838' title='bbox 2090 5783 2134 5837; x_wconf 91' lang='lat' dir='ltr'><strong>si</strong></span> 
     </span>
    </p>
   </div>
   <div class='ocr_carea' id='block_1_109' title="bbox 535 5853 2135 5926">
    <p class='ocr_par' dir='ltr' id='par_1_109' title="bbox 535 5853 2135 5926">
     <span class='ocr_line' id='line_1_109' title="bbox 535 5853 2135 5926; baseline -0.004 -10"><span class='ocrx_word' id='word_1_839' title='bbox 535 5853 791 5916; x_wconf 70' lang='lat' dir='ltr'><strong>universo</strong></span> <span class='ocrx_word' id='word_1_840' title='bbox 822 5855 1038 5914; x_wconf 79' lang='lat' dir='ltr'><strong>Patrum</strong></span> <span class='ocrx_word' id='word_1_841' title='bbox 1068 5857 1412 5926; x_wconf 85' lang='lat' dir='ltr'><strong>antiquorum</strong></span> <span class='ocrx_word' id='word_1_842' title='bbox 1433 5856 1633 5926; x_wconf 80' lang='lat' dir='ltr'><strong>agntitii</strong></span> <span class='ocrx_word' id='word_1_843' title='bbox 1655 5864 1982 5925; x_wconf 80' lang='lat' dir='ltr'><strong>apponatur.</strong></span> <span class='ocrx_word' id='word_1_844' title='bbox 2007 5853 2135 5911; x_wconf 84' lang='lat' dir='ltr'><strong>Ete-</strong></span> 
     </span>
    </p>
   </div>
   <div class='ocr_carea' id='block_1_110' title="bbox 2238 4913 3818 4992">
    <p class='ocr_par' dir='ltr' id='par_1_110' title="bbox 2238 4913 3818 4992">
     <span class='ocr_line' id='line_1_110' title="bbox 2238 4913 3818 4992; baseline -0.003 -15"><span class='ocrx_word' id='word_1_845' title='bbox 2238 4936 2362 4977; x_wconf 88' lang='lat' dir='ltr'><strong>cum</strong></span> <span class='ocrx_word' id='word_1_846' title='bbox 2390 4913 2625 4992; x_wconf 75' lang='lat' dir='ltr'><strong>Tryph.,</strong></span> <span class='ocrx_word' id='word_1_847' title='bbox 2657 4920 2894 4992; x_wconf 85' lang='lat' dir='ltr'><strong>Irenaeus</strong></span> <span class='ocrx_word' id='word_1_848' title='bbox 2914 4913 3093 4975; x_wconf 55' lang='lat' dir='ltr'><strong>&#39;Iib.tv</strong></span> <span class='ocrx_word' id='word_1_849' title='bbox 3121 4929 3177 4976; x_wconf 91' lang='lat' dir='ltr'><strong>et</strong></span> <span class='ocrx_word' id='word_1_850' title='bbox 3212 4936 3266 4988; x_wconf 91' lang='lat' dir='ltr'><strong>v,</strong></span> <span class='ocrx_word' id='word_1_851' title='bbox 3296 4913 3537 4992; x_wconf 71' lang='lat' dir='ltr'><strong>necnon</strong></span> <span class='ocrx_word' id='word_1_852' title='bbox 3566 4916 3707 4992; x_wconf 83' lang='lat' dir='ltr'><strong>apud</strong></span> <span class='ocrx_word' id='word_1_853' title='bbox 3727 4913 3818 4992; x_wconf 70' lang='grc' dir='ltr'><strong>βα·</strong></span> 
     </span>
    </p>
   </div>
   <div class='ocr_carea' id='block_1_111' title="bbox 2236 4986 3816 5070">
    <p class='ocr_par' dir='ltr' id='par_1_111' title="bbox 2236 4986 3816 5070">
     <span class='ocr_line' id='line_1_111' title="bbox 2236 4986 3816 5070; baseline -0.004 -22"><span class='ocrx_word' id='word_1_854' title='bbox 2236 4986 2820 5070; x_wconf 59' lang='lat' dir='ltr'><strong>sebiutn&#39;_llist_.__Eccl.</strong></span> <span class='ocrx_word' id='word_1_855' title='bbox 2854 4992 3071 5070; x_wconf 63' lang='lat' dir='ltr'><strong>lib._ru&#39;,</strong></span> <span class='ocrx_word' id='word_1_856' title='bbox 3097 5006 3227 5070; x_wconf 75' lang='lat' dir='ltr'><strong>cap.</strong></span> <span class='ocrx_word' id='word_1_857' title='bbox 3252 4986 3350 5070; x_wconf 59' lang='lat'><strong>23,</strong></span> <span class='ocrx_word' id='word_1_858' title='bbox 3383 4986 3638 5047; x_wconf 79' lang='lat' dir='ltr'><strong>Clemens</strong></span> <span class='ocrx_word' id='word_1_859' title='bbox 3682 4986 3816 5070; x_wconf 76' lang='lat' dir='ltr'><strong>Alex.</strong></span> 
     </span>
    </p>
   </div>
   <div class='ocr_carea' id='block_1_112' title="bbox 2237 5063 3816 5142">
    <p class='ocr_par' dir='ltr' id='par_1_112' title="bbox 2237 5063 3816 5142">
     <span class='ocr_line' id='line_1_112' title="bbox 2237 5063 3816 5142; baseline -0.005 -23"><span class='ocrx_word' id='word_1_860' title='bbox 2237 5063 2368 5120; x_wconf 90' lang='lat' dir='ltr'><strong>item</strong></span> <span class='ocrx_word' id='word_1_861' title='bbox 2397 5063 2589 5142; x_wconf 78' lang='lat' dir='ltr'><strong>eodem</strong></span> <span class='ocrx_word' id='word_1_862' title='bbox 2618 5063 2717 5142; x_wconf 66' lang='lat' dir='ltr'><strong>lib.</strong></span> <span class='ocrx_word' id='word_1_863' title='bbox 2741 5063 2986 5142; x_wconf 77' lang='lat' dir='ltr'><strong>cap_.__25,</strong></span> <span class='ocrx_word' id='word_1_864' title='bbox 3020 5064 3347 5142; x_wconf 72' lang='lat' dir='ltr'><strong>universalis</strong></span> <span class='ocrx_word' id='word_1_865' title='bbox 3375 5075 3705 5142; x_wconf 69' lang='lat' dir='ltr'><strong>consensus;</strong></span> <span class='ocrx_word' id='word_1_866' title='bbox 3729 5063 3816 5142; x_wconf 77' lang='lat' dir='ltr'><strong>ite-</strong></span> 
     </span>
    </p>
   </div>
   <div class='ocr_carea' id='block_1_113' title="bbox 2238 5134 3813 5210">
    <p class='ocr_par' dir='ltr' id='par_1_113' title="bbox 2238 5134 3813 5210">
     <span class='ocr_line' id='line_1_113' title="bbox 2238 5134 3813 5210; baseline -0.005 -19"><span class='ocrx_word' id='word_1_867' title='bbox 2238 5150 2357 5191; x_wconf 92' lang='lat' dir='ltr'><strong>rum</strong></span> <span class='ocrx_word' id='word_1_868' title='bbox 2389 5135 2530 5210; x_wconf 85' lang='lat' dir='ltr'><strong>apud</strong></span> <span class='ocrx_word' id='word_1_869' title='bbox 2556 5135 2811 5210; x_wconf 78' lang='lat' dir='ltr'><strong>eumdem</strong></span> <span class='ocrx_word' id='word_1_870' title='bbox 2838 5135 2934 5191; x_wconf 92' lang='lat' dir='ltr'><strong>lib.</strong></span> <span class='ocrx_word' id='word_1_871' title='bbox 2966 5150 3020 5210; x_wconf 79' lang='lat' dir='ltr'><strong>v,</strong></span> <span class='ocrx_word' id='word_1_872' title='bbox 3051 5150 3187 5210; x_wconf 55' lang='lat' dir='ltr'><strong>cap.</strong></span> <span class='ocrx_word' id='word_1_873' title='bbox 3206 5136 3275 5191; x_wconf 81' lang='lat' dir='ltr'><strong>l8</strong></span> <span class='ocrx_word' id='word_1_874' title='bbox 3300 5147 3357 5193; x_wconf 88' lang='lat' dir='ltr'><strong>et</strong></span> <span class='ocrx_word' id='word_1_875' title='bbox 3381 5134 3473 5203; x_wconf 75' lang='lat'><strong>28,</strong></span> <span class='ocrx_word' id='word_1_876' title='bbox 3499 5134 3813 5210; x_wconf 73' lang='lat' dir='ltr'><strong>Apollonius,</strong></span> 
     </span>
    </p>
   </div>
   <div class='ocr_carea' id='block_1_114' title="bbox 2236 5198 3815 5279">
    <p class='ocr_par' dir='ltr' id='par_1_114' title="bbox 2236 5198 3815 5279">
     <span class='ocr_line' id='line_1_114' title="bbox 2236 5198 3815 5279; baseline -0.008 -16"><span class='ocrx_word' id='word_1_877' title='bbox 2236 5218 2292 5279; x_wconf 87' lang='lat' dir='ltr'><strong>et</strong></span> <span class='ocrx_word' id='word_1_878' title='bbox 2319 5198 2537 5263; x_wconf 88' lang='lat' dir='ltr'><strong>tandem</strong></span> <span class='ocrx_word' id='word_1_879' title='bbox 2565 5207 2657 5264; x_wconf 92' lang='lat' dir='ltr'><strong>lib.</strong></span> <span class='ocrx_word' id='word_1_880' title='bbox 2693 5223 2773 5279; x_wconf 81' lang='lat' dir='ltr'><strong>vi,</strong></span> <span class='ocrx_word' id='word_1_881' title='bbox 2806 5222 2930 5277; x_wconf 90' lang='lat' dir='ltr'><strong>cap.</strong></span> <span class='ocrx_word' id='word_1_882' title='bbox 2960 5207 3052 5279; x_wconf 74' lang='lat'><strong>‘25,</strong></span> <span class='ocrx_word' id='word_1_883' title='bbox 3096 5198 3391 5279; x_wconf 78' lang='lat' dir='ltr'><strong>Origenes,</strong></span> <span class='ocrx_word' id='word_1_884' title='bbox 3441 5198 3594 5279; x_wconf 79' lang='lat' dir='ltr'><strong>queis</strong></span> <span class='ocrx_word' id='word_1_885' title='bbox 3631 5198 3815 5259; x_wconf 88' lang='lat' dir='ltr'><strong>accedit</strong></span> 
     </span>
    </p>
   </div>
   <div class='ocr_carea' id='block_1_115' title="bbox 2236 5277 3813 5355">
    <p class='ocr_par' dir='ltr' id='par_1_115' title="bbox 2236 5277 3813 5355">
     <span class='ocr_line' id='line_1_115' title="bbox 2236 5277 3813 5355; baseline -0.002 -21"><span class='ocrx_word' id='word_1_886' title='bbox 2236 5278 2606 5355; x_wconf 76' lang='lat' dir='ltr'><strong>Tertullianns</strong></span> <span class='ocrx_word' id='word_1_887' title='bbox 2655 5278 2918 5355; x_wconf 80' lang='lat' dir='ltr'><strong>adversus</strong></span> <span class='ocrx_word' id='word_1_888' title='bbox 2968 5277 3319 5355; x_wconf 52' lang='lat' dir='ltr'><strong>Marcion&#39;em.</strong></span> <span class='ocrx_word' id='word_1_889' title='bbox 3370 5279 3503 5333; x_wconf 85' lang='lat' dir='ltr'><strong>Cum</strong></span> <span class='ocrx_word' id='word_1_890' title='bbox 3554 5277 3636 5355; x_wconf 73' lang='lat' dir='ltr'><strong>his</strong></span> <span class='ocrx_word' id='word_1_891' title='bbox 3672 5284 3813 5355; x_wconf 48' lang='lat' dir='ltr'><strong>atqu?</strong></span> 
     </span>
    </p>
   </div>
   <div class='ocr_carea' id='block_1_116' title="bbox 2235 5347 3815 5429">
    <p class='ocr_par' dir='ltr' id='par_1_116' title="bbox 2235 5347 3815 5429">
     <span class='ocr_line' id='line_1_116' title="bbox 2235 5347 3815 5429; baseline -0.001 -24"><span class='ocrx_word' id='word_1_892' title='bbox 2235 5351 2359 5405; x_wconf 91' lang='lat' dir='ltr'><strong>aliis</strong></span> <span class='ocrx_word' id='word_1_893' title='bbox 2398 5352 2651 5407; x_wconf 75' lang='lat' dir='ltr'><strong>nantibus</strong></span> <span class='ocrx_word' id='word_1_894' title='bbox 2695 5350 2936 5429; x_wconf 77' lang='lat' dir='ltr'><strong>concinit</strong></span> <span class='ocrx_word' id='word_1_895' title='bbox 2984 5351 3306 5429; x_wconf 80' lang='lat' dir='ltr'><strong>Ambrosius</strong></span> <span class='ocrx_word' id='word_1_896' title='bbox 3357 5365 3543 5429; x_wconf 53' lang='lat' dir='ltr'><strong>noster</strong></span> <span class='ocrx_word' id='word_1_897' title='bbox 3570 5347 3815 5429; x_wconf 42' lang='lat' dir='ltr'><strong>Inicus-i9!“</strong></span> 
     </span>
    </p>
   </div>
   <div class='ocr_carea' id='block_1_117' title="bbox 2237 5418 3768 5493">
    <p class='ocr_par' dir='ltr' id='par_1_117' title="bbox 2237 5418 3768 5493">
     <span class='ocr_line' id='line_1_117' title="bbox 2237 5418 3768 5493; baseline -0.007 -16"><span class='ocrx_word' id='word_1_898' title='bbox 2237 5432 2293 5477; x_wconf 90' lang='lat' dir='ltr'><strong>et</strong></span> <span class='ocrx_word' id='word_1_899' title='bbox 2325 5423 2377 5493; x_wconf 86' lang='lat' dir='ltr'><strong>in</strong></span> <span class='ocrx_word' id='word_1_900' title='bbox 2399 5492 2403 5493; x_wconf 12' lang='grc' dir='ltr'>ί</span> <span class='ocrx_word' id='word_1_901' title='bbox 2427 5424 2562 5492; x_wconf 90' lang='lat' dir='ltr'><strong>psal.</strong></span> <span class='ocrx_word' id='word_1_902' title='bbox 2597 5439 2644 5485; x_wconf 84' lang='grc' dir='ltr'><strong>ι,</strong></span> <span class='ocrx_word' id='word_1_903' title='bbox 2675 5439 2729 5477; x_wconf 93' lang='lat' dir='ltr'><strong>n.</strong></span> <span class='ocrx_word' id='word_1_904' title='bbox 2761 5420 2861 5486; x_wconf 67' lang='lat'><strong>54;</strong></span> <span class='ocrx_word' id='word_1_905' title='bbox 2892 5422 2949 5476; x_wconf 92' lang='lat' dir='ltr'><strong>in</strong></span> <span class='ocrx_word' id='word_1_906' title='bbox 2988 5424 3187 5493; x_wconf 90' lang='lat' dir='ltr'><strong>psalm.</strong></span> <span class='ocrx_word' id='word_1_907' title='bbox 3221 5439 3312 5489; x_wconf 73' lang='grc' dir='ltr'><strong>ιι,</strong></span> <span class='ocrx_word' id='word_1_908' title='bbox 3338 5439 3394 5477; x_wconf 83' lang='grc' dir='ltr'>ιι.</span> <span class='ocrx_word' id='word_1_909' title='bbox 3420 5422 3528 5488; x_wconf 76' lang='lat'><strong>‘26,</strong></span> <span class='ocrx_word' id='word_1_910' title='bbox 3552 5431 3607 5493; x_wconf 83' lang='lat' dir='ltr'><strong>et</strong></span> <span class='ocrx_word' id='word_1_911' title='bbox 3633 5418 3768 5474; x_wconf 89' lang='lat' dir='ltr'><strong>alibi.</strong></span> 
     </span>
    </p>
   </div>
   <div class='ocr_carea' id='block_1_118' title="bbox 2310 5491 3813 5565">
    <p class='ocr_par' dir='ltr' id='par_1_118' title="bbox 2310 5491 3813 5565">
     <span class='ocr_line' id='line_1_118' title="bbox 2310 5491 3813 5565; baseline -0.006 -17"><span class='ocrx_word' id='word_1_912' title='bbox 2310 5491 2337 5529; x_wconf 72' lang='grc' dir='ltr'><em>ά</em></span> <span class='ocrx_word' id='word_1_913' title='bbox 2366 5491 2495 5548; x_wconf 77' lang='lat' dir='ltr'><strong>hlss.</strong></span> <span class='ocrx_word' id='word_1_914' title='bbox 2525 5495 2750 5564; x_wconf 90' lang='lat' dir='ltr'><strong>aliquot,</strong></span> <span class='ocrx_word' id='word_1_915' title='bbox 2781 5491 3003 5565; x_wconf 78' lang='lat' dir='ltr'><strong>angulos</strong></span> <span class='ocrx_word' id='word_1_916' title='bbox 3026 5494 3318 5559; x_wconf 88' lang='lat' dir='ltr'><strong>duodecim,</strong></span> <span class='ocrx_word' id='word_1_917' title='bbox 3351 5509 3458 5565; x_wconf 89' lang='lat' dir='ltr'><strong>non</strong></span> <span class='ocrx_word' id='word_1_918' title='bbox 3491 5492 3660 5548; x_wconf 89' lang='lat' dir='ltr'><strong>solum</strong></span> <span class='ocrx_word' id='word_1_919' title='bbox 3699 5499 3813 5565; x_wconf 53' lang='lat' dir='ltr'><strong>con;</strong></span> 
     </span>
    </p>
   </div>
   <div class='ocr_carea' id='block_1_119' title="bbox 2238 5564 3809 5636">
    <p class='ocr_par' dir='ltr' id='par_1_119' title="bbox 2238 5564 3809 5636">
     <span class='ocr_line' id='line_1_119' title="bbox 2238 5564 3809 5636; baseline -0.006 -15"><span class='ocrx_word' id='word_1_920' title='bbox 2238 5571 2321 5621; x_wconf 87' lang='lat' dir='ltr'><strong>tra</strong></span> <span class='ocrx_word' id='word_1_921' title='bbox 2348 5565 2678 5636; x_wconf 89' lang='lat' dir='ltr'><strong>reliquorum</strong></span> <span class='ocrx_word' id='word_1_922' title='bbox 2708 5564 2871 5635; x_wconf 87' lang='lat' dir='ltr'><strong>atque</strong></span> <span class='ocrx_word' id='word_1_923' title='bbox 2896 5567 3028 5622; x_wconf 91' lang='lat' dir='ltr'><strong>edit.</strong></span> <span class='ocrx_word' id='word_1_924' title='bbox 3062 5566 3331 5632; x_wconf 81' lang='lat' dir='ltr'><strong>Omnium,</strong></span> <span class='ocrx_word' id='word_1_925' title='bbox 3364 5564 3460 5620; x_wconf 88' lang='lat' dir='ltr'><strong>sed</strong></span> <span class='ocrx_word' id='word_1_926' title='bbox 3505 5567 3663 5621; x_wconf 87' lang='lat' dir='ltr'><strong>etiam</strong></span> <span class='ocrx_word' id='word_1_927' title='bbox 3691 5569 3809 5615; x_wconf 77' lang='lat' dir='ltr'><strong>sacri</strong></span> 
     </span>
    </p>
   </div>
   <div class='ocr_carea' id='block_1_120' title="bbox 2244 5638 3788 5711">
    <p class='ocr_par' dir='ltr' id='par_1_120' title="bbox 2244 5638 3788 5711">
     <span class='ocr_line' id='line_1_120' title="bbox 2244 5638 3788 5711; baseline 0.006 -17"><span class='ocrx_word' id='word_1_928' title='bbox 2244 5646 2426 5711; x_wconf 75' lang='lat' dir='ltr'><strong>textus</strong></span> <span class='ocrx_word' id='word_1_929' title='bbox 2454 5638 2859 5695; x_wconf 88' lang='lat' dir='ltr'><strong>auctoritatem.</strong></span> <span class='ocrx_word' id='word_1_930' title='bbox 3467 5708 3477 5711; x_wconf 92' lang='lat'><em>_</em></span> 
     </span>
    </p>
   </div>
   <div class='ocr_carea' id='block_1_121' title="bbox 2317 5706 3810 5783">
    <p class='ocr_par' dir='ltr' id='par_1_121' title="bbox 2317 5706 3810 5783">
     <span class='ocr_line' id='line_1_121' title="bbox 2317 5706 3810 5783; baseline -0.007 -17"><span class='ocrx_word' id='word_1_931' title='bbox 2317 5719 2340 5747; x_wconf 74' lang='grc' dir='ltr'>θ</span> <span class='ocrx_word' id='word_1_932' title='bbox 2361 5706 2480 5783; x_wconf 76' lang='lat' dir='ltr'><strong>Non</strong></span> <span class='ocrx_word' id='word_1_933' title='bbox 2510 5712 2665 5781; x_wconf 88' lang='lat' dir='ltr'><strong>pauci</strong></span> <span class='ocrx_word' id='word_1_934' title='bbox 2699 5725 2831 5783; x_wconf 85' lang='lat' dir='ltr'><strong>mss.</strong></span> <span class='ocrx_word' id='word_1_935' title='bbox 2857 5748 2877 5783; x_wconf 74' lang='lat'><strong>,</strong></span> <span class='ocrx_word' id='word_1_936' title='bbox 2908 5720 2956 5765; x_wconf 89' lang='lat' dir='ltr'><strong>et</strong></span> <span class='ocrx_word' id='word_1_937' title='bbox 2979 5711 3366 5783; x_wconf 79' lang='lat' dir='ltr'><strong>immaculatum</strong></span> <span class='ocrx_word' id='word_1_938' title='bbox 3389 5708 3614 5783; x_wconf 80' lang='lat' dir='ltr'><strong>animam</strong></span> <span class='ocrx_word' id='word_1_939' title='bbox 3656 5706 3810 5783; x_wconf 42' lang='lat' dir='ltr'><strong>gerit}!</strong></span> 
     </span>
    </p>
   </div>
   <div class='ocr_carea' id='block_1_122' title="bbox 2239 5768 3808 5855">
    <p class='ocr_par' dir='ltr' id='par_1_122' title="bbox 2239 5768 3808 5855">
     <span class='ocr_line' id='line_1_122' title="bbox 2239 5768 3808 5855; baseline -0.004 -20"><span class='ocrx_word' id='word_1_940' title='bbox 2239 5781 2476 5855; x_wconf 76' lang='lat' dir='ltr'><strong>castitate</strong></span> <span class='ocrx_word' id='word_1_941' title='bbox 2491 5768 2525 5848; x_wconf 85' lang='grc'><strong>;’</strong></span> <span class='ocrx_word' id='word_1_942' title='bbox 2538 5782 2784 5838; x_wconf 89' lang='lat' dir='ltr'><strong>nonnulli</strong></span> <span class='ocrx_word' id='word_1_943' title='bbox 2802 5823 2816 5855; x_wconf 86' lang='lat'><strong>,</strong></span> <span class='ocrx_word' id='word_1_944' title='bbox 2843 5768 2892 5838; x_wconf 70' lang='lat' dir='ltr'><strong>et</strong></span> <span class='ocrx_word' id='word_1_945' title='bbox 2916 5783 3250 5855; x_wconf 78' lang='lat' dir='ltr'><strong>immaculato</strong></span> <span class='ocrx_word' id='word_1_946' title='bbox 3277 5780 3449 5836; x_wconf 86' lang='lat' dir='ltr'><strong>animo</strong></span> <span class='ocrx_word' id='word_1_947' title='bbox 3470 5779 3639 5855; x_wconf 84' lang='lat' dir='ltr'><strong>geritis</strong></span> <span class='ocrx_word' id='word_1_948' title='bbox 3656 5768 3808 5831; x_wconf 65' lang='grc' dir='ltr'><strong>’σωιίέ</strong></span> 
     </span>
    </p>
   </div>
   <div class='ocr_carea' id='block_1_123' title="bbox 2241 5845 3475 5919">
    <p class='ocr_par' dir='ltr' id='par_1_123' title="bbox 2241 5845 3475 5919">
     <span class='ocr_line' id='line_1_123' title="bbox 2241 5845 3475 5919; baseline 0.001 -12"><span class='ocrx_word' id='word_1_949' title='bbox 2241 5845 2431 5919; x_wconf 78' lang='lat' dir='ltr'><strong>latent;</strong></span> <span class='ocrx_word' id='word_1_950' title='bbox 2452 5845 2634 5909; x_wconf 66' lang='lat' dir='ltr'><strong>cicleri</strong></span> <span class='ocrx_word' id='word_1_951' title='bbox 2664 5871 2726 5909; x_wconf 85' lang='lat' dir='ltr'><strong>ac</strong></span> <span class='ocrx_word' id='word_1_952' title='bbox 2756 5845 2886 5910; x_wconf 82' lang='lat' dir='ltr'><strong>edit.</strong></span> <span class='ocrx_word' id='word_1_953' title='bbox 2919 5854 3080 5909; x_wconf 83' lang='lat' dir='ltr'><strong>nobis</strong></span> <span class='ocrx_word' id='word_1_954' title='bbox 3106 5845 3475 5912; x_wconf 43' lang='lat' dir='ltr'><strong>consentiunt;</strong></span> 
     </span>
    </p>
   </div>
  </div>
