  <div class='ocr_page' id='page_1' title='image "/cluster/home/n/w/nwhite01/storage/ocr_20150623/16/hvd.32044015471998/150.png"; bbox 0 0 4054 6306; ppageno 0'>
   <div class='ocr_carea' id='block_1_1' title="bbox 228 237 326 296">
    <p class='ocr_par' dir='ltr' id='par_1_1' title="bbox 228 237 326 296">
     <span class='ocr_line' id='line_1_1' title="bbox 228 237 326 296; baseline -0.02 0"><span class='ocrx_word' id='word_1_1' title='bbox 228 237 326 296; x_wconf 68' lang='lat'><strong>289</strong></span> 
     </span>
    </p>
   </div>
   <div class='ocr_carea' id='block_1_2' title="bbox 1354 225 2425 290">
    <p class='ocr_par' dir='ltr' id='par_1_2' title="bbox 1354 225 2425 290">
     <span class='ocr_line' id='line_1_2' title="bbox 1354 225 2425 290; baseline -0.004 0"><span class='ocrx_word' id='word_1_2' title='bbox 1354 229 1446 290; x_wconf 85' lang='lat' dir='ltr'><strong>DE</strong></span> <span class='ocrx_word' id='word_1_3' title='bbox 1493 227 1938 290; x_wconf 68' lang='lat' dir='ltr'><strong>VIRCINITATE</strong></span> <span class='ocrx_word' id='word_1_4' title='bbox 1979 228 2184 288; x_wconf 81' lang='lat' dir='ltr'><strong>LIBER</strong></span> <span class='ocrx_word' id='word_1_5' title='bbox 2225 225 2425 290; x_wconf 83' lang='lat' dir='ltr'><strong>UNUS.</strong></span> 
     </span>
    </p>
   </div>
   <div class='ocr_carea' id='block_1_3' title="bbox 3419 231 3529 290">
    <p class='ocr_par' dir='ltr' id='par_1_3' title="bbox 3419 231 3529 290">
     <span class='ocr_line' id='line_1_3' title="bbox 3419 231 3529 290; baseline -0.018 0"><span class='ocrx_word' id='word_1_6' title='bbox 3419 231 3529 290; x_wconf 74' lang='lat'><strong>290</strong></span> 
     </span>
    </p>
   </div>
   <div class='ocr_carea' id='block_1_4' title="bbox 228 348 3528 430">
    <p class='ocr_par' dir='ltr' id='par_1_4' title="bbox 228 348 3528 430">
     <span class='ocr_line' id='line_1_4' title="bbox 228 348 3528 430; baseline -0.002 -17"><span class='ocrx_word' id='word_1_7' title='bbox 228 359 445 430; x_wconf 82' lang='lat' dir='ltr'><strong>pallium</strong></span> <span class='ocrx_word' id='word_1_8' title='bbox 481 358 754 430; x_wconf 79' lang='lat' dir='ltr'><strong>virginum</strong></span> <span class='ocrx_word' id='word_1_9' title='bbox 777 362 857 412; x_wconf 90' lang='lat' dir='ltr'><strong>est</strong></span> <span class='ocrx_word' id='word_1_10' title='bbox 886 352 1078 424; x_wconf 56' lang='lat' dir='ltr'><strong>,‘aliud</strong></span> <span class='ocrx_word' id='word_1_11' title='bbox 1108 363 1133 393; x_wconf 73' lang='grc' dir='ltr'>ε</span> <span class='ocrx_word' id='word_1_12' title='bbox 1165 352 1547 411; x_wconf 81' lang='lat' dir='ltr'><strong>adolescentiae</strong></span> <span class='ocrx_word' id='word_1_13' title='bbox 1587 355 1821 410; x_wconf 86' lang='lat' dir='ltr'><strong>circnm-</strong></span> <span class='ocrx_word' id='word_1_14' title='bbox 1858 357 1898 416; x_wconf 77' lang='grc' dir='ltr'><strong>Α</strong></span> <span class='ocrx_word' id='word_1_15' title='bbox 1929 353 2030 424; x_wconf 86' lang='lat' dir='ltr'><strong>ipsi</strong></span> <span class='ocrx_word' id='word_1_16' title='bbox 2054 351 2218 407; x_wconf 86' lang='lat' dir='ltr'><strong>Deum</strong></span> <span class='ocrx_word' id='word_1_17' title='bbox 2251 350 2488 406; x_wconf 81' lang='lat' dir='ltr'><strong>videbunt</strong></span> <span class='ocrx_word' id='word_1_18' title='bbox 2519 349 2745 424; x_wconf 80' lang='lat' dir='ltr'><strong>(Matth,</strong></span> <span class='ocrx_word' id='word_1_19' title='bbox 2778 366 2829 416; x_wconf 86' lang='lat' dir='ltr'><strong>v,</strong></span> <span class='ocrx_word' id='word_1_20' title='bbox 2856 348 2944 419; x_wconf 90' lang='lat'><strong>7).</strong></span> <span class='ocrx_word' id='word_1_21' title='bbox 2975 349 3215 421; x_wconf 82' lang='lat' dir='ltr'><strong>Denique</strong></span> <span class='ocrx_word' id='word_1_22' title='bbox 3248 351 3338 409; x_wconf 89' lang='lat' dir='ltr'><strong>ubi</strong></span> <span class='ocrx_word' id='word_1_23' title='bbox 3369 368 3528 409; x_wconf 90' lang='lat' dir='ltr'><strong>mun-</strong></span> 
     </span>
    </p>
   </div>
   <div class='ocr_carea' id='block_1_5' title="bbox 232 442 3135 524">
    <p class='ocr_par' dir='ltr' id='par_1_5' title="bbox 232 442 3135 524">
     <span class='ocr_line' id='line_1_5' title="bbox 232 442 3135 524; baseline -0.004 -14"><span class='ocrx_word' id='word_1_24' title='bbox 232 455 488 510; x_wconf 73' lang='lat' dir='ltr'><strong>foranete.</strong></span> <span class='ocrx_word' id='word_1_25' title='bbox 517 453 611 507; x_wconf 87' lang='lat' dir='ltr'><strong>Illa</strong></span> <span class='ocrx_word' id='word_1_26' title='bbox 658 469 775 524; x_wconf 76' lang='lat' dir='ltr'><strong>qua:</strong></span> <span class='ocrx_word' id='word_1_27' title='bbox 804 452 856 507; x_wconf 91' lang='lat' dir='ltr'><strong>in</strong></span> <span class='ocrx_word' id='word_1_28' title='bbox 889 451 1002 505; x_wconf 86' lang='lat' dir='ltr'><strong>foro</strong></span> <span class='ocrx_word' id='word_1_29' title='bbox 1023 450 1296 506; x_wconf 80' lang='lat' dir='ltr'><strong>Christum</strong></span> <span class='ocrx_word' id='word_1_30' title='bbox 1325 448 1570 520; x_wconf 90' lang='lat' dir='ltr'><strong>requirit,</strong></span> <span class='ocrx_word' id='word_1_31' title='bbox 1604 450 1823 519; x_wconf 85' lang='lat' dir='ltr'><strong>pallium</strong></span> <span class='ocrx_word' id='word_1_32' title='bbox 1926 445 2071 501; x_wconf 87' lang='lat' dir='ltr'><strong>davit</strong></span> <span class='ocrx_word' id='word_1_33' title='bbox 2101 460 2218 514; x_wconf 89' lang='lat' dir='ltr'><strong>cor,</strong></span> <span class='ocrx_word' id='word_1_34' title='bbox 2253 443 2489 501; x_wconf 84' lang='lat' dir='ltr'><strong>Verbum</strong></span> <span class='ocrx_word' id='word_1_35' title='bbox 2519 445 2746 515; x_wconf 91' lang='lat' dir='ltr'><strong>reperit,</strong></span> <span class='ocrx_word' id='word_1_36' title='bbox 2783 444 2950 498; x_wconf 90' lang='lat' dir='ltr'><strong>Deum</strong></span> <span class='ocrx_word' id='word_1_37' title='bbox 2984 442 3135 498; x_wconf 91' lang='lat' dir='ltr'><strong>vidit.</strong></span> 
     </span>
    </p>
   </div>
   <div class='ocr_carea' id='block_1_6' title="bbox 231 544 1824 618">
    <p class='ocr_par' dir='ltr' id='par_1_6' title="bbox 231 544 1824 618">
     <span class='ocr_line' id='line_1_6' title="bbox 231 544 1824 618; baseline -0.004 -14"><span class='ocrx_word' id='word_1_38' title='bbox 231 547 392 604; x_wconf 86' lang='lat' dir='ltr'><strong>etiam</strong></span> <span class='ocrx_word' id='word_1_39' title='bbox 423 548 570 618; x_wconf 87' lang='lat' dir='ltr'><strong>quod</strong></span> <span class='ocrx_word' id='word_1_40' title='bbox 603 549 856 614; x_wconf 89' lang='lat' dir='ltr'><strong>habebat,</strong></span> <span class='ocrx_word' id='word_1_41' title='bbox 885 546 1103 610; x_wconf 88' lang='lat' dir='ltr'><strong>amisit;</strong></span> <span class='ocrx_word' id='word_1_42' title='bbox 1134 545 1421 616; x_wconf 87' lang='lat' dir='ltr'><strong>prudentia</strong></span> <span class='ocrx_word' id='word_1_43' title='bbox 1451 545 1596 600; x_wconf 89' lang='lat' dir='ltr'><strong>enim</strong></span> <span class='ocrx_word' id='word_1_44' title='bbox 1632 559 1738 600; x_wconf 90' lang='lat' dir='ltr'><strong>non</strong></span> <span class='ocrx_word' id='word_1_45' title='bbox 1769 544 1824 599; x_wconf 91' lang='lat' dir='ltr'><strong>in</strong></span> 
     </span>
    </p>
   </div>
   <div class='ocr_carea' id='block_1_7' title="bbox 232 638 1728 714">
    <p class='ocr_par' dir='ltr' id='par_1_7' title="bbox 232 638 1728 714">
     <span class='ocr_line' id='line_1_7' title="bbox 232 638 1728 714; baseline -0.004 -16"><span class='ocrx_word' id='word_1_46' title='bbox 232 643 372 709; x_wconf 90' lang='lat' dir='ltr'><strong>foro,</strong></span> <span class='ocrx_word' id='word_1_47' title='bbox 407 658 521 698; x_wconf 89' lang='lat' dir='ltr'><strong>non</strong></span> <span class='ocrx_word' id='word_1_48' title='bbox 554 644 607 698; x_wconf 93' lang='lat' dir='ltr'><strong>in</strong></span> <span class='ocrx_word' id='word_1_49' title='bbox 653 641 882 714; x_wconf 81' lang='lat' dir='ltr'><strong>plateis,</strong></span> <span class='ocrx_word' id='word_1_50' title='bbox 909 639 1004 696; x_wconf 91' lang='lat' dir='ltr'><strong>sed</strong></span> <span class='ocrx_word' id='word_1_51' title='bbox 1031 639 1084 696; x_wconf 89' lang='lat' dir='ltr'><strong>in</strong></span> <span class='ocrx_word' id='word_1_52' title='bbox 1119 639 1361 697; x_wconf 84' lang='lat' dir='ltr'><strong>Ecclesia</strong></span> <span class='ocrx_word' id='word_1_53' title='bbox 1402 638 1728 710; x_wconf 87' lang='lat' dir='ltr'><strong>possidetur.</strong></span> 
     </span>
    </p>
   </div>
   <div class='ocr_carea' id='block_1_8' title="bbox 232 733 1823 809">
    <p class='ocr_par' dir='ltr' id='par_1_8' title="bbox 232 733 1823 809">
     <span class='ocr_line' id='line_1_8' title="bbox 232 733 1823 809; baseline -0.001 -17"><span class='ocrx_word' id='word_1_54' title='bbox 232 737 465 792; x_wconf 84' lang='lat' dir='ltr'><strong>fortasse</strong></span> <span class='ocrx_word' id='word_1_55' title='bbox 497 736 580 809; x_wconf 92' lang='lat' dir='ltr'><strong>(ut</strong></span> <span class='ocrx_word' id='word_1_56' title='bbox 605 752 724 793; x_wconf 92' lang='lat' dir='ltr'><strong>cum</strong></span> <span class='ocrx_word' id='word_1_57' title='bbox 753 737 882 807; x_wconf 90' lang='lat' dir='ltr'><strong>ipsis</strong></span> <span class='ocrx_word' id='word_1_58' title='bbox 919 750 1136 808; x_wconf 90' lang='lat' dir='ltr'><strong>quoque</strong></span> <span class='ocrx_word' id='word_1_59' title='bbox 1166 735 1446 791; x_wconf 84' lang='lat' dir='ltr'><strong>veniamus</strong></span> <span class='ocrx_word' id='word_1_60' title='bbox 1488 733 1540 790; x_wconf 91' lang='lat' dir='ltr'><strong>in</strong></span> <span class='ocrx_word' id='word_1_61' title='bbox 1569 734 1823 805; x_wconf 75' lang='lat' dir='ltr'><strong>gratiam,</strong></span> 
     </span>
    </p>
   </div>
   <div class='ocr_carea' id='block_1_9' title="bbox 233 827 1826 902">
    <p class='ocr_par' dir='ltr' id='par_1_9' title="bbox 233 827 1826 902">
     <span class='ocr_line' id='line_1_9' title="bbox 233 827 1826 902; baseline -0.004 -14"><span class='ocrx_word' id='word_1_62' title='bbox 233 843 392 902; x_wconf 87' lang='lat' dir='ltr'><strong>atque</strong></span> <span class='ocrx_word' id='word_1_63' title='bbox 421 832 671 888; x_wconf 92' lang='lat' dir='ltr'><strong>omnium</strong></span> <span class='ocrx_word' id='word_1_64' title='bbox 705 829 1109 887; x_wconf 87' lang='lat' dir='ltr'><strong>misericordem</strong></span> <span class='ocrx_word' id='word_1_65' title='bbox 1142 830 1312 886; x_wconf 90' lang='lat' dir='ltr'><strong>Deum</strong></span> <span class='ocrx_word' id='word_1_66' title='bbox 1350 843 1470 885; x_wconf 90' lang='lat' dir='ltr'><strong>esse</strong></span> <span class='ocrx_word' id='word_1_67' title='bbox 1501 827 1826 894; x_wconf 86' lang='lat' dir='ltr'><strong>doceamus;</strong></span> 
     </span>
    </p>
   </div>
   <div class='ocr_carea' id='block_1_10' title="bbox 231 921 1826 995">
    <p class='ocr_par' dir='ltr' id='par_1_10' title="bbox 231 921 1826 995">
     <span class='ocr_line' id='line_1_10' title="bbox 231 921 1826 995; baseline 0.001 -21"><span class='ocrx_word' id='word_1_68' title='bbox 231 924 353 995; x_wconf 83' lang='lat' dir='ltr'><strong>quia</strong></span> <span class='ocrx_word' id='word_1_69' title='bbox 379 933 436 980; x_wconf 90' lang='lat' dir='ltr'><strong>et</strong></span> <span class='ocrx_word' id='word_1_70' title='bbox 466 924 542 979; x_wconf 87' lang='lat' dir='ltr'><strong>illi</strong></span> <span class='ocrx_word' id='word_1_71' title='bbox 567 922 841 979; x_wconf 88' lang='lat' dir='ltr'><strong>Christum</strong></span> <span class='ocrx_word' id='word_1_72' title='bbox 886 923 1176 995; x_wconf 89' lang='lat' dir='ltr'><strong>aliquando</strong></span> <span class='ocrx_word' id='word_1_73' title='bbox 1206 924 1517 994; x_wconf 86' lang='lat' dir='ltr'><strong>reperiunt,</strong></span> <span class='ocrx_word' id='word_1_74' title='bbox 1563 921 1610 977; x_wconf 90' lang='lat' dir='ltr'><strong>si</strong></span> <span class='ocrx_word' id='word_1_75' title='bbox 1647 931 1826 977; x_wconf 89' lang='lat' dir='ltr'><strong>tamen</strong></span> 
     </span>
    </p>
   </div>
   <div class='ocr_carea' id='block_1_11' title="bbox 228 1015 1789 1091">
    <p class='ocr_par' dir='ltr' id='par_1_11' title="bbox 228 1015 1789 1091">
     <span class='ocr_line' id='line_1_11' title="bbox 228 1015 1789 1091; baseline -0.003 -18"><span class='ocrx_word' id='word_1_76' title='bbox 228 1019 431 1091; x_wconf 83' lang='lat' dir='ltr'><strong>jugiter</strong></span> <span class='ocrx_word' id='word_1_77' title='bbox 461 1016 734 1091; x_wconf 64' lang='lat' dir='ltr'><strong>quaerant)</strong></span> <span class='ocrx_word' id='word_1_78' title='bbox 767 1017 987 1088; x_wconf 85' lang='lat' dir='ltr'><strong>pallium</strong></span> <span class='ocrx_word' id='word_1_79' title='bbox 1021 1015 1122 1072; x_wconf 91' lang='lat' dir='ltr'><strong>hoc</strong></span> <span class='ocrx_word' id='word_1_80' title='bbox 1158 1018 1388 1072; x_wconf 84' lang='lat' dir='ltr'><strong>amictus</strong></span> <span class='ocrx_word' id='word_1_81' title='bbox 1413 1025 1495 1071; x_wconf 91' lang='lat' dir='ltr'><strong>est</strong></span> <span class='ocrx_word' id='word_1_82' title='bbox 1521 1015 1789 1086; x_wconf 88' lang='lat' dir='ltr'><strong>corporis.</strong></span> 
     </span>
    </p>
   </div>
   <div class='ocr_carea' id='block_1_12' title="bbox 297 1109 1826 1184">
    <p class='ocr_par' dir='ltr' id='par_1_12' title="bbox 297 1109 1826 1184">
     <span class='ocr_line' id='line_1_12' title="bbox 297 1109 1826 1184; baseline -0.004 -16"><span class='ocrx_word' id='word_1_83' title='bbox 297 1112 392 1168; x_wconf 89' lang='lat'><strong>89.</strong></span> <span class='ocrx_word' id='word_1_84' title='bbox 421 1112 569 1184; x_wconf 89' lang='lat' dir='ltr'><strong>Ergo</strong></span> <span class='ocrx_word' id='word_1_85' title='bbox 597 1111 688 1184; x_wconf 89' lang='lat' dir='ltr'><strong>qui</strong></span> <span class='ocrx_word' id='word_1_86' title='bbox 711 1111 958 1184; x_wconf 73' lang='lat' dir='ltr'><strong>quaesivit</strong></span> <span class='ocrx_word' id='word_1_87' title='bbox 987 1111 1038 1166; x_wconf 92' lang='lat' dir='ltr'><strong>in</strong></span> <span class='ocrx_word' id='word_1_88' title='bbox 1063 1111 1228 1168; x_wconf 89' lang='lat' dir='ltr'><strong>cubili</strong></span> <span class='ocrx_word' id='word_1_89' title='bbox 1257 1110 1530 1166; x_wconf 81' lang='lat' dir='ltr'><strong>Christum</strong></span> <span class='ocrx_word' id='word_1_90' title='bbox 1561 1109 1628 1182; x_wconf 92' lang='lat' dir='ltr'><strong>(si</strong></span> <span class='ocrx_word' id='word_1_91' title='bbox 1649 1119 1826 1164; x_wconf 90' lang='lat' dir='ltr'><strong>tamen</strong></span> 
     </span>
    </p>
   </div>
   <div class='ocr_carea' id='block_1_13' title="bbox 231 1202 1831 1278">
    <p class='ocr_par' dir='ltr' id='par_1_13' title="bbox 231 1202 1831 1278">
     <span class='ocr_line' id='line_1_13' title="bbox 231 1202 1831 1278; baseline -0.004 -16"><span class='ocrx_word' id='word_1_92' title='bbox 231 1207 307 1262; x_wconf 90' lang='lat' dir='ltr'><strong>sic</strong></span> <span class='ocrx_word' id='word_1_93' title='bbox 337 1206 626 1278; x_wconf 65' lang='lat' dir='ltr'><strong>quaesivit,</strong></span> <span class='ocrx_word' id='word_1_94' title='bbox 677 1205 820 1262; x_wconf 88' lang='lat' dir='ltr'><strong>sicut</strong></span> <span class='ocrx_word' id='word_1_95' title='bbox 849 1205 940 1261; x_wconf 90' lang='lat' dir='ltr'><strong>ille</strong></span> <span class='ocrx_word' id='word_1_96' title='bbox 961 1205 1051 1276; x_wconf 94' lang='lat' dir='ltr'><strong>qui</strong></span> <span class='ocrx_word' id='word_1_97' title='bbox 1080 1203 1256 1260; x_wconf 82' lang='lat' dir='ltr'><strong>dixit:</strong></span> <span class='ocrx_word' id='word_1_98' title='bbox 1296 1203 1388 1259; x_wconf 90' lang='lat' dir='ltr'><strong>Sic</strong></span> <span class='ocrx_word' id='word_1_99' title='bbox 1428 1218 1622 1258; x_wconf 81' lang='lat' dir='ltr'><strong>memor</strong></span> <span class='ocrx_word' id='word_1_100' title='bbox 1651 1202 1727 1273; x_wconf 79' lang='lat' dir='ltr'><strong>{ui</strong></span> <span class='ocrx_word' id='word_1_101' title='bbox 1756 1203 1831 1256; x_wconf 88' lang='lat' dir='ltr'><strong>tui</strong></span> 
     </span>
    </p>
   </div>
   <div class='ocr_carea' id='block_1_14' title="bbox 230 1294 1830 1372">
    <p class='ocr_par' dir='ltr' id='par_1_14' title="bbox 230 1294 1830 1372">
     <span class='ocr_line' id='line_1_14' title="bbox 230 1294 1830 1372; baseline -0.003 -16"><span class='ocrx_word' id='word_1_102' title='bbox 230 1317 386 1371; x_wconf 72' lang='lat' dir='ltr'><strong>super</strong></span> <span class='ocrx_word' id='word_1_103' title='bbox 431 1308 652 1356; x_wconf 77' lang='lat' dir='ltr'><strong>stratum</strong></span> <span class='ocrx_word' id='word_1_104' title='bbox 689 1315 857 1354; x_wconf 88' lang='lat' dir='ltr'><strong>meum</strong></span> <span class='ocrx_word' id='word_1_105' title='bbox 892 1297 1066 1372; x_wconf 70' lang='lat' dir='ltr'><strong>(Prol.</strong></span> <span class='ocrx_word' id='word_1_106' title='bbox 1092 1313 1222 1365; x_wconf 78' lang='lat' dir='ltr'><strong>un,</strong></span> <span class='ocrx_word' id='word_1_107' title='bbox 1252 1295 1306 1370; x_wconf 87' lang='grc'>7)</span> <span class='ocrx_word' id='word_1_108' title='bbox 1348 1313 1363 1362; x_wconf 91' lang='lat'><strong>;</strong></span> <span class='ocrx_word' id='word_1_109' title='bbox 1403 1296 1446 1351; x_wconf 88' lang='lat' dir='ltr'><strong>si</strong></span> <span class='ocrx_word' id='word_1_110' title='bbox 1489 1294 1744 1368; x_wconf 69' lang='lat' dir='ltr'><strong>quaesivit</strong></span> <span class='ocrx_word' id='word_1_111' title='bbox 1775 1295 1830 1351; x_wconf 91' lang='lat' dir='ltr'><strong>in</strong></span> 
     </span>
    </p>
   </div>
   <div class='ocr_carea' id='block_1_15' title="bbox 230 1391 1833 1466">
    <p class='ocr_par' dir='ltr' id='par_1_15' title="bbox 230 1391 1833 1466">
     <span class='ocr_line' id='line_1_15' title="bbox 230 1391 1833 1466; baseline -0.002 -14"><span class='ocrx_word' id='word_1_112' title='bbox 230 1395 485 1452; x_wconf 89' lang='lat' dir='ltr'><strong>noctibus</strong></span> <span class='ocrx_word' id='word_1_113' title='bbox 513 1437 529 1462; x_wconf 91' lang='lat'><strong>,</strong></span> <span class='ocrx_word' id='word_1_114' title='bbox 559 1394 710 1464; x_wconf 89' lang='lat' dir='ltr'><strong>juxta</strong></span> <span class='ocrx_word' id='word_1_115' title='bbox 740 1394 884 1466; x_wconf 91' lang='lat' dir='ltr'><strong>quod</strong></span> <span class='ocrx_word' id='word_1_116' title='bbox 927 1393 1189 1464; x_wconf 89' lang='lat' dir='ltr'><strong>scriptum</strong></span> <span class='ocrx_word' id='word_1_117' title='bbox 1220 1405 1339 1450; x_wconf 86' lang='lat' dir='ltr'><strong>est:</strong></span> <span class='ocrx_word' id='word_1_118' title='bbox 1372 1391 1441 1448; x_wconf 86' lang='lat' dir='ltr'><strong>In</strong></span> <span class='ocrx_word' id='word_1_119' title='bbox 1477 1393 1706 1448; x_wconf 81' lang='lat' dir='ltr'><strong>noctibus</strong></span> <span class='ocrx_word' id='word_1_120' title='bbox 1743 1409 1833 1448; x_wconf 82' lang='lat' dir='ltr'><strong>ea:-</strong></span> 
     </span>
    </p>
   </div>
   <div class='ocr_carea' id='block_1_16' title="bbox 233 1485 1834 1560">
    <p class='ocr_par' dir='ltr' id='par_1_16' title="bbox 233 1485 1834 1560">
     <span class='ocr_line' id='line_1_16' title="bbox 233 1485 1834 1560; baseline -0.001 -16"><span class='ocrx_word' id='word_1_121' title='bbox 233 1491 397 1544; x_wconf 88' lang='lat' dir='ltr'><strong>tollite</strong></span> <span class='ocrx_word' id='word_1_122' title='bbox 435 1506 623 1544; x_wconf 77' lang='lat' dir='ltr'><strong>manus</strong></span> <span class='ocrx_word' id='word_1_123' title='bbox 661 1499 856 1543; x_wconf 78' lang='lat' dir='ltr'><strong>vestras</strong></span> <span class='ocrx_word' id='word_1_124' title='bbox 882 1489 935 1542; x_wconf 90' lang='lat' dir='ltr'><strong>in</strong></span> <span class='ocrx_word' id='word_1_125' title='bbox 963 1497 1143 1542; x_wconf 80' lang='lat' dir='ltr'><strong>sancta</strong></span> <span class='ocrx_word' id='word_1_126' title='bbox 1179 1485 1356 1560; x_wconf 80' lang='lat' dir='ltr'><strong>(Psal.</strong></span> <span class='ocrx_word' id='word_1_127' title='bbox 1390 1503 1626 1553; x_wconf 78' lang='lat' dir='ltr'><strong>cxxxnt,</strong></span> <span class='ocrx_word' id='word_1_128' title='bbox 1663 1488 1759 1558; x_wconf 71' lang='lat'><strong>2);</strong></span> <span class='ocrx_word' id='word_1_129' title='bbox 1787 1486 1834 1544; x_wconf 89' lang='lat' dir='ltr'><strong>si</strong></span> 
     </span>
    </p>
   </div>
   <div class='ocr_carea' id='block_1_17' title="bbox 231 1580 1834 1655">
    <p class='ocr_par' dir='ltr' id='par_1_17' title="bbox 231 1580 1834 1655">
     <span class='ocr_line' id='line_1_17' title="bbox 231 1580 1834 1655; baseline 0 -18"><span class='ocrx_word' id='word_1_130' title='bbox 231 1581 493 1655; x_wconf 87' lang='lat' dir='ltr'><strong>quaesivit</strong></span> <span class='ocrx_word' id='word_1_131' title='bbox 521 1583 575 1638; x_wconf 92' lang='lat' dir='ltr'><strong>in</strong></span> <span class='ocrx_word' id='word_1_132' title='bbox 608 1583 857 1648; x_wconf 85' lang='lat' dir='ltr'><strong>civitate,</strong></span> <span class='ocrx_word' id='word_1_133' title='bbox 891 1583 941 1636; x_wconf 91' lang='lat' dir='ltr'><strong>in</strong></span> <span class='ocrx_word' id='word_1_134' title='bbox 969 1580 1088 1636; x_wconf 93' lang='lat' dir='ltr'><strong>foro</strong></span> <span class='ocrx_word' id='word_1_135' title='bbox 1111 1591 1166 1637; x_wconf 90' lang='lat' dir='ltr'><strong>et</strong></span> <span class='ocrx_word' id='word_1_136' title='bbox 1194 1582 1246 1636; x_wconf 92' lang='lat' dir='ltr'><strong>in</strong></span> <span class='ocrx_word' id='word_1_137' title='bbox 1267 1581 1500 1652; x_wconf 86' lang='lat' dir='ltr'><strong>plateis:</strong></span> <span class='ocrx_word' id='word_1_138' title='bbox 1533 1581 1585 1636; x_wconf 92' lang='lat' dir='ltr'><strong>in</strong></span> <span class='ocrx_word' id='word_1_139' title='bbox 1613 1583 1834 1638; x_wconf 87' lang='lat' dir='ltr'><strong>civitate</strong></span> 
     </span>
    </p>
   </div>
   <div class='ocr_carea' id='block_1_18' title="bbox 233 1677 1834 1750">
    <p class='ocr_par' dir='ltr' id='par_1_18' title="bbox 233 1677 1834 1750">
     <span class='ocr_line' id='line_1_18' title="bbox 233 1677 1834 1750; baseline 0 -15"><span class='ocrx_word' id='word_1_140' title='bbox 233 1680 320 1735; x_wconf 80' lang='lat' dir='ltr'><strong>Dei</strong></span> <span class='ocrx_word' id='word_1_141' title='bbox 358 1681 530 1735; x_wconf 91' lang='lat' dir='ltr'><strong>nostri</strong></span> <span class='ocrx_word' id='word_1_142' title='bbox 557 1697 569 1732; x_wconf 92' lang='lat'><strong>:</strong></span> <span class='ocrx_word' id='word_1_143' title='bbox 602 1679 654 1733; x_wconf 95' lang='lat' dir='ltr'><strong>in</strong></span> <span class='ocrx_word' id='word_1_144' title='bbox 689 1678 806 1734; x_wconf 91' lang='lat' dir='ltr'><strong>foro</strong></span> <span class='ocrx_word' id='word_1_145' title='bbox 837 1677 1074 1734; x_wconf 83' lang='lat' dir='ltr'><strong>fortasse</strong></span> <span class='ocrx_word' id='word_1_146' title='bbox 1104 1679 1157 1733; x_wconf 92' lang='lat' dir='ltr'><strong>in</strong></span> <span class='ocrx_word' id='word_1_147' title='bbox 1189 1678 1474 1750; x_wconf 86' lang='lat' dir='ltr'><strong>quojudex</strong></span> <span class='ocrx_word' id='word_1_148' title='bbox 1502 1679 1593 1736; x_wconf 92' lang='lat' dir='ltr'><strong>ille</strong></span> <span class='ocrx_word' id='word_1_149' title='bbox 1613 1677 1640 1718; x_wconf 70' lang='grc' dir='ltr'>δ</span> <span class='ocrx_word' id='word_1_150' title='bbox 1663 1679 1834 1735; x_wconf 88' lang='lat' dir='ltr'><strong>divini</strong></span> 
     </span>
    </p>
   </div>
   <div class='ocr_carea' id='block_1_19' title="bbox 2531 557 2912 617">
    <p class='ocr_par' dir='ltr' id='par_1_19' title="bbox 2531 557 2912 617">
     <span class='ocr_line' id='line_1_19' title="bbox 2531 557 2912 617; baseline 0 -3"><span class='ocrx_word' id='word_1_151' title='bbox 2531 557 2763 617; x_wconf 81' lang='lat' dir='ltr'><strong>CAPUT</strong></span> <span class='ocrx_word' id='word_1_152' title='bbox 2793 557 2912 615; x_wconf 84' lang='lat' dir='ltr'><strong>XV.</strong></span> 
     </span>
    </p>
   </div>
   <div class='ocr_carea' id='block_1_20' title="bbox 1759 637 3526 748">
    <p class='ocr_par' dir='ltr' id='par_1_20' title="bbox 1759 637 3526 748">
     <span class='ocr_line' id='line_1_20' title="bbox 1759 637 3526 748; baseline 0.002 -20"><span class='ocrx_word' id='word_1_153' title='bbox 1759 637 1828 693; x_wconf 51' lang='lat' dir='ltr'><strong>Et</strong></span> <span class='ocrx_word' id='word_1_154' title='bbox 1927 672 2009 728; x_wconf 84' lang='lat' dir='ltr'><strong>Ad</strong></span> <span class='ocrx_word' id='word_1_155' title='bbox 2047 672 2381 744; x_wconf 70' lang='lat' dir='ltr'><strong>qua&#39;rendnm</strong></span> <span class='ocrx_word' id='word_1_156' title='bbox 2411 672 2576 730; x_wconf 87' lang='lat' dir='ltr'><strong>Deum</strong></span> <span class='ocrx_word' id='word_1_157' title='bbox 2624 674 2853 730; x_wconf 82' lang='lat' dir='ltr'><strong>animant</strong></span> <span class='ocrx_word' id='word_1_158' title='bbox 2894 674 3114 742; x_wconf 71' lang='lat' dir='ltr'><strong>excitat,</strong></span> <span class='ocrx_word' id='word_1_159' title='bbox 3167 675 3526 748; x_wconf 71' lang='lat' dir='ltr'><strong>explicatqu</strong></span> 
     </span>
    </p>
   </div>
   <div class='ocr_carea' id='block_1_21' title="bbox 2000 772 3531 847">
    <p class='ocr_par' dir='ltr' id='par_1_21' title="bbox 2000 772 3531 847">
     <span class='ocr_line' id='line_1_21' title="bbox 2000 772 3531 847; baseline 0.003 -23"><span class='ocrx_word' id='word_1_160' title='bbox 2000 787 2092 824; x_wconf 87' lang='lat' dir='ltr'><strong>cur</strong></span> <span class='ocrx_word' id='word_1_161' title='bbox 2117 787 2176 825; x_wconf 86' lang='lat' dir='ltr'><strong>ea</strong></span> <span class='ocrx_word' id='word_1_162' title='bbox 2199 772 2446 842; x_wconf 83' lang='lat' dir='ltr'><strong>feminino</strong></span> <span class='ocrx_word' id='word_1_163' title='bbox 2478 772 2722 828; x_wconf 81' lang='lat' dir='ltr'><strong>vocabulo</strong></span> <span class='ocrx_word' id='word_1_164' title='bbox 2749 774 2973 838; x_wconf 80' lang='lat' dir='ltr'><strong>dicatur,</strong></span> <span class='ocrx_word' id='word_1_165' title='bbox 2999 782 3166 828; x_wconf 87' lang='lat' dir='ltr'><strong>monet</strong></span> <span class='ocrx_word' id='word_1_166' title='bbox 3188 773 3418 829; x_wconf 83' lang='lat' dir='ltr'><strong>diuinum</strong></span> <span class='ocrx_word' id='word_1_167' title='bbox 3449 778 3531 847; x_wconf 80' lang='lat' dir='ltr'><strong>{a-</strong></span> 
     </span>
    </p>
   </div>
   <div class='ocr_carea' id='block_1_22' title="bbox 2000 865 3528 940">
    <p class='ocr_par' dir='ltr' id='par_1_22' title="bbox 2000 865 3528 940">
     <span class='ocr_line' id='line_1_22' title="bbox 2000 865 3528 940; baseline 0.004 -23"><span class='ocrx_word' id='word_1_168' title='bbox 2000 878 2172 917; x_wconf 83' lang='lat' dir='ltr'><strong>vorem</strong></span> <span class='ocrx_word' id='word_1_169' title='bbox 2213 881 2320 919; x_wconf 77' lang='lat' dir='ltr'><strong>esse</strong></span> <span class='ocrx_word' id='word_1_170' title='bbox 2343 865 2746 935; x_wconf 83' lang='lat' dir='ltr'><strong>implorandum,</strong></span> <span class='ocrx_word' id='word_1_171' title='bbox 2779 875 2835 921; x_wconf 86' lang='lat' dir='ltr'><strong>ut</strong></span> <span class='ocrx_word' id='word_1_172' title='bbox 2868 866 3043 922; x_wconf 83' lang='lat' dir='ltr'><strong>eadem</strong></span> <span class='ocrx_word' id='word_1_173' title='bbox 3062 866 3125 921; x_wconf 88' lang='lat' dir='ltr'><strong>ab</strong></span> <span class='ocrx_word' id='word_1_174' title='bbox 3151 867 3245 922; x_wconf 87' lang='lat' dir='ltr'><strong>illo</strong></span> <span class='ocrx_word' id='word_1_175' title='bbox 3271 867 3528 940; x_wconf 81' lang='lat' dir='ltr'><strong>guberne-</strong></span> 
     </span>
    </p>
   </div>
   <div class='ocr_carea' id='block_1_23' title="bbox 2000 955 3529 1032">
    <p class='ocr_par' dir='ltr' id='par_1_23' title="bbox 2000 955 3529 1032">
     <span class='ocr_line' id='line_1_23' title="bbox 2000 955 3529 1032; baseline 0.005 -24"><span class='ocrx_word' id='word_1_176' title='bbox 2000 963 2086 1009; x_wconf 88' lang='lat' dir='ltr'><strong>tur</strong></span> <span class='ocrx_word' id='word_1_177' title='bbox 2115 955 2280 1010; x_wconf 71' lang='lat' dir='ltr'><strong>instar</strong></span> <span class='ocrx_word' id='word_1_178' title='bbox 2304 957 2581 1027; x_wconf 73' lang='lat' dir='ltr'><strong>cujusdam</strong></span> <span class='ocrx_word' id='word_1_179' title='bbox 2608 975 2834 1026; x_wconf 78' lang='lat' dir='ltr'><strong>currus;</strong></span> <span class='ocrx_word' id='word_1_180' title='bbox 2863 959 2943 1015; x_wconf 87' lang='lat' dir='ltr'><strong>illi</strong></span> <span class='ocrx_word' id='word_1_181' title='bbox 2963 961 3098 1015; x_wconf 83' lang='lat' dir='ltr'><strong>enim</strong></span> <span class='ocrx_word' id='word_1_182' title='bbox 3123 969 3347 1032; x_wconf 84' lang='lat' dir='ltr'><strong>quatuor</strong></span> <span class='ocrx_word' id='word_1_183' title='bbox 3359 970 3529 1016; x_wconf 73' lang='lat' dir='ltr'><strong>motus</strong></span> 
     </span>
    </p>
   </div>
   <div class='ocr_carea' id='block_1_24' title="bbox 2002 1053 3528 1131">
    <p class='ocr_par' dir='ltr' id='par_1_24' title="bbox 2002 1053 3528 1131">
     <span class='ocr_line' id='line_1_24' title="bbox 2002 1053 3528 1131; baseline 0.004 -26"><span class='ocrx_word' id='word_1_184' title='bbox 2002 1067 2112 1106; x_wconf 79' lang='lat' dir='ltr'><strong>esse</strong></span> <span class='ocrx_word' id='word_1_185' title='bbox 2151 1061 2414 1123; x_wconf 84' lang='lat' dir='ltr'><strong>tamquam</strong></span> <span class='ocrx_word' id='word_1_186' title='bbox 2455 1053 2671 1108; x_wconf 86' lang='lat' dir='ltr'><strong>totidem</strong></span> <span class='ocrx_word' id='word_1_187' title='bbox 2723 1071 2914 1126; x_wconf 72' lang='lat' dir='ltr'><strong>equos,</strong></span> <span class='ocrx_word' id='word_1_188' title='bbox 2954 1071 2987 1109; x_wconf 89' lang='lat' dir='ltr'><strong>a</strong></span> <span class='ocrx_word' id='word_1_189' title='bbox 3033 1054 3217 1127; x_wconf 75' lang='lat' dir='ltr'><strong>quibus</strong></span> <span class='ocrx_word' id='word_1_190' title='bbox 3256 1065 3528 1131; x_wconf 81' lang='lat' dir='ltr'><strong>raptatur:</strong></span> 
     </span>
    </p>
   </div>
   <div class='ocr_carea' id='block_1_25' title="bbox 2002 1145 3314 1219">
    <p class='ocr_par' dir='ltr' id='par_1_25' title="bbox 2002 1145 3314 1219">
     <span class='ocr_line' id='line_1_25' title="bbox 2002 1145 3314 1219; baseline 0.005 -23"><span class='ocrx_word' id='word_1_191' title='bbox 2002 1160 2130 1210; x_wconf 82' lang='lat' dir='ltr'><strong>quos</strong></span> <span class='ocrx_word' id='word_1_192' title='bbox 2160 1145 2308 1200; x_wconf 85' lang='lat' dir='ltr'><strong>docet</strong></span> <span class='ocrx_word' id='word_1_193' title='bbox 2335 1146 2538 1202; x_wconf 89' lang='lat' dir='ltr'><strong>ratione</strong></span> <span class='ocrx_word' id='word_1_194' title='bbox 2561 1163 2622 1202; x_wconf 88' lang='lat' dir='ltr'><strong>ac</strong></span> <span class='ocrx_word' id='word_1_195' title='bbox 2643 1148 2920 1219; x_wconf 80' lang='lat' dir='ltr'><strong>prudentia</strong></span> <span class='ocrx_word' id='word_1_196' title='bbox 2947 1148 3314 1205; x_wconf 72' lang='lat' dir='ltr'><strong>moderandas.</strong></span> 
     </span>
    </p>
   </div>
   <div class='ocr_carea' id='block_1_26' title="bbox 2004 1305 3530 1384">
    <p class='ocr_par' dir='ltr' id='par_1_26' title="bbox 2004 1305 3530 1384">
     <span class='ocr_line' id='line_1_26' title="bbox 2004 1305 3530 1384; baseline 0.006 -23"><span class='ocrx_word' id='word_1_197' title='bbox 2004 1305 2093 1362; x_wconf 79' lang='lat'><strong>95.</strong></span> <span class='ocrx_word' id='word_1_198' title='bbox 2139 1305 2335 1376; x_wconf 73' lang='lat' dir='ltr'><strong>Qumre</strong></span> <span class='ocrx_word' id='word_1_199' title='bbox 2377 1322 2506 1379; x_wconf 87' lang='lat' dir='ltr'><strong>ergo</strong></span> <span class='ocrx_word' id='word_1_200' title='bbox 2542 1307 2692 1365; x_wconf 90' lang='lat' dir='ltr'><strong>illum</strong></span> <span class='ocrx_word' id='word_1_201' title='bbox 2719 1352 2732 1376; x_wconf 94' lang='lat'><strong>,</strong></span> <span class='ocrx_word' id='word_1_202' title='bbox 2771 1309 2957 1383; x_wconf 90' lang='lat' dir='ltr'><strong>virgo,</strong></span> <span class='ocrx_word' id='word_1_203' title='bbox 3011 1311 3179 1368; x_wconf 89' lang='lat' dir='ltr'><strong>immo</strong></span> <span class='ocrx_word' id='word_1_204' title='bbox 3222 1327 3530 1384; x_wconf 60' lang='lat' dir='ltr'><strong>quaeramus</strong></span> 
     </span>
    </p>
   </div>
   <div class='ocr_carea' id='block_1_27' title="bbox 1935 1401 3534 1468">
    <p class='ocr_par' dir='ltr' id='par_1_27' title="bbox 1935 1401 3534 1468">
     <span class='ocr_line' id='line_1_27' title="bbox 1935 1401 3534 1468; baseline 0.006 -13"><span class='ocrx_word' id='word_1_205' title='bbox 1935 1415 2160 1468; x_wconf 89' lang='lat' dir='ltr'><strong>omnes;</strong></span> <span class='ocrx_word' id='word_1_206' title='bbox 2195 1401 2374 1456; x_wconf 91' lang='lat' dir='ltr'><strong>anima</strong></span> <span class='ocrx_word' id='word_1_207' title='bbox 2405 1403 2550 1458; x_wconf 90' lang='lat' dir='ltr'><strong>enim</strong></span> <span class='ocrx_word' id='word_1_208' title='bbox 2578 1419 2765 1460; x_wconf 92' lang='lat' dir='ltr'><strong>sexum</strong></span> <span class='ocrx_word' id='word_1_209' title='bbox 2795 1421 2903 1461; x_wconf 92' lang='lat' dir='ltr'><strong>non</strong></span> <span class='ocrx_word' id='word_1_210' title='bbox 2927 1404 3117 1463; x_wconf 86' lang='lat' dir='ltr'><strong>habet:</strong></span> <span class='ocrx_word' id='word_1_211' title='bbox 3147 1405 3243 1464; x_wconf 93' lang='lat' dir='ltr'><strong>sed</strong></span> <span class='ocrx_word' id='word_1_212' title='bbox 3271 1406 3394 1464; x_wconf 92' lang='lat' dir='ltr'><strong>ideo</strong></span> <span class='ocrx_word' id='word_1_213' title='bbox 3423 1406 3534 1464; x_wconf 85' lang='lat' dir='ltr'><strong>for-</strong></span> 
     </span>
    </p>
   </div>
   <div class='ocr_carea' id='block_1_28' title="bbox 1936 1493 3532 1570">
    <p class='ocr_par' dir='ltr' id='par_1_28' title="bbox 1936 1493 3532 1570">
     <span class='ocr_line' id='line_1_28' title="bbox 1936 1493 3532 1570; baseline 0.006 -23"><span class='ocrx_word' id='word_1_214' title='bbox 1936 1503 2082 1550; x_wconf 88' lang='lat' dir='ltr'><strong>tasse</strong></span> <span class='ocrx_word' id='word_1_215' title='bbox 2120 1493 2420 1551; x_wconf 90' lang='lat' dir='ltr'><strong>femineum</strong></span> <span class='ocrx_word' id='word_1_216' title='bbox 2466 1511 2662 1553; x_wconf 90' lang='lat' dir='ltr'><strong>nomen</strong></span> <span class='ocrx_word' id='word_1_217' title='bbox 2709 1499 2951 1569; x_wconf 90' lang='lat' dir='ltr'><strong>accepit,</strong></span> <span class='ocrx_word' id='word_1_218' title='bbox 2981 1498 3128 1570; x_wconf 90' lang='lat' dir='ltr'><strong>quod</strong></span> <span class='ocrx_word' id='word_1_219' title='bbox 3156 1515 3278 1556; x_wconf 89' lang='lat' dir='ltr'><strong>eam</strong></span> <span class='ocrx_word' id='word_1_220' title='bbox 3319 1502 3532 1558; x_wconf 87' lang='lat' dir='ltr'><strong>violen-</strong></span> 
     </span>
    </p>
   </div>
   <div class='ocr_carea' id='block_1_29' title="bbox 1937 1587 3537 1664">
    <p class='ocr_par' dir='ltr' id='par_1_29' title="bbox 1937 1587 3537 1664">
     <span class='ocr_line' id='line_1_29' title="bbox 1937 1587 3537 1664; baseline 0.005 -21"><span class='ocrx_word' id='word_1_221' title='bbox 1937 1587 2043 1643; x_wconf 89' lang='lat' dir='ltr'><strong>tior</strong></span> <span class='ocrx_word' id='word_1_222' title='bbox 2071 1595 2237 1643; x_wconf 70' lang='lat' dir='ltr'><strong>mstus</strong></span> <span class='ocrx_word' id='word_1_223' title='bbox 2280 1590 2527 1658; x_wconf 91' lang='lat' dir='ltr'><strong>corporis</strong></span> <span class='ocrx_word' id='word_1_224' title='bbox 2550 1589 2662 1660; x_wconf 91' lang='lat' dir='ltr'><strong>agit</strong></span> <span class='ocrx_word' id='word_1_225' title='bbox 2686 1607 2700 1645; x_wconf 92' lang='lat'><strong>:</strong></span> <span class='ocrx_word' id='word_1_226' title='bbox 2733 1589 2853 1662; x_wconf 89' lang='lat' dir='ltr'><strong>ipsa</strong></span> <span class='ocrx_word' id='word_1_227' title='bbox 2880 1600 3064 1648; x_wconf 88' lang='lat' dir='ltr'><strong>autem</strong></span> <span class='ocrx_word' id='word_1_228' title='bbox 3092 1591 3327 1664; x_wconf 89' lang='lat' dir='ltr'><strong>impetus</strong></span> <span class='ocrx_word' id='word_1_229' title='bbox 3355 1594 3537 1651; x_wconf 87' lang='lat' dir='ltr'><strong>carnis</strong></span> 
     </span>
    </p>
   </div>
   <div class='ocr_carea' id='block_1_30' title="bbox 1939 1680 3532 1754">
    <p class='ocr_par' dir='ltr' id='par_1_30' title="bbox 1939 1680 3532 1754">
     <span class='ocr_line' id='line_1_30' title="bbox 1939 1680 3532 1754; baseline 0.006 -21"><span class='ocrx_word' id='word_1_230' title='bbox 1939 1694 2127 1736; x_wconf 89' lang='lat' dir='ltr'><strong>amore</strong></span> <span class='ocrx_word' id='word_1_231' title='bbox 2155 1680 2237 1736; x_wconf 92' lang='lat' dir='ltr'><strong>sui</strong></span> <span class='ocrx_word' id='word_1_232' title='bbox 2267 1680 2416 1736; x_wconf 91' lang='lat' dir='ltr'><strong>molli</strong></span> <span class='ocrx_word' id='word_1_233' title='bbox 2437 1682 2668 1754; x_wconf 90' lang='lat' dir='ltr'><strong>quadam</strong></span> <span class='ocrx_word' id='word_1_234' title='bbox 2697 1692 2754 1738; x_wconf 89' lang='lat' dir='ltr'><strong>et</strong></span> <span class='ocrx_word' id='word_1_235' title='bbox 2781 1683 2976 1740; x_wconf 91' lang='lat' dir='ltr'><strong>blanda</strong></span> <span class='ocrx_word' id='word_1_236' title='bbox 3005 1685 3218 1742; x_wconf 86' lang='lat' dir='ltr'><strong>ratione</strong></span> <span class='ocrx_word' id='word_1_237' title='bbox 3241 1687 3532 1744; x_wconf 84' lang='lat' dir='ltr'><strong>demulcet.</strong></span> 
     </span>
    </p>
   </div>
   <div class='ocr_carea' id='block_1_31' title="bbox 227 1761 3536 1846">
    <p class='ocr_par' dir='ltr' id='par_1_31' title="bbox 227 1761 3536 1846">
     <span class='ocr_line' id='line_1_31' title="bbox 227 1761 3536 1846; baseline 0.002 -19"><span class='ocrx_word' id='word_1_238' title='bbox 227 1775 365 1844; x_wconf 83' lang='lat' dir='ltr'><strong>juris</strong></span> <span class='ocrx_word' id='word_1_239' title='bbox 424 1772 615 1837; x_wconf 90' lang='lat' dir='ltr'><strong>sedet,</strong></span> <span class='ocrx_word' id='word_1_240' title='bbox 651 1773 703 1828; x_wconf 93' lang='lat' dir='ltr'><strong>in</strong></span> <span class='ocrx_word' id='word_1_241' title='bbox 751 1772 942 1843; x_wconf 90' lang='lat' dir='ltr'><strong>plateis</strong></span> <span class='ocrx_word' id='word_1_242' title='bbox 995 1771 1139 1828; x_wconf 90' lang='lat' dir='ltr'><strong>unde</strong></span> <span class='ocrx_word' id='word_1_243' title='bbox 1189 1772 1403 1828; x_wconf 85' lang='lat' dir='ltr'><strong>collecti</strong></span> <span class='ocrx_word' id='word_1_244' title='bbox 1449 1782 1576 1827; x_wconf 92' lang='lat' dir='ltr'><strong>sunt</strong></span> <span class='ocrx_word' id='word_1_245' title='bbox 1627 1771 1719 1842; x_wconf 90' lang='lat' dir='ltr'><strong>qui</strong></span> <span class='ocrx_word' id='word_1_246' title='bbox 1767 1771 1834 1826; x_wconf 91' lang='lat' dir='ltr'><strong>ad</strong></span> <span class='ocrx_word' id='word_1_247' title='bbox 1863 1761 1912 1824; x_wconf 88' lang='lat' dir='ltr'><strong>B</strong></span> <span class='ocrx_word' id='word_1_248' title='bbox 2009 1771 2098 1828; x_wconf 74' lang='grc'><strong>94.</strong></span> <span class='ocrx_word' id='word_1_249' title='bbox 2134 1773 2634 1846; x_wconf 87' lang='lat' dir='ltr'><strong>Ergoorationibus</strong></span> <span class='ocrx_word' id='word_1_250' title='bbox 2658 1785 2711 1831; x_wconf 90' lang='lat' dir='ltr'><strong>et</strong></span> <span class='ocrx_word' id='word_1_251' title='bbox 2739 1775 3215 1836; x_wconf 86' lang='lat' dir='ltr'><strong>obsecrationibus</strong></span> <span class='ocrx_word' id='word_1_252' title='bbox 3253 1779 3420 1836; x_wconf 91' lang='lat' dir='ltr'><strong>Deum</strong></span> <span class='ocrx_word' id='word_1_253' title='bbox 3455 1780 3536 1836; x_wconf 92' lang='lat' dir='ltr'><strong>in-</strong></span> 
     </span>
    </p>
   </div>
   <div class='ocr_carea' id='block_1_32' title="bbox 231 1865 1837 1938">
    <p class='ocr_par' dir='ltr' id='par_1_32' title="bbox 231 1865 1837 1938">
     <span class='ocr_line' id='line_1_32' title="bbox 231 1865 1837 1938; baseline -0.002 -13"><span class='ocrx_word' id='word_1_254' title='bbox 231 1883 444 1925; x_wconf 75' lang='lat' dir='ltr'><strong>cmnam</strong></span> <span class='ocrx_word' id='word_1_255' title='bbox 470 1866 806 1922; x_wconf 91' lang='lat' dir='ltr'><strong>Dominicam</strong></span> <span class='ocrx_word' id='word_1_256' title='bbox 837 1865 1235 1938; x_wconf 88' lang='lat' dir='ltr'><strong>convenerunt)</strong></span> <span class='ocrx_word' id='word_1_257' title='bbox 1257 1874 1450 1936; x_wconf 83' lang='lat' dir='ltr'><strong>potest,</strong></span> <span class='ocrx_word' id='word_1_258' title='bbox 1480 1865 1837 1922; x_wconf 86' lang='lat' dir='ltr'><strong>custodienti-</strong></span> 
     </span>
    </p>
   </div>
   <div class='ocr_carea' id='block_1_33' title="bbox 233 1961 1836 2034">
    <p class='ocr_par' dir='ltr' id='par_1_33' title="bbox 233 1961 1836 2034">
     <span class='ocr_line' id='line_1_33' title="bbox 233 1961 1836 2034; baseline -0.002 -14"><span class='ocrx_word' id='word_1_259' title='bbox 233 1964 332 2020; x_wconf 85' lang='lat' dir='ltr'><strong>bus</strong></span> <span class='ocrx_word' id='word_1_260' title='bbox 379 1961 655 2019; x_wconf 87' lang='lat' dir='ltr'><strong>civitatem</strong></span> <span class='ocrx_word' id='word_1_261' title='bbox 699 1961 796 2018; x_wconf 88' lang='lat' dir='ltr'><strong>Dei</strong></span> <span class='ocrx_word' id='word_1_262' title='bbox 841 1961 1072 2034; x_wconf 83' lang='lat' dir='ltr'><strong>angelis,</strong></span> <span class='ocrx_word' id='word_1_263' title='bbox 1105 1961 1230 2018; x_wconf 90' lang='lat' dir='ltr'><strong>dum</strong></span> <span class='ocrx_word' id='word_1_264' title='bbox 1257 1962 1348 2018; x_wconf 90' lang='lat' dir='ltr'><strong>diu</strong></span> <span class='ocrx_word' id='word_1_265' title='bbox 1388 1962 1614 2034; x_wconf 66' lang='lat' dir='ltr'><strong>quaerit,</strong></span> <span class='ocrx_word' id='word_1_266' title='bbox 1645 1976 1836 2019; x_wconf 90' lang='lat' dir='ltr'><strong>occur-</strong></span> 
     </span>
    </p>
   </div>
   <div class='ocr_carea' id='block_1_34' title="bbox 233 2073 382 2114">
    <p class='ocr_par' dir='ltr' id='par_1_34' title="bbox 233 2073 382 2114">
     <span class='ocr_line' id='line_1_34' title="bbox 233 2073 382 2114; baseline -0.007 -1"><span class='ocrx_word' id='word_1_267' title='bbox 233 2073 382 2114; x_wconf 87' lang='lat' dir='ltr'><strong>rere.</strong></span> 
     </span>
    </p>
   </div>
   <div class='ocr_carea' id='block_1_35' title="bbox 303 2148 1839 2220">
    <p class='ocr_par' dir='ltr' id='par_1_35' title="bbox 303 2148 1839 2220">
     <span class='ocr_line' id='line_1_35' title="bbox 303 2148 1839 2220; baseline -0.002 -12"><span class='ocrx_word' id='word_1_268' title='bbox 303 2151 399 2208; x_wconf 86' lang='lat'><strong>90.</strong></span> <span class='ocrx_word' id='word_1_269' title='bbox 432 2149 575 2220; x_wconf 83' lang='lat' dir='ltr'><strong>Quin</strong></span> <span class='ocrx_word' id='word_1_270' title='bbox 599 2151 762 2207; x_wconf 89' lang='lat' dir='ltr'><strong>etiam</strong></span> <span class='ocrx_word' id='word_1_271' title='bbox 795 2165 858 2206; x_wconf 83' lang='lat' dir='ltr'><strong>ex</strong></span> <span class='ocrx_word' id='word_1_272' title='bbox 888 2149 1100 2207; x_wconf 73' lang='lat' dir='ltr'><strong>caelesti</strong></span> <span class='ocrx_word' id='word_1_273' title='bbox 1129 2149 1416 2206; x_wconf 88' lang='lat' dir='ltr'><strong>custodum</strong></span> <span class='ocrx_word' id='word_1_274' title='bbox 1449 2156 1644 2205; x_wconf 87' lang='lat' dir='ltr'><strong>natura</strong></span> <span class='ocrx_word' id='word_1_275' title='bbox 1673 2148 1839 2205; x_wconf 74' lang='lat' dir='ltr'><strong>ctele—</strong></span> 
     </span>
    </p>
   </div>
   <div class='ocr_carea' id='block_1_36' title="bbox 233 2243 1837 2315">
    <p class='ocr_par' dir='ltr' id='par_1_36' title="bbox 233 2243 1837 2315">
     <span class='ocr_line' id='line_1_36' title="bbox 233 2243 1837 2315; baseline -0.003 -13"><span class='ocrx_word' id='word_1_276' title='bbox 233 2254 372 2302; x_wconf 86' lang='lat' dir='ltr'><strong>stem</strong></span> <span class='ocrx_word' id='word_1_277' title='bbox 408 2244 714 2314; x_wconf 89' lang='lat' dir='ltr'><strong>intelligere</strong></span> <span class='ocrx_word' id='word_1_278' title='bbox 751 2259 1042 2315; x_wconf 79' lang='lat' dir='ltr'><strong>possumus</strong></span> <span class='ocrx_word' id='word_1_279' title='bbox 1085 2244 1380 2310; x_wconf 91' lang='lat' dir='ltr'><strong>civitatem,</strong></span> <span class='ocrx_word' id='word_1_280' title='bbox 1413 2244 1638 2299; x_wconf 75' lang='lat' dir='ltr'><strong>caeleste</strong></span> <span class='ocrx_word' id='word_1_281' title='bbox 1665 2243 1837 2298; x_wconf 90' lang='lat' dir='ltr'><strong>forum</strong></span> 
     </span>
    </p>
   </div>
   <div class='ocr_carea' id='block_1_37' title="bbox 229 2336 1842 2408">
    <p class='ocr_par' dir='ltr' id='par_1_37' title="bbox 229 2336 1842 2408">
     <span class='ocr_line' id='line_1_37' title="bbox 229 2336 1842 2408; baseline 0.002 -17"><span class='ocrx_word' id='word_1_282' title='bbox 229 2337 466 2408; x_wconf 76' lang='lat' dir='ltr'><strong>justitia:</strong></span> <span class='ocrx_word' id='word_1_283' title='bbox 494 2337 880 2407; x_wconf 85' lang='lat' dir='ltr'><strong>sempiternae:</strong></span> <span class='ocrx_word' id='word_1_284' title='bbox 917 2354 1023 2392; x_wconf 87' lang='lat' dir='ltr'><strong>non</strong></span> <span class='ocrx_word' id='word_1_285' title='bbox 1053 2337 1188 2392; x_wconf 85' lang='lat' dir='ltr'><strong>viles</strong></span> <span class='ocrx_word' id='word_1_286' title='bbox 1216 2337 1447 2408; x_wconf 87' lang='lat' dir='ltr'><strong>plateas,</strong></span> <span class='ocrx_word' id='word_1_287' title='bbox 1474 2337 1571 2393; x_wconf 88' lang='lat' dir='ltr'><strong>sed</strong></span> <span class='ocrx_word' id='word_1_288' title='bbox 1611 2336 1842 2394; x_wconf 76' lang='lat' dir='ltr'><strong>fortasse</strong></span> 
     </span>
    </p>
   </div>
   <div class='ocr_carea' id='block_1_38' title="bbox 237 2429 1841 2503">
    <p class='ocr_par' dir='ltr' id='par_1_38' title="bbox 237 2429 1841 2503">
     <span class='ocr_line' id='line_1_38' title="bbox 237 2429 1841 2503; baseline 0.002 -17"><span class='ocrx_word' id='word_1_289' title='bbox 237 2432 287 2486; x_wconf 92' lang='lat' dir='ltr'><strong>in</strong></span> <span class='ocrx_word' id='word_1_290' title='bbox 335 2430 540 2497; x_wconf 84' lang='lat' dir='ltr'><strong>quibus</strong></span> <span class='ocrx_word' id='word_1_291' title='bbox 582 2429 922 2500; x_wconf 84' lang='lat' dir='ltr'><strong>superfluere</strong></span> <span class='ocrx_word' id='word_1_292' title='bbox 968 2429 1088 2486; x_wconf 83' lang='lat' dir='ltr'><strong>fons</strong></span> <span class='ocrx_word' id='word_1_293' title='bbox 1135 2430 1228 2486; x_wconf 88' lang='lat' dir='ltr'><strong>ille</strong></span> <span class='ocrx_word' id='word_1_294' title='bbox 1266 2431 1589 2498; x_wconf 86' lang='lat' dir='ltr'><strong>consuevit,</strong></span> <span class='ocrx_word' id='word_1_295' title='bbox 1640 2432 1708 2488; x_wconf 91' lang='lat' dir='ltr'><strong>de</strong></span> <span class='ocrx_word' id='word_1_296' title='bbox 1734 2447 1841 2503; x_wconf 92' lang='lat' dir='ltr'><strong>quo</strong></span> 
     </span>
    </p>
   </div>
   <div class='ocr_carea' id='block_1_39' title="bbox 235 2522 1843 2596">
    <p class='ocr_par' dir='ltr' id='par_1_39' title="bbox 235 2522 1843 2596">
     <span class='ocr_line' id='line_1_39' title="bbox 235 2522 1843 2596; baseline 0.001 -17"><span class='ocrx_word' id='word_1_297' title='bbox 235 2522 503 2593; x_wconf 87' lang='lat' dir='ltr'><strong>scriptum</strong></span> <span class='ocrx_word' id='word_1_298' title='bbox 533 2532 653 2579; x_wconf 87' lang='lat' dir='ltr'><strong>est:</strong></span> <span class='ocrx_word' id='word_1_299' title='bbox 689 2523 1028 2595; x_wconf 83' lang='lat' dir='ltr'><strong>Superﬂuant</strong></span> <span class='ocrx_word' id='word_1_300' title='bbox 1070 2524 1159 2578; x_wconf 86' lang='lat' dir='ltr'><strong>tibi</strong></span> <span class='ocrx_word' id='word_1_301' title='bbox 1199 2541 1350 2595; x_wconf 74' lang='lat' dir='ltr'><strong>aqua:</strong></span> <span class='ocrx_word' id='word_1_302' title='bbox 1377 2525 1441 2580; x_wconf 83' lang='lat' dir='ltr'><strong>de</strong></span> <span class='ocrx_word' id='word_1_303' title='bbox 1461 2533 1552 2580; x_wconf 88' lang='lat' dir='ltr'><strong>tuo</strong></span> <span class='ocrx_word' id='word_1_304' title='bbox 1581 2526 1751 2596; x_wconf 72' lang='lat' dir='ltr'><strong>fonte,</strong></span> <span class='ocrx_word' id='word_1_305' title='bbox 1795 2533 1843 2580; x_wconf 83' lang='lat' dir='ltr'><strong>et</strong></span> 
     </span>
    </p>
   </div>
   <div class='ocr_carea' id='block_1_40' title="bbox 237 2617 1839 2692">
    <p class='ocr_par' dir='ltr' id='par_1_40' title="bbox 237 2617 1839 2692">
     <span class='ocr_line' id='line_1_40' title="bbox 237 2617 1839 2692; baseline 0.003 -22"><span class='ocrx_word' id='word_1_306' title='bbox 237 2617 286 2670; x_wconf 89' lang='lat' dir='ltr'><strong>in</strong></span> <span class='ocrx_word' id='word_1_307' title='bbox 316 2617 507 2685; x_wconf 77' lang='lat' dir='ltr'><strong>plateis</strong></span> <span class='ocrx_word' id='word_1_308' title='bbox 534 2618 639 2672; x_wconf 73' lang='lat' dir='ltr'><strong>tuis</strong></span> <span class='ocrx_word' id='word_1_309' title='bbox 667 2617 1032 2686; x_wconf 75' lang='lat' dir='ltr'><strong>diffundantur</strong></span> <span class='ocrx_word' id='word_1_310' title='bbox 1065 2630 1168 2674; x_wconf 70' lang='lat' dir='ltr'><strong>tua:</strong></span> <span class='ocrx_word' id='word_1_311' title='bbox 1196 2636 1346 2690; x_wconf 70' lang='lat' dir='ltr'><strong>aqua:</strong></span> <span class='ocrx_word' id='word_1_312' title='bbox 1377 2621 1396 2692; x_wconf 91' lang='lat'><strong>(</strong></span> <span class='ocrx_word' id='word_1_313' title='bbox 1421 2620 1577 2676; x_wconf 85' lang='lat' dir='ltr'><strong>Prov.</strong></span> <span class='ocrx_word' id='word_1_314' title='bbox 1604 2636 1660 2689; x_wconf 88' lang='lat' dir='ltr'><strong>v,</strong></span> <span class='ocrx_word' id='word_1_315' title='bbox 1704 2621 1771 2678; x_wconf 76' lang='grc'><strong>16</strong></span> <span class='ocrx_word' id='word_1_316' title='bbox 1801 2624 1839 2692; x_wconf 86' lang='grc'><strong>).</strong></span> 
     </span>
    </p>
   </div>
   <div class='ocr_carea' id='block_1_41' title="bbox 235 2710 1846 2785">
    <p class='ocr_par' dir='ltr' id='par_1_41' title="bbox 235 2710 1846 2785">
     <span class='ocr_line' id='line_1_41' title="bbox 235 2710 1846 2785; baseline 0.002 -18"><span class='ocrx_word' id='word_1_317' title='bbox 235 2710 334 2780; x_wconf 86' lang='lat' dir='ltr'><strong>Qui</strong></span> <span class='ocrx_word' id='word_1_318' title='bbox 369 2712 455 2768; x_wconf 89' lang='lat' dir='ltr'><strong>sic</strong></span> <span class='ocrx_word' id='word_1_319' title='bbox 499 2728 630 2783; x_wconf 89' lang='lat' dir='ltr'><strong>ergo</strong></span> <span class='ocrx_word' id='word_1_320' title='bbox 675 2711 953 2770; x_wconf 87' lang='lat' dir='ltr'><strong>Christum</strong></span> <span class='ocrx_word' id='word_1_321' title='bbox 1009 2713 1275 2784; x_wconf 88' lang='lat' dir='ltr'><strong>requirit,</strong></span> <span class='ocrx_word' id='word_1_322' title='bbox 1326 2713 1392 2769; x_wconf 89' lang='lat' dir='ltr'><strong>ad</strong></span> <span class='ocrx_word' id='word_1_323' title='bbox 1449 2713 1676 2785; x_wconf 80' lang='lat' dir='ltr'><strong>angelos</strong></span> <span class='ocrx_word' id='word_1_324' title='bbox 1721 2729 1846 2784; x_wconf 89' lang='lat' dir='ltr'><strong>pcr-</strong></span> 
     </span>
    </p>
   </div>
   <div class='ocr_carea' id='block_1_42' title="bbox 237 2809 406 2862">
    <p class='ocr_par' dir='ltr' id='par_1_42' title="bbox 237 2809 406 2862">
     <span class='ocr_line' id='line_1_42' title="bbox 237 2809 406 2862; baseline 0 -1"><span class='ocrx_word' id='word_1_325' title='bbox 237 2809 406 2862; x_wconf 91' lang='lat' dir='ltr'><strong>venit.</strong></span> 
     </span>
    </p>
   </div>
   <div class='ocr_carea' id='block_1_43' title="bbox 311 2901 1842 2974">
    <p class='ocr_par' dir='ltr' id='par_1_43' title="bbox 311 2901 1842 2974">
     <span class='ocr_line' id='line_1_43' title="bbox 311 2901 1842 2974; baseline 0.001 -16"><span class='ocrx_word' id='word_1_326' title='bbox 311 2904 404 2958; x_wconf 97' lang='lat' dir='ltr'><strong>9l.</strong></span> <span class='ocrx_word' id='word_1_327' title='bbox 440 2901 551 2958; x_wconf 87' lang='lat' dir='ltr'><strong>Sed</strong></span> <span class='ocrx_word' id='word_1_328' title='bbox 595 2901 640 2956; x_wconf 88' lang='lat' dir='ltr'><strong>si</strong></span> <span class='ocrx_word' id='word_1_329' title='bbox 675 2901 834 2956; x_wconf 91' lang='lat' dir='ltr'><strong>bonis</strong></span> <span class='ocrx_word' id='word_1_330' title='bbox 881 2901 949 2957; x_wconf 91' lang='lat' dir='ltr'><strong>ad</strong></span> <span class='ocrx_word' id='word_1_331' title='bbox 981 2902 1203 2974; x_wconf 90' lang='lat' dir='ltr'><strong>angelos</strong></span> <span class='ocrx_word' id='word_1_332' title='bbox 1249 2904 1458 2959; x_wconf 91' lang='lat' dir='ltr'><strong>meritis</strong></span> <span class='ocrx_word' id='word_1_333' title='bbox 1495 2905 1842 2973; x_wconf 90' lang='lat' dir='ltr'><strong>pervenitur;</strong></span> 
     </span>
    </p>
   </div>
   <div class='ocr_carea' id='block_1_44' title="bbox 240 2995 1844 3070">
    <p class='ocr_par' dir='ltr' id='par_1_44' title="bbox 240 2995 1844 3070">
     <span class='ocr_line' id='line_1_44' title="bbox 240 2995 1844 3070; baseline 0.002 -18"><span class='ocrx_word' id='word_1_334' title='bbox 240 3011 338 3052; x_wconf 89' lang='lat' dir='ltr'><strong>cur</strong></span> <span class='ocrx_word' id='word_1_335' title='bbox 367 3000 459 3068; x_wconf 86' lang='lat' dir='ltr'><strong>qui</strong></span> <span class='ocrx_word' id='word_1_336' title='bbox 491 2997 807 3068; x_wconf 86' lang='lat' dir='ltr'><strong>pervenerit</strong></span> <span class='ocrx_word' id='word_1_337' title='bbox 831 2995 1195 3054; x_wconf 80' lang='lat' dir='ltr'><strong>vulneratur?</strong></span> <span class='ocrx_word' id='word_1_338' title='bbox 1222 2997 1315 3054; x_wconf 84' lang='lat' dir='ltr'><strong>Est</strong></span> <span class='ocrx_word' id='word_1_339' title='bbox 1345 3009 1398 3053; x_wconf 89' lang='lat' dir='ltr'><strong>et</strong></span> <span class='ocrx_word' id='word_1_340' title='bbox 1422 2998 1632 3070; x_wconf 90' lang='lat' dir='ltr'><strong>gladius</strong></span> <span class='ocrx_word' id='word_1_341' title='bbox 1649 2999 1844 3068; x_wconf 89' lang='lat' dir='ltr'><strong>bonus,</strong></span> 
     </span>
    </p>
   </div>
   <div class='ocr_carea' id='block_1_45' title="bbox 241 3091 1844 3163">
    <p class='ocr_par' dir='ltr' id='par_1_45' title="bbox 241 3091 1844 3163">
     <span class='ocr_line' id='line_1_45' title="bbox 241 3091 1844 3163; baseline 0.001 -17"><span class='ocrx_word' id='word_1_342' title='bbox 241 3092 398 3163; x_wconf 84' lang='lat' dir='ltr'><strong>cujus</strong></span> <span class='ocrx_word' id='word_1_343' title='bbox 429 3091 594 3162; x_wconf 84' lang='lat' dir='ltr'><strong>gladii</strong></span> <span class='ocrx_word' id='word_1_344' title='bbox 625 3091 824 3147; x_wconf 81' lang='lat' dir='ltr'><strong>bonum</strong></span> <span class='ocrx_word' id='word_1_345' title='bbox 881 3092 1102 3147; x_wconf 88' lang='lat' dir='ltr'><strong>vulnus.</strong></span> <span class='ocrx_word' id='word_1_346' title='bbox 1146 3091 1406 3148; x_wconf 81' lang='lat' dir='ltr'><strong>Vulnerat</strong></span> <span class='ocrx_word' id='word_1_347' title='bbox 1447 3092 1541 3148; x_wconf 89' lang='lat' dir='ltr'><strong>Dei</strong></span> <span class='ocrx_word' id='word_1_348' title='bbox 1587 3093 1844 3160; x_wconf 86' lang='lat' dir='ltr'><strong>verbum,</strong></span> 
     </span>
    </p>
   </div>
   <div class='ocr_carea' id='block_1_46' title="bbox 1941 1865 3538 1946">
    <p class='ocr_par' dir='ltr' id='par_1_46' title="bbox 1941 1865 3538 1946">
     <span class='ocr_line' id='line_1_46' title="bbox 1941 1865 3538 1946; baseline 0.007 -27"><span class='ocrx_word' id='word_1_349' title='bbox 1941 1865 2116 1923; x_wconf 88' lang='lat' dir='ltr'><strong>vitare</strong></span> <span class='ocrx_word' id='word_1_350' title='bbox 2141 1867 2402 1924; x_wconf 89' lang='lat' dir='ltr'><strong>debemus</strong></span> <span class='ocrx_word' id='word_1_351' title='bbox 2429 1876 2486 1924; x_wconf 94' lang='lat' dir='ltr'><strong>ut</strong></span> <span class='ocrx_word' id='word_1_352' title='bbox 2513 1871 2671 1940; x_wconf 90' lang='lat' dir='ltr'><strong>quasi</strong></span> <span class='ocrx_word' id='word_1_353' title='bbox 2703 1869 2879 1927; x_wconf 89' lang='lat' dir='ltr'><strong>bonus</strong></span> <span class='ocrx_word' id='word_1_354' title='bbox 2920 1881 3105 1929; x_wconf 87' lang='lat' dir='ltr'><strong>auster</strong></span> <span class='ocrx_word' id='word_1_355' title='bbox 3129 1872 3313 1931; x_wconf 83' lang='lat' dir='ltr'><strong>alﬂare</strong></span> <span class='ocrx_word' id='word_1_356' title='bbox 3343 1873 3538 1946; x_wconf 89' lang='lat' dir='ltr'><strong>digne-</strong></span> 
     </span>
    </p>
   </div>
   <div class='ocr_carea' id='block_1_47' title="bbox 1940 1959 3538 2038">
    <p class='ocr_par' dir='ltr' id='par_1_47' title="bbox 1940 1959 3538 2038">
     <span class='ocr_line' id='line_1_47' title="bbox 1940 1959 3538 2038; baseline 0.005 -23"><span class='ocrx_word' id='word_1_357' title='bbox 1940 1967 2049 2015; x_wconf 87' lang='lat' dir='ltr'><strong>tur.</strong></span> <span class='ocrx_word' id='word_1_358' title='bbox 2090 1959 2363 2033; x_wconf 88' lang='lat' dir='ltr'><strong>Verbique</strong></span> <span class='ocrx_word' id='word_1_359' title='bbox 2403 1961 2560 2019; x_wconf 89' lang='lat' dir='ltr'><strong>nobis</strong></span> <span class='ocrx_word' id='word_1_360' title='bbox 2619 1976 2806 2018; x_wconf 88' lang='lat' dir='ltr'><strong>auram</strong></span> <span class='ocrx_word' id='word_1_361' title='bbox 2842 1963 3082 2021; x_wconf 63' lang='lat' dir='ltr'><strong>caelestis</strong></span> <span class='ocrx_word' id='word_1_362' title='bbox 3123 1965 3368 2036; x_wconf 78' lang='lat' dir='ltr'><strong>aSpiret:</strong></span> <span class='ocrx_word' id='word_1_363' title='bbox 3415 1981 3538 2038; x_wconf 71' lang='lat' dir='ltr'><strong>qua:</strong></span> 
     </span>
    </p>
   </div>
   <div class='ocr_carea' id='block_1_48' title="bbox 1939 2053 3539 2130">
    <p class='ocr_par' dir='ltr' id='par_1_48' title="bbox 1939 2053 3539 2130">
     <span class='ocr_line' id='line_1_48' title="bbox 1939 2053 3539 2130; baseline 0.004 -19"><span class='ocrx_word' id='word_1_364' title='bbox 1939 2053 2252 2112; x_wconf 78' lang='lat' dir='ltr'><strong>fructiferas</strong></span> <span class='ocrx_word' id='word_1_365' title='bbox 2278 2057 2510 2114; x_wconf 87' lang='lat' dir='ltr'><strong>arbores</strong></span> <span class='ocrx_word' id='word_1_366' title='bbox 2537 2073 2646 2114; x_wconf 92' lang='lat' dir='ltr'><strong>non</strong></span> <span class='ocrx_word' id='word_1_367' title='bbox 2670 2058 2890 2115; x_wconf 89' lang='lat' dir='ltr'><strong>turbare</strong></span> <span class='ocrx_word' id='word_1_368' title='bbox 2917 2069 3083 2115; x_wconf 86' lang='lat' dir='ltr'><strong>vento</strong></span> <span class='ocrx_word' id='word_1_369' title='bbox 3105 2060 3278 2130; x_wconf 82' lang='lat' dir='ltr'><strong>gravi,</strong></span> <span class='ocrx_word' id='word_1_370' title='bbox 3306 2059 3402 2117; x_wconf 90' lang='lat' dir='ltr'><strong>sed</strong></span> <span class='ocrx_word' id='word_1_371' title='bbox 3431 2061 3539 2118; x_wconf 91' lang='lat' dir='ltr'><strong>leni</strong></span> 
     </span>
    </p>
   </div>
   <div class='ocr_carea' id='block_1_49' title="bbox 1940 2150 3540 2224">
    <p class='ocr_par' dir='ltr' id='par_1_49' title="bbox 1940 2150 3540 2224">
     <span class='ocr_line' id='line_1_49' title="bbox 1940 2150 3540 2224; baseline 0.004 -19"><span class='ocrx_word' id='word_1_372' title='bbox 1940 2150 2240 2220; x_wconf 85' lang='lat' dir='ltr'><strong>spiramine</strong></span> <span class='ocrx_word' id='word_1_373' title='bbox 2291 2150 2532 2223; x_wconf 81' lang='lat' dir='ltr'><strong>flatuque</strong></span> <span class='ocrx_word' id='word_1_374' title='bbox 2571 2152 2719 2208; x_wconf 92' lang='lat' dir='ltr'><strong>molli</strong></span> <span class='ocrx_word' id='word_1_375' title='bbox 2765 2154 3051 2209; x_wconf 88' lang='lat' dir='ltr'><strong>consuevit</strong></span> <span class='ocrx_word' id='word_1_376' title='bbox 3103 2155 3329 2224; x_wconf 85' lang='lat' dir='ltr'><strong>agitare.</strong></span> <span class='ocrx_word' id='word_1_377' title='bbox 3383 2153 3540 2213; x_wconf 90' lang='lat' dir='ltr'><strong>Unde</strong></span> 
     </span>
    </p>
   </div>
   <div class='ocr_carea' id='block_1_50' title="bbox 1939 2245 3539 2320">
    <p class='ocr_par' dir='ltr' id='par_1_50' title="bbox 1939 2245 3539 2320">
     <span class='ocr_line' id='line_1_50' title="bbox 1939 2245 3539 2320; baseline 0.001 -18"><span class='ocrx_word' id='word_1_378' title='bbox 1939 2247 2204 2318; x_wconf 89' lang='lat' dir='ltr'><strong>scriptum</strong></span> <span class='ocrx_word' id='word_1_379' title='bbox 2233 2257 2311 2301; x_wconf 92' lang='lat' dir='ltr'><strong>est</strong></span> <span class='ocrx_word' id='word_1_380' title='bbox 2335 2263 2348 2300; x_wconf 89' lang='lat'><strong>:</strong></span> <span class='ocrx_word' id='word_1_381' title='bbox 2375 2245 2562 2301; x_wconf 80' lang='lat' dir='ltr'><strong>Posuit</strong></span> <span class='ocrx_word' id='word_1_382' title='bbox 2593 2263 2672 2302; x_wconf 84' lang='lat' dir='ltr'><strong>me</strong></span> <span class='ocrx_word' id='word_1_383' title='bbox 2694 2263 2878 2303; x_wconf 74' lang='lat' dir='ltr'><strong>currus</strong></span> <span class='ocrx_word' id='word_1_384' title='bbox 2901 2248 3193 2302; x_wconf 80' lang='lat' dir='ltr'><strong>Aminadab</strong></span> <span class='ocrx_word' id='word_1_385' title='bbox 3240 2246 3426 2320; x_wconf 87' lang='lat' dir='ltr'><strong>(Cant.</strong></span> <span class='ocrx_word' id='word_1_386' title='bbox 3463 2264 3539 2314; x_wconf 87' lang='lat' dir='ltr'><strong>vt,</strong></span> 
     </span>
    </p>
   </div>
   <div class='ocr_carea' id='block_1_51' title="bbox 1943 2339 3541 2414">
    <p class='ocr_par' dir='ltr' id='par_1_51' title="bbox 1943 2339 3541 2414">
     <span class='ocr_line' id='line_1_51' title="bbox 1943 2339 3541 2414; baseline -0.001 -16"><span class='ocrx_word' id='word_1_387' title='bbox 1943 2340 2004 2398; x_wconf 79' lang='grc'><strong>11</strong></span> <span class='ocrx_word' id='word_1_388' title='bbox 2035 2341 2090 2412; x_wconf 88' lang='grc'><strong>);</strong></span> <span class='ocrx_word' id='word_1_389' title='bbox 2125 2355 2192 2396; x_wconf 91' lang='lat' dir='ltr'><strong>eo</strong></span> <span class='ocrx_word' id='word_1_390' title='bbox 2217 2339 2363 2411; x_wconf 92' lang='lat' dir='ltr'><strong>quod</strong></span> <span class='ocrx_word' id='word_1_391' title='bbox 2394 2340 2573 2396; x_wconf 89' lang='lat' dir='ltr'><strong>anima</strong></span> <span class='ocrx_word' id='word_1_392' title='bbox 2605 2349 2791 2396; x_wconf 88' lang='lat' dir='ltr'><strong>nostra</strong></span> <span class='ocrx_word' id='word_1_393' title='bbox 2831 2340 2959 2396; x_wconf 91' lang='lat' dir='ltr'><strong>dum</strong></span> <span class='ocrx_word' id='word_1_394' title='bbox 2999 2341 3244 2413; x_wconf 82' lang='lat' dir='ltr'><strong>jungitur</strong></span> <span class='ocrx_word' id='word_1_395' title='bbox 3289 2342 3541 2414; x_wconf 89' lang='lat' dir='ltr'><strong>corpori,</strong></span> 
     </span>
    </p>
   </div>
   <div class='ocr_carea' id='block_1_52' title="bbox 1944 2435 3542 2506">
    <p class='ocr_par' dir='ltr' id='par_1_52' title="bbox 1944 2435 3542 2506">
     <span class='ocr_line' id='line_1_52' title="bbox 1944 2435 3542 2506; baseline 0.001 -15"><span class='ocrx_word' id='word_1_396' title='bbox 1944 2435 2098 2492; x_wconf 87' lang='lat' dir='ltr'><strong>velut</strong></span> <span class='ocrx_word' id='word_1_397' title='bbox 2123 2435 2343 2506; x_wconf 88' lang='lat' dir='ltr'><strong>quidam</strong></span> <span class='ocrx_word' id='word_1_398' title='bbox 2372 2449 2637 2504; x_wconf 90' lang='lat' dir='ltr'><strong>equorum</strong></span> <span class='ocrx_word' id='word_1_399' title='bbox 2670 2435 3022 2491; x_wconf 90' lang='lat' dir='ltr'><strong>frementium</strong></span> <span class='ocrx_word' id='word_1_400' title='bbox 3049 2451 3246 2491; x_wconf 89' lang='lat' dir='ltr'><strong>currus</strong></span> <span class='ocrx_word' id='word_1_401' title='bbox 3272 2445 3542 2493; x_wconf 90' lang='lat' dir='ltr'><strong>rectorem</strong></span> 
     </span>
    </p>
   </div>
   <div class='ocr_carea' id='block_1_53' title="bbox 1945 2528 3546 2602">
    <p class='ocr_par' dir='ltr' id='par_1_53' title="bbox 1945 2528 3546 2602">
     <span class='ocr_line' id='line_1_53' title="bbox 1945 2528 3546 2602; baseline 0.002 -17"><span class='ocrx_word' id='word_1_402' title='bbox 1945 2529 2030 2585; x_wconf 92' lang='lat' dir='ltr'><strong>sui</strong></span> <span class='ocrx_word' id='word_1_403' title='bbox 2058 2528 2252 2601; x_wconf 66' lang='lat' dir='ltr'><strong>quaerit</strong></span> <span class='ocrx_word' id='word_1_404' title='bbox 2284 2529 2564 2600; x_wconf 80' lang='lat' dir='ltr'><strong>aurigam;</strong></span> <span class='ocrx_word' id='word_1_405' title='bbox 2610 2529 2916 2585; x_wconf 84' lang='lat' dir='ltr'><strong>Aminadab</strong></span> <span class='ocrx_word' id='word_1_406' title='bbox 2947 2531 3092 2586; x_wconf 89' lang='lat' dir='ltr'><strong>enim</strong></span> <span class='ocrx_word' id='word_1_407' title='bbox 3140 2540 3294 2602; x_wconf 89' lang='lat' dir='ltr'><strong>pater</strong></span> <span class='ocrx_word' id='word_1_408' title='bbox 3330 2529 3546 2589; x_wconf 84' lang='lat' dir='ltr'><strong>Naason</strong></span> 
     </span>
    </p>
   </div>
   <div class='ocr_carea' id='block_1_54' title="bbox 1946 2619 3552 2695">
    <p class='ocr_par' dir='ltr' id='par_1_54' title="bbox 1946 2619 3552 2695">
     <span class='ocr_line' id='line_1_54' title="bbox 1946 2619 3552 2695; baseline 0.002 -18"><span class='ocrx_word' id='word_1_409' title='bbox 1946 2619 2068 2690; x_wconf 92' lang='lat' dir='ltr'><strong>fuit,</strong></span> <span class='ocrx_word' id='word_1_410' title='bbox 2101 2622 2239 2678; x_wconf 90' lang='lat' dir='ltr'><strong>sicut</strong></span> <span class='ocrx_word' id='word_1_411' title='bbox 2266 2622 2318 2676; x_wconf 94' lang='lat' dir='ltr'><strong>in</strong></span> <span class='ocrx_word' id='word_1_412' title='bbox 2337 2621 2591 2678; x_wconf 85' lang='lat' dir='ltr'><strong>Numeris</strong></span> <span class='ocrx_word' id='word_1_413' title='bbox 2621 2621 2854 2692; x_wconf 84' lang='lat' dir='ltr'><strong>legimus</strong></span> <span class='ocrx_word' id='word_1_414' title='bbox 2882 2622 2902 2695; x_wconf 95' lang='lat'><strong>(</strong></span> <span class='ocrx_word' id='word_1_415' title='bbox 2927 2621 3091 2678; x_wconf 86' lang='lat' dir='ltr'><strong>Num.</strong></span> <span class='ocrx_word' id='word_1_416' title='bbox 3124 2639 3161 2691; x_wconf 89' lang='grc' dir='ltr'>ι,</span> <span class='ocrx_word' id='word_1_417' title='bbox 3191 2623 3223 2677; x_wconf 88' lang='lat'><strong>7</strong></span> <span class='ocrx_word' id='word_1_418' title='bbox 3250 2627 3290 2693; x_wconf 89' lang='lat'><strong>),</strong></span> <span class='ocrx_word' id='word_1_419' title='bbox 3316 2624 3405 2694; x_wconf 91' lang='lat' dir='ltr'><strong>qui</strong></span> <span class='ocrx_word' id='word_1_420' title='bbox 3432 2632 3552 2680; x_wconf 84' lang='lat' dir='ltr'><strong>erat</strong></span> 
     </span>
    </p>
   </div>
   <div class='ocr_carea' id='block_1_55' title="bbox 1947 2713 3551 2787">
    <p class='ocr_par' dir='ltr' id='par_1_55' title="bbox 1947 2713 3551 2787">
     <span class='ocr_line' id='line_1_55' title="bbox 1947 2713 3551 2787; baseline 0.002 -19"><span class='ocrx_word' id='word_1_421' title='bbox 1947 2715 2205 2786; x_wconf 89' lang='lat' dir='ltr'><strong>princeps</strong></span> <span class='ocrx_word' id='word_1_422' title='bbox 2237 2713 2422 2786; x_wconf 87' lang='lat' dir='ltr'><strong>populi</strong></span> <span class='ocrx_word' id='word_1_423' title='bbox 2450 2713 2619 2769; x_wconf 80' lang='lat' dir='ltr'><strong>Juda:</strong></span> <span class='ocrx_word' id='word_1_424' title='bbox 2655 2713 2811 2785; x_wconf 89' lang='lat' dir='ltr'><strong>cujus</strong></span> <span class='ocrx_word' id='word_1_425' title='bbox 2839 2715 3010 2787; x_wconf 87' lang='lat' dir='ltr'><strong>figura</strong></span> <span class='ocrx_word' id='word_1_426' title='bbox 3039 2714 3280 2772; x_wconf 88' lang='lat' dir='ltr'><strong>refertur</strong></span> <span class='ocrx_word' id='word_1_427' title='bbox 3304 2715 3371 2772; x_wconf 91' lang='lat' dir='ltr'><strong>ad</strong></span> <span class='ocrx_word' id='word_1_428' title='bbox 3391 2715 3551 2774; x_wconf 92' lang='lat' dir='ltr'><strong>Chri-</strong></span> 
     </span>
    </p>
   </div>
   <div class='ocr_carea' id='block_1_56' title="bbox 1948 2805 3556 2880">
    <p class='ocr_par' dir='ltr' id='par_1_56' title="bbox 1948 2805 3556 2880">
     <span class='ocr_line' id='line_1_56' title="bbox 1948 2805 3556 2880; baseline 0.002 -18"><span class='ocrx_word' id='word_1_429' title='bbox 1948 2814 2115 2874; x_wconf 90' lang='lat' dir='ltr'><strong>stum,</strong></span> <span class='ocrx_word' id='word_1_430' title='bbox 2142 2807 2234 2878; x_wconf 90' lang='lat' dir='ltr'><strong>qui</strong></span> <span class='ocrx_word' id='word_1_431' title='bbox 2261 2820 2420 2862; x_wconf 89' lang='lat' dir='ltr'><strong>verus</strong></span> <span class='ocrx_word' id='word_1_432' title='bbox 2451 2805 2633 2877; x_wconf 91' lang='lat' dir='ltr'><strong>populi</strong></span> <span class='ocrx_word' id='word_1_433' title='bbox 2666 2805 2922 2877; x_wconf 89' lang='lat' dir='ltr'><strong>princeps</strong></span> <span class='ocrx_word' id='word_1_434' title='bbox 2947 2808 3187 2863; x_wconf 88' lang='lat' dir='ltr'><strong>animam</strong></span> <span class='ocrx_word' id='word_1_435' title='bbox 3224 2807 3358 2880; x_wconf 90' lang='lat' dir='ltr'><strong>justi</strong></span> <span class='ocrx_word' id='word_1_436' title='bbox 3401 2808 3556 2866; x_wconf 89' lang='lat' dir='ltr'><strong>velut</strong></span> 
     </span>
    </p>
   </div>
   <div class='ocr_carea' id='block_1_57' title="bbox 1947 2900 3550 2975">
    <p class='ocr_par' dir='ltr' id='par_1_57' title="bbox 1947 2900 3550 2975">
     <span class='ocr_line' id='line_1_57' title="bbox 1947 2900 3550 2975; baseline 0.002 -19"><span class='ocrx_word' id='word_1_437' title='bbox 1947 2914 2168 2956; x_wconf 90' lang='lat' dir='ltr'><strong>currum</strong></span> <span class='ocrx_word' id='word_1_438' title='bbox 2197 2901 2430 2972; x_wconf 88' lang='lat' dir='ltr'><strong>agitator</strong></span> <span class='ocrx_word' id='word_1_439' title='bbox 2453 2900 2777 2966; x_wconf 88' lang='lat' dir='ltr'><strong>ascendens,</strong></span> <span class='ocrx_word' id='word_1_440' title='bbox 2804 2901 2967 2957; x_wconf 85' lang='lat' dir='ltr'><strong>Verbi</strong></span> <span class='ocrx_word' id='word_1_441' title='bbox 2999 2902 3230 2959; x_wconf 89' lang='lat' dir='ltr'><strong>habenis</strong></span> <span class='ocrx_word' id='word_1_442' title='bbox 3260 2903 3550 2975; x_wconf 86' lang='lat' dir='ltr'><strong>gubernat;</strong></span> 
     </span>
    </p>
   </div>
   <div class='ocr_carea' id='block_1_58' title="bbox 1951 2992 3548 3067">
    <p class='ocr_par' dir='ltr' id='par_1_58' title="bbox 1951 2992 3548 3067">
     <span class='ocr_line' id='line_1_58' title="bbox 1951 2992 3548 3067; baseline 0.003 -20"><span class='ocrx_word' id='word_1_443' title='bbox 1951 3007 2017 3047; x_wconf 91' lang='lat' dir='ltr'><strong>ne</strong></span> <span class='ocrx_word' id='word_1_444' title='bbox 2040 2992 2411 3049; x_wconf 90' lang='lat' dir='ltr'><strong>violentorum</strong></span> <span class='ocrx_word' id='word_1_445' title='bbox 2442 3008 2710 3066; x_wconf 90' lang='lat' dir='ltr'><strong>equorum</strong></span> <span class='ocrx_word' id='word_1_446' title='bbox 2743 2996 2930 3050; x_wconf 88' lang='lat' dir='ltr'><strong>furore</strong></span> <span class='ocrx_word' id='word_1_447' title='bbox 2952 2995 3004 3050; x_wconf 92' lang='lat' dir='ltr'><strong>in</strong></span> <span class='ocrx_word' id='word_1_448' title='bbox 3026 2995 3254 3067; x_wconf 88' lang='lat' dir='ltr'><strong>abrupta</strong></span> <span class='ocrx_word' id='word_1_449' title='bbox 3283 2997 3548 3067; x_wconf 85' lang='lat' dir='ltr'><strong>rapiatur.</strong></span> 
     </span>
    </p>
   </div>
   <div class='ocr_carea' id='block_1_59' title="bbox 2022 3083 3553 3160">
    <p class='ocr_par' dir='ltr' id='par_1_59' title="bbox 2022 3083 3553 3160">
     <span class='ocr_line' id='line_1_59' title="bbox 2022 3083 3553 3160; baseline 0.003 -21"><span class='ocrx_word' id='word_1_450' title='bbox 2022 3083 2113 3139; x_wconf 82' lang='lat'><strong>95.</strong></span> <span class='ocrx_word' id='word_1_451' title='bbox 2171 3084 2311 3142; x_wconf 88' lang='lat' dir='ltr'><strong>Sunt</strong></span> <span class='ocrx_word' id='word_1_452' title='bbox 2354 3087 2502 3141; x_wconf 90' lang='lat' dir='ltr'><strong>enim</strong></span> <span class='ocrx_word' id='word_1_453' title='bbox 2540 3086 2660 3156; x_wconf 90' lang='lat' dir='ltr'><strong>ejus</strong></span> <span class='ocrx_word' id='word_1_454' title='bbox 2687 3086 2836 3143; x_wconf 90' lang='lat' dir='ltr'><strong>velut</strong></span> <span class='ocrx_word' id='word_1_455' title='bbox 2883 3096 3114 3158; x_wconf 89' lang='lat' dir='ltr'><strong>quatuor</strong></span> <span class='ocrx_word' id='word_1_456' title='bbox 3139 3088 3286 3158; x_wconf 89' lang='lat' dir='ltr'><strong>equi,</strong></span> <span class='ocrx_word' id='word_1_457' title='bbox 3318 3099 3553 3160; x_wconf 88' lang='lat' dir='ltr'><strong>quatuor</strong></span> 
     </span>
    </p>
   </div>
   <div class='ocr_carea' id='block_1_60' title="bbox 242 3167 3556 3252">
    <p class='ocr_par' dir='ltr' id='par_1_60' title="bbox 242 3167 3556 3252">
     <span class='ocr_line' id='line_1_60' title="bbox 242 3167 3556 3252; baseline 0.001 -14"><span class='ocrx_word' id='word_1_458' title='bbox 242 3183 341 3238; x_wconf 89' lang='lat' dir='ltr'><strong>sed</strong></span> <span class='ocrx_word' id='word_1_459' title='bbox 375 3199 482 3239; x_wconf 92' lang='lat' dir='ltr'><strong>non</strong></span> <span class='ocrx_word' id='word_1_460' title='bbox 514 3183 742 3238; x_wconf 86' lang='lat' dir='ltr'><strong>uicerat.</strong></span> <span class='ocrx_word' id='word_1_461' title='bbox 780 3183 874 3238; x_wconf 87' lang='lat' dir='ltr'><strong>Est</strong></span> <span class='ocrx_word' id='word_1_462' title='bbox 902 3183 1100 3239; x_wconf 87' lang='lat' dir='ltr'><strong>vulnus</strong></span> <span class='ocrx_word' id='word_1_463' title='bbox 1131 3182 1257 3237; x_wconf 90' lang='lat' dir='ltr'><strong>boni</strong></span> <span class='ocrx_word' id='word_1_464' title='bbox 1286 3183 1520 3248; x_wconf 89' lang='lat' dir='ltr'><strong>amoris,</strong></span> <span class='ocrx_word' id='word_1_465' title='bbox 1565 3193 1693 3238; x_wconf 87' lang='lat' dir='ltr'><strong>sunt</strong></span> <span class='ocrx_word' id='word_1_466' title='bbox 1731 3181 1845 3237; x_wconf 84' lang='lat' dir='ltr'><strong>vul-</strong></span> <span class='ocrx_word' id='word_1_467' title='bbox 1875 3167 1920 3232; x_wconf 88' lang='lat' dir='ltr'><strong>C</strong></span> <span class='ocrx_word' id='word_1_468' title='bbox 1951 3175 2271 3235; x_wconf 75' lang='lat' dir='ltr'><strong>affectiones</strong></span> <span class='ocrx_word' id='word_1_469' title='bbox 2295 3223 2309 3247; x_wconf 93' lang='lat'><strong>,</strong></span> <span class='ocrx_word' id='word_1_470' title='bbox 2347 3180 2448 3248; x_wconf 90' lang='lat' dir='ltr'><strong>ira,</strong></span> <span class='ocrx_word' id='word_1_471' title='bbox 2479 3179 2747 3249; x_wconf 86' lang='lat' dir='ltr'><strong>cupiditas</strong></span> <span class='ocrx_word' id='word_1_472' title='bbox 2769 3222 2784 3247; x_wconf 95' lang='lat'><strong>,</strong></span> <span class='ocrx_word' id='word_1_473' title='bbox 2813 3181 3098 3252; x_wconf 88' lang='lat' dir='ltr'><strong>voluptas,</strong></span> <span class='ocrx_word' id='word_1_474' title='bbox 3132 3182 3315 3238; x_wconf 91' lang='lat' dir='ltr'><strong>timor.</strong></span> <span class='ocrx_word' id='word_1_475' title='bbox 3348 3183 3556 3252; x_wconf 81' lang='lat' dir='ltr'><strong>Quibus</strong></span> 
     </span>
    </p>
   </div>
   <div class='ocr_carea' id='block_1_61' title="bbox 248 3275 1848 3348">
    <p class='ocr_par' dir='ltr' id='par_1_61' title="bbox 248 3275 1848 3348">
     <span class='ocr_line' id='line_1_61' title="bbox 248 3275 1848 3348; baseline -0.002 -16"><span class='ocrx_word' id='word_1_476' title='bbox 248 3292 380 3333; x_wconf 86' lang='lat' dir='ltr'><strong>nera</strong></span> <span class='ocrx_word' id='word_1_477' title='bbox 418 3278 731 3344; x_wconf 87' lang='lat' dir='ltr'><strong>charitatis;</strong></span> <span class='ocrx_word' id='word_1_478' title='bbox 785 3277 1019 3348; x_wconf 91' lang='lat' dir='ltr'><strong>ideoque</strong></span> <span class='ocrx_word' id='word_1_479' title='bbox 1053 3277 1216 3332; x_wconf 81' lang='lat' dir='ltr'><strong>dixit:</strong></span> <span class='ocrx_word' id='word_1_480' title='bbox 1253 3275 1540 3330; x_wconf 84' lang='lat' dir='ltr'><strong>Vulnerata</strong></span> <span class='ocrx_word' id='word_1_481' title='bbox 1584 3275 1848 3329; x_wconf 80' lang='lat' dir='ltr'><strong>charitatis</strong></span> 
     </span>
    </p>
   </div>
   <div class='ocr_carea' id='block_1_62' title="bbox 252 3369 1851 3445">
    <p class='ocr_par' dir='ltr' id='par_1_62' title="bbox 252 3369 1851 3445">
     <span class='ocr_line' id='line_1_62' title="bbox 252 3369 1851 3445; baseline -0.003 -18"><span class='ocrx_word' id='word_1_482' title='bbox 252 3390 347 3444; x_wconf 86' lang='lat' dir='ltr'><strong>ego</strong></span> <span class='ocrx_word' id='word_1_483' title='bbox 371 3390 485 3427; x_wconf 78' lang='lat' dir='ltr'><strong>sum</strong></span> <span class='ocrx_word' id='word_1_484' title='bbox 515 3371 684 3445; x_wconf 88' lang='lat' dir='ltr'><strong>(Cant.</strong></span> <span class='ocrx_word' id='word_1_485' title='bbox 714 3387 774 3438; x_wconf 88' lang='grc' dir='ltr'>ιι,</span> <span class='ocrx_word' id='word_1_486' title='bbox 797 3370 875 3444; x_wconf 85' lang='grc'><strong>5).</strong></span> <span class='ocrx_word' id='word_1_487' title='bbox 913 3372 1044 3441; x_wconf 80' lang='lat' dir='ltr'><strong>Qua:</strong></span> <span class='ocrx_word' id='word_1_488' title='bbox 1067 3371 1308 3443; x_wconf 89' lang='lat' dir='ltr'><strong>perfecta</strong></span> <span class='ocrx_word' id='word_1_489' title='bbox 1331 3380 1436 3438; x_wconf 90' lang='lat' dir='ltr'><strong>est,</strong></span> <span class='ocrx_word' id='word_1_490' title='bbox 1458 3369 1738 3426; x_wconf 88' lang='lat' dir='ltr'><strong>vulnerata</strong></span> <span class='ocrx_word' id='word_1_491' title='bbox 1767 3377 1851 3424; x_wconf 90' lang='lat' dir='ltr'><strong>cst</strong></span> 
     </span>
    </p>
   </div>
   <div class='ocr_carea' id='block_1_63' title="bbox 251 3461 1850 3536">
    <p class='ocr_par' dir='ltr' id='par_1_63' title="bbox 251 3461 1850 3536">
     <span class='ocr_line' id='line_1_63' title="bbox 251 3461 1850 3536; baseline -0.003 -16"><span class='ocrx_word' id='word_1_492' title='bbox 251 3465 565 3522; x_wconf 87' lang='lat' dir='ltr'><strong>charitatis.</strong></span> <span class='ocrx_word' id='word_1_493' title='bbox 615 3466 762 3522; x_wconf 85' lang='lat' dir='ltr'><strong>Bona</strong></span> <span class='ocrx_word' id='word_1_494' title='bbox 809 3473 940 3522; x_wconf 88' lang='lat' dir='ltr'><strong>sunt</strong></span> <span class='ocrx_word' id='word_1_495' title='bbox 987 3465 1150 3536; x_wconf 89' lang='lat' dir='ltr'><strong>igitur</strong></span> <span class='ocrx_word' id='word_1_496' title='bbox 1207 3463 1371 3520; x_wconf 86' lang='lat' dir='ltr'><strong>Verbi</strong></span> <span class='ocrx_word' id='word_1_497' title='bbox 1402 3463 1658 3527; x_wconf 89' lang='lat' dir='ltr'><strong>vulnera,</strong></span> <span class='ocrx_word' id='word_1_498' title='bbox 1709 3461 1850 3517; x_wconf 87' lang='lat' dir='ltr'><strong>bona</strong></span> 
     </span>
    </p>
   </div>
   <div class='ocr_carea' id='block_1_64' title="bbox 248 3557 1848 3621">
    <p class='ocr_par' dir='ltr' id='par_1_64' title="bbox 248 3557 1848 3621">
     <span class='ocr_line' id='line_1_64' title="bbox 248 3557 1848 3621; baseline -0.003 -6"><span class='ocrx_word' id='word_1_499' title='bbox 248 3571 385 3615; x_wconf 89' lang='lat' dir='ltr'><strong>sunt</strong></span> <span class='ocrx_word' id='word_1_500' title='bbox 433 3562 669 3616; x_wconf 89' lang='lat' dir='ltr'><strong>amantis</strong></span> <span class='ocrx_word' id='word_1_501' title='bbox 706 3561 964 3616; x_wconf 89' lang='lat' dir='ltr'><strong>vulnera:</strong></span> <span class='ocrx_word' id='word_1_502' title='bbox 1019 3559 1183 3615; x_wconf 87' lang='lat' dir='ltr'><strong>Utilia</strong></span> <span class='ocrx_word' id='word_1_503' title='bbox 1221 3559 1365 3614; x_wconf 86' lang='lat' dir='ltr'><strong>enim</strong></span> <span class='ocrx_word' id='word_1_504' title='bbox 1411 3559 1622 3612; x_wconf 77' lang='lat' dir='ltr'><strong>vulnera</strong></span> <span class='ocrx_word' id='word_1_505' title='bbox 1661 3557 1848 3621; x_wconf 86' lang='lat' dir='ltr'><strong>amici,</strong></span> 
     </span>
    </p>
   </div>
   <div class='ocr_carea' id='block_1_65' title="bbox 245 3650 1854 3724">
    <p class='ocr_par' dir='ltr' id='par_1_65' title="bbox 245 3650 1854 3724">
     <span class='ocr_line' id='line_1_65' title="bbox 245 3650 1854 3724; baseline -0.001 -17"><span class='ocrx_word' id='word_1_506' title='bbox 245 3670 403 3724; x_wconf 85' lang='lat' dir='ltr'><strong>quam</strong></span> <span class='ocrx_word' id='word_1_507' title='bbox 433 3654 725 3710; x_wconf 84' lang='lat' dir='ltr'><strong>voluntaria</strong></span> <span class='ocrx_word' id='word_1_508' title='bbox 762 3655 941 3710; x_wconf 80' lang='lat' dir='ltr'><strong>oscula</strong></span> <span class='ocrx_word' id='word_1_509' title='bbox 963 3653 1160 3707; x_wconf 84' lang='lat' dir='ltr'><strong>inimici</strong></span> <span class='ocrx_word' id='word_1_510' title='bbox 1193 3651 1377 3723; x_wconf 84' lang='lat' dir='ltr'><strong>(Prov.</strong></span> <span class='ocrx_word' id='word_1_511' title='bbox 1408 3668 1574 3717; x_wconf 81' lang='lat' dir='ltr'><strong>xxvn,</strong></span> <span class='ocrx_word' id='word_1_512' title='bbox 1599 3651 1691 3722; x_wconf 87' lang='lat'><strong>6).</strong></span> <span class='ocrx_word' id='word_1_513' title='bbox 1728 3650 1854 3706; x_wconf 87' lang='lat' dir='ltr'><strong>Vul-</strong></span> 
     </span>
    </p>
   </div>
   <div class='ocr_carea' id='block_1_66' title="bbox 245 3743 1856 3816">
    <p class='ocr_par' dir='ltr' id='par_1_66' title="bbox 245 3743 1856 3816">
     <span class='ocr_line' id='line_1_66' title="bbox 245 3743 1856 3816; baseline -0.004 -12"><span class='ocrx_word' id='word_1_514' title='bbox 245 3759 445 3804; x_wconf 87' lang='lat' dir='ltr'><strong>nerata</strong></span> <span class='ocrx_word' id='word_1_515' title='bbox 485 3748 772 3803; x_wconf 87' lang='lat' dir='ltr'><strong>charitatis</strong></span> <span class='ocrx_word' id='word_1_516' title='bbox 818 3745 1064 3803; x_wconf 79' lang='lat' dir='ltr'><strong>Rebecca</strong></span> <span class='ocrx_word' id='word_1_517' title='bbox 1086 3754 1188 3810; x_wconf 90' lang='lat' dir='ltr'><strong>est,</strong></span> <span class='ocrx_word' id='word_1_518' title='bbox 1213 3761 1358 3816; x_wconf 70' lang='lat' dir='ltr'><strong>qum,</strong></span> <span class='ocrx_word' id='word_1_519' title='bbox 1387 3743 1594 3800; x_wconf 89' lang='lat' dir='ltr'><strong>relictis</strong></span> <span class='ocrx_word' id='word_1_520' title='bbox 1619 3743 1856 3813; x_wconf 88' lang='lat' dir='ltr'><strong>parenti-</strong></span> 
     </span>
    </p>
   </div>
   <div class='ocr_carea' id='block_1_67' title="bbox 245 3834 1852 3912">
    <p class='ocr_par' dir='ltr' id='par_1_67' title="bbox 245 3834 1852 3912">
     <span class='ocr_line' id='line_1_67' title="bbox 245 3834 1852 3912; baseline -0.004 -15"><span class='ocrx_word' id='word_1_521' title='bbox 245 3840 350 3898; x_wconf 91' lang='lat' dir='ltr'><strong>bus</strong></span> <span class='ocrx_word' id='word_1_522' title='bbox 377 3883 392 3905; x_wconf 95' lang='lat'><strong>,</strong></span> <span class='ocrx_word' id='word_1_523' title='bbox 427 3841 684 3912; x_wconf 87' lang='lat' dir='ltr'><strong>migravit</strong></span> <span class='ocrx_word' id='word_1_524' title='bbox 725 3839 791 3895; x_wconf 88' lang='lat' dir='ltr'><strong>ad</strong></span> <span class='ocrx_word' id='word_1_525' title='bbox 821 3854 1086 3910; x_wconf 87' lang='lat' dir='ltr'><strong>sponsum</strong></span> <span class='ocrx_word' id='word_1_526' title='bbox 1135 3834 1291 3910; x_wconf 82' lang='lat' dir='ltr'><strong>(Gen.</strong></span> <span class='ocrx_word' id='word_1_527' title='bbox 1323 3851 1478 3902; x_wconf 82' lang='lat' dir='ltr'><strong>xxtv,</strong></span> <span class='ocrx_word' id='word_1_528' title='bbox 1507 3835 1576 3891; x_wconf 79' lang='lat'><strong>58</strong></span> <span class='ocrx_word' id='word_1_529' title='bbox 1602 3846 1651 3889; x_wconf 87' lang='lat' dir='ltr'><strong>et</strong></span> <span class='ocrx_word' id='word_1_530' title='bbox 1681 3834 1852 3906; x_wconf 64' lang='lat' dir='ltr'><strong>aeq):</strong></span> 
     </span>
    </p>
   </div>
   <div class='ocr_carea' id='block_1_68' title="bbox 244 3929 1854 4002">
    <p class='ocr_par' dir='ltr' id='par_1_68' title="bbox 244 3929 1854 4002">
     <span class='ocr_line' id='line_1_68' title="bbox 244 3929 1854 4002; baseline -0.004 -14"><span class='ocrx_word' id='word_1_531' title='bbox 244 3935 543 3990; x_wconf 89' lang='lat' dir='ltr'><strong>vulnerata</strong></span> <span class='ocrx_word' id='word_1_532' title='bbox 587 3931 867 3988; x_wconf 89' lang='lat' dir='ltr'><strong>charitatis</strong></span> <span class='ocrx_word' id='word_1_533' title='bbox 896 3929 1123 3997; x_wconf 85' lang='lat' dir='ltr'><strong>Rachel,</strong></span> <span class='ocrx_word' id='word_1_534' title='bbox 1171 3945 1291 4002; x_wconf 73' lang='lat' dir='ltr'><strong>qua:</strong></span> <span class='ocrx_word' id='word_1_535' title='bbox 1337 3929 1531 3984; x_wconf 86' lang='lat' dir='ltr'><strong>zelavit</strong></span> <span class='ocrx_word' id='word_1_536' title='bbox 1583 3941 1854 3993; x_wconf 89' lang='lat' dir='ltr'><strong>sororem,</strong></span> 
     </span>
    </p>
   </div>
   <div class='ocr_carea' id='block_1_69' title="bbox 244 4021 1855 4100">
    <p class='ocr_par' dir='ltr' id='par_1_69' title="bbox 244 4021 1855 4100">
     <span class='ocr_line' id='line_1_69' title="bbox 244 4021 1855 4100; baseline -0.005 -16"><span class='ocrx_word' id='word_1_537' title='bbox 244 4030 456 4085; x_wconf 89' lang='lat' dir='ltr'><strong>amavit</strong></span> <span class='ocrx_word' id='word_1_538' title='bbox 498 4028 752 4083; x_wconf 87' lang='lat' dir='ltr'><strong>maritum</strong></span> <span class='ocrx_word' id='word_1_539' title='bbox 811 4025 984 4100; x_wconf 84' lang='lat' dir='ltr'><strong>(Gen.</strong></span> <span class='ocrx_word' id='word_1_540' title='bbox 1015 4041 1142 4091; x_wconf 82' lang='lat' dir='ltr'><strong>xxx,</strong></span> <span class='ocrx_word' id='word_1_541' title='bbox 1180 4026 1204 4080; x_wconf 84' lang='grc'><strong>1</strong></span> <span class='ocrx_word' id='word_1_542' title='bbox 1237 4023 1277 4095; x_wconf 93' lang='grc'><strong>).</strong></span> <span class='ocrx_word' id='word_1_543' title='bbox 1310 4024 1495 4080; x_wconf 90' lang='lat' dir='ltr'><strong>Sorori</strong></span> <span class='ocrx_word' id='word_1_544' title='bbox 1535 4023 1677 4078; x_wconf 88' lang='lat' dir='ltr'><strong>enim</strong></span> <span class='ocrx_word' id='word_1_545' title='bbox 1711 4021 1855 4093; x_wconf 88' lang='lat' dir='ltr'><strong>quod</strong></span> 
     </span>
    </p>
   </div>
   <div class='ocr_carea' id='block_1_70' title="bbox 242 4117 1855 4193">
    <p class='ocr_par' dir='ltr' id='par_1_70' title="bbox 242 4117 1855 4193">
     <span class='ocr_line' id='line_1_70' title="bbox 242 4117 1855 4193; baseline -0.007 -12"><span class='ocrx_word' id='word_1_546' title='bbox 242 4124 571 4181; x_wconf 87' lang='lat' dir='ltr'><strong>abundabat</strong></span> <span class='ocrx_word' id='word_1_547' title='bbox 603 4124 752 4189; x_wconf 87' lang='lat' dir='ltr'><strong>filiis,</strong></span> <span class='ocrx_word' id='word_1_548' title='bbox 783 4122 898 4193; x_wconf 90' lang='lat' dir='ltr'><strong>ipsa</strong></span> <span class='ocrx_word' id='word_1_549' title='bbox 946 4121 1125 4176; x_wconf 90' lang='lat' dir='ltr'><strong>adhuc</strong></span> <span class='ocrx_word' id='word_1_550' title='bbox 1154 4119 1358 4175; x_wconf 89' lang='lat' dir='ltr'><strong>sterilis</strong></span> <span class='ocrx_word' id='word_1_551' title='bbox 1389 4117 1700 4184; x_wconf 82' lang='lat' dir='ltr'><strong>invidebat;</strong></span> <span class='ocrx_word' id='word_1_552' title='bbox 1733 4117 1855 4188; x_wconf 88' lang='lat' dir='ltr'><strong>quia</strong></span> 
     </span>
    </p>
   </div>
   <div class='ocr_carea' id='block_1_71' title="bbox 244 4210 1856 4291">
    <p class='ocr_par' dir='ltr' id='par_1_71' title="bbox 244 4210 1856 4291">
     <span class='ocr_line' id='line_1_71' title="bbox 244 4210 1856 4291; baseline -0.005 -19"><span class='ocrx_word' id='word_1_553' title='bbox 244 4225 440 4291; x_wconf 89' lang='lat' dir='ltr'><strong>typum</strong></span> <span class='ocrx_word' id='word_1_554' title='bbox 471 4217 699 4289; x_wconf 86' lang='lat' dir='ltr'><strong>gerebat</strong></span> <span class='ocrx_word' id='word_1_555' title='bbox 725 4215 1006 4282; x_wconf 58' lang='lat' dir='ltr'><strong>Ecclesia},</strong></span> <span class='ocrx_word' id='word_1_556' title='bbox 1031 4215 1116 4269; x_wconf 89' lang='lat' dir='ltr'><strong>cui</strong></span> <span class='ocrx_word' id='word_1_557' title='bbox 1141 4213 1376 4268; x_wconf 90' lang='lat' dir='ltr'><strong>dicitur:</strong></span> <span class='ocrx_word' id='word_1_558' title='bbox 1401 4210 1856 4279; x_wconf 78' lang='lat' dir='ltr'><strong>Ltctare,sterilis,</strong></span> 
     </span>
    </p>
   </div>
   <div class='ocr_carea' id='block_1_72' title="bbox 1953 3271 3556 3348">
    <p class='ocr_par' dir='ltr' id='par_1_72' title="bbox 1953 3271 3556 3348">
     <span class='ocr_line' id='line_1_72' title="bbox 1953 3271 3556 3348; baseline 0.006 -25"><span class='ocrx_word' id='word_1_559' title='bbox 1953 3271 2256 3326; x_wconf 89' lang='lat' dir='ltr'><strong>furentibus</strong></span> <span class='ocrx_word' id='word_1_560' title='bbox 2290 3285 2414 3327; x_wconf 92' lang='lat' dir='ltr'><strong>cum</strong></span> <span class='ocrx_word' id='word_1_561' title='bbox 2447 3274 2674 3342; x_wconf 65' lang='lat' dir='ltr'><strong>coeperit</strong></span> <span class='ocrx_word' id='word_1_562' title='bbox 2700 3273 2817 3344; x_wconf 88' lang='lat' dir='ltr'><strong>agi,</strong></span> <span class='ocrx_word' id='word_1_563' title='bbox 2864 3288 3205 3345; x_wconf 88' lang='lat' dir='ltr'><strong>nequaquam</strong></span> <span class='ocrx_word' id='word_1_564' title='bbox 3235 3275 3417 3348; x_wconf 87' lang='lat' dir='ltr'><strong>seipsa</strong></span> <span class='ocrx_word' id='word_1_565' title='bbox 3460 3290 3556 3332; x_wconf 89' lang='lat' dir='ltr'><strong>co-</strong></span> 
     </span>
    </p>
   </div>
   <div class='ocr_carea' id='block_1_73' title="bbox 1952 3365 3556 3440">
    <p class='ocr_par' dir='ltr' id='par_1_73' title="bbox 1952 3365 3556 3440">
     <span class='ocr_line' id='line_1_73' title="bbox 1952 3365 3556 3440; baseline 0.004 -21"><span class='ocrx_word' id='word_1_566' title='bbox 1952 3365 2194 3435; x_wconf 90' lang='lat' dir='ltr'><strong>gnoscit:</strong></span> <span class='ocrx_word' id='word_1_567' title='bbox 2225 3365 2580 3436; x_wconf 88' lang='lat' dir='ltr'><strong>corruptibile</strong></span> <span class='ocrx_word' id='word_1_568' title='bbox 2607 3367 2749 3421; x_wconf 90' lang='lat' dir='ltr'><strong>enim</strong></span> <span class='ocrx_word' id='word_1_569' title='bbox 2781 3381 2980 3436; x_wconf 90' lang='lat' dir='ltr'><strong>corpus</strong></span> <span class='ocrx_word' id='word_1_570' title='bbox 3005 3367 3238 3423; x_wconf 87' lang='lat' dir='ltr'><strong>animam</strong></span> <span class='ocrx_word' id='word_1_571' title='bbox 3269 3377 3480 3440; x_wconf 87' lang='lat' dir='ltr'><strong>gravat,</strong></span> <span class='ocrx_word' id='word_1_572' title='bbox 3500 3377 3556 3426; x_wconf 93' lang='lat' dir='ltr'><strong>et</strong></span> 
     </span>
    </p>
   </div>
   <div class='ocr_carea' id='block_1_74' title="bbox 1956 3460 3557 3530">
    <p class='ocr_par' dir='ltr' id='par_1_74' title="bbox 1956 3460 3557 3530">
     <span class='ocr_line' id='line_1_74' title="bbox 1956 3460 3557 3530; baseline 0.002 -16"><span class='ocrx_word' id='word_1_573' title='bbox 1956 3467 2230 3530; x_wconf 88' lang='lat' dir='ltr'><strong>tamquam</strong></span> <span class='ocrx_word' id='word_1_574' title='bbox 2255 3471 2276 3497; x_wconf 76' lang='grc' dir='ltr'><strong><em>ο</em></strong></span> <span class='ocrx_word' id='word_1_575' title='bbox 2305 3460 2754 3516; x_wconf 88' lang='lat' dir='ltr'><strong>irrationabilium</strong></span> <span class='ocrx_word' id='word_1_576' title='bbox 2773 3460 3089 3516; x_wconf 88' lang='lat' dir='ltr'><strong>animalium</strong></span> <span class='ocrx_word' id='word_1_577' title='bbox 3117 3477 3309 3518; x_wconf 88' lang='lat' dir='ltr'><strong>currus</strong></span> <span class='ocrx_word' id='word_1_578' title='bbox 3331 3462 3557 3518; x_wconf 89' lang='lat' dir='ltr'><strong>invitam</strong></span> 
     </span>
    </p>
   </div>
   <div class='ocr_carea' id='block_1_75' title="bbox 1955 3553 3559 3628">
    <p class='ocr_par' dir='ltr' id='par_1_75' title="bbox 1955 3553 3559 3628">
     <span class='ocr_line' id='line_1_75' title="bbox 1955 3553 3559 3628; baseline 0.002 -18"><span class='ocrx_word' id='word_1_579' title='bbox 1955 3554 2115 3624; x_wconf 88' lang='lat' dir='ltr'><strong>rapit,</strong></span> <span class='ocrx_word' id='word_1_580' title='bbox 2158 3553 2504 3610; x_wconf 85' lang='lat' dir='ltr'><strong>volventibus</strong></span> <span class='ocrx_word' id='word_1_581' title='bbox 2535 3553 2680 3609; x_wconf 90' lang='lat' dir='ltr'><strong>curis</strong></span> <span class='ocrx_word' id='word_1_582' title='bbox 2721 3553 2872 3610; x_wconf 90' lang='lat' dir='ltr'><strong>velut</strong></span> <span class='ocrx_word' id='word_1_583' title='bbox 2898 3554 3130 3627; x_wconf 89' lang='lat' dir='ltr'><strong>quodam</strong></span> <span class='ocrx_word' id='word_1_584' title='bbox 3181 3556 3385 3627; x_wconf 91' lang='lat' dir='ltr'><strong>impetu</strong></span> <span class='ocrx_word' id='word_1_585' title='bbox 3426 3571 3559 3628; x_wconf 90' lang='lat' dir='ltr'><strong>pro-</strong></span> 
     </span>
    </p>
   </div>
   <div class='ocr_carea' id='block_1_76' title="bbox 1957 3646 3555 3720">
    <p class='ocr_par' dir='ltr' id='par_1_76' title="bbox 1957 3646 3555 3720">
     <span class='ocr_line' id='line_1_76' title="bbox 1957 3646 3555 3720; baseline 0.002 -18"><span class='ocrx_word' id='word_1_586' title='bbox 1957 3655 2230 3711; x_wconf 87' lang='lat' dir='ltr'><strong>ruentem,</strong></span> <span class='ocrx_word' id='word_1_587' title='bbox 2261 3646 2439 3702; x_wconf 91' lang='lat' dir='ltr'><strong>donec</strong></span> <span class='ocrx_word' id='word_1_588' title='bbox 2464 3655 2782 3702; x_wconf 70' lang='lat' dir='ltr'><strong>memorata:</strong></span> <span class='ocrx_word' id='word_1_589' title='bbox 2806 3648 3055 3719; x_wconf 88' lang='lat' dir='ltr'><strong>corporis</strong></span> <span class='ocrx_word' id='word_1_590' title='bbox 3086 3649 3366 3720; x_wconf 86' lang='lat' dir='ltr'><strong>passiones</strong></span> <span class='ocrx_word' id='word_1_591' title='bbox 3393 3647 3555 3706; x_wconf 86' lang='lat' dir='ltr'><strong>Verbi</strong></span> 
     </span>
    </p>
   </div>
   <div class='ocr_carea' id='block_1_77' title="bbox 1954 3740 3559 3815">
    <p class='ocr_par' dir='ltr' id='par_1_77' title="bbox 1954 3740 3559 3815">
     <span class='ocr_line' id='line_1_77' title="bbox 1954 3740 3559 3815; baseline 0.001 -19"><span class='ocrx_word' id='word_1_592' title='bbox 1954 3741 2155 3796; x_wconf 89' lang='lat' dir='ltr'><strong>virtute</strong></span> <span class='ocrx_word' id='word_1_593' title='bbox 2186 3741 2495 3796; x_wconf 91' lang='lat' dir='ltr'><strong>mitescant.</strong></span> <span class='ocrx_word' id='word_1_594' title='bbox 2530 3740 2657 3796; x_wconf 61' lang='lat' dir='ltr'><strong>Haec</strong></span> <span class='ocrx_word' id='word_1_595' title='bbox 2703 3741 2855 3796; x_wconf 91' lang='lat' dir='ltr'><strong>verbi</strong></span> <span class='ocrx_word' id='word_1_596' title='bbox 2905 3749 3178 3813; x_wconf 88' lang='lat' dir='ltr'><strong>tamquam</strong></span> <span class='ocrx_word' id='word_1_597' title='bbox 3208 3741 3334 3798; x_wconf 89' lang='lat' dir='ltr'><strong>boni</strong></span> <span class='ocrx_word' id='word_1_598' title='bbox 3385 3742 3559 3815; x_wconf 87' lang='lat' dir='ltr'><strong>agita-</strong></span> 
     </span>
    </p>
   </div>
   <div class='ocr_carea' id='block_1_78' title="bbox 1960 3833 3554 3907">
    <p class='ocr_par' dir='ltr' id='par_1_78' title="bbox 1960 3833 3554 3907">
     <span class='ocr_line' id='line_1_78' title="bbox 1960 3833 3554 3907; baseline 0.001 -17"><span class='ocrx_word' id='word_1_599' title='bbox 1960 3835 2093 3890; x_wconf 88' lang='lat' dir='ltr'><strong>toris</strong></span> <span class='ocrx_word' id='word_1_600' title='bbox 2143 3845 2226 3890; x_wconf 87' lang='lat' dir='ltr'><strong>est</strong></span> <span class='ocrx_word' id='word_1_601' title='bbox 2257 3833 2631 3905; x_wconf 83' lang='lat' dir='ltr'><strong>providentia,</strong></span> <span class='ocrx_word' id='word_1_602' title='bbox 2686 3849 2756 3891; x_wconf 89' lang='lat' dir='ltr'><strong>ne</strong></span> <span class='ocrx_word' id='word_1_603' title='bbox 2790 3834 2866 3890; x_wconf 92' lang='lat' dir='ltr'><strong>illi</strong></span> <span class='ocrx_word' id='word_1_604' title='bbox 2897 3835 3093 3890; x_wconf 69' lang='lat' dir='ltr'><strong>anima:</strong></span> <span class='ocrx_word' id='word_1_605' title='bbox 3117 3850 3237 3907; x_wconf 64' lang='lat' dir='ltr'><strong>quae</strong></span> <span class='ocrx_word' id='word_1_606' title='bbox 3267 3835 3322 3891; x_wconf 88' lang='lat' dir='ltr'><strong>in</strong></span> <span class='ocrx_word' id='word_1_607' title='bbox 3345 3851 3406 3892; x_wconf 89' lang='lat' dir='ltr'><strong>se</strong></span> <span class='ocrx_word' id='word_1_608' title='bbox 3445 3850 3554 3892; x_wconf 89' lang='lat' dir='ltr'><strong>non</strong></span> 
     </span>
    </p>
   </div>
   <div class='ocr_carea' id='block_1_79' title="bbox 1958 3927 3555 4003">
    <p class='ocr_par' dir='ltr' id='par_1_79' title="bbox 1958 3927 3555 4003">
     <span class='ocr_line' id='line_1_79' title="bbox 1958 3927 3555 4003; baseline 0.001 -19"><span class='ocrx_word' id='word_1_609' title='bbox 1958 3938 2042 3984; x_wconf 88' lang='lat' dir='ltr'><strong>est</strong></span> <span class='ocrx_word' id='word_1_610' title='bbox 2085 3929 2244 3984; x_wconf 92' lang='lat' dir='ltr'><strong>morti</strong></span> <span class='ocrx_word' id='word_1_611' title='bbox 2279 3927 2536 3996; x_wconf 85' lang='lat' dir='ltr'><strong>obnoxia,</strong></span> <span class='ocrx_word' id='word_1_612' title='bbox 2559 3942 2757 4000; x_wconf 85' lang='lat' dir='ltr'><strong>corpus</strong></span> <span class='ocrx_word' id='word_1_613' title='bbox 2779 3928 3013 3985; x_wconf 91' lang='lat' dir='ltr'><strong>mortale</strong></span> <span class='ocrx_word' id='word_1_614' title='bbox 3053 3929 3408 4001; x_wconf 85' lang='lat' dir='ltr'><strong>conjunctum</strong></span> <span class='ocrx_word' id='word_1_615' title='bbox 3439 3931 3555 4003; x_wconf 87' lang='lat' dir='ltr'><strong>agi-</strong></span> 
     </span>
    </p>
   </div>
   <div class='ocr_carea' id='block_1_80' title="bbox 1963 4021 3004 4080">
    <p class='ocr_par' dir='ltr' id='par_1_80' title="bbox 1963 4021 3004 4080">
     <span class='ocr_line' id='line_1_80' title="bbox 1963 4021 3004 4080; baseline -0.001 -1"><span class='ocrx_word' id='word_1_616' title='bbox 1963 4024 2220 4080; x_wconf 87' lang='lat' dir='ltr'><strong>tationem</strong></span> <span class='ocrx_word' id='word_1_617' title='bbox 2244 4022 2328 4078; x_wconf 89' lang='lat' dir='ltr'><strong>sui</strong></span> <span class='ocrx_word' id='word_1_618' title='bbox 2361 4021 2524 4078; x_wconf 87' lang='lat' dir='ltr'><strong>faciat</strong></span> <span class='ocrx_word' id='word_1_619' title='bbox 2552 4037 2675 4078; x_wconf 88' lang='lat' dir='ltr'><strong>esse</strong></span> <span class='ocrx_word' id='word_1_620' title='bbox 2705 4021 3004 4080; x_wconf 87' lang='lat' dir='ltr'><strong>difficilem.</strong></span> 
     </span>
    </p>
   </div>
   <div class='ocr_carea' id='block_1_81' title="bbox 2039 4115 3566 4189">
    <p class='ocr_par' dir='ltr' id='par_1_81' title="bbox 2039 4115 3566 4189">
     <span class='ocr_line' id='line_1_81' title="bbox 2039 4115 3566 4189; baseline 0 -15"><span class='ocrx_word' id='word_1_621' title='bbox 2039 4118 2135 4174; x_wconf 87' lang='lat'><strong>96.</strong></span> <span class='ocrx_word' id='word_1_622' title='bbox 2171 4117 2354 4172; x_wconf 86' lang='lat' dir='ltr'><strong>Primo</strong></span> <span class='ocrx_word' id='word_1_623' title='bbox 2378 4117 2543 4188; x_wconf 87' lang='lat' dir='ltr'><strong>igitur</strong></span> <span class='ocrx_word' id='word_1_624' title='bbox 2572 4119 2674 4172; x_wconf 88' lang='lat' dir='ltr'><strong>hos</strong></span> <span class='ocrx_word' id='word_1_625' title='bbox 2719 4117 2938 4173; x_wconf 89' lang='lat' dir='ltr'><strong>veloces</strong></span> <span class='ocrx_word' id='word_1_626' title='bbox 2973 4125 3154 4173; x_wconf 87' lang='lat' dir='ltr'><strong>motus</strong></span> <span class='ocrx_word' id='word_1_627' title='bbox 3180 4115 3431 4189; x_wconf 89' lang='lat' dir='ltr'><strong>corporis</strong></span> <span class='ocrx_word' id='word_1_628' title='bbox 3459 4117 3566 4174; x_wconf 84' lang='lat' dir='ltr'><strong>do-</strong></span> 
     </span>
    </p>
   </div>
   <div class='ocr_carea' id='block_1_82' title="bbox 1961 4209 3564 4277">
    <p class='ocr_par' dir='ltr' id='par_1_82' title="bbox 1961 4209 3564 4277">
     <span class='ocr_line' id='line_1_82' title="bbox 1961 4209 3564 4277; baseline -0.001 -10"><span class='ocrx_word' id='word_1_629' title='bbox 1961 4213 2138 4277; x_wconf 90' lang='lat' dir='ltr'><strong>mitet,</strong></span> <span class='ocrx_word' id='word_1_630' title='bbox 2170 4219 2226 4267; x_wconf 88' lang='lat' dir='ltr'><strong>et</strong></span> <span class='ocrx_word' id='word_1_631' title='bbox 2267 4226 2409 4266; x_wconf 86' lang='lat' dir='ltr'><strong>nexu</strong></span> <span class='ocrx_word' id='word_1_632' title='bbox 2434 4211 2664 4266; x_wconf 89' lang='lat' dir='ltr'><strong>rationis</strong></span> <span class='ocrx_word' id='word_1_633' title='bbox 2687 4210 2956 4268; x_wconf 81' lang='lat' dir='ltr'><strong>infrenet:</strong></span> <span class='ocrx_word' id='word_1_634' title='bbox 2985 4209 3114 4266; x_wconf 90' lang='lat' dir='ltr'><strong>deln</strong></span> <span class='ocrx_word' id='word_1_635' title='bbox 3137 4219 3332 4267; x_wconf 85' lang='lat' dir='ltr'><strong>caveat</strong></span> <span class='ocrx_word' id='word_1_636' title='bbox 3355 4226 3425 4267; x_wconf 89' lang='lat' dir='ltr'><strong>ne</strong></span> <span class='ocrx_word' id='word_1_637' title='bbox 3451 4211 3564 4266; x_wconf 86' lang='lat' dir='ltr'><strong>dis-</strong></span> 
     </span>
    </p>
   </div>
   <div class='ocr_carea' id='block_1_83' title="bbox 243 4305 3565 4386">
    <p class='ocr_par' dir='ltr' id='par_1_83' title="bbox 243 4305 3565 4386">
     <span class='ocr_line' id='line_1_83' title="bbox 243 4305 3565 4386; baseline -0.001 -20"><span class='ocrx_word' id='word_1_638' title='bbox 243 4330 361 4386; x_wconf 75' lang='lat' dir='ltr'><strong>qua:</strong></span> <span class='ocrx_word' id='word_1_639' title='bbox 391 4329 502 4368; x_wconf 89' lang='lat' dir='ltr'><strong>non</strong></span> <span class='ocrx_word' id='word_1_640' title='bbox 528 4313 709 4383; x_wconf 75' lang='lat' dir='ltr'><strong>paris:</strong></span> <span class='ocrx_word' id='word_1_641' title='bbox 757 4326 964 4380; x_wconf 86' lang='lat' dir='ltr'><strong>erumpe</strong></span> <span class='ocrx_word' id='word_1_642' title='bbox 991 4317 1038 4363; x_wconf 86' lang='lat' dir='ltr'><strong>et</strong></span> <span class='ocrx_word' id='word_1_643' title='bbox 1080 4307 1312 4362; x_wconf 76' lang='lat' dir='ltr'><strong>exclama</strong></span> <span class='ocrx_word' id='word_1_644' title='bbox 1333 4321 1446 4378; x_wconf 71' lang='lat' dir='ltr'><strong>qua:</strong></span> <span class='ocrx_word' id='word_1_645' title='bbox 1488 4322 1590 4360; x_wconf 91' lang='lat' dir='ltr'><strong>non</strong></span> <span class='ocrx_word' id='word_1_646' title='bbox 1630 4305 1859 4376; x_wconf 83' lang='lat' dir='ltr'><strong>parturis</strong></span> <span class='ocrx_word' id='word_1_647' title='bbox 1959 4308 2078 4380; x_wconf 89' lang='lat' dir='ltr'><strong>pari</strong></span> <span class='ocrx_word' id='word_1_648' title='bbox 2129 4316 2281 4362; x_wconf 89' lang='lat' dir='ltr'><strong>motu</strong></span> <span class='ocrx_word' id='word_1_649' title='bbox 2324 4321 2384 4362; x_wconf 90' lang='lat' dir='ltr'><strong>se</strong></span> <span class='ocrx_word' id='word_1_650' title='bbox 2430 4305 2579 4362; x_wconf 86' lang='lat' dir='ltr'><strong>velut</strong></span> <span class='ocrx_word' id='word_1_651' title='bbox 2625 4305 2754 4378; x_wconf 89' lang='lat' dir='ltr'><strong>equi</strong></span> <span class='ocrx_word' id='word_1_652' title='bbox 2808 4305 3072 4377; x_wconf 88' lang='lat' dir='ltr'><strong>implicet,</strong></span> <span class='ocrx_word' id='word_1_653' title='bbox 3122 4314 3180 4361; x_wconf 92' lang='lat' dir='ltr'><strong>ut</strong></span> <span class='ocrx_word' id='word_1_654' title='bbox 3217 4305 3417 4362; x_wconf 88' lang='lat' dir='ltr'><strong>bonum</strong></span> <span class='ocrx_word' id='word_1_655' title='bbox 3470 4316 3565 4364; x_wconf 88' lang='lat' dir='ltr'><strong>aut</strong></span> 
     </span>
    </p>
   </div>
   <div class='ocr_carea' id='block_1_84' title="bbox 245 4403 693 4480">
    <p class='ocr_par' dir='ltr' id='par_1_84' title="bbox 245 4403 693 4480">
     <span class='ocr_line' id='line_1_84' title="bbox 245 4403 693 4480; baseline -0.004 -20"><span class='ocrx_word' id='word_1_656' title='bbox 245 4405 429 4480; x_wconf 76' lang='lat' dir='ltr'><strong>(Emi.</strong></span> <span class='ocrx_word' id='word_1_657' title='bbox 469 4421 586 4472; x_wconf 75' lang='lat' dir='ltr'><strong>uv,</strong></span> <span class='ocrx_word' id='word_1_658' title='bbox 619 4403 693 4478; x_wconf 80' lang='grc' dir='ltr'><strong>ι).</strong></span> 
     </span>
    </p>
   </div>
   <div class='ocr_carea' id='block_1_85' title="bbox 1960 4399 3565 4471">
    <p class='ocr_par' dir='ltr' id='par_1_85' title="bbox 1960 4399 3565 4471">
     <span class='ocr_line' id='line_1_85' title="bbox 1960 4399 3565 4471; baseline 0 -14"><span class='ocrx_word' id='word_1_659' title='bbox 1960 4401 2243 4471; x_wconf 90' lang='lat' dir='ltr'><strong>improbus</strong></span> <span class='ocrx_word' id='word_1_660' title='bbox 2265 4400 2562 4466; x_wconf 88' lang='lat' dir='ltr'><strong>decoloret,</strong></span> <span class='ocrx_word' id='word_1_661' title='bbox 2597 4407 2688 4456; x_wconf 90' lang='lat' dir='ltr'><strong>aut</strong></span> <span class='ocrx_word' id='word_1_662' title='bbox 2719 4401 2908 4455; x_wconf 87' lang='lat' dir='ltr'><strong>tardus</strong></span> <span class='ocrx_word' id='word_1_663' title='bbox 2936 4399 3236 4470; x_wconf 83' lang='lat' dir='ltr'><strong>impediat,</strong></span> <span class='ocrx_word' id='word_1_664' title='bbox 3273 4408 3367 4456; x_wconf 89' lang='lat' dir='ltr'><strong>aut</strong></span> <span class='ocrx_word' id='word_1_665' title='bbox 3393 4401 3565 4458; x_wconf 89' lang='lat' dir='ltr'><strong>turbi-</strong></span> 
     </span>
    </p>
   </div>
   <div class='ocr_carea' id='block_1_86' title="bbox 315 4493 3565 4572">
    <p class='ocr_par' dir='ltr' id='par_1_86' title="bbox 315 4493 3565 4572">
     <span class='ocr_line' id='line_1_86' title="bbox 315 4493 3565 4572; baseline -0.002 -16"><span class='ocrx_word' id='word_1_666' title='bbox 315 4501 412 4556; x_wconf 75' lang='lat'><strong>92.</strong></span> <span class='ocrx_word' id='word_1_667' title='bbox 472 4501 808 4556; x_wconf 85' lang='lat' dir='ltr'><strong>Invenerunt</strong></span> <span class='ocrx_word' id='word_1_668' title='bbox 848 4515 979 4572; x_wconf 91' lang='lat' dir='ltr'><strong>ergo</strong></span> <span class='ocrx_word' id='word_1_669' title='bbox 1027 4498 1317 4565; x_wconf 87' lang='lat' dir='ltr'><strong>custodes,</strong></span> <span class='ocrx_word' id='word_1_670' title='bbox 1349 4507 1404 4555; x_wconf 90' lang='lat' dir='ltr'><strong>et</strong></span> <span class='ocrx_word' id='word_1_671' title='bbox 1433 4497 1860 4554; x_wconf 87' lang='lat' dir='ltr'><strong>vulneraverunt</strong></span> <span class='ocrx_word' id='word_1_672' title='bbox 1963 4495 2062 4551; x_wconf 89' lang='lat' dir='ltr'><strong>dus</strong></span> <span class='ocrx_word' id='word_1_673' title='bbox 2103 4495 2397 4566; x_wconf 90' lang='lat' dir='ltr'><strong>inquietet;</strong></span> <span class='ocrx_word' id='word_1_674' title='bbox 2445 4493 2624 4551; x_wconf 87' lang='lat' dir='ltr'><strong>fremit</strong></span> <span class='ocrx_word' id='word_1_675' title='bbox 2652 4493 2798 4550; x_wconf 88' lang='lat' dir='ltr'><strong>enim</strong></span> <span class='ocrx_word' id='word_1_676' title='bbox 2832 4509 3003 4566; x_wconf 89' lang='lat' dir='ltr'><strong>equus</strong></span> <span class='ocrx_word' id='word_1_677' title='bbox 3047 4494 3288 4560; x_wconf 66' lang='lat' dir='ltr'><strong>malitiae,</strong></span> <span class='ocrx_word' id='word_1_678' title='bbox 3330 4509 3565 4567; x_wconf 86' lang='lat' dir='ltr'><strong>seseque</strong></span> 
     </span>
    </p>
   </div>
   <div class='ocr_carea' id='block_1_87' title="bbox 244 4573 3565 4665">
    <p class='ocr_par' dir='ltr' id='par_1_87' title="bbox 244 4573 3565 4665">
     <span class='ocr_line' id='line_1_87' title="bbox 244 4573 3565 4665; baseline -0.002 -13"><span class='ocrx_word' id='word_1_679' title='bbox 244 4611 366 4653; x_wconf 90' lang='lat' dir='ltr'><strong>eam</strong></span> <span class='ocrx_word' id='word_1_680' title='bbox 389 4641 404 4665; x_wconf 92' lang='lat'><strong>,</strong></span> <span class='ocrx_word' id='word_1_681' title='bbox 442 4605 503 4653; x_wconf 87' lang='lat' dir='ltr'><strong>et</strong></span> <span class='ocrx_word' id='word_1_682' title='bbox 535 4597 778 4652; x_wconf 88' lang='lat' dir='ltr'><strong>tulerunt</strong></span> <span class='ocrx_word' id='word_1_683' title='bbox 809 4597 858 4651; x_wconf 90' lang='lat' dir='ltr'><strong>ei</strong></span> <span class='ocrx_word' id='word_1_684' title='bbox 884 4595 1142 4665; x_wconf 92' lang='lat' dir='ltr'><strong>pallium,</strong></span> <span class='ocrx_word' id='word_1_685' title='bbox 1177 4594 1279 4650; x_wconf 91' lang='lat' dir='ltr'><strong>hoc</strong></span> <span class='ocrx_word' id='word_1_686' title='bbox 1309 4605 1426 4660; x_wconf 89' lang='lat' dir='ltr'><strong>est,</strong></span> <span class='ocrx_word' id='word_1_687' title='bbox 1468 4601 1622 4648; x_wconf 89' lang='lat' dir='ltr'><strong>actus</strong></span> <span class='ocrx_word' id='word_1_688' title='bbox 1663 4607 1858 4661; x_wconf 90' lang='lat' dir='ltr'><strong>corpo—</strong></span> <span class='ocrx_word' id='word_1_689' title='bbox 1885 4573 1935 4634; x_wconf 78' lang='grc' dir='ltr'><strong>ι)</strong></span> <span class='ocrx_word' id='word_1_690' title='bbox 1958 4587 2217 4660; x_wconf 88' lang='lat' dir='ltr'><strong>jactando</strong></span> <span class='ocrx_word' id='word_1_691' title='bbox 2238 4604 2460 4644; x_wconf 88' lang='lat' dir='ltr'><strong>currum</strong></span> <span class='ocrx_word' id='word_1_692' title='bbox 2483 4587 2652 4654; x_wconf 63' lang='lat' dir='ltr'><strong>lmdit,</strong></span> <span class='ocrx_word' id='word_1_693' title='bbox 2681 4597 2876 4660; x_wconf 88' lang='lat' dir='ltr'><strong>gravat</strong></span> <span class='ocrx_word' id='word_1_694' title='bbox 2905 4587 3166 4660; x_wconf 89' lang='lat' dir='ltr'><strong>jugalem.</strong></span> <span class='ocrx_word' id='word_1_695' title='bbox 3210 4587 3364 4644; x_wconf 86' lang='lat' dir='ltr'><strong>Hunc</strong></span> <span class='ocrx_word' id='word_1_696' title='bbox 3388 4588 3565 4645; x_wconf 91' lang='lat' dir='ltr'><strong>bonus</strong></span> 
     </span>
    </p>
   </div>
   <div class='ocr_carea' id='block_1_88' title="bbox 243 4685 1858 4756">
    <p class='ocr_par' dir='ltr' id='par_1_88' title="bbox 243 4685 1858 4756">
     <span class='ocr_line' id='line_1_88' title="bbox 243 4685 1858 4756; baseline -0.005 -9"><span class='ocrx_word' id='word_1_697' title='bbox 243 4693 383 4748; x_wconf 89' lang='lat' dir='ltr'><strong>ralis</strong></span> <span class='ocrx_word' id='word_1_698' title='bbox 433 4691 783 4746; x_wconf 89' lang='lat' dir='ltr'><strong>involucrum</strong></span> <span class='ocrx_word' id='word_1_699' title='bbox 834 4690 1210 4756; x_wconf 87' lang='lat' dir='ltr'><strong>sustulerunt,</strong></span> <span class='ocrx_word' id='word_1_700' title='bbox 1242 4699 1301 4744; x_wconf 90' lang='lat' dir='ltr'><strong>ut</strong></span> <span class='ocrx_word' id='word_1_701' title='bbox 1334 4687 1476 4743; x_wconf 91' lang='lat' dir='ltr'><strong>nuda</strong></span> <span class='ocrx_word' id='word_1_702' title='bbox 1504 4687 1701 4742; x_wconf 92' lang='lat' dir='ltr'><strong>mentis</strong></span> <span class='ocrx_word' id='word_1_703' title='bbox 1729 4685 1858 4739; x_wconf 87' lang='lat' dir='ltr'><strong>sim-</strong></span> 
     </span>
    </p>
   </div>
   <div class='ocr_carea' id='block_1_89' title="bbox 242 4777 1858 4856">
    <p class='ocr_par' dir='ltr' id='par_1_89' title="bbox 242 4777 1858 4856">
     <span class='ocr_line' id='line_1_89' title="bbox 242 4777 1858 4856; baseline -0.005 -17"><span class='ocrx_word' id='word_1_704' title='bbox 242 4783 1083 4856; x_wconf 71' lang='lat' dir='ltr'><strong>plicitasqumreretChristum;</strong></span> <span class='ocrx_word' id='word_1_705' title='bbox 1115 4784 1240 4853; x_wconf 89' lang='lat' dir='ltr'><strong>quia</strong></span> <span class='ocrx_word' id='word_1_706' title='bbox 1273 4797 1431 4837; x_wconf 88' lang='lat' dir='ltr'><strong>nemo</strong></span> <span class='ocrx_word' id='word_1_707' title='bbox 1460 4789 1636 4850; x_wconf 87' lang='lat' dir='ltr'><strong>potest</strong></span> <span class='ocrx_word' id='word_1_708' title='bbox 1657 4777 1858 4833; x_wconf 89' lang='lat' dir='ltr'><strong>amictu</strong></span> 
     </span>
    </p>
   </div>
   <div class='ocr_carea' id='block_1_90' title="bbox 241 4876 1857 4952">
    <p class='ocr_par' dir='ltr' id='par_1_90' title="bbox 241 4876 1857 4952">
     <span class='ocr_line' id='line_1_90' title="bbox 241 4876 1857 4952; baseline -0.004 -16"><span class='ocrx_word' id='word_1_709' title='bbox 241 4883 492 4938; x_wconf 83' lang='lat' dir='ltr'><strong>vestitus</strong></span> <span class='ocrx_word' id='word_1_710' title='bbox 525 4879 904 4952; x_wconf 85' lang='lat' dir='ltr'><strong>philosophiae,</strong></span> <span class='ocrx_word' id='word_1_711' title='bbox 932 4881 986 4934; x_wconf 90' lang='lat' dir='ltr'><strong>in</strong></span> <span class='ocrx_word' id='word_1_712' title='bbox 1011 4879 1194 4935; x_wconf 88' lang='lat' dir='ltr'><strong>habitu</strong></span> <span class='ocrx_word' id='word_1_713' title='bbox 1223 4878 1436 4934; x_wconf 87' lang='lat' dir='ltr'><strong>scilicet</strong></span> <span class='ocrx_word' id='word_1_714' title='bbox 1455 4876 1733 4947; x_wconf 62' lang='lat' dir='ltr'><strong>sapientiae</strong></span> <span class='ocrx_word' id='word_1_715' title='bbox 1758 4889 1857 4930; x_wconf 54' lang='lat' dir='ltr'><strong>saec</strong></span> 
     </span>
    </p>
   </div>
   <div class='ocr_carea' id='block_1_91' title="bbox 1960 4682 3563 4753">
    <p class='ocr_par' dir='ltr' id='par_1_91' title="bbox 1960 4682 3563 4753">
     <span class='ocr_line' id='line_1_91' title="bbox 1960 4682 3563 4753; baseline 0.001 -16"><span class='ocrx_word' id='word_1_716' title='bbox 1960 4683 2144 4753; x_wconf 88' lang='lat' dir='ltr'><strong>auriga</strong></span> <span class='ocrx_word' id='word_1_717' title='bbox 2176 4682 2492 4748; x_wconf 90' lang='lat' dir='ltr'><strong>demulcet,</strong></span> <span class='ocrx_word' id='word_1_718' title='bbox 2525 4691 2581 4737; x_wconf 91' lang='lat' dir='ltr'><strong>et</strong></span> <span class='ocrx_word' id='word_1_719' title='bbox 2614 4682 2667 4738; x_wconf 90' lang='lat' dir='ltr'><strong>in</strong></span> <span class='ocrx_word' id='word_1_720' title='bbox 2718 4696 2972 4752; x_wconf 90' lang='lat' dir='ltr'><strong>campum</strong></span> <span class='ocrx_word' id='word_1_721' title='bbox 3004 4682 3252 4738; x_wconf 88' lang='lat' dir='ltr'><strong>veritatis</strong></span> <span class='ocrx_word' id='word_1_722' title='bbox 3295 4682 3563 4751; x_wconf 90' lang='lat' dir='ltr'><strong>immittit,</strong></span> 
     </span>
    </p>
   </div>
   <div class='ocr_carea' id='block_1_92' title="bbox 1962 4774 3568 4845">
    <p class='ocr_par' dir='ltr' id='par_1_92' title="bbox 1962 4774 3568 4845">
     <span class='ocr_line' id='line_1_92' title="bbox 1962 4774 3568 4845; baseline 0.001 -15"><span class='ocrx_word' id='word_1_723' title='bbox 1962 4774 2170 4830; x_wconf 87' lang='lat' dir='ltr'><strong>fraudis</strong></span> <span class='ocrx_word' id='word_1_724' title='bbox 2202 4775 2442 4831; x_wconf 89' lang='lat' dir='ltr'><strong>declinat</strong></span> <span class='ocrx_word' id='word_1_725' title='bbox 2477 4774 2803 4831; x_wconf 88' lang='lat' dir='ltr'><strong>anfractum.</strong></span> <span class='ocrx_word' id='word_1_726' title='bbox 2833 4774 3008 4832; x_wconf 82' lang='lat' dir='ltr'><strong>Tutus</strong></span> <span class='ocrx_word' id='word_1_727' title='bbox 3029 4774 3097 4831; x_wconf 88' lang='lat' dir='ltr'><strong>ad</strong></span> <span class='ocrx_word' id='word_1_728' title='bbox 3129 4775 3412 4845; x_wconf 87' lang='lat' dir='ltr'><strong>superiora</strong></span> <span class='ocrx_word' id='word_1_729' title='bbox 3440 4791 3568 4832; x_wconf 87' lang='lat' dir='ltr'><strong>cur-</strong></span> 
     </span>
    </p>
   </div>
   <div class='ocr_carea' id='block_1_93' title="bbox 1957 4868 3568 4941">
    <p class='ocr_par' dir='ltr' id='par_1_93' title="bbox 1957 4868 3568 4941">
     <span class='ocr_line' id='line_1_93' title="bbox 1957 4868 3568 4941; baseline -0.001 -16"><span class='ocrx_word' id='word_1_730' title='bbox 1957 4883 2052 4926; x_wconf 88' lang='lat' dir='ltr'><strong>sus</strong></span> <span class='ocrx_word' id='word_1_731' title='bbox 2109 4879 2226 4938; x_wconf 90' lang='lat' dir='ltr'><strong>est,</strong></span> <span class='ocrx_word' id='word_1_732' title='bbox 2279 4869 2621 4941; x_wconf 82' lang='lat' dir='ltr'><strong>periculosus</strong></span> <span class='ocrx_word' id='word_1_733' title='bbox 2653 4869 2721 4926; x_wconf 91' lang='lat' dir='ltr'><strong>ad</strong></span> <span class='ocrx_word' id='word_1_734' title='bbox 2764 4868 3025 4926; x_wconf 89' lang='lat' dir='ltr'><strong>inferiora</strong></span> <span class='ocrx_word' id='word_1_735' title='bbox 3065 4868 3388 4925; x_wconf 88' lang='lat' dir='ltr'><strong>descensus.</strong></span> <span class='ocrx_word' id='word_1_736' title='bbox 3439 4868 3568 4924; x_wconf 89' lang='lat' dir='ltr'><strong>Inde</strong></span> 
     </span>
    </p>
   </div>
   <div class='ocr_carea' id='block_1_94' title="bbox 244 4959 3567 5034">
    <p class='ocr_par' dir='ltr' id='par_1_94' title="bbox 244 4959 3567 5034">
     <span class='ocr_line' id='line_1_94' title="bbox 244 4959 3567 5034; baseline -0.005 -4"><span class='ocrx_word' id='word_1_737' title='bbox 244 4976 456 5030; x_wconf 88' lang='lat' dir='ltr'><strong>cularis</strong></span> <span class='ocrx_word' id='word_1_738' title='bbox 486 4973 772 5030; x_wconf 89' lang='lat' dir='ltr'><strong>Christum</strong></span> <span class='ocrx_word' id='word_1_739' title='bbox 803 4975 1010 5029; x_wconf 89' lang='lat' dir='ltr'><strong>videre.</strong></span> <span class='ocrx_word' id='word_1_740' title='bbox 1048 4974 1113 5029; x_wconf 89' lang='lat' dir='ltr'><strong>Et</strong></span> <span class='ocrx_word' id='word_1_741' title='bbox 1139 4973 1278 5028; x_wconf 88' lang='lat' dir='ltr'><strong>bene</strong></span> <span class='ocrx_word' id='word_1_742' title='bbox 1308 4971 1516 5026; x_wconf 87' lang='lat' dir='ltr'><strong>tollitur</strong></span> <span class='ocrx_word' id='word_1_743' title='bbox 1543 4971 1593 5025; x_wconf 88' lang='lat' dir='ltr'><strong>ei</strong></span> <span class='ocrx_word' id='word_1_744' title='bbox 1628 4969 1861 5024; x_wconf 88' lang='lat' dir='ltr'><strong>amictus</strong></span> <span class='ocrx_word' id='word_1_745' title='bbox 1963 4962 2116 5033; x_wconf 83' lang='lat' dir='ltr'><strong>quasi</strong></span> <span class='ocrx_word' id='word_1_746' title='bbox 2150 4961 2365 5017; x_wconf 83' lang='lat' dir='ltr'><strong>emeriti</strong></span> <span class='ocrx_word' id='word_1_747' title='bbox 2385 4961 2476 5032; x_wconf 89' lang='lat' dir='ltr'><strong>qui</strong></span> <span class='ocrx_word' id='word_1_748' title='bbox 2505 4961 2644 5018; x_wconf 89' lang='lat' dir='ltr'><strong>bene</strong></span> <span class='ocrx_word' id='word_1_749' title='bbox 2666 4962 3012 5034; x_wconf 89' lang='lat' dir='ltr'><strong>portaverint</strong></span> <span class='ocrx_word' id='word_1_750' title='bbox 3035 4962 3223 5033; x_wconf 90' lang='lat' dir='ltr'><strong>jugum</strong></span> <span class='ocrx_word' id='word_1_751' title='bbox 3254 4959 3442 5028; x_wconf 88' lang='lat' dir='ltr'><strong>Verbi,</strong></span> <span class='ocrx_word' id='word_1_752' title='bbox 3475 4977 3567 5016; x_wconf 91' lang='lat' dir='ltr'><strong>us-</strong></span> 
     </span>
    </p>
   </div>
   <div class='ocr_carea' id='block_1_95' title="bbox 242 5063 1855 5139">
    <p class='ocr_par' dir='ltr' id='par_1_95' title="bbox 242 5063 1855 5139">
     <span class='ocr_line' id='line_1_95' title="bbox 242 5063 1855 5139; baseline -0.003 -18"><span class='ocrx_word' id='word_1_753' title='bbox 242 5067 661 5139; x_wconf 69' lang='lat' dir='ltr'><strong>philosopliim;</strong></span> <span class='ocrx_word' id='word_1_754' title='bbox 692 5083 761 5124; x_wconf 90' lang='lat' dir='ltr'><strong>ne</strong></span> <span class='ocrx_word' id='word_1_755' title='bbox 791 5068 912 5138; x_wconf 93' lang='lat' dir='ltr'><strong>quis</strong></span> <span class='ocrx_word' id='word_1_756' title='bbox 941 5083 1058 5122; x_wconf 90' lang='lat' dir='ltr'><strong>eam</strong></span> <span class='ocrx_word' id='word_1_757' title='bbox 1088 5083 1186 5137; x_wconf 88' lang='lat' dir='ltr'><strong>per</strong></span> <span class='ocrx_word' id='word_1_758' title='bbox 1216 5063 1618 5136; x_wconf 82' lang='lat' dir='ltr'><strong>philuSOphinm</strong></span> <span class='ocrx_word' id='word_1_759' title='bbox 1649 5063 1855 5134; x_wconf 69' lang='lat' dir='ltr'><strong>deprae-</strong></span> 
     </span>
    </p>
   </div>
   <div class='ocr_carea' id='block_1_96' title="bbox 1970 5051 3566 5126">
    <p class='ocr_par' dir='ltr' id='par_1_96' title="bbox 1970 5051 3566 5126">
     <span class='ocr_line' id='line_1_96' title="bbox 1970 5051 3566 5126; baseline 0.001 -18"><span class='ocrx_word' id='word_1_760' title='bbox 1970 5070 2075 5126; x_wconf 87' lang='lat' dir='ltr'><strong>que</strong></span> <span class='ocrx_word' id='word_1_761' title='bbox 2107 5054 2173 5109; x_wconf 89' lang='lat' dir='ltr'><strong>ad</strong></span> <span class='ocrx_word' id='word_1_762' title='bbox 2206 5053 2425 5109; x_wconf 90' lang='lat' dir='ltr'><strong>Domini</strong></span> <span class='ocrx_word' id='word_1_763' title='bbox 2473 5069 2719 5126; x_wconf 86' lang='lat' dir='ltr'><strong>praesepe</strong></span> <span class='ocrx_word' id='word_1_764' title='bbox 2760 5055 3034 5112; x_wconf 92' lang='lat' dir='ltr'><strong>ducuntur</strong></span> <span class='ocrx_word' id='word_1_765' title='bbox 3058 5095 3075 5120; x_wconf 95' lang='lat'><strong>,</strong></span> <span class='ocrx_word' id='word_1_766' title='bbox 3107 5055 3160 5109; x_wconf 92' lang='lat' dir='ltr'><strong>in</strong></span> <span class='ocrx_word' id='word_1_767' title='bbox 3200 5068 3308 5124; x_wconf 92' lang='lat' dir='ltr'><strong>quo</strong></span> <span class='ocrx_word' id='word_1_768' title='bbox 3338 5067 3445 5108; x_wconf 94' lang='lat' dir='ltr'><strong>non</strong></span> <span class='ocrx_word' id='word_1_769' title='bbox 3488 5051 3566 5109; x_wconf 85' lang='lat' dir='ltr'><strong>fe-</strong></span> 
     </span>
    </p>
   </div>
   <div class='ocr_carea' id='block_1_97' title="bbox 243 5146 3386 5234">
    <p class='ocr_par' dir='ltr' id='par_1_97' title="bbox 243 5146 3386 5234">
     <span class='ocr_line' id='line_1_97' title="bbox 243 5146 3386 5234; baseline -0.005 -19"><span class='ocrx_word' id='word_1_770' title='bbox 243 5160 411 5217; x_wconf 88' lang='lat' dir='ltr'><strong>detur</strong></span> <span class='ocrx_word' id='word_1_771' title='bbox 440 5160 676 5234; x_wconf 77' lang='lat' dir='ltr'><strong>(Coloss,</strong></span> <span class='ocrx_word' id='word_1_772' title='bbox 703 5177 762 5229; x_wconf 88' lang='grc' dir='ltr'>ιι,</span> <span class='ocrx_word' id='word_1_773' title='bbox 790 5161 867 5233; x_wconf 92' lang='grc'><strong>8).</strong></span> <span class='ocrx_word' id='word_1_774' title='bbox 895 5161 1039 5215; x_wconf 77' lang='grc' dir='ltr'><strong>Βριιο</strong></span> <span class='ocrx_word' id='word_1_775' title='bbox 1067 5159 1278 5215; x_wconf 83' lang='grc' dir='ltr'>ιοὶΙίιιιι·</span> <span class='ocrx_word' id='word_1_776' title='bbox 1302 5159 1348 5214; x_wconf 90' lang='lat' dir='ltr'><strong>ei</strong></span> <span class='ocrx_word' id='word_1_777' title='bbox 1377 5157 1625 5230; x_wconf 88' lang='lat' dir='ltr'><strong>pallium,</strong></span> <span class='ocrx_word' id='word_1_778' title='bbox 1655 5173 1773 5227; x_wconf 86' lang='lat' dir='ltr'><strong>quae</strong></span> <span class='ocrx_word' id='word_1_779' title='bbox 1799 5155 1867 5211; x_wconf 88' lang='lat' dir='ltr'><strong>ad</strong></span> <span class='ocrx_word' id='word_1_780' title='bbox 1970 5166 2098 5206; x_wconf 90' lang='lat' dir='ltr'><strong>num</strong></span> <span class='ocrx_word' id='word_1_781' title='bbox 2129 5159 2216 5206; x_wconf 89' lang='lat' dir='ltr'><strong>est</strong></span> <span class='ocrx_word' id='word_1_782' title='bbox 2241 5165 2388 5214; x_wconf 89' lang='lat' dir='ltr'><strong>esca,</strong></span> <span class='ocrx_word' id='word_1_783' title='bbox 2421 5149 2520 5205; x_wconf 90' lang='lat' dir='ltr'><strong>sed</strong></span> <span class='ocrx_word' id='word_1_784' title='bbox 2550 5149 2713 5220; x_wconf 88' lang='lat' dir='ltr'><strong>panis</strong></span> <span class='ocrx_word' id='word_1_785' title='bbox 2737 5150 2830 5218; x_wconf 90' lang='lat' dir='ltr'><strong>qui</strong></span> <span class='ocrx_word' id='word_1_786' title='bbox 2859 5146 3146 5204; x_wconf 90' lang='lat' dir='ltr'><strong>descendit</strong></span> <span class='ocrx_word' id='word_1_787' title='bbox 3173 5161 3203 5202; x_wconf 89' lang='lat' dir='ltr'><strong>e</strong></span> <span class='ocrx_word' id='word_1_788' title='bbox 3225 5146 3386 5202; x_wconf 73' lang='lat' dir='ltr'><strong>cmlo.</strong></span> 
     </span>
    </p>
   </div>
   <div class='ocr_carea' id='block_1_98' title="bbox 245 5247 1871 5324">
    <p class='ocr_par' dir='ltr' id='par_1_98' title="bbox 245 5247 1871 5324">
     <span class='ocr_line' id='line_1_98' title="bbox 245 5247 1871 5324; baseline -0.004 -14"><span class='ocrx_word' id='word_1_789' title='bbox 245 5253 545 5311; x_wconf 84' lang='lat' dir='ltr'><strong>Christum</strong></span> <span class='ocrx_word' id='word_1_790' title='bbox 579 5255 943 5324; x_wconf 87' lang='lat' dir='ltr'><strong>propinquat;</strong></span> <span class='ocrx_word' id='word_1_791' title='bbox 969 5264 1026 5308; x_wconf 89' lang='lat' dir='ltr'><strong>ut</strong></span> <span class='ocrx_word' id='word_1_792' title='bbox 1061 5255 1228 5309; x_wconf 88' lang='lat' dir='ltr'><strong>Deum</strong></span> <span class='ocrx_word' id='word_1_793' title='bbox 1266 5252 1452 5307; x_wconf 89' lang='lat' dir='ltr'><strong>visura</strong></span> <span class='ocrx_word' id='word_1_794' title='bbox 1478 5251 1679 5305; x_wconf 90' lang='lat' dir='ltr'><strong>mundo</strong></span> <span class='ocrx_word' id='word_1_795' title='bbox 1706 5247 1871 5304; x_wconf 82' lang='lat' dir='ltr'><strong>corde</strong></span> 
     </span>
    </p>
   </div>
   <div class='ocr_carea' id='block_1_99' title="bbox 244 5343 1872 5420">
    <p class='ocr_par' dir='ltr' id='par_1_99' title="bbox 244 5343 1872 5420">
     <span class='ocr_line' id='line_1_99' title="bbox 244 5343 1872 5420; baseline -0.004 -18"><span class='ocrx_word' id='word_1_796' title='bbox 244 5345 635 5420; x_wconf 87' lang='lat' dir='ltr'><strong>ingrediatur:</strong></span> <span class='ocrx_word' id='word_1_797' title='bbox 663 5345 812 5402; x_wconf 89' lang='lat' dir='ltr'><strong>Beati</strong></span> <span class='ocrx_word' id='word_1_798' title='bbox 848 5347 1011 5419; x_wconf 79' lang='lat'><strong>236</strong></span> <span class='ocrx_word' id='word_1_799' title='bbox 1030 5347 1173 5402; x_wconf 89' lang='lat' dir='ltr'><strong>enim</strong></span> <span class='ocrx_word' id='word_1_800' title='bbox 1205 5345 1396 5399; x_wconf 87' lang='lat' dir='ltr'><strong>mundo</strong></span> <span class='ocrx_word' id='word_1_801' title='bbox 1434 5344 1607 5413; x_wconf 85' lang='lat' dir='ltr'><strong>corde,</strong></span> <span class='ocrx_word' id='word_1_802' title='bbox 1630 5343 1872 5414; x_wconf 85' lang='lat' dir='ltr'><strong>quoniam</strong></span> 
     </span>
    </p>
   </div>
   <div class='ocr_carea' id='block_1_100' title="bbox 324 5586 1869 5658">
    <p class='ocr_par' dir='ltr' id='par_1_100' title="bbox 324 5586 1869 5658">
     <span class='ocr_line' id='line_1_100' title="bbox 324 5586 1869 5658; baseline -0.009 -4"><span class='ocrx_word' id='word_1_803' title='bbox 324 5609 353 5636; x_wconf 73' lang='grc' dir='ltr'><strong>ιι</strong></span> <span class='ocrx_word' id='word_1_804' title='bbox 378 5595 460 5653; x_wconf 85' lang='lat' dir='ltr'><strong>Ita</strong></span> <span class='ocrx_word' id='word_1_805' title='bbox 500 5593 640 5650; x_wconf 86' lang='lat' dir='ltr'><strong>edit.</strong></span> <span class='ocrx_word' id='word_1_806' title='bbox 668 5603 778 5652; x_wconf 91' lang='lat' dir='ltr'><strong>vet.</strong></span> <span class='ocrx_word' id='word_1_807' title='bbox 816 5603 872 5651; x_wconf 87' lang='lat' dir='ltr'><strong>et</strong></span> <span class='ocrx_word' id='word_1_808' title='bbox 892 5608 1024 5650; x_wconf 90' lang='lat' dir='ltr'><strong>mss.</strong></span> <span class='ocrx_word' id='word_1_809' title='bbox 1058 5607 1272 5658; x_wconf 88' lang='lat' dir='ltr'><strong>omnes,</strong></span> <span class='ocrx_word' id='word_1_810' title='bbox 1300 5591 1476 5648; x_wconf 90' lang='lat' dir='ltr'><strong>tribus</strong></span> <span class='ocrx_word' id='word_1_811' title='bbox 1510 5586 1752 5658; x_wconf 86' lang='lat' dir='ltr'><strong>exceptis</strong></span> <span class='ocrx_word' id='word_1_812' title='bbox 1779 5587 1869 5641; x_wconf 91' lang='lat' dir='ltr'><strong>ubi</strong></span> 
     </span>
    </p>
   </div>
   <div class='ocr_carea' id='block_1_101' title="bbox 252 5660 1873 5739">
    <p class='ocr_par' dir='ltr' id='par_1_101' title="bbox 252 5660 1873 5739">
     <span class='ocr_line' id='line_1_101' title="bbox 252 5660 1873 5739; baseline -0.009 -13"><span class='ocrx_word' id='word_1_813' title='bbox 252 5669 492 5739; x_wconf 83' lang='lat' dir='ltr'><strong>legitur,</strong></span> <span class='ocrx_word' id='word_1_814' title='bbox 524 5667 675 5721; x_wconf 87' lang='lat' dir='ltr'><strong>aliud</strong></span> <span class='ocrx_word' id='word_1_815' title='bbox 716 5668 1094 5739; x_wconf 73' lang='lat' dir='ltr'><strong>adolescentiaz.</strong></span> <span class='ocrx_word' id='word_1_816' title='bbox 1134 5664 1560 5739; x_wconf 76' lang='lat' dir='ltr'><strong>Circumforanea</strong></span> <span class='ocrx_word' id='word_1_817' title='bbox 1593 5660 1686 5739; x_wconf 74' lang='lat' dir='ltr'><strong>illa</strong></span> <span class='ocrx_word' id='word_1_818' title='bbox 1725 5673 1873 5739; x_wconf 60' lang='lat' dir='ltr'><strong>qua},</strong></span> 
     </span>
    </p>
   </div>
   <div class='ocr_carea' id='block_1_102' title="bbox 251 5732 1873 5797">
    <p class='ocr_par' dir='ltr' id='par_1_102' title="bbox 251 5732 1873 5797">
     <span class='ocr_line' id='line_1_102' title="bbox 251 5732 1873 5797; baseline -0.009 0"><span class='ocrx_word' id='word_1_819' title='bbox 251 5732 362 5797; x_wconf 68' lang='lat' dir='ltr'><strong>etc.</strong></span> <span class='ocrx_word' id='word_1_820' title='bbox 400 5740 579 5794; x_wconf 74' lang='lat' dir='ltr'><strong>Burni.</strong></span> <span class='ocrx_word' id='word_1_821' title='bbox 611 5750 790 5795; x_wconf 90' lang='lat' dir='ltr'><strong>autem</strong></span> <span class='ocrx_word' id='word_1_822' title='bbox 813 5738 945 5793; x_wconf 87' lang='lat' dir='ltr'><strong>edit.</strong></span> <span class='ocrx_word' id='word_1_823' title='bbox 978 5737 1080 5793; x_wconf 88' lang='lat' dir='ltr'><strong>hoc</strong></span> <span class='ocrx_word' id='word_1_824' title='bbox 1109 5747 1318 5792; x_wconf 90' lang='lat' dir='ltr'><strong>tantum</strong></span> <span class='ocrx_word' id='word_1_825' title='bbox 1349 5732 1581 5790; x_wconf 83' lang='lat' dir='ltr'><strong>recessit</strong></span> <span class='ocrx_word' id='word_1_826' title='bbox 1619 5733 1689 5788; x_wconf 88' lang='lat' dir='ltr'><strong>ab</strong></span> <span class='ocrx_word' id='word_1_827' title='bbox 1730 5732 1873 5797; x_wconf 87' lang='lat' dir='ltr'><strong>aliis,</strong></span> 
     </span>
    </p>
   </div>
   <div class='ocr_carea' id='block_1_103' title="bbox 252 5804 1698 5889">
    <p class='ocr_par' dir='ltr' id='par_1_103' title="bbox 252 5804 1698 5889">
     <span class='ocr_line' id='line_1_103' title="bbox 252 5804 1698 5889; baseline -0.011 -19"><span class='ocrx_word' id='word_1_828' title='bbox 252 5813 404 5889; x_wconf 89' lang='lat' dir='ltr'><strong>quod</strong></span> <span class='ocrx_word' id='word_1_829' title='bbox 441 5825 552 5884; x_wconf 86' lang='lat' dir='ltr'><strong>pro</strong></span> <span class='ocrx_word' id='word_1_830' title='bbox 586 5809 978 5880; x_wconf 76' lang='lat' dir='ltr'><strong>adolescentiae,</strong></span> <span class='ocrx_word' id='word_1_831' title='bbox 1011 5809 1250 5882; x_wconf 82' lang='lat' dir='ltr'><strong>reposuit</strong></span> <span class='ocrx_word' id='word_1_832' title='bbox 1283 5804 1698 5863; x_wconf 71' lang='lat' dir='ltr'><strong>adolt‘scetttufw.</strong></span> 
     </span>
    </p>
   </div>
   <div class='ocr_carea' id='block_1_104' title="bbox 2043 5236 3569 5314">
    <p class='ocr_par' dir='ltr' id='par_1_104' title="bbox 2043 5236 3569 5314">
     <span class='ocr_line' id='line_1_104' title="bbox 2043 5236 3569 5314; baseline -0.005 -13"><span class='ocrx_word' id='word_1_833' title='bbox 2043 5244 2135 5301; x_wconf 86' lang='lat'><strong>9&#39;7.</strong></span> <span class='ocrx_word' id='word_1_834' title='bbox 2156 5242 2325 5314; x_wconf 89' lang='lat' dir='ltr'><strong>Hujus</strong></span> <span class='ocrx_word' id='word_1_835' title='bbox 2343 5257 2537 5298; x_wconf 90' lang='lat' dir='ltr'><strong>currus</strong></span> <span class='ocrx_word' id='word_1_836' title='bbox 2553 5252 2689 5297; x_wconf 73' lang='lat' dir='ltr'><strong>ruta:</strong></span> <span class='ocrx_word' id='word_1_837' title='bbox 2709 5251 2861 5305; x_wconf 91' lang='lat' dir='ltr'><strong>sunt,</strong></span> <span class='ocrx_word' id='word_1_838' title='bbox 2875 5241 2945 5296; x_wconf 88' lang='lat' dir='ltr'><strong>de</strong></span> <span class='ocrx_word' id='word_1_839' title='bbox 2967 5239 3163 5309; x_wconf 91' lang='lat' dir='ltr'><strong>quibus</strong></span> <span class='ocrx_word' id='word_1_840' title='bbox 3179 5237 3319 5293; x_wconf 80' lang='lat' dir='ltr'><strong>dixit</strong></span> <span class='ocrx_word' id='word_1_841' title='bbox 3333 5236 3569 5308; x_wconf 85' lang='lat' dir='ltr'><strong>prepbc-</strong></span> 
     </span>
    </p>
   </div>
   <div class='ocr_carea' id='block_1_105' title="bbox 1981 5328 3570 5410">
    <p class='ocr_par' dir='ltr' id='par_1_105' title="bbox 1981 5328 3570 5410">
     <span class='ocr_line' id='line_1_105' title="bbox 1981 5328 3570 5410; baseline -0.007 -14"><span class='ocrx_word' id='word_1_842' title='bbox 1981 5349 2054 5396; x_wconf 87' lang='lat' dir='ltr'><strong>ta:</strong></span> <span class='ocrx_word' id='word_1_843' title='bbox 2073 5339 2142 5393; x_wconf 79' lang='lat' dir='ltr'><strong>Et</strong></span> <span class='ocrx_word' id='word_1_844' title='bbox 2159 5337 2375 5410; x_wconf 76' lang='lat' dir='ltr'><strong>spiritus</strong></span> <span class='ocrx_word' id='word_1_845' title='bbox 2388 5339 2504 5390; x_wconf 56' lang='lat' dir='ltr'><strong>vita:</strong></span> <span class='ocrx_word' id='word_1_846' title='bbox 2516 5344 2625 5390; x_wconf 89' lang='lat' dir='ltr'><strong>erat</strong></span> <span class='ocrx_word' id='word_1_847' title='bbox 2647 5335 2700 5388; x_wconf 89' lang='lat' dir='ltr'><strong>in</strong></span> <span class='ocrx_word' id='word_1_848' title='bbox 2719 5333 2848 5388; x_wconf 79' lang='lat' dir='ltr'><strong>rotis</strong></span> <span class='ocrx_word' id='word_1_849' title='bbox 2872 5330 3088 5404; x_wconf 70' lang='lat' dir='ltr'><strong>(Merit.</strong></span> <span class='ocrx_word' id='word_1_850' title='bbox 3115 5345 3159 5393; x_wconf 82' lang='grc' dir='ltr'>ι,</span> <span class='ocrx_word' id='word_1_851' title='bbox 3175 5328 3268 5400; x_wconf 69' lang='grc'><strong>20)</strong></span> <span class='ocrx_word' id='word_1_852' title='bbox 3288 5344 3304 5396; x_wconf 90' lang='grc'><strong>;</strong></span> <span class='ocrx_word' id='word_1_853' title='bbox 3337 5342 3404 5385; x_wconf 93' lang='lat' dir='ltr'><strong>eo</strong></span> <span class='ocrx_word' id='word_1_854' title='bbox 3426 5328 3570 5400; x_wconf 87' lang='lat' dir='ltr'><strong>quod</strong></span> 
     </span>
    </p>
   </div>
   <div class='ocr_carea' id='block_1_106' title="bbox 2051 5575 3056 5650">
    <p class='ocr_par' dir='ltr' id='par_1_106' title="bbox 2051 5575 3056 5650">
     <span class='ocr_line' id='line_1_106' title="bbox 2051 5575 3056 5650; baseline -0.015 -8"><span class='ocrx_word' id='word_1_855' title='bbox 2051 5584 2078 5624; x_wconf 69' lang='grc' dir='ltr'>δ</span> <span class='ocrx_word' id='word_1_856' title='bbox 2110 5583 2364 5641; x_wconf 82' lang='lat' dir='ltr'><strong>Nonnulli</strong></span> <span class='ocrx_word' id='word_1_857' title='bbox 2397 5595 2528 5636; x_wconf 88' lang='lat' dir='ltr'><strong>mss.</strong></span> <span class='ocrx_word' id='word_1_858' title='bbox 2561 5578 2734 5634; x_wconf 84' lang='lat' dir='ltr'><strong>diuino</strong></span> <span class='ocrx_word' id='word_1_859' title='bbox 2754 5575 3056 5650; x_wconf 66' lang='lat' dir='ltr'><strong>jureaedet.</strong></span> 
     </span>
    </p>
   </div>
   <div class='ocr_carea' id='block_1_107' title="bbox 2061 5643 3574 5724">
    <p class='ocr_par' dir='ltr' id='par_1_107' title="bbox 2061 5643 3574 5724">
     <span class='ocr_line' id='line_1_107' title="bbox 2061 5643 3574 5724; baseline -0.002 -14"><span class='ocrx_word' id='word_1_860' title='bbox 2061 5668 2083 5694; x_wconf 77' lang='lat'><strong>&quot;-</strong></span> <span class='ocrx_word' id='word_1_861' title='bbox 2115 5656 2257 5711; x_wconf 78' lang='lat' dir='ltr'><strong>Edit.</strong></span> <span class='ocrx_word' id='word_1_862' title='bbox 2287 5670 2350 5710; x_wconf 86' lang='lat' dir='ltr'><strong>ac</strong></span> <span class='ocrx_word' id='word_1_863' title='bbox 2379 5652 2534 5724; x_wconf 89' lang='lat' dir='ltr'><strong>pauci</strong></span> <span class='ocrx_word' id='word_1_864' title='bbox 2565 5665 2724 5715; x_wconf 90' lang='lat' dir='ltr'><strong>mss.,</strong></span> <span class='ocrx_word' id='word_1_865' title='bbox 2754 5643 3205 5724; x_wconf 73' lang='lat' dir='ltr'><strong>irrationabilium.</strong></span> <span class='ocrx_word' id='word_1_866' title='bbox 3234 5645 3418 5715; x_wconf 85' lang='lat' dir='ltr'><strong>Rom.,</strong></span> <span class='ocrx_word' id='word_1_867' title='bbox 3437 5650 3574 5708; x_wconf 86' lang='lat' dir='ltr'><strong>irra-</strong></span> 
     </span>
    </p>
   </div>
   <div class='ocr_carea' id='block_1_108' title="bbox 1986 5718 3569 5792">
    <p class='ocr_par' dir='ltr' id='par_1_108' title="bbox 1986 5718 3569 5792">
     <span class='ocr_line' id='line_1_108' title="bbox 1986 5718 3569 5792; baseline -0.002 -10"><span class='ocrx_word' id='word_1_868' title='bbox 1986 5728 2280 5790; x_wconf 83' lang='lat' dir='ltr'><strong>tioualium,</strong></span> <span class='ocrx_word' id='word_1_869' title='bbox 2310 5718 2616 5780; x_wconf 76' lang='lat' dir='ltr'><strong>animalium</strong></span> <span class='ocrx_word' id='word_1_870' title='bbox 2634 5735 2816 5783; x_wconf 69' lang='lat' dir='ltr'><strong>cum:</strong></span> <span class='ocrx_word' id='word_1_871' title='bbox 2839 5735 2858 5788; x_wconf 85' lang='lat'><strong><em>;</em></strong></span> <span class='ocrx_word' id='word_1_872' title='bbox 2883 5718 2972 5774; x_wconf 91' lang='lat' dir='ltr'><strong>alii</strong></span> <span class='ocrx_word' id='word_1_873' title='bbox 2996 5732 3193 5792; x_wconf 87' lang='lat' dir='ltr'><strong>magno</strong></span> <span class='ocrx_word' id='word_1_874' title='bbox 3211 5735 3454 5792; x_wconf 86' lang='lat' dir='ltr'><strong>numero,</strong></span> <span class='ocrx_word' id='word_1_875' title='bbox 3478 5761 3490 5777; x_wconf 94' lang='lat'><strong>.</strong></span> <span class='ocrx_word' id='word_1_876' title='bbox 3518 5763 3533 5782; x_wconf 94' lang='lat'><strong>.</strong></span> <span class='ocrx_word' id='word_1_877' title='bbox 3553 5763 3569 5783; x_wconf 94' lang='lat'><strong>.</strong></span> 
     </span>
    </p>
   </div>
   <div class='ocr_carea' id='block_1_109' title="bbox 1978 5815 2180 5855">
    <p class='ocr_par' dir='ltr' id='par_1_109' title="bbox 1978 5815 2180 5855">
     <span class='ocr_line' id='line_1_109' title="bbox 1978 5815 2180 5855; baseline 0 -1"><span class='ocrx_word' id='word_1_878' title='bbox 1978 5815 2180 5855; x_wconf 71' lang='lat' dir='ltr'><strong>currus.</strong></span> 
     </span>
    </p>
   </div>
  </div>
