4054 6306
536 296 636 362 291

1894 288 2139 353 811101⁵1
2170 286 2498 354 AMBROSII

3720 282 3813 348 29'!

536 436 734 482 currus
766 422 959 481 animat
990 431 1136 481 teres
1161 431 1218 480 et
1244 419 1516 479 rotundus
1537 419 1659 477 sine
1697 418 1805 477 ulla
1832 414 2135 477 odeusione
2162 413 2218 478 Δ
2242 414 2431 488 pedes.
2476 412 2583 474 Ubi
2611 423 2739 471 sunt
2778 412 2948 486 pedes
2983 400 3146 469 Verbi
3167 454 3183 480 ,
3233 409 3338 469 nisi
3382 410 3473 469 ubi
3508 427 3705 483 corpus
3725 431 3797 472 est

539 518 811 574 volvatur.

1048 616 1209 707 κεν
1234 628 1469 690 ςΑΡυτ
1497 624 1637 689 xvr.

555 746 777 802 Verbum
822 746 877 800 in
907 745 1113 801 hortum
1141 745 1293 801 nucis
1338 760 1455 816 qua:
1494 743 1793 800 tentationis
1835 744 2004 817 ﬁgura
2042 746 2143 813 est,

617 841 906 907 incitatur;
932 849 987 894 ut
1004 838 1128 909 ﬁdei
1153 854 1214 894 ac
1234 839 1484 895 virtutum
1507 838 1693 894 odores
1714 838 1913 909 capiat,
1945 837 2149 909 melque

621 934 916 990 manducet.
950 932 1019 989 In
1050 934 1259 990 Christo
1286 935 1524 991 omnibus
1551 935 1728 990 omnia
1748 944 2055 1006 suppetere:
2087 948 2148 987 ac

615 1029 837 1102 proinde
856 1028 1093 1098 exemplo
1110 1028 1522 1084 haemorrhoisste
1543 1027 1779 1083 mulieris
1799 1027 2150 1083 accedendum

616 1121 689 1176 ad
698 1122 873 1192 ipsum
887 1123 1165 1191 cumﬁrms
1181 1120 1305 1191 ﬁde,
1326 1123 1477 1194 cujus
1498 1118 1764 1176 mirabiles
1780 1115 1998 1188 eiectus
2017 1135 2153 1191 pra:-

522 1234 529 1242 ·
621 1214 885 1269 dicantur.
915 1212 1276 1287 Adjiciendom
1296 1213 1424 1284 ﬁdei
1444 1213 1691 1268 humilem
1718 1228 1921 1284 quoque
1949 1217 2154 1286 confes-

625 1307 844 1375 sionem;
863 1323 953 1363 nec
967 1307 1041 1363 eis
1052 1308 1140 1379 qui
1157 1306 1361 1364 Christo
1381 1307 1683 1374 detrahant,
1700 1306 2118 1377 respondendum
2134 1323 2154 1362 :

622 1396 714 1454 sed
739 1399 968 1473 ejusdem
999 1400 1230 1456 mulieris
1254 1416 1395 1457 more
1416 1400 1729 1455 dicendum:
1750 1398 1868 1455 Non
1885 1397 2153 1467 laboravi,

624 1498 730 1546 etc.
788 1484 1060 1546 Postremo
1099 1489 1171 1545 ad
1220 1489 1608 1546 conciliandam
1646 1489 1852 1562 femina:
1894 1490 2157 1560 conﬁtenti

620 1582 984 1638 auctoritatem
1008 1580 1155 1638 Petri
1180 1592 1227 1638 et
1255 1578 1413 1637 Pauli
1439 1582 1675 1653 exempla
1698 1580 1768 1636 ad
1795 1581 2025 1637 eamdem
2056 1580 2160 1636 vir-

626 1682 782 1735 tutet'n
807 1680 1121 1753 pertinentia
1148 1687 1529 1752 proponuntur.

2243 506 2491 569 Christi?
2516 500 2564 567 Ο
2602 507 2875 567 thesauris
2932 500 3188 563 munibus
3230 504 3540 577 opulentior
3585 502 3744 563 ﬁdes!
3789 523 3816 562 ο

2245 605 2543 662 virtutibus
2566 604 2817 675 corporis
2840 596 3101 659 omnibus
3131 598 3266 657 ﬁdes
3291 596 3527 657 fortior!
3557 614 3591 657 o
3617 599 3819 658 medicis

2246 696 2501 755 Omnibus
2526 694 2854 755 'salutarior!
2884 694 3056 756 Simul
3088 693 3144 751 u't
3171 694 3405 751 accessit
3426 695 3642 763 mulier,
3668 697 3819 751 virtu-

2246 792 2359 851 tem
2387 796 2581 859 sensit,
2616 793 2943 850 medicinam
2972 789 3325 864 impetravit;
3353 797 3414 847 ut
3438 789 3484 847 si
3515 790 3731 847 oculum
3757 792 3823 848 lu-

2250 886 2385 945 mini
2431 884 2769 956 admoveas,
2814 886 3161 943 illuminatur
3200 888 3494 959 antequam
3519 882 3749 953 sentias,
3780 895 3826 941 et

2251 982 2503 1055 Operatio
2533 984 2670 1039 lucis
2713 976 2980 1054 praevenit
3024 988 3362 1053 apparatum.
3409 972 3603 1037 Passio
3644 980 3826 1036 invete-

2252 1084 2371 1133 rata
2398 1118 2414 1145 ,
2467 1074 2652 1147 passio
2701 1072 3155 1142 immedicabilis,
3190 1088 3311 1146 quze
3352 1082 3407 1130 et
3456 1070 3596 1129 ’ai-tis
3634 1088 3825 1129 omnem

2252 1172 2462 1228 vicerat
2485 1171 2979 1243 excogitationem,
3007 1174 3062 1226 et
3097 1170 3450 1242 pecuniarum
3473 1160 3827 1225 subministra-

2252 1264 2463 1322 tionem
2485 1308 2500 1332 ,
2528 1256 2695 1339 238
2742 1266 2861 1321 solo
2898 1260 3131 1321 ﬁmbriae
3160 1273 3384 1320 curatur
3426 1270 3660 1318 attactu.
3703 1248 3829 1316 illius

2252 1357 2422 1429 igitur
2468 1354 2690 1414 femina:
2722 1356 2864 1424 tibi,
2890 1359 3080 1430 'virgo,
3114 1362 3169 1413 et
3199 1358 3250 1412 in
3284 1354 3540 1413 adeundo
3591 1353 3828 1412 Servanda

2257 1450 2615 1520 verecundia,
2652 1462 2703 1508 et
2736 1453 2787 1507 in
2822 1449 2929 1509 ﬁde
2956 1453 3217 1508 imitanda
3250 1450 3466 1509 devotio
3494 1463 3608 1509 eSt.

2332 1544 2456 1604 101.
2487 1544 2700 1615 Quanta
2742 1552 2877 1603 vero
2924 1545 3017 1602 illa
3049 1546 3244 1619 gratia,
3275 1547 3418 1621 quod
3446 1563 3510 1604 ea
3538 1563 3660 1619 qua:
3686 1545 3833 1603 videri

2258 1640 2652 1709 erubescebat,
2684 1641 2871 1697 Vitium
2926 1651 3107 1698 tamen
3156 1656 3263 1700 non
3302 1640 3526 1699 erubuit
3574 1639 3832 1697 conﬁteri!

2259 1731 2381 1788 Noli
2411 1749 2541 1804 ergo
2567 1734 2755 1806 lapsus
2786 1732 3042 1792 occulere
3077 1746 3220 1804 tuos,
3254 1734 3428 1792 fatere
3457 1732 3609 1806 quod
3638 1735 3722 1790 ille
3744 1733 3834 1805 jam

623 1814 713 1871 98.
747 1813 857 1872 Sed
901 1829 971 1872 ne
1000 1815 1218 1888 longius
1262 1816 1546 1884 labamur,
1582 1816 1845 1873 invitatur
1876 1814 1971 1873 Dei
2018 1814 2158 1873 Ver-

2266 1829 2456 1887 novit:
2504 1828 2617 1885 noli
2649 1830 2980 1887 erubescere
3020 1832 3165 1903 quod
3206 1846 3313 1887 non
3350 1830 3693 1888 erubuerunt
3732 1845 3836 1900 pro-

555 1910 685 1968 bum
708 1910 764 1967 in
788 1910 1011 1969 hortum
1043 1912 1200 1968 nucis
1242 1910 1430 1984 (Cant.
1460 1930 1533 1982 vr,
1567 1912 1693 1985 10),
1725 1912 1779 1969 iu
1811 1928 1921 1984 quo
1947 1911 2155 1969 fructus

556 2004 894 2077 prophetica:
922 2006 1197 2074 lectionis,
1227 2014 1285 2062 et
1306 2005 1668 2064 sacerdotalis
1704 2018 1787 2063 est
1816 2007 2011 2079 gratia,
2034 2020 2156 2077 qua:

555 2114 746 2157 antara
768 2101 822 2156 in
856 2101 1275 2170 tentationibus,
1307 2101 1445 2157 dura
1476 2101 1532 2157 in
1556 2101 1862 2169 laboribus,
1894 2102 1948 2156 in
1980 2100 2152 2156 virtu-

557 2192 704 2248 tibus
744 2193 1106 2250 interioribus
1134 2194 1422 2251 fructuosa
1469 2202 1576 2251 est.
1628 2194 1782 2252 Unde
1813 2196 1976 2251 etiam
2002 2195 2158 2267 virga

557 2282 744 2341 Aaron
772 2299 944 2342 uucea
970 2285 1162 2342 ﬂoruit
1187 2284 1378 2357 (Nam.
1397 2269 1545 2355 ἰνιι,
1574 2288 1656 2359 8),
1682 2286 1934 2357 ιιοιϊὶθιιι
1966 2299 2158 2343 natura

563 2393 682 2447 sua,
708 2378 807 2437 sed
838 2380 1042 2437 virtute
1083 2390 1316 2438 secreta.
1367 2381 1673 2438 Desceudat
1695 2396 1825 2453 ergo
1852 2383 1909 2437 in
1936 2381 2159 2438 hortum

560 2480 790 2539 suum,‘
821 2482 880 2529 ut
904 2472 1206 2530 viudemiet
1233 2473 1419 2543 ﬁdem,
1441 2473 1619 2547 capiat
1644 2475 1869 2541 odores,
1900 2473 2159 2544 pabulum

560 2568 789 2625 caeleste
816 2568 1077 2638 reperiat,
1107 2569 1428 2626 suavitatem
1470 2572 1646 2628 nostri
1684 2572 1870 2629 mellis
1906 2571 2162 2643 epuletur

558 2661 748 2717 dit-ens
776 2678 789 2714 :
829 2658 1156 2718 Vindemiaei
1183 2661 1451 2735 myrrham
1477 2680 1640 2718 meam
1669 2676 1786 2719 cum
1818 2663 2162 2731 aromatibut,

561 2752 873 2808 manducaui
902 2770 1089 2826 partem
1115 2770 1286 2810 meum
1310 2764 1429 2810 cum
1453 2755 1602 2811 melle
1641 2772 1754 2811 meo
1782 2755 1959 2824 (Cant.
1997 2772 2048 2826 ν,
2081 2752 2159 2827 1).

559 2845 716 2913 Quod
738 2846 1081 2903 diversarum
1113 2847 1374 2904 virtutum
1412 2859 1729 2905 concretum
1763 2846 2009 2916 ﬁoribus,
2043 2848 2167 2904 illa-

559 2956 681 2997 rum
707 2954 869 3012 apum
899 2956 1021 3012 qua:
1051 2942 1382 3013 sapientiam
1425 2943 1725 3014 praedicant
1763 2941 1951 3015 (Prov.
1983 2956 2059 3008 vt,
2083 2942 2164 3014 8),

559 3032 589 3075 ιι
609 3051 850 3093 consono
871 3051 1040 3107 opere
1054 3048 1446 3109 congregatum
1474 3048 1663 3095 sancta
1688 3036 1937 3093 Ecclesia
1960 3037 2014 3092 in
2028 3036 2167 3093 lavis

558 3131 767 3200 condit,
793 3143 852 3188 ut
874 3132 1034 3189 cibus
1058 3130 1265 3190 Christi
1294 3133 1385 3189 sit.

2258 1924 2457 1996 phetze.
2486 1923 2630 1981 Audi
2648 1918 2983 1983 Hieremiam
3009 1918 3314 1983 dicentem:
3340 1922 3488 1983 Sana
3501 1944 3607 1996 me,
3624 1914 3833 1992 Domine,

2258 2018 2308 2073 ei
2334 2021 2555 2074 δαησίιοι-
2586 2017 2806 2092 (let-em.
2848 2022 2978 2092 xv'u,
3028 2014 3145 2093 ﬂ).
3181 2018 3272 2079 Sic
3309 2028 3366 2077 et
3397 2016 3490 2077 illa
3523 2018 3692 2086 dixit,
3737 2034 3835 2074 cum

2258 2112 2602 2185 contingeret
2630 2114 2899 2172 ﬁmbriam
2924 2132 2944 2180 ;
2969 2115 3113 2173 Sana
3138 2132 3239 2184 me,
3265 2112 3513 2181 Domine,
3531 2122 3583 2169 et
3610 2112 3835 2171 unctor:

2258 2201 2287 2242 θ
2319 2205 2479 2262 Salva
2506 2208 2586 2261 me
2609 2248 2626 2275 ,
2666 2204 2908 2271 Domine.
2933 2212 2980 2263 et
3009 2207 3279 2275 salvabor;
3315 2208 3437 2280 quia
3460 2206 3639 2280 gloria
3671 2221 3772 2260 mea
3793 2213 3838 2257 ts

2258 2298 2354 2365 Ds:
2381 2297 2498 2355 sola
2528 2292 2674 2356 enim
2701 2304 2836 2357 sana
2862 2310 2968 2368 e‘st,
3000 2308 3162 2371 quam
3194 2310 3249 2357 tu
3271 2301 3583 2358 sanaveris.

2337 2391 2461 2449 102.
2493 2392 2548 2451 Si
2576 2395 2698 2466 quis
2725 2407 2905 2451 tamen
2947 2395 3041 2452 tibi
3073 2395 3219 2452 dicat
3251 2388 3408 2469 (quia
3440 2394 3524 2451 sic
3552 2395 3837 2467 plerumque

2262 2492 2543 2543 tentantur
2568 2486 2790 2559 ﬁdeles)
2823 2507 2837 2545 :
2870 2484 2970 2545 Ubi
3016 2501 3090 2545 est
3118 2490 3329 2546 veritum
3375 2482 3639 2546 Domini?
3682 2484 3839 2542 Venia

2263 2578 2455 2653 (Ihid.,
2490 2577 2618 2654 15);
2664 2580 2869 2639 dictum
2897 2592 2982 2639 est
3007 2584 3151 2640 enim
3179 2588 3235 2641 et
3262 2582 3497 2640 Domino
3524 2603 3540 2639 :
3584 2574 3837 2638 Descendet

2264 2680 2404 2729 nunc
2424 2674 2489 2730 de
2511 2682 2683 2745 cruce,
2714 2688 2762 2733 ct
2786 2679 3046 2734 credimus
3073 2680 3159 2735 ei:
3190 2677 3403 2751 conﬁdit
3430 2679 3485 2733 in
3514 2674 3753 2741 Domino,
3784 2674 3837 2730 li-

2267 2767 2404 2824 beret
2433 2778 2569 2825 nunc
2590 2784 2727 2837 eum,
2750 2772 2794 2826 si
2816 2772 2930 2827 uult
2955 2771 3170 2843 (Matth.
3196 2776 3368 2839 ‘xxvu,
3396 2766 3489 2841 42,
3525 2768 3643 2844 43).
3671 2768 3838 2841 Siquis

2268 2877 2399 2933 ergo
2422 2863 2519 2919 tibi
2544 2864 2856 2921 insultando
2883 2865 2987 2923 hoc
3028 2866 3256 2934 dixerit,
3297 2876 3353 2923 et
3377 2876 3429 2924 te
3459 2867 3514 2921 in
3543 2866 3746 2924 fabulas
3767 2880 3840 2919 vo—

2267 2955 2434 3013 luerit
2449 2971 2699 3026 evocare,
2721 2960 2830 3015 noli
2851 2964 3184 3032 respondere
3206 2962 3287 3029 ei;
3319 2960 3653 3019 noluitenim
3677 2959 3840 3017 talibus

2269 3050 2607 3123 reSpoude're
2648 3051 2926 3111 Christus.
2984 3054 3172 3113 Soluiu
3224 3044 3508 3113 Christum
3556 3044 3838 3125 interroga;

2271 3142 2383 3200 illis
2416 3143 2560 3201 enim
2589 3145 2635 3201 si
2662 3146 2888 3215 dixeris,
2918 3150 3030 3205 “non
3054 3148 3311 3206 ’eredent:
3342 3149 3389 3206 si
3420 3146 3837 3222 interrogaveris,

632 3227 726 3286 99.
746 3227 940 3284 Omnia
959 3228 1121 3300 igitur
1143 3227 1481 3286 habemusin
1504 3226 1745 3284 Christo.
1770 3228 1959 3286 Omnis
1986 3229 2167 3286 anima
2193 3209 2239 3274 ο
2272 3238 2382 3296 non
2410 3240 2827 3311 respondebunt
2854 3209 2971 3302 ιξδῑ,
3003 3254 3027 3284 e
3053 3242 3152 3302 mc
3181 3234 3282 3303 εοιί
3302 3232 3486 3302 verba
3519 3264 3535 3301 ε
3575 3209 3693 3302 Νξη
3727 3209 3841 3298 (ato.

564 3322 789 3381 accedat
819 3323 887 3380 ad
934 3340 1093 3389 eum,
1128 3325 1251 3381 sive
1277 3323 1661 3395 corporalibus
1704 3334 1844 3396 aegra
1886 3325 2127 3395 peccatis
2151 3368 2167 3394 ,

563 3418 683 3476 sive
731 3418 903 3475 clavis
946 3419 1277 3490 quibusdam
1319 3418 1605 3475 stecularis
1631 3418 1944 3490 cupiditatis
1970 3419 2163 3488 inﬁxa,

564 3514 687 3570 sive
715 3512 1035 3585 imperfecta
1079 3513 1261 3570 adhuc
1279 3513 1521 3585 quidem,
1558 3523 1581 3553 ε
1608 3513 1706 3570 sed
1744 3512 1956 3569 intenta
1984 3523 2169 3570 tamen

569 3606 927 3664 meditatione
958 3606 1288 3678 proﬁciens,
1342 3607 1457 3663 sive
1500 3607 1690 3662 multis
1739 3607 1917 3679 aliqua
1955 3608 2028 3665 sit
2056 3608 2169 3680 jam

568 3701 811 3773 perlecta
841 3702 1175 3758 virtutibus:
1218 3702 1398 3757 omnis
1435 3703 1489 3757 in
1529 3702 1743 3757 Domini
1770 3712 2043 3774 potestate
2062 3710 2170 3771 est,

571 3801 627 3852 et
655 3792 840 3850 rtmnia
871 3792 1133 3850 Christus
1159 3802 1247 3849 est
1275 3792 1454 3849 nobis.
1496 3792 1552 3849 Si
1585 3794 1780 3850 vulnus
1804 3808 2002 3850 curare
2028 3793 2175 3851 desi-

572 3890 754 3957 deras,
786 3889 1034 3947 medicus
1059 3898 1174 3947 est:
1216 3888 1264 3946 si
1291 3889 1537 3947 febribus
1565 3900 1785 3955 aestuas.
1820 3889 1944 3947 lous
1972 3900 2091 3948 est:
2125 3891 2172 3948 si

570 3986 820 4059 gravaris
860 3985 1153 4057 iniquitate
1177 4029 1194 4053 ,
1216 3987 1422 4058 iustitia
1451 3995 1567 4043 est:
1617 3986 1664 4043 si
1694 3986 1897 4042 auxilio
1916 3986 2130 4059 indiges
2154 4030 2169 4055 ,

575 4081 751 4137 virtus
771 4090 886 4137 est:
923 4080 969 4135 si
998 4088 1227 4137 mortem
1256 4082 1437 4146 times,
1470 4078 1583 4136 vita
1613 4087 1700 4136 est
1727 4097 1740 4136 :
1770 4080 1818 4135 si
1838 4081 2039 4136 emtum
2074 4080 2167 4136 de-

572 4174 810 4241 sideras,
833 4175 921 4230 via
943 4183 1058 4231 est:
1104 4175 1153 4231 si
1185 4175 1442 4231 tenebras
1472 4175 1635 4246 iugis,
1666 4174 1756 4229 lux
1781 4182 1896 4229 est:
1926 4175 1971 4229 si
1992 4174 2171 4230 cibum

571 4270 797 4339 quatris,
822 4268 1142 4323 alimentum
1185 4278 1289 4325 est.
1320 4266 1539 4324 Custate
1572 4266 1755 4339 igitur,
1785 4277 1835 4323 et
1869 4268 2031 4322 videte
2049 4282 2175 4335 quo-

575 4362 716 4416 niam
739 4362 915 4417 suavis
950 4372 1024 4417 est
1064 4360 1359 4419 Dominus:
1387 4362 1567 4417 beatus
1591 4362 1670 4417 vir
1712 4362 1798 4428 qui
1839 4372 2012 4433 sperat
2032 4363 2089 4417 in
2114 4372 2174 4419 eo

572 4455 593 4525 (
621 4454 765 4511 Psal.
800 4470 993 4522 xxxtu,
1023 4456 1114 4528 9).

648 4548 771 4606 100.
805 4548 1058 4620 Speravit
1088 4550 1139 4605 iu
1173 4564 1241 4607 eo
1268 4550 1382 4619 illa,
1406 4560 1530 4623 quae
1555 4548 1701 4607 ﬂatu
1721 4551 2001 4622 sanguinis
2028 4551 2179 4610 tabo-

575 4644 754 4712 rabst,
786 4654 843 4701 et
862 4646 1123 4701 cuntiqu
1146 4656 1337 4702 sanata
1370 4655 1485 4702 est:
1517 4645 1616 4703 sed
1643 4645 1766 4718 quia
1786 4644 1964 4703 ﬁdelis
1990 4660 2175 4706 acces-

575 4749 646 4805 sit
670 4746 688 4819 (
714 4748 841 4805 Luc.
867 4762 984 4818 vut,
1014 4747 1086 4805 45
1112 4754 1159 4805 et
1186 4760 1290 4821 seq.
1316 4749 1357 4822 ).
1388 4748 1461 4805 Et
1501 4758 1555 4805 tu
1582 4756 1711 4805 cum
1740 4746 1881 4817 ﬁde,
1912 4748 2053 4821 ﬁlia,
2089 4754 2175 4811 vel

576 4845 844 4901 ﬁmbriam
872 4843 994 4917 eius
1016 4846 1243 4917 attinge.
1289 4845 1407 4903 lam
1437 4842 1782 4903 smcularium
1814 4845 1992 4907 ﬂuxus
2023 4851 2173 4907 volu.

572 4948 807 5011 ptatum,
858 4938 1322 5012 modo;tor‘rentis
1355 4938 1661 5011 exundans,
1705 4936 1870 4999 Verbi
1916 4941 2177 5001 salutaris

570 5036 760 5091 calore
789 5032 1119 5102 siccabttur;
1145 5032 1191 5089 st
1212 5046 1344 5089 'cum
1364 5030 1469 5090 ﬁde
1494 5043 1675 5091 tamen
1698 5028 1955 5106 accedas,
1984 5039 2029 5093 si
2060 5036 2177 5108 pari

575 5127 1051 5187 devotionedivini
1074 5129 1345 5186 sermonis
1367 5132 1666 5186 extremam
1689 5130 1885 5187 saltem
1900 5116 2177 5189 ﬁmbriam

574 5220 1047 5297 comprehendas,
1095 5223 1145 5280 si
1198 5222 1440 5282 tretnens
1485 5220 1743 5297 procld'as
1785 5235 1917 5284 ante
1956 5224 2176 5286 Domini

652 5414 679 5445 ι
707 5405 843 5463 Tres
888 5408 1050 5473 mss,
1098 5412 1153 5460 ut
1181 5404 1455 5460 vindemia
1484 5401 1749 5477 myrrham
1774 5447 1790 5473 ,
1821 5402 1981 5476 ﬁdem
2007 5405 2183 5478 capiat

583 5478 776 5544 odoris,
810 5478 1059 5549 pabulum
1076 5478 1276 5534 caeleste
1299 5479 1539 5549 reperiat.

653 5548 681 5588 ιι
710 5548 837 5625 ltiss.
867 5550 1219 5625 crrmplures,
1245 5548 1468 5625 consono
1494 5566 1584 5605 ore
1608 5558 1999 5625 congregatum.

658 5630 680 5694 εξ
714 5620 840 5694 biss.
874 5622 1104 5694 aliquot,
1129 5622 1220 5677 sed
1246 5622 1427 5677 nitenti
1455 5632 1626 5679 tamen
1653 5620 2013 5679 mediiatione.

598 5758 605 5763 _
654 5688 861 5774 {Salva
884 5688 990 5762 me,
1021 5693 1264 5761 Domine,
1289 5704 1341 5751 et
1366 5694 1642 5766 salvator,
1688 5695 1742 5751 iu
1766 5708 1900 5752 mss.
1928 5694 2182 5765 pluribus

588 5771 930 5822 omittuntur.

590 5902 595 5907 ,
663 5844 686 5874 ο
713 5820 897 5896 Paris.
916 5820 1161 5910 quaedam
1189 5822 1347 5909 edin,
1379 5820 1478 5895 Dic
1498 5843 1609 5897 solo
1634 5838 1807 5897 verba.
1838 5836 2106 5896 Pessime.

2270 3335 2384 3390 rari
2412 3348 2631 3406 sequens
2662 3342 2777 3407 post
2817 3342 2894 3406 te,
2922 3344 2971 3394 et
3000 3338 3140 3395 diem
3188 3339 3411 3396 hominis
3455 3356 3566 3397 non
3605 3334 3841 3409 concupiri

2269 3425 2511 3500 (larem.
2537 3444 2670 3497 xvn,
2704 3429 2828 3502 l6).

2352 3524 2477 3579 l03.
2540 3523 2655 3581 Hoc
2715 3525 2853 3581 dixit
2900 3527 2994 3582 illa
3039 3527 3278 3596 mulie'r,
3331 3524 3387 3584 et
3430 3529 3594 3584 stetit
3636 3523 3837 3598 sanguis.

2272 3614 2534 3687 Quamvis
2567 3614 2807 3691 fatigata,
2841 3620 3089 3690 quamvis
3117 3634 3282 3691 :sgra,
3311 3636 3433 3691 qua:
3457 3619 3555 3677 diu
3587 3619 3842 3693 quaesierat

2273 3708 2573 3781 Christum,
2606 3713 2743 3769 dikit
2771 3722 2985 3769 tamen:
3020 3698 3143 3769 Non
3162 3712 3390 3771 laborari
3418 3732 3640 3787 sequens
3667 3724 3769 3789 post
3786 3723 3844 3775 te;

2276 3818 2455 3877 neque
2483 3804 2630 3861 enim
2678 3804 2912 3875 laborat,
2952 3823 3074 3880 qua:
3106 3807 3382 3865 Christum
3428 3811 3713 3882 sequitur,
3742 3820 3841 3863 cum

2278 3894 2591 3956 laborantes
2612 3899 2679 3957 ad
2706 3916 2767 3957 se
2792 3910 2849 3958 ut
2884 3901 3255 3974 requiescant,
3289 3915 3480 3960 evocet
3518 3901 3743 3978 (Matth.
3771 3914 3841 3966 ιι,

2274 3996 2345 4053 28
2367 3998 2410 4068 ).
2441 3994 2587 4071 Ergo
2631 3997 2805 4069 ipsum
2831 4008 3143 4072 sequamur.
3168 3986 3437 4069 'Quamdiu
3474 3986 3656 4073 ipsum
3693 3994 3843 4069 sequi-

2281 4110 2424 4162 mur,
2467 4109 2575 4152 non
2616 4086 2959 4152 laboramus:
3004 4095 3130 4167 quia
3172 4110 3280 4152 non
3306 4106 3390 4152 est
3432 4080 3596 4152 labor
3615 4095 3668 4151 in
3705 4089 3845 4150 lacob

2274 4180 2473 4261 (Num.
2500 4202 2651 4257 xxnt,
2683 4187 2801 4261 21).
2831 4188 2898 4246 Et
2924 4190 2976 4245 in
3005 4188 3167 4246 Esaia
3196 4208 3209 4247 :
3241 4188 3343 4258 Qui
3370 4199 3666 4262 exspectant
3693 4174 3844 4243 Darni-

2283 4301 2427 4340 uum.
2450 4324 2462 4338 .
2483 4324 2498 4338 .
2522 4322 2536 4338 .
2567 4284 2799 4352 current,
2829 4294 2877 4339 et
2909 4301 3011 4340 non
3034 4276 3339 4340 laborabunt
3370 4274 3548 4355 (Esai.
3576 4298 3666 4349 ιι,
3687 4272 3786 4353 51).

2353 4366 2476 4437 illi.
2513 4376 2716 4435 Deinde
2737 4390 2859 4435 cum
2887 4388 3161 4450 qurereret
3186 4376 3434 4436 Christus
3461 4379 3588 4451 quis
3616 4374 3847 4449 tetigisset

2280 4490 2404 4531 eum
2438 4472 2595 4549 (Luc.
2626 4489 2741 4540 vut,
2776 4472 2896 4545 45),
2930 4490 3113 4531 nonne
3142 4474 3239 4531 tibi
3268 4473 3485 4530 videtur
3515 4460 3609 4530 illa
3638 4469 3842 4529 dixisse:

2282 4560 2421 4637 Quid
2455 4568 2783 4640 interrogas,
2823 4566 3095 4625 Domine?
3127 4554 3207 4625 Tu
3256 4567 3393 4625 scis:
3444 4583 3566 4640 quae
3612 4558 3847 4639 prodeunt

2284 4676 2381 4734 per
2410 4660 2554 4717 labia
2599 4677 2716 4718 mea
2741 4705 2757 4728 ,
2784 4670 2914 4717 ante
2946 4661 3141 4718 faciem
3170 4660 3316 4717 tuam
3344 4671 3499 4730 sunt;
3531 4671 3586 4717 et
3618 4650 3734 4716 ideo
3756 4667 3843 4710 non

2283 4754 2589 4813 confundor
2620 4765 2839 4826 peccata
2885 4754 3113 4828 propria
3157 4753 3428 4812 conliteri.
3478 4752 3845 4830 Confundantsr

2281 4846 2370 4923 qui
2394 4854 2767 4922 persequuntur
2816 4866 2895 4905 me
2921 4890 2936 4916 ,
2972 4859 3021 4904 et
3064 4866 3165 4905 non
3199 4842 3496 4922 confundor
3518 4862 3611 4923 ego
3639 4844 3842 4922 (Jews.

2282 4956 2413 5011 xvu,
2449 4941 2562 5013 18).

2357 5038 2480 5098 105.
2506 5024 2623 5097 Non
2653 5037 2918 5096 confusus
2944 5041 3029 5097 est
3062 5024 3263 5097 Petrus
3289 5024 3506 5097 dicere:
3540 5028 3643 5095 Exi
3682 5053 3712 5091 a
3745 5047 3841 5097 me.

2285 5128 2530 5201 Domine,
2554 5133 2677 5205 quia
2698 5142 2938 5205 peccator
2964 5138 3080 5188 sum
3124 5150 3217 5206 ego
3247 5130 3401 5203 (Luc.
3428 5149 3483 5200 v,
3509 5118 3598 5204 8);
3629 5131 3706 5186 vir
3723 5124 3842 5184 enim

2283 5228 2504 5301 sapiens
2531 5233 2587 5282 et
2605 5225 2811 5300 gravis,
2841 5226 2895 5282 iu
2924 5230 3033 5298 quo
3053 5238 3196 5283 esset
3216 5210 3484 5283 Ecclesiae
3512 5216 3533 5264 ῖ
3565 5222 3844 5281 ﬁrmamen-

2364 5406 2385 5446 ῖ
2413 5403 2643 5476 Quidam
2680 5406 2815 5480 mss.
2841 5404 3255 5480 fundamentum.
3314 5392 3433 5466 Non
3470 5404 3636 5476 male;
3666 5404 3793 5464 unde
3815 5398 3845 5457 ii

2289 5478 2519 5556 etiame
2561 5478 2851 5537 catholicis
2886 5481 2977 5556 qui
3030 5481 3120 5556 illa
3138 5481 3360 5556 _Cltristi
3412 5482 3621 5538 Domini
3666 5480 3843 5556 verba.

2287 5566 2450 5639 ξυρες
2465 5549 3419 5639 (περὶΡξιῖιξηε,ωάίβςαιξο..¹ἒςςιεείαιῑι
3435 5570 3627 5639 near.
3651 5549 3847 5639 allati:

2288 5614 2389 5706 bus
2414 5614 2679 5706 tle-Petro
2705 5614 2967 5706 tinguant
2985 5625 3263 5706 intellecta
3285 5634 3414 5706 euut
3428 5614 3663 5706 inﬁcias,
3684 5614 3845 5706 vel}:

3329 5788 3398 5826 Si.
