  <div class='ocr_page' id='page_1' title='image "/cluster/home/n/w/nwhite01/storage/ocr_20150623/16/hvd.32044015471998/153.png"; bbox 0 0 4054 6306; ppageno 0'>
   <div class='ocr_carea' id='block_1_1' title="bbox 568 265 678 325">
    <p class='ocr_par' dir='ltr' id='par_1_1' title="bbox 568 265 678 325">
     <span class='ocr_line' id='line_1_1' title="bbox 568 265 678 325; baseline -0.027 0"><span class='ocrx_word' id='word_1_1' title='bbox 568 265 678 325; x_wconf 70' lang='lat'><strong><em>295</em></strong></span> 
     </span>
    </p>
   </div>
   <div class='ocr_carea' id='block_1_2' title="bbox 1934 259 2545 320">
    <p class='ocr_par' dir='ltr' id='par_1_2' title="bbox 1934 259 2545 320">
     <span class='ocr_line' id='line_1_2' title="bbox 1934 259 2545 320; baseline -0.003 0"><span class='ocrx_word' id='word_1_2' title='bbox 1934 261 2176 320; x_wconf 75' lang='lat' dir='ltr'><strong><em>SANL&#39;TI</em></strong></span> <span class='ocrx_word' id='word_1_3' title='bbox 2217 259 2545 318; x_wconf 76' lang='lat' dir='ltr'><strong><em>AMBROSI!</em></strong></span> 
     </span>
    </p>
   </div>
   <div class='ocr_carea' id='block_1_3' title="bbox 3775 266 3868 325">
    <p class='ocr_par' dir='ltr' id='par_1_3' title="bbox 3775 266 3868 325">
     <span class='ocr_line' id='line_1_3' title="bbox 3775 266 3868 325; baseline 0 0"><span class='ocrx_word' id='word_1_4' title='bbox 3775 266 3868 325; x_wconf 59' lang='lat'><strong><em>396</em></strong></span> 
     </span>
    </p>
   </div>
   <div class='ocr_carea' id='block_1_4' title="bbox 565 369 3867 448">
    <p class='ocr_par' dir='ltr' id='par_1_4' title="bbox 565 369 3867 448">
     <span class='ocr_line' id='line_1_4' title="bbox 565 369 3867 448; baseline 0 -14"><span class='ocrx_word' id='word_1_5' title='bbox 565 374 887 434; x_wconf 75' lang='lat' dir='ltr'><strong><em>domesticis</em></strong></span> <span class='ocrx_word' id='word_1_6' title='bbox 913 389 1014 433; x_wconf 89' lang='lat' dir='ltr'><strong><em>nos</em></strong></span> <span class='ocrx_word' id='word_1_7' title='bbox 1054 386 1182 431; x_wconf 86' lang='lat' dir='ltr'><strong><em>usos</em></strong></span> <span class='ocrx_word' id='word_1_8' title='bbox 1212 371 1476 432; x_wconf 72' lang='lat' dir='ltr'><strong><em>subsidiis</em></strong></span> <span class='ocrx_word' id='word_1_9' title='bbox 1502 373 1838 446; x_wconf 70' lang='lat' dir='ltr'><strong><em>prophetiam</em></strong></span> <span class='ocrx_word' id='word_1_10' title='bbox 1867 375 2038 431; x_wconf 88' lang='lat' dir='ltr'><strong><em>series</em></strong></span> <span class='ocrx_word' id='word_1_11' title='bbox 2075 374 2187 430; x_wconf 86' lang='lat' dir='ltr'><strong><em>lec-</em></strong></span> <span class='ocrx_word' id='word_1_12' title='bbox 2213 386 2262 447; x_wconf 72' lang='grc' dir='ltr'><strong>Α</strong></span> <span class='ocrx_word' id='word_1_13' title='bbox 2291 379 2452 442; x_wconf 87' lang='lat' dir='ltr'><strong><em>taque</em></strong></span> <span class='ocrx_word' id='word_1_14' title='bbox 2477 370 2688 430; x_wconf 76' lang='lat' dir='ltr'><strong><em>caelesti</em></strong></span> <span class='ocrx_word' id='word_1_15' title='bbox 2715 369 2966 429; x_wconf 81' lang='lat' dir='ltr'><strong><em>sublimis</em></strong></span> <span class='ocrx_word' id='word_1_16' title='bbox 2988 378 3046 429; x_wconf 91' lang='lat' dir='ltr'><strong><em>et</em></strong></span> <span class='ocrx_word' id='word_1_17' title='bbox 3074 371 3280 430; x_wconf 90' lang='lat' dir='ltr'><strong><em>intenta</em></strong></span> <span class='ocrx_word' id='word_1_18' title='bbox 3310 376 3590 448; x_wconf 81' lang='lat' dir='ltr'><strong><em>mysterio,</em></strong></span> <span class='ocrx_word' id='word_1_19' title='bbox 3612 391 3867 435; x_wconf 85' lang='lat' dir='ltr'><strong><em>resurrec-</em></strong></span> 
     </span>
    </p>
   </div>
   <div class='ocr_carea' id='block_1_5' title="bbox 565 468 2181 538">
    <p class='ocr_par' dir='ltr' id='par_1_5' title="bbox 565 468 2181 538">
     <span class='ocr_line' id='line_1_5' title="bbox 565 468 2181 538; baseline -0.001 -12"><span class='ocrx_word' id='word_1_20' title='bbox 565 471 734 527; x_wconf 91' lang='lat' dir='ltr'><strong><em>tionis</em></strong></span> <span class='ocrx_word' id='word_1_21' title='bbox 760 469 1002 527; x_wconf 86' lang='lat' dir='ltr'><strong><em>ostendit</em></strong></span> <span class='ocrx_word' id='word_1_22' title='bbox 1024 511 1040 538; x_wconf 90' lang='lat'><strong><em>,</em></strong></span> <span class='ocrx_word' id='word_1_23' title='bbox 1086 483 1207 538; x_wconf 62' lang='lat' dir='ltr'><strong><em>quae</em></strong></span> <span class='ocrx_word' id='word_1_24' title='bbox 1249 469 1302 524; x_wconf 93' lang='lat' dir='ltr'><strong><em>in</em></strong></span> <span class='ocrx_word' id='word_1_25' title='bbox 1347 469 1490 525; x_wconf 89' lang='lat' dir='ltr'><strong><em>hunc</em></strong></span> <span class='ocrx_word' id='word_1_26' title='bbox 1521 468 1740 524; x_wconf 90' lang='lat' dir='ltr'><strong><em>modum</em></strong></span> <span class='ocrx_word' id='word_1_27' title='bbox 1771 483 1799 524; x_wconf 89' lang='lat' dir='ltr'><strong><em>a</em></strong></span> <span class='ocrx_word' id='word_1_28' title='bbox 1832 478 2021 525; x_wconf 87' lang='lat' dir='ltr'><strong><em>sancto</em></strong></span> <span class='ocrx_word' id='word_1_29' title='bbox 2049 469 2181 525; x_wconf 85' lang='lat' dir='ltr'><strong><em>Ezc-</em></strong></span> 
     </span>
    </p>
   </div>
   <div class='ocr_carea' id='block_1_6' title="bbox 565 562 2181 636">
    <p class='ocr_par' dir='ltr' id='par_1_6' title="bbox 565 562 2181 636">
     <span class='ocr_line' id='line_1_6' title="bbox 565 562 2181 636; baseline -0.002 -16"><span class='ocrx_word' id='word_1_30' title='bbox 565 564 744 621; x_wconf 89' lang='lat' dir='ltr'><strong><em>chiele</em></strong></span> <span class='ocrx_word' id='word_1_31' title='bbox 789 565 991 635; x_wconf 90' lang='lat' dir='ltr'><strong><em>scripta</em></strong></span> <span class='ocrx_word' id='word_1_32' title='bbox 1024 572 1110 620; x_wconf 85' lang='lat' dir='ltr'><strong><em>est</em></strong></span> <span class='ocrx_word' id='word_1_33' title='bbox 1138 578 1152 616; x_wconf 88' lang='lat'><strong>:</strong></span> <span class='ocrx_word' id='word_1_34' title='bbox 1188 562 1255 618; x_wconf 85' lang='lat' dir='ltr'><strong><em>Et</em></strong></span> <span class='ocrx_word' id='word_1_35' title='bbox 1287 563 1426 635; x_wconf 79' lang='lat' dir='ltr'><strong><em>facta</em></strong></span> <span class='ocrx_word' id='word_1_36' title='bbox 1449 573 1522 619; x_wconf 89' lang='lat' dir='ltr'><strong><em>est</em></strong></span> <span class='ocrx_word' id='word_1_37' title='bbox 1548 563 1662 618; x_wconf 90' lang='lat' dir='ltr'><strong><em>illic</em></strong></span> <span class='ocrx_word' id='word_1_38' title='bbox 1705 580 1858 636; x_wconf 97' lang='lat' dir='ltr'><strong><em>super</em></strong></span> <span class='ocrx_word' id='word_1_39' title='bbox 1886 580 1968 619; x_wconf 90' lang='lat' dir='ltr'><strong><em>me</em></strong></span> <span class='ocrx_word' id='word_1_40' title='bbox 1997 579 2181 618; x_wconf 84' lang='lat' dir='ltr'><strong><em>nwnus</em></strong></span> 
     </span>
    </p>
   </div>
   <div class='ocr_carea' id='block_1_7' title="bbox 565 655 2178 730">
    <p class='ocr_par' dir='ltr' id='par_1_7' title="bbox 565 655 2178 730">
     <span class='ocr_line' id='line_1_7' title="bbox 565 655 2178 730; baseline -0.001 -18"><span class='ocrx_word' id='word_1_41' title='bbox 565 655 800 723; x_wconf 86' lang='lat' dir='ltr'><strong><em>Domini,</em></strong></span> <span class='ocrx_word' id='word_1_42' title='bbox 834 666 882 713; x_wconf 88' lang='lat' dir='ltr'><strong><em>et</em></strong></span> <span class='ocrx_word' id='word_1_43' title='bbox 910 656 1042 723; x_wconf 81' lang='lat' dir='ltr'><strong><em>vidi,</em></strong></span> <span class='ocrx_word' id='word_1_44' title='bbox 1068 665 1118 711; x_wconf 89' lang='lat' dir='ltr'><strong><em>et</em></strong></span> <span class='ocrx_word' id='word_1_45' title='bbox 1155 672 1270 712; x_wconf 88' lang='lat' dir='ltr'><strong><em>ecce</em></strong></span> <span class='ocrx_word' id='word_1_46' title='bbox 1301 666 1326 693; x_wconf 66' lang='grc'><strong>³</strong></span> <span class='ocrx_word' id='word_1_47' title='bbox 1368 657 1586 729; x_wconf 89' lang='lat' dir='ltr'><strong><em>spiritus</em></strong></span> <span class='ocrx_word' id='word_1_48' title='bbox 1615 673 1831 730; x_wconf 90' lang='lat' dir='ltr'><strong><em>surgens</em></strong></span> <span class='ocrx_word' id='word_1_49' title='bbox 1858 656 2090 712; x_wconf 73' lang='lat' dir='ltr'><strong><em>veniebat</em></strong></span> <span class='ocrx_word' id='word_1_50' title='bbox 2115 656 2178 710; x_wconf 89' lang='lat' dir='ltr'><strong><em>ab</em></strong></span> 
     </span>
    </p>
   </div>
   <div class='ocr_carea' id='block_1_8' title="bbox 567 749 2178 824">
    <p class='ocr_par' dir='ltr' id='par_1_8' title="bbox 567 749 2178 824">
     <span class='ocr_line' id='line_1_8' title="bbox 567 749 2178 824; baseline 0.001 -20"><span class='ocrx_word' id='word_1_51' title='bbox 567 749 848 823; x_wconf 79' lang='lat' dir='ltr'><strong><em>Aquilone,</em></strong></span> <span class='ocrx_word' id='word_1_52' title='bbox 880 759 925 805; x_wconf 90' lang='lat' dir='ltr'><strong><em>et</em></strong></span> <span class='ocrx_word' id='word_1_53' title='bbox 948 750 1108 805; x_wconf 88' lang='lat' dir='ltr'><strong><em>nubes</em></strong></span> <span class='ocrx_word' id='word_1_54' title='bbox 1129 766 1317 824; x_wconf 89' lang='lat' dir='ltr'><strong><em>magna</em></strong></span> <span class='ocrx_word' id='word_1_55' title='bbox 1343 760 1452 806; x_wconf 86' lang='lat' dir='ltr'><strong><em>erat</em></strong></span> <span class='ocrx_word' id='word_1_56' title='bbox 1479 751 1534 805; x_wconf 91' lang='lat' dir='ltr'><strong><em>in</em></strong></span> <span class='ocrx_word' id='word_1_57' title='bbox 1553 766 1633 818; x_wconf 91' lang='lat' dir='ltr'><strong><em>eo,</em></strong></span> <span class='ocrx_word' id='word_1_58' title='bbox 1667 760 1714 804; x_wconf 89' lang='lat' dir='ltr'><strong><em>et</em></strong></span> <span class='ocrx_word' id='word_1_59' title='bbox 1739 751 1874 822; x_wconf 88' lang='lat' dir='ltr'><strong><em>ignis</em></strong></span> <span class='ocrx_word' id='word_1_60' title='bbox 1894 751 2178 824; x_wconf 76' lang='lat' dir='ltr'><strong><em>refulgens,</em></strong></span> 
     </span>
    </p>
   </div>
   <div class='ocr_carea' id='block_1_9' title="bbox 561 843 2178 917">
    <p class='ocr_par' dir='ltr' id='par_1_9' title="bbox 561 843 2178 917">
     <span class='ocr_line' id='line_1_9' title="bbox 561 843 2178 917; baseline 0.001 -19"><span class='ocrx_word' id='word_1_61' title='bbox 561 853 611 899; x_wconf 89' lang='lat' dir='ltr'><strong><em>et</em></strong></span> <span class='ocrx_word' id='word_1_62' title='bbox 640 844 809 898; x_wconf 86' lang='lat' dir='ltr'><strong><em>lumen</em></strong></span> <span class='ocrx_word' id='word_1_63' title='bbox 846 843 1136 899; x_wconf 85' lang='lat' dir='ltr'><strong><em>incircuitu</em></strong></span> <span class='ocrx_word' id='word_1_64' title='bbox 1160 845 1275 917; x_wconf 84' lang='lat' dir='ltr'><strong><em>ejus</em></strong></span> <span class='ocrx_word' id='word_1_65' title='bbox 1319 843 1452 899; x_wconf 90' lang='lat' dir='ltr'><strong><em>sicut</em></strong></span> <span class='ocrx_word' id='word_1_66' title='bbox 1481 844 1656 899; x_wconf 88' lang='lat' dir='ltr'><strong><em>lumen</em></strong></span> <span class='ocrx_word' id='word_1_67' title='bbox 1702 843 1879 900; x_wconf 90' lang='lat' dir='ltr'><strong><em>electri</em></strong></span> <span class='ocrx_word' id='word_1_68' title='bbox 1915 844 1970 898; x_wconf 90' lang='lat' dir='ltr'><strong><em>in</em></strong></span> <span class='ocrx_word' id='word_1_69' title='bbox 2007 843 2178 899; x_wconf 87' lang='lat' dir='ltr'><strong><em>medio</em></strong></span> 
     </span>
    </p>
   </div>
   <div class='ocr_carea' id='block_1_10' title="bbox 557 935 2176 1010">
    <p class='ocr_par' dir='ltr' id='par_1_10' title="bbox 557 935 2176 1010">
     <span class='ocr_line' id='line_1_10' title="bbox 557 935 2176 1010; baseline 0.001 -20"><span class='ocrx_word' id='word_1_70' title='bbox 557 935 714 1010; x_wconf 89' lang='lat' dir='ltr'><strong><em>ignis,</em></strong></span> <span class='ocrx_word' id='word_1_71' title='bbox 751 947 795 992; x_wconf 89' lang='lat' dir='ltr'><strong><em>et</em></strong></span> <span class='ocrx_word' id='word_1_72' title='bbox 823 939 997 994; x_wconf 91' lang='lat' dir='ltr'><strong><em>lumen</em></strong></span> <span class='ocrx_word' id='word_1_73' title='bbox 1025 939 1080 993; x_wconf 89' lang='lat' dir='ltr'><strong><em>in</em></strong></span> <span class='ocrx_word' id='word_1_74' title='bbox 1123 954 1204 1006; x_wconf 92' lang='lat' dir='ltr'><strong><em>eo,</em></strong></span> <span class='ocrx_word' id='word_1_75' title='bbox 1236 946 1287 994; x_wconf 89' lang='lat' dir='ltr'><strong><em>et</em></strong></span> <span class='ocrx_word' id='word_1_76' title='bbox 1312 937 1368 993; x_wconf 89' lang='lat' dir='ltr'><strong><em>in</em></strong></span> <span class='ocrx_word' id='word_1_77' title='bbox 1394 939 1564 993; x_wconf 89' lang='lat' dir='ltr'><strong><em>medio</em></strong></span> <span class='ocrx_word' id='word_1_78' title='bbox 1589 939 1722 993; x_wconf 89' lang='lat' dir='ltr'><strong><em>sicut</em></strong></span> <span class='ocrx_word' id='word_1_79' title='bbox 1741 939 2030 995; x_wconf 73' lang='lat' dir='ltr'><strong><em>similitudo</em></strong></span> <span class='ocrx_word' id='word_1_80' title='bbox 2048 956 2176 1010; x_wconf 88' lang='lat' dir='ltr'><strong><em>qua-</em></strong></span> 
     </span>
    </p>
   </div>
   <div class='ocr_carea' id='block_1_11' title="bbox 566 1030 1655 1104">
    <p class='ocr_par' dir='ltr' id='par_1_11' title="bbox 566 1030 1655 1104">
     <span class='ocr_line' id='line_1_11' title="bbox 566 1030 1655 1104; baseline -0.002 -18"><span class='ocrx_word' id='word_1_81' title='bbox 566 1041 686 1088; x_wconf 90' lang='lat' dir='ltr'><strong><em>tuor</em></strong></span> <span class='ocrx_word' id='word_1_82' title='bbox 711 1031 1022 1086; x_wconf 77' lang='lat' dir='ltr'><strong><em>animalium</em></strong></span> <span class='ocrx_word' id='word_1_83' title='bbox 1044 1030 1283 1103; x_wconf 63' lang='lat' dir='ltr'><strong><em>(Baccha</em></strong></span> <span class='ocrx_word' id='word_1_84' title='bbox 1312 1071 1330 1100; x_wconf 95' lang='lat'><strong><em>,</em></strong></span> <span class='ocrx_word' id='word_1_85' title='bbox 1355 1032 1390 1088; x_wconf 80' lang='lat'><strong>5</strong></span> <span class='ocrx_word' id='word_1_86' title='bbox 1417 1040 1470 1087; x_wconf 89' lang='lat' dir='ltr'><strong><em>et</em></strong></span> <span class='ocrx_word' id='word_1_87' title='bbox 1492 1033 1655 1104; x_wconf 88' lang='lat' dir='ltr'><strong><em>seq.).</em></strong></span> 
     </span>
    </p>
   </div>
   <div class='ocr_carea' id='block_1_12' title="bbox 636 1123 2172 1199">
    <p class='ocr_par' dir='ltr' id='par_1_12' title="bbox 636 1123 2172 1199">
     <span class='ocr_line' id='line_1_12' title="bbox 636 1123 2172 1199; baseline 0.002 -18"><span class='ocrx_word' id='word_1_88' title='bbox 636 1123 798 1199; x_wconf 67' lang='grc'><strong>241</strong></span> <span class='ocrx_word' id='word_1_89' title='bbox 825 1125 949 1180; x_wconf 73' lang='grc'><strong>112.</strong></span> <span class='ocrx_word' id='word_1_90' title='bbox 986 1124 1151 1181; x_wconf 86' lang='lat' dir='ltr'><strong><em>Vides</em></strong></span> <span class='ocrx_word' id='word_1_91' title='bbox 1179 1125 1340 1196; x_wconf 89' lang='lat' dir='ltr'><strong><em>igitur</em></strong></span> <span class='ocrx_word' id='word_1_92' title='bbox 1365 1125 1618 1180; x_wconf 87' lang='lat' dir='ltr'><strong><em>animalia</em></strong></span> <span class='ocrx_word' id='word_1_93' title='bbox 1644 1125 1756 1196; x_wconf 83' lang='lat' dir='ltr'><strong><em>jam</em></strong></span> <span class='ocrx_word' id='word_1_94' title='bbox 1786 1134 2018 1195; x_wconf 80' lang='lat' dir='ltr'><strong><em>quatuor</em></strong></span> <span class='ocrx_word' id='word_1_95' title='bbox 2047 1141 2172 1184; x_wconf 84' lang='lat' dir='ltr'><strong><em>esse</em></strong></span> 
     </span>
    </p>
   </div>
   <div class='ocr_carea' id='block_1_13' title="bbox 559 1218 2174 1291">
    <p class='ocr_par' dir='ltr' id='par_1_13' title="bbox 559 1218 2174 1291">
     <span class='ocr_line' id='line_1_13' title="bbox 559 1218 2174 1291; baseline 0.001 -15"><span class='ocrx_word' id='word_1_96' title='bbox 559 1219 854 1290; x_wconf 88' lang='lat' dir='ltr'><strong><em>descripta.</em></strong></span> <span class='ocrx_word' id='word_1_97' title='bbox 885 1218 1206 1291; x_wconf 75' lang='lat' dir='ltr'><strong><em>Cuiusmodi</em></strong></span> <span class='ocrx_word' id='word_1_98' title='bbox 1237 1219 1346 1275; x_wconf 90' lang='lat' dir='ltr'><strong><em>sint</em></strong></span> <span class='ocrx_word' id='word_1_99' title='bbox 1371 1219 1626 1276; x_wconf 82' lang='lat' dir='ltr'><strong><em>animalia</em></strong></span> <span class='ocrx_word' id='word_1_100' title='bbox 1655 1221 1757 1276; x_wconf 90' lang='lat' dir='ltr'><strong><em>ista</em></strong></span> <span class='ocrx_word' id='word_1_101' title='bbox 1789 1219 2054 1277; x_wconf 84' lang='lat' dir='ltr'><strong><em>debemus</em></strong></span> <span class='ocrx_word' id='word_1_102' title='bbox 2079 1221 2174 1277; x_wconf 91' lang='lat' dir='ltr'><strong><em>ad-</em></strong></span> 
     </span>
    </p>
   </div>
   <div class='ocr_carea' id='block_1_14' title="bbox 555 1312 2166 1386">
    <p class='ocr_par' dir='ltr' id='par_1_14' title="bbox 555 1312 2166 1386">
     <span class='ocr_line' id='line_1_14' title="bbox 555 1312 2166 1386; baseline 0.002 -18"><span class='ocrx_word' id='word_1_103' title='bbox 555 1320 772 1370; x_wconf 76' lang='lat' dir='ltr'><strong><em>vertere</em></strong></span> <span class='ocrx_word' id='word_1_104' title='bbox 807 1330 819 1366; x_wconf 90' lang='lat'>:</span> <span class='ocrx_word' id='word_1_105' title='bbox 849 1312 1181 1381; x_wconf 88' lang='lat' dir='ltr'><strong><em>Similitudo,</em></strong></span> <span class='ocrx_word' id='word_1_106' title='bbox 1211 1314 1424 1386; x_wconf 86' lang='lat' dir='ltr'><strong><em>inquit,</em></strong></span> <span class='ocrx_word' id='word_1_107' title='bbox 1455 1314 1630 1369; x_wconf 80' lang='lat' dir='ltr'><strong><em>uultus</em></strong></span> <span class='ocrx_word' id='word_1_108' title='bbox 1663 1331 1841 1370; x_wconf 89' lang='lat' dir='ltr'><strong><em>eorum</em></strong></span> <span class='ocrx_word' id='word_1_109' title='bbox 1870 1316 2034 1386; x_wconf 80' lang='lat' dir='ltr'><strong><em>{acies</em></strong></span> <span class='ocrx_word' id='word_1_110' title='bbox 2065 1317 2166 1371; x_wconf 82' lang='lat' dir='ltr'><strong><em>Ito-</em></strong></span> 
     </span>
    </p>
   </div>
   <div class='ocr_carea' id='block_1_15' title="bbox 555 1408 2171 1482">
    <p class='ocr_par' dir='ltr' id='par_1_15' title="bbox 555 1408 2171 1482">
     <span class='ocr_line' id='line_1_15' title="bbox 555 1408 2171 1482; baseline 0.001 -19"><span class='ocrx_word' id='word_1_111' title='bbox 555 1409 731 1476; x_wconf 88' lang='lat' dir='ltr'><strong><em>minis,</em></strong></span> <span class='ocrx_word' id='word_1_112' title='bbox 765 1409 926 1482; x_wconf 81' lang='lat' dir='ltr'><strong><em>facies</em></strong></span> <span class='ocrx_word' id='word_1_113' title='bbox 976 1408 1140 1465; x_wconf 86' lang='lat' dir='ltr'><strong><em>leonis</em></strong></span> <span class='ocrx_word' id='word_1_114' title='bbox 1180 1425 1214 1464; x_wconf 88' lang='lat' dir='ltr'><strong><em>a</em></strong></span> <span class='ocrx_word' id='word_1_115' title='bbox 1242 1409 1442 1465; x_wconf 69' lang='lat' dir='ltr'><strong><em>dextris</em></strong></span> <span class='ocrx_word' id='word_1_116' title='bbox 1486 1409 1594 1464; x_wconf 88' lang='lat' dir='ltr'><strong><em>illis</em></strong></span> <span class='ocrx_word' id='word_1_117' title='bbox 1624 1419 1870 1480; x_wconf 85' lang='lat' dir='ltr'><strong><em>quatuor,</em></strong></span> <span class='ocrx_word' id='word_1_118' title='bbox 1921 1421 1968 1465; x_wconf 89' lang='lat' dir='ltr'><strong><em>et</em></strong></span> <span class='ocrx_word' id='word_1_119' title='bbox 2013 1410 2171 1481; x_wconf 78' lang='lat' dir='ltr'><strong><em>facies</em></strong></span> 
     </span>
    </p>
   </div>
   <div class='ocr_carea' id='block_1_16' title="bbox 552 1501 2171 1575">
    <p class='ocr_par' dir='ltr' id='par_1_16' title="bbox 552 1501 2171 1575">
     <span class='ocr_line' id='line_1_16' title="bbox 552 1501 2171 1575; baseline 0.002 -19"><span class='ocrx_word' id='word_1_120' title='bbox 552 1501 702 1557; x_wconf 85' lang='lat' dir='ltr'><strong><em>uituli</em></strong></span> <span class='ocrx_word' id='word_1_121' title='bbox 730 1519 762 1556; x_wconf 90' lang='lat' dir='ltr'><strong><em>a</em></strong></span> <span class='ocrx_word' id='word_1_122' title='bbox 789 1501 1014 1558; x_wconf 85' lang='lat' dir='ltr'><strong><em>sinistris</em></strong></span> <span class='ocrx_word' id='word_1_123' title='bbox 1041 1502 1152 1558; x_wconf 89' lang='lat' dir='ltr'><strong><em>illis</em></strong></span> <span class='ocrx_word' id='word_1_124' title='bbox 1175 1512 1418 1574; x_wconf 86' lang='lat' dir='ltr'><strong><em>quatuor,</em></strong></span> <span class='ocrx_word' id='word_1_125' title='bbox 1461 1512 1508 1557; x_wconf 89' lang='lat' dir='ltr'><strong><em>et</em></strong></span> <span class='ocrx_word' id='word_1_126' title='bbox 1539 1503 1701 1575; x_wconf 81' lang='lat' dir='ltr'><strong><em>facies</em></strong></span> <span class='ocrx_word' id='word_1_127' title='bbox 1728 1504 1921 1574; x_wconf 66' lang='lat' dir='ltr'><strong><em>aquila</em></strong></span> <span class='ocrx_word' id='word_1_128' title='bbox 1947 1504 2171 1575; x_wconf 83' lang='lat' dir='ltr'><strong><em>desuper</em></strong></span> 
     </span>
    </p>
   </div>
   <div class='ocr_carea' id='block_1_17' title="bbox 553 1594 2024 1668">
    <p class='ocr_par' dir='ltr' id='par_1_17' title="bbox 553 1594 2024 1668">
     <span class='ocr_line' id='line_1_17' title="bbox 553 1594 2024 1668; baseline 0.001 -19"><span class='ocrx_word' id='word_1_129' title='bbox 553 1594 662 1651; x_wconf 88' lang='lat' dir='ltr'><strong><em>illis</em></strong></span> <span class='ocrx_word' id='word_1_130' title='bbox 681 1604 926 1666; x_wconf 86' lang='lat' dir='ltr'><strong><em>quatuor,</em></strong></span> <span class='ocrx_word' id='word_1_131' title='bbox 955 1604 1004 1651; x_wconf 89' lang='lat' dir='ltr'><strong><em>et</em></strong></span> <span class='ocrx_word' id='word_1_132' title='bbox 1026 1595 1126 1652; x_wconf 80' lang='lat' dir='ltr'><strong><em>alte</em></strong></span> <span class='ocrx_word' id='word_1_133' title='bbox 1147 1613 1327 1652; x_wconf 87' lang='lat' dir='ltr'><strong><em>eorum</em></strong></span> <span class='ocrx_word' id='word_1_134' title='bbox 1351 1605 1578 1652; x_wconf 68' lang='lat' dir='ltr'><strong><em>extensae</em></strong></span> <span class='ocrx_word' id='word_1_135' title='bbox 1595 1594 1761 1665; x_wconf 87' lang='lat' dir='ltr'><strong><em>(Ibid.</em></strong></span> <span class='ocrx_word' id='word_1_136' title='bbox 1797 1596 1885 1660; x_wconf 87' lang='grc'><strong><em>10,</em></strong></span> <span class='ocrx_word' id='word_1_137' title='bbox 1911 1597 2024 1668; x_wconf 86' lang='grc'><strong>11).</strong></span> 
     </span>
    </p>
   </div>
   <div class='ocr_carea' id='block_1_18' title="bbox 625 1686 2169 1760">
    <p class='ocr_par' dir='ltr' id='par_1_18' title="bbox 625 1686 2169 1760">
     <span class='ocr_line' id='line_1_18' title="bbox 625 1686 2169 1760; baseline 0.002 -18"><span class='ocrx_word' id='word_1_138' title='bbox 625 1686 749 1743; x_wconf 79' lang='grc'><strong>115.</strong></span> <span class='ocrx_word' id='word_1_139' title='bbox 793 1687 896 1744; x_wconf 87' lang='lat' dir='ltr'><strong><em>Hic</em></strong></span> <span class='ocrx_word' id='word_1_140' title='bbox 925 1701 1145 1759; x_wconf 88' lang='lat' dir='ltr'><strong><em>quoque</em></strong></span> <span class='ocrx_word' id='word_1_141' title='bbox 1174 1688 1416 1744; x_wconf 89' lang='lat' dir='ltr'><strong><em>animam</em></strong></span> <span class='ocrx_word' id='word_1_142' title='bbox 1445 1688 1681 1745; x_wconf 89' lang='lat' dir='ltr'><strong><em>describi</em></strong></span> <span class='ocrx_word' id='word_1_143' title='bbox 1714 1689 2049 1760; x_wconf 91' lang='lat' dir='ltr'><strong><em>accepimus,</em></strong></span> <span class='ocrx_word' id='word_1_144' title='bbox 2075 1703 2169 1746; x_wconf 84' lang='lat' dir='ltr'><strong><em>cu-</em></strong></span> 
     </span>
    </p>
   </div>
   <div class='ocr_carea' id='block_1_19' title="bbox 2288 467 3868 544">
    <p class='ocr_par' dir='ltr' id='par_1_19' title="bbox 2288 467 3868 544">
     <span class='ocr_line' id='line_1_19' title="bbox 2288 467 3868 544; baseline 0.005 -22"><span class='ocrx_word' id='word_1_145' title='bbox 2288 467 2452 524; x_wconf 91' lang='lat' dir='ltr'><strong><em>tionis</em></strong></span> <span class='ocrx_word' id='word_1_146' title='bbox 2489 468 2719 539; x_wconf 91' lang='lat' dir='ltr'><strong><em>gloriam</em></strong></span> <span class='ocrx_word' id='word_1_147' title='bbox 2763 469 2940 538; x_wconf 91' lang='lat' dir='ltr'><strong><em>pretio</em></strong></span> <span class='ocrx_word' id='word_1_148' title='bbox 2976 468 3248 540; x_wconf 67' lang='lat' dir='ltr'><strong><em>aequitatis</em></strong></span> <span class='ocrx_word' id='word_1_149' title='bbox 3276 469 3617 540; x_wconf 84' lang='lat' dir='ltr'><strong><em>adipiscitur.</em></strong></span> <span class='ocrx_word' id='word_1_150' title='bbox 3658 472 3868 544; x_wconf 82' lang='lat' dir='ltr'><strong><em>Propter</em></strong></span> 
     </span>
    </p>
   </div>
   <div class='ocr_carea' id='block_1_20' title="bbox 2283 561 3868 639">
    <p class='ocr_par' dir='ltr' id='par_1_20' title="bbox 2283 561 3868 639">
     <span class='ocr_line' id='line_1_20' title="bbox 2283 561 3868 639; baseline 0.006 -25"><span class='ocrx_word' id='word_1_151' title='bbox 2283 561 2428 632; x_wconf 91' lang='lat' dir='ltr'><strong><em>quod</em></strong></span> <span class='ocrx_word' id='word_1_152' title='bbox 2457 561 2526 617; x_wconf 93' lang='lat' dir='ltr'><strong><em>ad</em></strong></span> <span class='ocrx_word' id='word_1_153' title='bbox 2573 577 2692 618; x_wconf 91' lang='lat' dir='ltr'><strong><em>eam</em></strong></span> <span class='ocrx_word' id='word_1_154' title='bbox 2723 561 2931 619; x_wconf 90' lang='lat' dir='ltr'><strong><em>dictum</em></strong></span> <span class='ocrx_word' id='word_1_155' title='bbox 2977 571 3063 619; x_wconf 90' lang='lat' dir='ltr'><strong><em>est</em></strong></span> <span class='ocrx_word' id='word_1_156' title='bbox 3095 581 3109 619; x_wconf 87' lang='lat'><strong>:</strong></span> <span class='ocrx_word' id='word_1_157' title='bbox 3149 561 3497 620; x_wconf 78' lang='lat' dir='ltr'><strong><em>Renorabitur</em></strong></span> <span class='ocrx_word' id='word_1_158' title='bbox 3523 568 3663 623; x_wconf 84' lang='lat' dir='ltr'><strong><em>sicut</em></strong></span> <span class='ocrx_word' id='word_1_159' title='bbox 3703 567 3868 639; x_wconf 69' lang='lat' dir='ltr'><strong><em>aquilis</em></strong></span> 
     </span>
    </p>
   </div>
   <div class='ocr_carea' id='block_1_21' title="bbox 2271 653 3079 728">
    <p class='ocr_par' dir='ltr' id='par_1_21' title="bbox 2271 653 3079 728">
     <span class='ocr_line' id='line_1_21' title="bbox 2271 653 3079 728; baseline 0.007 -22"><span class='ocrx_word' id='word_1_160' title='bbox 2271 655 2522 725; x_wconf 84' lang='lat' dir='ltr'><strong><em>jurentus</em></strong></span> <span class='ocrx_word' id='word_1_161' title='bbox 2548 664 2636 710; x_wconf 87' lang='lat' dir='ltr'><strong><em>tua</em></strong></span> <span class='ocrx_word' id='word_1_162' title='bbox 2659 653 2833 727; x_wconf 86' lang='lat' dir='ltr'><strong><em>(Psal.</em></strong></span> <span class='ocrx_word' id='word_1_163' title='bbox 2865 669 2938 712; x_wconf 85' lang='lat' dir='ltr'><strong><em>Cll</em></strong></span> <span class='ocrx_word' id='word_1_164' title='bbox 2955 695 2972 724; x_wconf 93' lang='lat'><strong><em>,</em></strong></span> <span class='ocrx_word' id='word_1_165' title='bbox 2997 655 3079 728; x_wconf 84' lang='lat'><strong><em>5).</em></strong></span> 
     </span>
    </p>
   </div>
   <div class='ocr_carea' id='block_1_22' title="bbox 2354 745 3866 823">
    <p class='ocr_par' dir='ltr' id='par_1_22' title="bbox 2354 745 3866 823">
     <span class='ocr_line' id='line_1_22' title="bbox 2354 745 3866 823; baseline 0.005 -21"><span class='ocrx_word' id='word_1_166' title='bbox 2354 745 2478 802; x_wconf 81' lang='grc'><strong>115.</strong></span> <span class='ocrx_word' id='word_1_167' title='bbox 2521 747 2616 804; x_wconf 90' lang='lat' dir='ltr'><strong><em>Est</em></strong></span> <span class='ocrx_word' id='word_1_168' title='bbox 2644 764 2775 820; x_wconf 90' lang='lat' dir='ltr'><strong><em>ergo</em></strong></span> <span class='ocrx_word' id='word_1_169' title='bbox 2801 758 2853 805; x_wconf 92' lang='lat' dir='ltr'><strong><em>et</em></strong></span> <span class='ocrx_word' id='word_1_170' title='bbox 2872 749 3026 820; x_wconf 87' lang='lat' dir='ltr'><strong><em>juxta</em></strong></span> <span class='ocrx_word' id='word_1_171' title='bbox 3058 749 3249 819; x_wconf 81' lang='lat' dir='ltr'><strong><em>David,</em></strong></span> <span class='ocrx_word' id='word_1_172' title='bbox 3279 750 3382 807; x_wconf 91' lang='lat' dir='ltr'><strong><em>alis</em></strong></span> <span class='ocrx_word' id='word_1_173' title='bbox 3407 751 3745 823; x_wconf 84' lang='lat' dir='ltr'><strong><em>spiritalibus</em></strong></span> <span class='ocrx_word' id='word_1_174' title='bbox 3768 754 3866 809; x_wconf 87' lang='lat' dir='ltr'><strong><em>ani-</em></strong></span> 
     </span>
    </p>
   </div>
   <div class='ocr_carea' id='block_1_23' title="bbox 2281 839 3862 913">
    <p class='ocr_par' dir='ltr' id='par_1_23' title="bbox 2281 839 3862 913">
     <span class='ocr_line' id='line_1_23' title="bbox 2281 839 3862 913; baseline 0.004 -19"><span class='ocrx_word' id='word_1_175' title='bbox 2281 854 2368 895; x_wconf 85' lang='lat' dir='ltr'><strong><em>ma</em></strong></span> <span class='ocrx_word' id='word_1_176' title='bbox 2401 839 2554 909; x_wconf 87' lang='lat' dir='ltr'><strong><em>fulta,</em></strong></span> <span class='ocrx_word' id='word_1_177' title='bbox 2597 855 2756 912; x_wconf 89' lang='lat' dir='ltr'><strong><em>quam</em></strong></span> <span class='ocrx_word' id='word_1_178' title='bbox 2789 857 3031 913; x_wconf 90' lang='lat' dir='ltr'><strong><em>eousque</em></strong></span> <span class='ocrx_word' id='word_1_179' title='bbox 3069 842 3345 899; x_wconf 80' lang='lat' dir='ltr'><strong><em>volucrem</em></strong></span> <span class='ocrx_word' id='word_1_180' title='bbox 3388 844 3546 900; x_wconf 88' lang='lat' dir='ltr'><strong><em>nobis</em></strong></span> <span class='ocrx_word' id='word_1_181' title='bbox 3591 844 3862 902; x_wconf 86' lang='lat' dir='ltr'><strong><em>voluitde-</em></strong></span> 
     </span>
    </p>
   </div>
   <div class='ocr_carea' id='block_1_24' title="bbox 2276 934 3865 1008">
    <p class='ocr_par' dir='ltr' id='par_1_24' title="bbox 2276 934 3865 1008">
     <span class='ocr_line' id='line_1_24' title="bbox 2276 934 3865 1008; baseline 0.004 -19"><span class='ocrx_word' id='word_1_182' title='bbox 2276 934 2506 1002; x_wconf 91' lang='lat' dir='ltr'><strong><em>clararc,</em></strong></span> <span class='ocrx_word' id='word_1_183' title='bbox 2533 947 2589 991; x_wconf 89' lang='lat' dir='ltr'><strong><em>ut</em></strong></span> <span class='ocrx_word' id='word_1_184' title='bbox 2620 937 2747 992; x_wconf 84' lang='lat' dir='ltr'><strong><em>alibi</em></strong></span> <span class='ocrx_word' id='word_1_185' title='bbox 2789 952 3005 1008; x_wconf 89' lang='lat' dir='ltr'><strong><em>quoque</em></strong></span> <span class='ocrx_word' id='word_1_186' title='bbox 3033 936 3277 994; x_wconf 89' lang='lat' dir='ltr'><strong><em>diceret:</em></strong></span> <span class='ocrx_word' id='word_1_187' title='bbox 3326 939 3514 994; x_wconf 78' lang='lat' dir='ltr'><strong><em>Anima</em></strong></span> <span class='ocrx_word' id='word_1_188' title='bbox 3549 948 3728 994; x_wconf 82' lang='lat' dir='ltr'><strong><em>nostra</em></strong></span> <span class='ocrx_word' id='word_1_189' title='bbox 3751 940 3865 994; x_wconf 84' lang='lat' dir='ltr'><strong><em>sicut</em></strong></span> 
     </span>
    </p>
   </div>
   <div class='ocr_carea' id='block_1_25' title="bbox 2279 1032 3862 1106">
    <p class='ocr_par' dir='ltr' id='par_1_25' title="bbox 2279 1032 3862 1106">
     <span class='ocr_line' id='line_1_25' title="bbox 2279 1032 3862 1106; baseline 0.003 -22"><span class='ocrx_word' id='word_1_190' title='bbox 2279 1045 2456 1099; x_wconf 86' lang='lat' dir='ltr'><strong><em>passer</em></strong></span> <span class='ocrx_word' id='word_1_191' title='bbox 2478 1041 2658 1100; x_wconf 87' lang='lat' dir='ltr'><strong><em>erepta</em></strong></span> <span class='ocrx_word' id='word_1_192' title='bbox 2687 1042 2760 1086; x_wconf 89' lang='lat' dir='ltr'><strong><em>est</em></strong></span> <span class='ocrx_word' id='word_1_193' title='bbox 2784 1032 2847 1086; x_wconf 90' lang='lat' dir='ltr'><strong><em>de</em></strong></span> <span class='ocrx_word' id='word_1_194' title='bbox 2873 1032 3054 1103; x_wconf 89' lang='lat' dir='ltr'><strong><em>laqueo</em></strong></span> <span class='ocrx_word' id='word_1_195' title='bbox 3084 1034 3376 1087; x_wconf 80' lang='lat' dir='ltr'><strong><em>venantium</em></strong></span> <span class='ocrx_word' id='word_1_196' title='bbox 3398 1032 3578 1106; x_wconf 84' lang='lat' dir='ltr'><strong><em>(Psal.</em></strong></span> <span class='ocrx_word' id='word_1_197' title='bbox 3609 1035 3862 1104; x_wconf 83' lang='lat' dir='ltr'><strong><em>cxxin,‘l).</em></strong></span> 
     </span>
    </p>
   </div>
   <div class='ocr_carea' id='block_1_26' title="bbox 2274 1119 3866 1198">
    <p class='ocr_par' dir='ltr' id='par_1_26' title="bbox 2274 1119 3866 1198">
     <span class='ocr_line' id='line_1_26' title="bbox 2274 1119 3866 1198; baseline 0.004 -22"><span class='ocrx_word' id='word_1_198' title='bbox 2274 1119 2344 1176; x_wconf 88' lang='lat' dir='ltr'><strong><em>Et</em></strong></span> <span class='ocrx_word' id='word_1_199' title='bbox 2372 1121 2499 1177; x_wconf 85' lang='lat' dir='ltr'><strong><em>alibi</em></strong></span> <span class='ocrx_word' id='word_1_200' title='bbox 2527 1140 2541 1177; x_wconf 93' lang='lat'>:</span> <span class='ocrx_word' id='word_1_201' title='bbox 2573 1121 2643 1178; x_wconf 86' lang='lat' dir='ltr'><strong><em>In</em></strong></span> <span class='ocrx_word' id='word_1_202' title='bbox 2669 1122 2897 1179; x_wconf 90' lang='lat' dir='ltr'><strong><em>Domino</em></strong></span> <span class='ocrx_word' id='word_1_203' title='bbox 2917 1124 3126 1196; x_wconf 82' lang='lat' dir='ltr'><strong><em>conﬁdo</em></strong></span> <span class='ocrx_word' id='word_1_204' title='bbox 3150 1167 3165 1191; x_wconf 96' lang='lat'><strong><em>,</em></strong></span> <span class='ocrx_word' id='word_1_205' title='bbox 3195 1126 3454 1198; x_wconf 87' lang='lat' dir='ltr'><strong><em>quomodo</em></strong></span> <span class='ocrx_word' id='word_1_206' title='bbox 3480 1127 3660 1182; x_wconf 87' lang='lat' dir='ltr'><strong><em>dicitis</em></strong></span> <span class='ocrx_word' id='word_1_207' title='bbox 3702 1129 3866 1183; x_wconf 73' lang='lat' dir='ltr'><strong><em>anima</em></strong></span> 
     </span>
    </p>
   </div>
   <div class='ocr_carea' id='block_1_27' title="bbox 2274 1211 3862 1290">
    <p class='ocr_par' dir='ltr' id='par_1_27' title="bbox 2274 1211 3862 1290">
     <span class='ocr_line' id='line_1_27' title="bbox 2274 1211 3862 1290; baseline 0.003 -23"><span class='ocrx_word' id='word_1_208' title='bbox 2274 1228 2399 1267; x_wconf 77' lang='lat' dir='ltr'><strong><em>meae</em></strong></span> <span class='ocrx_word' id='word_1_209' title='bbox 2420 1229 2439 1267; x_wconf 91' lang='lat'><em>:</em></span> <span class='ocrx_word' id='word_1_210' title='bbox 2465 1211 2806 1286; x_wconf 85' lang='lat' dir='ltr'><strong><em>Transmigra</em></strong></span> <span class='ocrx_word' id='word_1_211' title='bbox 2834 1215 2887 1268; x_wconf 90' lang='lat' dir='ltr'><strong><em>in</em></strong></span> <span class='ocrx_word' id='word_1_212' title='bbox 2913 1225 3138 1271; x_wconf 87' lang='lat' dir='ltr'><strong><em>montem</em></strong></span> <span class='ocrx_word' id='word_1_213' title='bbox 3165 1216 3298 1271; x_wconf 89' lang='lat' dir='ltr'><strong><em>sicut</em></strong></span> <span class='ocrx_word' id='word_1_214' title='bbox 3319 1233 3500 1289; x_wconf 84' lang='lat' dir='ltr'><strong><em>passer</em></strong></span> <span class='ocrx_word' id='word_1_215' title='bbox 3521 1216 3701 1290; x_wconf 88' lang='lat' dir='ltr'><strong><em>(Psal.</em></strong></span> <span class='ocrx_word' id='word_1_216' title='bbox 3725 1233 3777 1285; x_wconf 73' lang='grc' dir='ltr'><strong><em>ι,</em></strong></span> <span class='ocrx_word' id='word_1_217' title='bbox 3797 1218 3862 1287; x_wconf 72' lang='lat'><strong><em>2).</em></strong></span> 
     </span>
    </p>
   </div>
   <div class='ocr_carea' id='block_1_28' title="bbox 2273 1303 3863 1380">
    <p class='ocr_par' dir='ltr' id='par_1_28' title="bbox 2273 1303 3863 1380">
     <span class='ocr_line' id='line_1_28' title="bbox 2273 1303 3863 1380; baseline 0.004 -20"><span class='ocrx_word' id='word_1_218' title='bbox 2273 1303 2450 1362; x_wconf 81' lang='lat' dir='ltr'><strong><em>Habet</em></strong></span> <span class='ocrx_word' id='word_1_219' title='bbox 2474 1305 2639 1378; x_wconf 79' lang='lat' dir='ltr'><strong><em>igitur</em></strong></span> <span class='ocrx_word' id='word_1_220' title='bbox 2663 1308 2780 1363; x_wconf 83' lang='lat' dir='ltr'><strong><em>alas</em></strong></span> <span class='ocrx_word' id='word_1_221' title='bbox 2803 1309 2984 1363; x_wconf 88' lang='lat' dir='ltr'><strong><em>anima</em></strong></span> <span class='ocrx_word' id='word_1_222' title='bbox 3013 1323 3174 1376; x_wconf 91' lang='lat' dir='ltr'><strong><em>suas,</em></strong></span> <span class='ocrx_word' id='word_1_223' title='bbox 3208 1308 3406 1380; x_wconf 89' lang='lat' dir='ltr'><strong><em>quibus</em></strong></span> <span class='ocrx_word' id='word_1_224' title='bbox 3435 1324 3496 1365; x_wconf 90' lang='lat' dir='ltr'><strong><em>se</em></strong></span> <span class='ocrx_word' id='word_1_225' title='bbox 3519 1310 3697 1380; x_wconf 85' lang='lat' dir='ltr'><strong><em>possit</em></strong></span> <span class='ocrx_word' id='word_1_226' title='bbox 3717 1309 3863 1366; x_wconf 80' lang='lat' dir='ltr'><strong><em>libera</em></strong></span> 
     </span>
    </p>
   </div>
   <div class='ocr_carea' id='block_1_29' title="bbox 2273 1399 3862 1474">
    <p class='ocr_par' dir='ltr' id='par_1_29' title="bbox 2273 1399 3862 1474">
     <span class='ocr_line' id='line_1_29' title="bbox 2273 1399 3862 1474; baseline 0.004 -20"><span class='ocrx_word' id='word_1_227' title='bbox 2273 1399 2454 1456; x_wconf 89' lang='lat' dir='ltr'><strong><em>levare</em></strong></span> <span class='ocrx_word' id='word_1_228' title='bbox 2474 1399 2541 1455; x_wconf 87' lang='lat' dir='ltr'><strong><em>de</em></strong></span> <span class='ocrx_word' id='word_1_229' title='bbox 2575 1402 2755 1458; x_wconf 87' lang='lat' dir='ltr'><strong><em>terris.</em></strong></span> <span class='ocrx_word' id='word_1_230' title='bbox 2788 1402 3011 1458; x_wconf 86' lang='lat' dir='ltr'><strong><em>Alarum</em></strong></span> <span class='ocrx_word' id='word_1_231' title='bbox 3040 1411 3221 1459; x_wconf 89' lang='lat' dir='ltr'><strong><em>autem</em></strong></span> <span class='ocrx_word' id='word_1_232' title='bbox 3254 1403 3544 1474; x_wconf 80' lang='lat' dir='ltr'><strong><em>remigium</em></strong></span> <span class='ocrx_word' id='word_1_233' title='bbox 3576 1419 3686 1460; x_wconf 92' lang='lat' dir='ltr'><strong><em>non</em></strong></span> <span class='ocrx_word' id='word_1_234' title='bbox 3713 1415 3862 1460; x_wconf 85' lang='lat' dir='ltr'><strong><em>mate-</em></strong></span> 
     </span>
    </p>
   </div>
   <div class='ocr_carea' id='block_1_30' title="bbox 2272 1489 3863 1566">
    <p class='ocr_par' dir='ltr' id='par_1_30' title="bbox 2272 1489 3863 1566">
     <span class='ocr_line' id='line_1_30' title="bbox 2272 1489 3863 1566; baseline 0.005 -21"><span class='ocrx_word' id='word_1_235' title='bbox 2272 1489 2423 1546; x_wconf 89' lang='lat' dir='ltr'><strong><em>rialis</em></strong></span> <span class='ocrx_word' id='word_1_236' title='bbox 2452 1507 2718 1564; x_wconf 90' lang='lat' dir='ltr'><strong><em>compago</em></strong></span> <span class='ocrx_word' id='word_1_237' title='bbox 2748 1509 3069 1566; x_wconf 89' lang='lat' dir='ltr'><strong><em>pennarum,</em></strong></span> <span class='ocrx_word' id='word_1_238' title='bbox 3096 1494 3191 1552; x_wconf 90' lang='lat' dir='ltr'><strong><em>sed</em></strong></span> <span class='ocrx_word' id='word_1_239' title='bbox 3217 1495 3510 1552; x_wconf 90' lang='lat' dir='ltr'><strong><em>continuus</em></strong></span> <span class='ocrx_word' id='word_1_240' title='bbox 3538 1497 3683 1552; x_wconf 91' lang='lat' dir='ltr'><strong><em>ordo</em></strong></span> <span class='ocrx_word' id='word_1_241' title='bbox 3718 1496 3863 1554; x_wconf 89' lang='lat' dir='ltr'><strong><em>bono-</em></strong></span> 
     </span>
    </p>
   </div>
   <div class='ocr_carea' id='block_1_31' title="bbox 2267 1581 3860 1659">
    <p class='ocr_par' dir='ltr' id='par_1_31' title="bbox 2267 1581 3860 1659">
     <span class='ocr_line' id='line_1_31' title="bbox 2267 1581 3860 1659; baseline 0.006 -22"><span class='ocrx_word' id='word_1_242' title='bbox 2267 1597 2389 1638; x_wconf 89' lang='lat' dir='ltr'><strong><em>rum</em></strong></span> <span class='ocrx_word' id='word_1_243' title='bbox 2421 1581 2686 1641; x_wconf 87' lang='lat' dir='ltr'><strong><em>factorum</em></strong></span> <span class='ocrx_word' id='word_1_244' title='bbox 2715 1597 2833 1652; x_wconf 87' lang='lat' dir='ltr'><strong><em>est;</em></strong></span> <span class='ocrx_word' id='word_1_245' title='bbox 2875 1586 3053 1659; x_wconf 86' lang='lat' dir='ltr'><strong><em>qualis</em></strong></span> <span class='ocrx_word' id='word_1_246' title='bbox 3094 1587 3188 1644; x_wconf 90' lang='lat' dir='ltr'><strong><em>ille</em></strong></span> <span class='ocrx_word' id='word_1_247' title='bbox 3232 1587 3580 1656; x_wconf 89' lang='lat' dir='ltr'><strong><em>Dominicus,</em></strong></span> <span class='ocrx_word' id='word_1_248' title='bbox 3629 1588 3718 1646; x_wconf 91' lang='lat' dir='ltr'><strong><em>cui</em></strong></span> <span class='ocrx_word' id='word_1_249' title='bbox 3745 1589 3860 1647; x_wconf 84' lang='lat' dir='ltr'><strong><em>bene</em></strong></span> 
     </span>
    </p>
   </div>
   <div class='ocr_carea' id='block_1_32' title="bbox 2268 1677 3858 1756">
    <p class='ocr_par' dir='ltr' id='par_1_32' title="bbox 2268 1677 3858 1756">
     <span class='ocr_line' id='line_1_32' title="bbox 2268 1677 3858 1756; baseline 0.004 -23"><span class='ocrx_word' id='word_1_250' title='bbox 2268 1677 2472 1736; x_wconf 90' lang='lat' dir='ltr'><strong><em>dicitur</em></strong></span> <span class='ocrx_word' id='word_1_251' title='bbox 2487 1698 2499 1734; x_wconf 90' lang='lat'><strong>:</strong></span> <span class='ocrx_word' id='word_1_252' title='bbox 2526 1680 2589 1735; x_wconf 87' lang='lat' dir='ltr'><strong><em>Et</em></strong></span> <span class='ocrx_word' id='word_1_253' title='bbox 2611 1682 2665 1736; x_wconf 91' lang='lat' dir='ltr'><strong><em>in</em></strong></span> <span class='ocrx_word' id='word_1_254' title='bbox 2686 1681 2870 1738; x_wconf 88' lang='lat' dir='ltr'><strong><em>umbra</em></strong></span> <span class='ocrx_word' id='word_1_255' title='bbox 2883 1683 3091 1738; x_wconf 90' lang='lat' dir='ltr'><strong><em>alarum</em></strong></span> <span class='ocrx_word' id='word_1_256' title='bbox 3112 1693 3319 1739; x_wconf 87' lang='lat' dir='ltr'><strong><em>tuarum</em></strong></span> <span class='ocrx_word' id='word_1_257' title='bbox 3333 1683 3554 1756; x_wconf 84' lang='lat' dir='ltr'><strong><em>sperabo</em></strong></span> <span class='ocrx_word' id='word_1_258' title='bbox 3583 1683 3858 1756; x_wconf 61' lang='lat' dir='ltr'><strong><em>(Psalmvt,</em></strong></span> 
     </span>
    </p>
   </div>
   <div class='ocr_carea' id='block_1_33' title="bbox 545 1771 3857 1856">
    <p class='ocr_par' dir='ltr' id='par_1_33' title="bbox 545 1771 3857 1856">
     <span class='ocr_line' id='line_1_33' title="bbox 545 1771 3857 1856; baseline 0.002 -24"><span class='ocrx_word' id='word_1_259' title='bbox 545 1776 635 1850; x_wconf 82' lang='lat' dir='ltr'><strong><em>jus</em></strong></span> <span class='ocrx_word' id='word_1_260' title='bbox 663 1787 896 1850; x_wconf 86' lang='lat' dir='ltr'><strong><em>quatuor</em></strong></span> <span class='ocrx_word' id='word_1_261' title='bbox 921 1779 1202 1848; x_wconf 84' lang='lat' dir='ltr'><strong><em>animalia,</em></strong></span> <span class='ocrx_word' id='word_1_262' title='bbox 1248 1789 1484 1852; x_wconf 79' lang='lat' dir='ltr'><strong><em>quatuor</em></strong></span> <span class='ocrx_word' id='word_1_263' title='bbox 1528 1781 1847 1838; x_wconf 78' lang='lat' dir='ltr'><strong><em>aﬂ‘ectiones</em></strong></span> <span class='ocrx_word' id='word_1_264' title='bbox 1869 1791 2035 1839; x_wconf 88' lang='lat' dir='ltr'><strong><em>sunt:</em></strong></span> <span class='ocrx_word' id='word_1_265' title='bbox 2067 1781 2166 1840; x_wconf 85' lang='lat' dir='ltr'><strong><em>sed</em></strong></span> <span class='ocrx_word' id='word_1_266' title='bbox 2194 1795 2244 1856; x_wconf 79' lang='grc' dir='ltr'><strong>Β</strong></span> <span class='ocrx_word' id='word_1_267' title='bbox 2269 1771 2304 1826; x_wconf 76' lang='grc'>2</span> <span class='ocrx_word' id='word_1_268' title='bbox 2322 1771 2365 1839; x_wconf 80' lang='grc' dir='ltr'><strong><em>)ο</em></strong></span> <span class='ocrx_word' id='word_1_269' title='bbox 2389 1772 2506 1830; x_wconf 80' lang='lat' dir='ltr'><strong><em>Non</em></strong></span> <span class='ocrx_word' id='word_1_270' title='bbox 2536 1775 2711 1832; x_wconf 89' lang='lat' dir='ltr'><strong><em>solum</em></strong></span> <span class='ocrx_word' id='word_1_271' title='bbox 2737 1777 2884 1833; x_wconf 87' lang='lat' dir='ltr'><strong><em>enim</em></strong></span> <span class='ocrx_word' id='word_1_272' title='bbox 2924 1791 3118 1833; x_wconf 84' lang='lat' dir='ltr'><strong><em>manus</em></strong></span> <span class='ocrx_word' id='word_1_273' title='bbox 3145 1776 3249 1834; x_wconf 75' lang='lat' dir='ltr'><strong><em>illae</em></strong></span> <span class='ocrx_word' id='word_1_274' title='bbox 3273 1777 3489 1834; x_wconf 89' lang='lat' dir='ltr'><strong><em>Domini</em></strong></span> <span class='ocrx_word' id='word_1_275' title='bbox 3518 1777 3707 1835; x_wconf 70' lang='lat' dir='ltr'><strong><em>afﬁxas</em></strong></span> <span class='ocrx_word' id='word_1_276' title='bbox 3732 1779 3857 1836; x_wconf 83' lang='lat' dir='ltr'><strong><em>cruci</em></strong></span> 
     </span>
    </p>
   </div>
   <div class='ocr_carea' id='block_1_34' title="bbox 545 1873 2162 1947">
    <p class='ocr_par' dir='ltr' id='par_1_34' title="bbox 545 1873 2162 1947">
     <span class='ocr_line' id='line_1_34' title="bbox 545 1873 2162 1947; baseline 0.002 -18"><span class='ocrx_word' id='word_1_277' title='bbox 545 1887 655 1930; x_wconf 91' lang='lat' dir='ltr'><strong><em>non</em></strong></span> <span class='ocrx_word' id='word_1_278' title='bbox 680 1874 778 1940; x_wconf 88' lang='lat' dir='ltr'><strong><em>ita,</em></strong></span> <span class='ocrx_word' id='word_1_279' title='bbox 803 1883 860 1930; x_wconf 93' lang='lat' dir='ltr'><strong><em>ut</em></strong></span> <span class='ocrx_word' id='word_1_280' title='bbox 889 1873 1000 1930; x_wconf 66' lang='lat' dir='ltr'><strong><em>illae</em></strong></span> <span class='ocrx_word' id='word_1_281' title='bbox 1021 1889 1157 1946; x_wconf 91' lang='lat' dir='ltr'><strong><em>quas</em></strong></span> <span class='ocrx_word' id='word_1_282' title='bbox 1180 1888 1342 1947; x_wconf 89' lang='lat' dir='ltr'><strong><em>supra</em></strong></span> <span class='ocrx_word' id='word_1_283' title='bbox 1367 1874 1792 1946; x_wconf 88' lang='lat' dir='ltr'><strong><em>descripsimus;</em></strong></span> <span class='ocrx_word' id='word_1_284' title='bbox 1822 1875 2000 1933; x_wconf 89' lang='lat' dir='ltr'><strong><em>adhuc</em></strong></span> <span class='ocrx_word' id='word_1_285' title='bbox 2017 1878 2162 1933; x_wconf 91' lang='lat' dir='ltr'><strong><em>enim</em></strong></span> 
     </span>
    </p>
   </div>
   <div class='ocr_carea' id='block_1_35' title="bbox 545 1967 2158 2042">
    <p class='ocr_par' dir='ltr' id='par_1_35' title="bbox 545 1967 2158 2042">
     <span class='ocr_line' id='line_1_35' title="bbox 545 1967 2158 2042; baseline 0.001 -19"><span class='ocrx_word' id='word_1_286' title='bbox 545 1967 656 2024; x_wconf 77' lang='lat' dir='ltr'><strong><em>illa:</em></strong></span> <span class='ocrx_word' id='word_1_287' title='bbox 702 1967 1032 2024; x_wconf 90' lang='lat' dir='ltr'><strong><em>erudiuntur</em></strong></span> <span class='ocrx_word' id='word_1_288' title='bbox 1081 1967 1316 2037; x_wconf 62' lang='lat' dir='ltr'><strong><em>animas,</em></strong></span> <span class='ocrx_word' id='word_1_289' title='bbox 1373 1983 1800 2042; x_wconf 85' lang='lat' dir='ltr'><strong><em>processumque</em></strong></span> <span class='ocrx_word' id='word_1_290' title='bbox 1845 1969 2158 2040; x_wconf 89' lang='lat' dir='ltr'><strong><em>accipiunt:</em></strong></span> 
     </span>
    </p>
   </div>
   <div class='ocr_carea' id='block_1_36' title="bbox 546 2060 2162 2136">
    <p class='ocr_par' dir='ltr' id='par_1_36' title="bbox 546 2060 2162 2136">
     <span class='ocr_line' id='line_1_36' title="bbox 546 2060 2162 2136; baseline 0.002 -18"><span class='ocrx_word' id='word_1_291' title='bbox 546 2060 636 2118; x_wconf 86' lang='lat' dir='ltr'><strong><em>hic</em></strong></span> <span class='ocrx_word' id='word_1_292' title='bbox 653 2062 765 2133; x_wconf 84' lang='lat' dir='ltr'><strong><em>jam</em></strong></span> <span class='ocrx_word' id='word_1_293' title='bbox 797 2064 1036 2134; x_wconf 86' lang='lat' dir='ltr'><strong><em>perfecta</em></strong></span> <span class='ocrx_word' id='word_1_294' title='bbox 1060 2063 1412 2120; x_wconf 86' lang='lat' dir='ltr'><strong><em>describitur.</em></strong></span> <span class='ocrx_word' id='word_1_295' title='bbox 1438 2063 1683 2136; x_wconf 89' lang='lat' dir='ltr'><strong><em>Denique</em></strong></span> <span class='ocrx_word' id='word_1_296' title='bbox 1711 2062 1821 2121; x_wconf 74' lang='lat' dir='ltr'><strong><em>illa:</em></strong></span> <span class='ocrx_word' id='word_1_297' title='bbox 1865 2065 2162 2121; x_wconf 86' lang='lat' dir='ltr'><strong><em>invitantur</em></strong></span> 
     </span>
    </p>
   </div>
   <div class='ocr_carea' id='block_1_37' title="bbox 545 2156 2162 2223">
    <p class='ocr_par' dir='ltr' id='par_1_37' title="bbox 545 2156 2162 2223">
     <span class='ocr_line' id='line_1_37' title="bbox 545 2156 2162 2223; baseline 0.003 -12"><span class='ocrx_word' id='word_1_298' title='bbox 545 2157 616 2212; x_wconf 91' lang='lat' dir='ltr'><strong><em>ad</em></strong></span> <span class='ocrx_word' id='word_1_299' title='bbox 645 2156 870 2223; x_wconf 65' lang='lat' dir='ltr'><strong><em>caelum,</em></strong></span> <span class='ocrx_word' id='word_1_300' title='bbox 904 2157 1023 2215; x_wconf 71' lang='lat' dir='ltr'><strong><em>haec</em></strong></span> <span class='ocrx_word' id='word_1_301' title='bbox 1069 2157 1126 2213; x_wconf 91' lang='lat' dir='ltr'><strong><em>in</em></strong></span> <span class='ocrx_word' id='word_1_302' title='bbox 1154 2156 1297 2214; x_wconf 73' lang='lat' dir='ltr'><strong><em>cmlo</em></strong></span> <span class='ocrx_word' id='word_1_303' title='bbox 1343 2166 1429 2214; x_wconf 89' lang='lat' dir='ltr'><strong><em>est</em></strong></span> <span class='ocrx_word' id='word_1_304' title='bbox 1450 2173 1574 2214; x_wconf 91' lang='lat' dir='ltr'><strong><em>cum</em></strong></span> <span class='ocrx_word' id='word_1_305' title='bbox 1619 2158 1714 2214; x_wconf 88' lang='lat' dir='ltr'><strong><em>Dei</em></strong></span> <span class='ocrx_word' id='word_1_306' title='bbox 1763 2158 1954 2216; x_wconf 87' lang='lat' dir='ltr'><strong><em>verbo.</em></strong></span> <span class='ocrx_word' id='word_1_307' title='bbox 1987 2159 2162 2218; x_wconf 82' lang='lat' dir='ltr'><strong><em>Habet</em></strong></span> 
     </span>
    </p>
   </div>
   <div class='ocr_carea' id='block_1_38' title="bbox 543 2247 2161 2319">
    <p class='ocr_par' dir='ltr' id='par_1_38' title="bbox 543 2247 2161 2319">
     <span class='ocr_line' id='line_1_38' title="bbox 543 2247 2161 2319; baseline 0.003 -17"><span class='ocrx_word' id='word_1_308' title='bbox 543 2257 725 2303; x_wconf 89' lang='lat' dir='ltr'><strong><em>autem</em></strong></span> <span class='ocrx_word' id='word_1_309' title='bbox 749 2255 986 2319; x_wconf 89' lang='lat' dir='ltr'><strong><em>quatuor</em></strong></span> <span class='ocrx_word' id='word_1_310' title='bbox 1013 2247 1357 2314; x_wconf 80' lang='lat' dir='ltr'><strong><em>aﬂ&#39;ectiones,</em></strong></span> <span class='ocrx_word' id='word_1_311' title='bbox 1391 2250 1445 2304; x_wconf 92' lang='lat' dir='ltr'><strong><em>id</em></strong></span> <span class='ocrx_word' id='word_1_312' title='bbox 1475 2257 1582 2314; x_wconf 92' lang='lat' dir='ltr'><strong><em>est,</em></strong></span> <span class='ocrx_word' id='word_1_313' title='bbox 1610 2249 1956 2306; x_wconf 90' lang='lat' dir='ltr'><strong><em>similitudini</em></strong></span> <span class='ocrx_word' id='word_1_314' title='bbox 1986 2249 2161 2307; x_wconf 86' lang='lat' dir='ltr'><strong><em>homi-</em></strong></span> 
     </span>
    </p>
   </div>
   <div class='ocr_carea' id='block_1_39' title="bbox 543 2341 2159 2416">
    <p class='ocr_par' dir='ltr' id='par_1_39' title="bbox 543 2341 2159 2416">
     <span class='ocr_line' id='line_1_39' title="bbox 543 2341 2159 2416; baseline 0.004 -19"><span class='ocrx_word' id='word_1_315' title='bbox 543 2341 660 2410; x_wconf 91' lang='lat' dir='ltr'><strong><em>nis,</em></strong></span> <span class='ocrx_word' id='word_1_316' title='bbox 696 2341 902 2410; x_wconf 89' lang='lat' dir='ltr'><strong><em>leonis,</em></strong></span> <span class='ocrx_word' id='word_1_317' title='bbox 947 2342 1144 2412; x_wconf 91' lang='lat' dir='ltr'><strong><em>vituli,</em></strong></span> <span class='ocrx_word' id='word_1_318' title='bbox 1194 2353 1252 2400; x_wconf 90' lang='lat' dir='ltr'><strong><em>et</em></strong></span> <span class='ocrx_word' id='word_1_319' title='bbox 1301 2345 1499 2414; x_wconf 67' lang='lat' dir='ltr'><strong><em>aquilae</em></strong></span> <span class='ocrx_word' id='word_1_320' title='bbox 1545 2345 1963 2416; x_wconf 87' lang='lat' dir='ltr'><strong><em>comparandas.</em></strong></span> <span class='ocrx_word' id='word_1_321' title='bbox 2011 2347 2159 2416; x_wconf 87' lang='lat' dir='ltr'><strong><em>Quas</em></strong></span> 
     </span>
    </p>
   </div>
   <div class='ocr_carea' id='block_1_40' title="bbox 542 2435 2157 2511">
    <p class='ocr_par' dir='ltr' id='par_1_40' title="bbox 542 2435 2157 2511">
     <span class='ocr_line' id='line_1_40' title="bbox 542 2435 2157 2511; baseline 0.007 -21"><span class='ocrx_word' id='word_1_322' title='bbox 542 2435 745 2492; x_wconf 89' lang='lat' dir='ltr'><strong><em>formas</em></strong></span> <span class='ocrx_word' id='word_1_323' title='bbox 769 2450 868 2507; x_wconf 89' lang='lat' dir='ltr'><strong><em>pro</em></strong></span> <span class='ocrx_word' id='word_1_324' title='bbox 895 2435 1161 2492; x_wconf 91' lang='lat' dir='ltr'><strong><em>librorum</em></strong></span> <span class='ocrx_word' id='word_1_325' title='bbox 1179 2437 1628 2510; x_wconf 83' lang='lat' dir='ltr'><strong><em>Evangelicorum</em></strong></span> <span class='ocrx_word' id='word_1_326' title='bbox 1649 2440 1986 2511; x_wconf 87' lang='lat' dir='ltr'><strong><em>proprietate</em></strong></span> <span class='ocrx_word' id='word_1_327' title='bbox 2001 2456 2157 2500; x_wconf 88' lang='lat' dir='ltr'><strong><em>acce-</em></strong></span> 
     </span>
    </p>
   </div>
   <div class='ocr_carea' id='block_1_41' title="bbox 541 2527 2156 2604">
    <p class='ocr_par' dir='ltr' id='par_1_41' title="bbox 541 2527 2156 2604">
     <span class='ocr_line' id='line_1_41' title="bbox 541 2527 2156 2604; baseline 0.007 -22"><span class='ocrx_word' id='word_1_328' title='bbox 541 2527 722 2598; x_wconf 88' lang='lat' dir='ltr'><strong><em>pimus</em></strong></span> <span class='ocrx_word' id='word_1_329' title='bbox 754 2528 1031 2600; x_wconf 89' lang='lat' dir='ltr'><strong><em>liguratas.</em></strong></span> <span class='ocrx_word' id='word_1_330' title='bbox 1067 2530 1134 2586; x_wconf 93' lang='lat' dir='ltr'><strong><em>Et</em></strong></span> <span class='ocrx_word' id='word_1_331' title='bbox 1166 2530 1292 2587; x_wconf 92' lang='lat' dir='ltr'><strong><em>ideo</em></strong></span> <span class='ocrx_word' id='word_1_332' title='bbox 1341 2530 1430 2588; x_wconf 94' lang='lat' dir='ltr'><strong><em>hic</em></strong></span> <span class='ocrx_word' id='word_1_333' title='bbox 1461 2547 1676 2604; x_wconf 90' lang='lat' dir='ltr'><strong><em>quoque</em></strong></span> <span class='ocrx_word' id='word_1_334' title='bbox 1709 2533 1763 2590; x_wconf 91' lang='lat' dir='ltr'><strong><em>in</em></strong></span> <span class='ocrx_word' id='word_1_335' title='bbox 1794 2534 2015 2593; x_wconf 91' lang='lat' dir='ltr'><strong><em>homine</em></strong></span> <span class='ocrx_word' id='word_1_336' title='bbox 2067 2552 2156 2593; x_wconf 84' lang='lat' dir='ltr'><strong><em>ra-</em></strong></span> 
     </span>
    </p>
   </div>
   <div class='ocr_carea' id='block_1_42' title="bbox 541 2623 2154 2702">
    <p class='ocr_par' dir='ltr' id='par_1_42' title="bbox 541 2623 2154 2702">
     <span class='ocr_line' id='line_1_42' title="bbox 541 2623 2154 2702; baseline 0.007 -24"><span class='ocrx_word' id='word_1_337' title='bbox 541 2623 842 2688; x_wconf 90' lang='lat' dir='ltr'><strong><em>tionabilis,</em></strong></span> <span class='ocrx_word' id='word_1_338' title='bbox 877 2624 932 2680; x_wconf 94' lang='lat' dir='ltr'><strong><em>in</em></strong></span> <span class='ocrx_word' id='word_1_339' title='bbox 961 2624 1123 2682; x_wconf 90' lang='lat' dir='ltr'><strong><em>leone</em></strong></span> <span class='ocrx_word' id='word_1_340' title='bbox 1153 2625 1502 2698; x_wconf 88' lang='lat' dir='ltr'><strong><em>impetibilis,</em></strong></span> <span class='ocrx_word' id='word_1_341' title='bbox 1536 2628 1587 2683; x_wconf 94' lang='lat' dir='ltr'><strong><em>in</em></strong></span> <span class='ocrx_word' id='word_1_342' title='bbox 1616 2629 1789 2685; x_wconf 91' lang='lat' dir='ltr'><strong><em>vitulo</em></strong></span> <span class='ocrx_word' id='word_1_343' title='bbox 1815 2631 2154 2702; x_wconf 90' lang='lat' dir='ltr'><strong><em>concupisci-</em></strong></span> 
     </span>
    </p>
   </div>
   <div class='ocr_carea' id='block_1_43' title="bbox 540 2713 2152 2798">
    <p class='ocr_par' dir='ltr' id='par_1_43' title="bbox 540 2713 2152 2798">
     <span class='ocr_line' id='line_1_43' title="bbox 540 2713 2152 2798; baseline 0.007 -28"><span class='ocrx_word' id='word_1_344' title='bbox 540 2713 688 2782; x_wconf 90' lang='lat' dir='ltr'><strong><em>bilis,</em></strong></span> <span class='ocrx_word' id='word_1_345' title='bbox 722 2715 775 2770; x_wconf 91' lang='lat' dir='ltr'><strong><em>in</em></strong></span> <span class='ocrx_word' id='word_1_346' title='bbox 804 2717 986 2787; x_wconf 88' lang='lat' dir='ltr'><strong><em>aquila</em></strong></span> <span class='ocrx_word' id='word_1_347' title='bbox 1009 2717 1240 2775; x_wconf 86' lang='lat' dir='ltr'><strong><em>visibilis</em></strong></span> <span class='ocrx_word' id='word_1_348' title='bbox 1261 2734 1359 2791; x_wconf 90' lang='lat' dir='ltr'><strong><em>per</em></strong></span> <span class='ocrx_word' id='word_1_349' title='bbox 1381 2719 1582 2792; x_wconf 82' lang='lat' dir='ltr'><strong><em>ﬁguras</em></strong></span> <span class='ocrx_word' id='word_1_350' title='bbox 1606 2721 1926 2780; x_wconf 89' lang='lat' dir='ltr'><strong><em>animalium</em></strong></span> <span class='ocrx_word' id='word_1_351' title='bbox 1939 2725 2152 2798; x_wconf 77' lang='lat' dir='ltr'><strong><em>Species</em></strong></span> 
     </span>
    </p>
   </div>
   <div class='ocr_carea' id='block_1_44' title="bbox 537 2808 1248 2884">
    <p class='ocr_par' dir='ltr' id='par_1_44' title="bbox 537 2808 1248 2884">
     <span class='ocr_line' id='line_1_44' title="bbox 537 2808 1248 2884; baseline 0.006 -20"><span class='ocrx_word' id='word_1_352' title='bbox 537 2808 845 2867; x_wconf 79' lang='lat' dir='ltr'><strong><em>aﬂ‘ectianis</em></strong></span> <span class='ocrx_word' id='word_1_353' title='bbox 861 2827 1116 2884; x_wconf 86' lang='lat' dir='ltr'><strong><em>expressa</em></strong></span> <span class='ocrx_word' id='word_1_354' title='bbox 1142 2823 1248 2870; x_wconf 89' lang='lat' dir='ltr'><strong><em>est.</em></strong></span> 
     </span>
    </p>
   </div>
   <div class='ocr_carea' id='block_1_45' title="bbox 612 2902 2149 2978">
    <p class='ocr_par' dir='ltr' id='par_1_45' title="bbox 612 2902 2149 2978">
     <span class='ocr_line' id='line_1_45' title="bbox 612 2902 2149 2978; baseline 0.007 -20"><span class='ocrx_word' id='word_1_355' title='bbox 612 2903 740 2960; x_wconf 74' lang='grc'><strong>114.</strong></span> <span class='ocrx_word' id='word_1_356' title='bbox 769 2902 904 2959; x_wconf 87' lang='lat' dir='ltr'><strong><em>Nam</em></strong></span> <span class='ocrx_word' id='word_1_357' title='bbox 929 2903 982 2960; x_wconf 92' lang='lat' dir='ltr'><strong><em>in</em></strong></span> <span class='ocrx_word' id='word_1_358' title='bbox 1006 2905 1154 2961; x_wconf 90' lang='lat' dir='ltr'><strong><em>omni</em></strong></span> <span class='ocrx_word' id='word_1_359' title='bbox 1184 2908 1434 2978; x_wconf 90' lang='lat' dir='ltr'><strong><em>sapiente</em></strong></span> <span class='ocrx_word' id='word_1_360' title='bbox 1457 2909 1574 2964; x_wconf 88' lang='lat' dir='ltr'><strong><em>viro</em></strong></span> <span class='ocrx_word' id='word_1_361' title='bbox 1599 2909 1902 2968; x_wconf 88' lang='lat' dir='ltr'><strong><em>Prudentes</em></strong></span> <span class='ocrx_word' id='word_1_362' title='bbox 1924 2910 2149 2969; x_wconf 69' lang='lat' dir='ltr'><strong><em>Graaciaa</em></strong></span> 
     </span>
    </p>
   </div>
   <div class='ocr_carea' id='block_1_46' title="bbox 534 3001 2145 3082">
    <p class='ocr_par' dir='ltr' id='par_1_46' title="bbox 534 3001 2145 3082">
     <span class='ocr_line' id='line_1_46' title="bbox 534 3001 2145 3082; baseline 0.007 -30"><span class='ocrx_word' id='word_1_363' title='bbox 534 3009 658 3052; x_wconf 91' lang='lat' dir='ltr'><strong><em>esse</em></strong></span> <span class='ocrx_word' id='word_1_364' title='bbox 689 3008 1138 3056; x_wconf 85' lang='lat' dir='ltr'><strong><em>memoraveruut</em></strong></span> <span class='ocrx_word' id='word_1_365' title='bbox 1187 3001 1504 3076; x_wconf 69' lang='grc' dir='ltr'><strong><em>λογιστικὸν,</em></strong></span> <span class='ocrx_word' id='word_1_366' title='bbox 1547 3005 1852 3078; x_wconf 80' lang='grc' dir='ltr'><strong><em>θυμηθικὸν,</em></strong></span> <span class='ocrx_word' id='word_1_367' title='bbox 1895 3007 2145 3082; x_wconf 74' lang='grc' dir='ltr'><strong><em>ἐπιθυμη-</em></strong></span> 
     </span>
    </p>
   </div>
   <div class='ocr_carea' id='block_1_47' title="bbox 533 3087 2148 3166">
    <p class='ocr_par' dir='ltr' id='par_1_47' title="bbox 533 3087 2148 3166">
     <span class='ocr_line' id='line_1_47' title="bbox 533 3087 2148 3166; baseline 0.007 -23"><span class='ocrx_word' id='word_1_368' title='bbox 533 3088 688 3155; x_wconf 81' lang='grc' dir='ltr'><strong><em>τικὸν,</em></strong></span> <span class='ocrx_word' id='word_1_369' title='bbox 713 3087 1043 3166; x_wconf 59' lang='lat' dir='ltr'><strong><em>alapa-maio:</em></strong></span> <span class='ocrx_word' id='word_1_370' title='bbox 1076 3090 1253 3148; x_wconf 88' lang='lat' dir='ltr'><strong><em>Latini</em></strong></span> <span class='ocrx_word' id='word_1_371' title='bbox 1296 3109 1431 3151; x_wconf 89' lang='lat' dir='ltr'><strong><em>vero</em></strong></span> <span class='ocrx_word' id='word_1_372' title='bbox 1478 3096 1846 3166; x_wconf 86' lang='lat' dir='ltr'><strong><em>prudentiam,</em></strong></span> <span class='ocrx_word' id='word_1_373' title='bbox 1874 3097 2148 3155; x_wconf 88' lang='lat' dir='ltr'><strong><em>fortitudi-</em></strong></span> 
     </span>
    </p>
   </div>
   <div class='ocr_carea' id='block_1_48' title="bbox 2270 1864 3852 1938">
    <p class='ocr_par' dir='ltr' id='par_1_48' title="bbox 2270 1864 3852 1938">
     <span class='ocr_line' id='line_1_48' title="bbox 2270 1864 3852 1938; baseline 0.004 -19"><span class='ocrx_word' id='word_1_374' title='bbox 2270 1864 2324 1919; x_wconf 90' lang='lat' dir='ltr'><strong><em>in</em></strong></span> <span class='ocrx_word' id='word_1_375' title='bbox 2356 1865 2576 1922; x_wconf 91' lang='lat' dir='ltr'><strong><em>modum</em></strong></span> <span class='ocrx_word' id='word_1_376' title='bbox 2602 1869 2834 1925; x_wconf 84' lang='lat' dir='ltr'><strong><em>volantis</em></strong></span> <span class='ocrx_word' id='word_1_377' title='bbox 2855 1879 3113 1938; x_wconf 68' lang='lat' dir='ltr'><strong><em>cxtentze,</em></strong></span> <span class='ocrx_word' id='word_1_378' title='bbox 3133 1869 3229 1928; x_wconf 90' lang='lat' dir='ltr'><strong><em>sed</em></strong></span> <span class='ocrx_word' id='word_1_379' title='bbox 3251 1869 3416 1926; x_wconf 89' lang='lat' dir='ltr'><strong><em>etiam</em></strong></span> <span class='ocrx_word' id='word_1_380' title='bbox 3441 1869 3590 1927; x_wconf 89' lang='lat' dir='ltr'><strong><em>facta</em></strong></span> <span class='ocrx_word' id='word_1_381' title='bbox 3608 1871 3852 1934; x_wconf 66' lang='lat' dir='ltr'><strong><em>caelestia.</em></strong></span> 
     </span>
    </p>
   </div>
   <div class='ocr_carea' id='block_1_49' title="bbox 2268 1959 3855 2036">
    <p class='ocr_par' dir='ltr' id='par_1_49' title="bbox 2268 1959 3855 2036">
     <span class='ocr_line' id='line_1_49' title="bbox 2268 1959 3855 2036; baseline 0.007 -24"><span class='ocrx_word' id='word_1_382' title='bbox 2268 1959 2411 2016; x_wconf 91' lang='lat' dir='ltr'><strong><em>velut</em></strong></span> <span class='ocrx_word' id='word_1_383' title='bbox 2441 1961 2630 2018; x_wconf 91' lang='lat' dir='ltr'><strong><em>umbra</em></strong></span> <span class='ocrx_word' id='word_1_384' title='bbox 2661 1962 3022 2036; x_wconf 84' lang='lat' dir='ltr'><strong><em>refrigerante</em></strong></span> <span class='ocrx_word' id='word_1_385' title='bbox 3050 1964 3240 2022; x_wconf 89' lang='lat' dir='ltr'><strong><em>salutis</em></strong></span> <span class='ocrx_word' id='word_1_386' title='bbox 3265 1975 3507 2035; x_wconf 73' lang='lat' dir='ltr'><strong><em>tetcrnae,</em></strong></span> <span class='ocrx_word' id='word_1_387' title='bbox 3549 1967 3738 2025; x_wconf 89' lang='lat' dir='ltr'><strong><em>mundi</em></strong></span> <span class='ocrx_word' id='word_1_388' title='bbox 3765 1967 3855 2024; x_wconf 87' lang='lat' dir='ltr'><strong><em>fer-</em></strong></span> 
     </span>
    </p>
   </div>
   <div class='ocr_carea' id='block_1_50' title="bbox 2267 2054 3150 2128">
    <p class='ocr_par' dir='ltr' id='par_1_50' title="bbox 2267 2054 3150 2128">
     <span class='ocr_line' id='line_1_50' title="bbox 2267 2054 3150 2128; baseline 0.005 -20"><span class='ocrx_word' id='word_1_389' title='bbox 2267 2056 2446 2109; x_wconf 86' lang='lat' dir='ltr'><strong><em>ventis</em></strong></span> <span class='ocrx_word' id='word_1_390' title='bbox 2473 2054 2726 2112; x_wconf 87' lang='lat' dir='ltr'><strong><em>incendia</em></strong></span> <span class='ocrx_word' id='word_1_391' title='bbox 2755 2065 3150 2128; x_wconf 84' lang='lat' dir='ltr'><strong><em>temperarunt.</em></strong></span> 
     </span>
    </p>
   </div>
   <div class='ocr_carea' id='block_1_51' title="bbox 2337 2147 3853 2228">
    <p class='ocr_par' dir='ltr' id='par_1_51' title="bbox 2337 2147 3853 2228">
     <span class='ocr_line' id='line_1_51' title="bbox 2337 2147 3853 2228; baseline 0.005 -26"><span class='ocrx_word' id='word_1_392' title='bbox 2337 2147 2462 2204; x_wconf 89' lang='grc'><strong>116.</strong></span> <span class='ocrx_word' id='word_1_393' title='bbox 2491 2149 2631 2222; x_wconf 88' lang='lat' dir='ltr'><strong><em>Ergo</em></strong></span> <span class='ocrx_word' id='word_1_394' title='bbox 2659 2151 2785 2222; x_wconf 89' lang='lat' dir='ltr'><strong><em>quia</em></strong></span> <span class='ocrx_word' id='word_1_395' title='bbox 2809 2151 3032 2208; x_wconf 88' lang='lat' dir='ltr'><strong><em>volandi</em></strong></span> <span class='ocrx_word' id='word_1_396' title='bbox 3055 2151 3212 2208; x_wconf 89' lang='lat' dir='ltr'><strong><em>nobis</em></strong></span> <span class='ocrx_word' id='word_1_397' title='bbox 3240 2151 3366 2209; x_wconf 92' lang='lat' dir='ltr'><strong><em>data</em></strong></span> <span class='ocrx_word' id='word_1_398' title='bbox 3395 2161 3484 2210; x_wconf 88' lang='lat' dir='ltr'><strong><em>est</em></strong></span> <span class='ocrx_word' id='word_1_399' title='bbox 3503 2153 3688 2226; x_wconf 91' lang='lat' dir='ltr'><strong><em>copia,</em></strong></span> <span class='ocrx_word' id='word_1_400' title='bbox 3716 2152 3853 2228; x_wconf 65' lang='grc' dir='ltr'>ω</span> 
     </span>
    </p>
   </div>
   <div class='ocr_carea' id='block_1_52' title="bbox 2261 2246 3852 2321">
    <p class='ocr_par' dir='ltr' id='par_1_52' title="bbox 2261 2246 3852 2321">
     <span class='ocr_line' id='line_1_52' title="bbox 2261 2246 3852 2321; baseline 0.001 -21"><span class='ocrx_word' id='word_1_401' title='bbox 2261 2246 2462 2301; x_wconf 80' lang='lat' dir='ltr'><strong><em>excitet</em></strong></span> <span class='ocrx_word' id='word_1_402' title='bbox 2485 2246 2537 2302; x_wconf 91' lang='lat' dir='ltr'><strong><em>in</em></strong></span> <span class='ocrx_word' id='word_1_403' title='bbox 2562 2260 2622 2302; x_wconf 91' lang='lat' dir='ltr'><strong><em>se</em></strong></span> <span class='ocrx_word' id='word_1_404' title='bbox 2652 2247 3023 2319; x_wconf 87' lang='lat' dir='ltr'><strong><em>unusquisque</em></strong></span> <span class='ocrx_word' id='word_1_405' title='bbox 3047 2247 3277 2318; x_wconf 89' lang='lat' dir='ltr'><strong><em>gratiam</em></strong></span> <span class='ocrx_word' id='word_1_406' title='bbox 3324 2247 3445 2315; x_wconf 89' lang='lat' dir='ltr'><strong><em>Dei,</em></strong></span> <span class='ocrx_word' id='word_1_407' title='bbox 3476 2263 3545 2305; x_wconf 85' lang='lat' dir='ltr'><strong><em>ac</em></strong></span> <span class='ocrx_word' id='word_1_408' title='bbox 3573 2248 3852 2321; x_wconf 85' lang='lat' dir='ltr'><strong><em>posteriora</em></strong></span> 
     </span>
    </p>
   </div>
   <div class='ocr_carea' id='block_1_53' title="bbox 2261 2339 3850 2415">
    <p class='ocr_par' dir='ltr' id='par_1_53' title="bbox 2261 2339 3850 2415">
     <span class='ocr_line' id='line_1_53' title="bbox 2261 2339 3850 2415; baseline 0.002 -22"><span class='ocrx_word' id='word_1_409' title='bbox 2261 2339 2613 2408; x_wconf 90' lang='lat' dir='ltr'><strong><em>obltviscens,</em></strong></span> <span class='ocrx_word' id='word_1_410' title='bbox 2642 2342 2823 2414; x_wconf 89' lang='lat' dir='ltr'><strong><em>priora</em></strong></span> <span class='ocrx_word' id='word_1_411' title='bbox 2850 2351 3140 2415; x_wconf 88' lang='lat' dir='ltr'><strong><em>appetens,</em></strong></span> <span class='ocrx_word' id='word_1_412' title='bbox 3171 2341 3240 2398; x_wconf 90' lang='lat' dir='ltr'><strong><em>ad</em></strong></span> <span class='ocrx_word' id='word_1_413' title='bbox 3271 2342 3551 2401; x_wconf 90' lang='lat' dir='ltr'><strong><em>destinata</em></strong></span> <span class='ocrx_word' id='word_1_414' title='bbox 3579 2343 3850 2402; x_wconf 81' lang='lat' dir='ltr'><strong><em>contendat</em></strong></span> 
     </span>
    </p>
   </div>
   <div class='ocr_carea' id='block_1_54' title="bbox 2260 2429 3852 2508">
    <p class='ocr_par' dir='ltr' id='par_1_54' title="bbox 2260 2429 3852 2508">
     <span class='ocr_line' id='line_1_54' title="bbox 2260 2429 3852 2508; baseline 0.002 -22"><span class='ocrx_word' id='word_1_415' title='bbox 2260 2429 2430 2504; x_wconf 75' lang='lat' dir='ltr'><strong><em>(Phil.</em></strong></span> <span class='ocrx_word' id='word_1_416' title='bbox 2462 2448 2542 2502; x_wconf 85' lang='lat' dir='ltr'><strong><em>nt,</em></strong></span> <span class='ocrx_word' id='word_1_417' title='bbox 2575 2434 2688 2507; x_wconf 79' lang='lat' dir='ltr'><strong><em>f3).</em></strong></span> <span class='ocrx_word' id='word_1_418' title='bbox 2721 2434 2918 2491; x_wconf 90' lang='lat' dir='ltr'><strong><em>Procul</em></strong></span> <span class='ocrx_word' id='word_1_419' title='bbox 2948 2450 2980 2492; x_wconf 94' lang='lat' dir='ltr'><strong><em>a</em></strong></span> <span class='ocrx_word' id='word_1_420' title='bbox 3025 2447 3046 2474; x_wconf 77' lang='grc' dir='ltr'><strong><em>ε</em></strong></span> <span class='ocrx_word' id='word_1_421' title='bbox 3080 2435 3290 2492; x_wconf 65' lang='lat' dir='ltr'><strong><em>militiae</em></strong></span> <span class='ocrx_word' id='word_1_422' title='bbox 3334 2435 3666 2504; x_wconf 88' lang='lat' dir='ltr'><strong><em>honoribus,</em></strong></span> <span class='ocrx_word' id='word_1_423' title='bbox 3689 2434 3852 2508; x_wconf 89' lang='lat' dir='ltr'><strong><em>procul</em></strong></span> 
     </span>
    </p>
   </div>
   <div class='ocr_carea' id='block_1_55' title="bbox 2258 2525 3851 2600">
    <p class='ocr_par' dir='ltr' id='par_1_55' title="bbox 2258 2525 3851 2600">
     <span class='ocr_line' id='line_1_55' title="bbox 2258 2525 3851 2600; baseline 0.003 -22"><span class='ocrx_word' id='word_1_424' title='bbox 2258 2525 2326 2581; x_wconf 91' lang='lat' dir='ltr'><strong><em>ab</em></strong></span> <span class='ocrx_word' id='word_1_425' title='bbox 2348 2527 2571 2584; x_wconf 80' lang='lat' dir='ltr'><strong><em>aestibus</em></strong></span> <span class='ocrx_word' id='word_1_426' title='bbox 2604 2527 2822 2594; x_wconf 89' lang='lat' dir='ltr'><strong><em>mundi;</em></strong></span> <span class='ocrx_word' id='word_1_427' title='bbox 2855 2543 2923 2585; x_wconf 91' lang='lat' dir='ltr'><strong><em>ne</em></strong></span> <span class='ocrx_word' id='word_1_428' title='bbox 2947 2527 3092 2600; x_wconf 90' lang='lat' dir='ltr'><strong><em>quod</em></strong></span> <span class='ocrx_word' id='word_1_429' title='bbox 3119 2527 3320 2584; x_wconf 76' lang='lat' dir='ltr'><strong><em>fabula:</em></strong></span> <span class='ocrx_word' id='word_1_430' title='bbox 3350 2527 3562 2599; x_wconf 88' lang='lat' dir='ltr'><strong><em>lerunt,</em></strong></span> <span class='ocrx_word' id='word_1_431' title='bbox 3589 2540 3720 2586; x_wconf 74' lang='lat' dir='ltr'><strong><em>aestu</em></strong></span> <span class='ocrx_word' id='word_1_432' title='bbox 3740 2529 3851 2585; x_wconf 89' lang='lat' dir='ltr'><strong><em>solis</em></strong></span> 
     </span>
    </p>
   </div>
   <div class='ocr_carea' id='block_1_56' title="bbox 2256 2621 3852 2692">
    <p class='ocr_par' dir='ltr' id='par_1_56' title="bbox 2256 2621 3852 2692">
     <span class='ocr_line' id='line_1_56' title="bbox 2256 2621 3852 2692; baseline -0.001 -16"><span class='ocrx_word' id='word_1_433' title='bbox 2256 2634 2384 2676; x_wconf 87' lang='lat' dir='ltr'><strong><em>cera</em></strong></span> <span class='ocrx_word' id='word_1_434' title='bbox 2417 2621 2657 2678; x_wconf 90' lang='lat' dir='ltr'><strong><em>resoluta</em></strong></span> <span class='ocrx_word' id='word_1_435' title='bbox 2689 2621 2905 2679; x_wconf 89' lang='lat' dir='ltr'><strong><em>lcareos</em></strong></span> <span class='ocrx_word' id='word_1_436' title='bbox 2945 2621 3157 2677; x_wconf 87' lang='lat' dir='ltr'><strong><em>volatus</em></strong></span> <span class='ocrx_word' id='word_1_437' title='bbox 3187 2636 3366 2692; x_wconf 89' lang='lat' dir='ltr'><strong><em>penna</em></strong></span> <span class='ocrx_word' id='word_1_438' title='bbox 3399 2622 3690 2680; x_wconf 87' lang='lat' dir='ltr'><strong><em>relabente</em></strong></span> <span class='ocrx_word' id='word_1_439' title='bbox 3710 2621 3852 2678; x_wconf 84' lang='lat' dir='ltr'><strong><em>desti-</em></strong></span> 
     </span>
    </p>
   </div>
   <div class='ocr_carea' id='block_1_57' title="bbox 2257 2711 3851 2788">
    <p class='ocr_par' dir='ltr' id='par_1_57' title="bbox 2257 2711 3851 2788">
     <span class='ocr_line' id='line_1_57' title="bbox 2257 2711 3851 2788; baseline 0 -20"><span class='ocrx_word' id='word_1_440' title='bbox 2257 2720 2392 2769; x_wconf 93' lang='lat' dir='ltr'><strong><em>tuat.</em></strong></span> <span class='ocrx_word' id='word_1_441' title='bbox 2440 2713 2572 2769; x_wconf 86' lang='lat' dir='ltr'><strong><em>Nam</em></strong></span> <span class='ocrx_word' id='word_1_442' title='bbox 2602 2714 2730 2771; x_wconf 90' lang='lat' dir='ltr'><strong><em>licet</em></strong></span> <span class='ocrx_word' id='word_1_443' title='bbox 2755 2711 2782 2752; x_wconf 76' lang='grc' dir='ltr'><strong><em>(ι</em></strong></span> <span class='ocrx_word' id='word_1_444' title='bbox 2812 2713 3053 2788; x_wconf 87' lang='lat' dir='ltr'><strong><em>gravitas</em></strong></span> <span class='ocrx_word' id='word_1_445' title='bbox 3090 2713 3360 2771; x_wconf 91' lang='lat' dir='ltr'><strong><em>dictorum</em></strong></span> <span class='ocrx_word' id='word_1_446' title='bbox 3415 2715 3600 2782; x_wconf 89' lang='lat' dir='ltr'><strong><em>absit;</em></strong></span> <span class='ocrx_word' id='word_1_447' title='bbox 3656 2713 3851 2786; x_wconf 89' lang='lat' dir='ltr'><strong><em>poetico</em></strong></span> 
     </span>
    </p>
   </div>
   <div class='ocr_carea' id='block_1_58' title="bbox 2255 2807 3847 2881">
    <p class='ocr_par' dir='ltr' id='par_1_58' title="bbox 2255 2807 3847 2881">
     <span class='ocr_line' id='line_1_58' title="bbox 2255 2807 3847 2881; baseline -0.003 -16"><span class='ocrx_word' id='word_1_448' title='bbox 2255 2817 2434 2865; x_wconf 89' lang='lat' dir='ltr'><strong><em>tamen</em></strong></span> <span class='ocrx_word' id='word_1_449' title='bbox 2459 2809 2575 2865; x_wconf 89' lang='lat' dir='ltr'><strong><em>sale</em></strong></span> <span class='ocrx_word' id='word_1_450' title='bbox 2605 2809 2889 2866; x_wconf 86' lang='lat' dir='ltr'><strong><em>declarare</em></strong></span> <span class='ocrx_word' id='word_1_451' title='bbox 2921 2810 3212 2865; x_wconf 87' lang='lat' dir='ltr'><strong><em>voluerunt</em></strong></span> <span class='ocrx_word' id='word_1_452' title='bbox 3239 2809 3600 2881; x_wconf 90' lang='lat' dir='ltr'><strong><em>prudentium</em></strong></span> <span class='ocrx_word' id='word_1_453' title='bbox 3648 2807 3847 2865; x_wconf 82' lang='lat' dir='ltr'><strong><em>maturi-</em></strong></span> 
     </span>
    </p>
   </div>
   <div class='ocr_carea' id='block_1_59' title="bbox 2254 2903 3847 2976">
    <p class='ocr_par' dir='ltr' id='par_1_59' title="bbox 2254 2903 3847 2976">
     <span class='ocr_line' id='line_1_59' title="bbox 2254 2903 3847 2976; baseline -0.003 -17"><span class='ocrx_word' id='word_1_454' title='bbox 2254 2903 2350 2959; x_wconf 91' lang='lat' dir='ltr'><strong><em>tati</em></strong></span> <span class='ocrx_word' id='word_1_455' title='bbox 2383 2911 2528 2959; x_wconf 89' lang='lat' dir='ltr'><strong><em>tutos</em></strong></span> <span class='ocrx_word' id='word_1_456' title='bbox 2558 2918 2680 2960; x_wconf 90' lang='lat' dir='ltr'><strong><em>esse</em></strong></span> <span class='ocrx_word' id='word_1_457' title='bbox 2709 2904 2921 2961; x_wconf 86' lang='lat' dir='ltr'><strong><em>volatus</em></strong></span> <span class='ocrx_word' id='word_1_458' title='bbox 2948 2919 3047 2976; x_wconf 89' lang='lat' dir='ltr'><strong><em>per</em></strong></span> <span class='ocrx_word' id='word_1_459' title='bbox 3075 2903 3360 2971; x_wconf 69' lang='lat' dir='ltr'><strong><em>saeculum,</em></strong></span> <span class='ocrx_word' id='word_1_460' title='bbox 3403 2903 3709 2975; x_wconf 79' lang='lat' dir='ltr'><strong><em>iuvenilem</em></strong></span> <span class='ocrx_word' id='word_1_461' title='bbox 3739 2917 3847 2958; x_wconf 81' lang='lat' dir='ltr'><strong><em>vero</em></strong></span> 
     </span>
    </p>
   </div>
   <div class='ocr_carea' id='block_1_60' title="bbox 2250 2995 3845 3067">
    <p class='ocr_par' dir='ltr' id='par_1_60' title="bbox 2250 2995 3845 3067">
     <span class='ocr_line' id='line_1_60' title="bbox 2250 2995 3845 3067; baseline -0.001 -15"><span class='ocrx_word' id='word_1_462' title='bbox 2250 2995 2522 3052; x_wconf 85' lang='lat' dir='ltr'><strong><em>levitatem</em></strong></span> <span class='ocrx_word' id='word_1_463' title='bbox 2552 2996 2846 3054; x_wconf 80' lang='lat' dir='ltr'><strong><em>obnoxiam</em></strong></span> <span class='ocrx_word' id='word_1_464' title='bbox 2890 3007 2913 3035; x_wconf 76' lang='grc' dir='ltr'><strong>ο</strong></span> <span class='ocrx_word' id='word_1_465' title='bbox 2942 2995 3329 3067; x_wconf 86' lang='lat' dir='ltr'><strong><em>cupiditatibus</em></strong></span> <span class='ocrx_word' id='word_1_466' title='bbox 3372 2997 3604 3064; x_wconf 88' lang='lat' dir='ltr'><strong><em>mundi,</em></strong></span> <span class='ocrx_word' id='word_1_467' title='bbox 3637 2997 3845 3055; x_wconf 83' lang='lat' dir='ltr'><strong><em>reﬂuen-</em></strong></span> 
     </span>
    </p>
   </div>
   <div class='ocr_carea' id='block_1_61' title="bbox 2253 3089 3841 3162">
    <p class='ocr_par' dir='ltr' id='par_1_61' title="bbox 2253 3089 3841 3162">
     <span class='ocr_line' id='line_1_61' title="bbox 2253 3089 3841 3162; baseline 0.001 -18"><span class='ocrx_word' id='word_1_468' title='bbox 2253 3089 2394 3147; x_wconf 90' lang='lat' dir='ltr'><strong><em>tibus</em></strong></span> <span class='ocrx_word' id='word_1_469' title='bbox 2416 3093 2633 3162; x_wconf 90' lang='lat' dir='ltr'><strong><em>pennis,</em></strong></span> <span class='ocrx_word' id='word_1_470' title='bbox 2659 3100 2734 3157; x_wconf 90' lang='lat' dir='ltr'><strong><em>et,</em></strong></span> <span class='ocrx_word' id='word_1_471' title='bbox 2761 3107 2857 3162; x_wconf 90' lang='lat' dir='ltr'><strong><em>per</em></strong></span> <span class='ocrx_word' id='word_1_472' title='bbox 2871 3091 3067 3148; x_wconf 88' lang='lat' dir='ltr'><strong><em>oblivia</em></strong></span> <span class='ocrx_word' id='word_1_473' title='bbox 3081 3092 3349 3160; x_wconf 87' lang='lat' dir='ltr'><strong><em>veritatis,</em></strong></span> <span class='ocrx_word' id='word_1_474' title='bbox 3369 3093 3698 3149; x_wconf 91' lang='lat' dir='ltr'><strong><em>meritorum</em></strong></span> <span class='ocrx_word' id='word_1_475' title='bbox 3713 3107 3841 3148; x_wconf 86' lang='lat' dir='ltr'><strong><em>com-</em></strong></span> 
     </span>
    </p>
   </div>
   <div class='ocr_carea' id='block_1_62' title="bbox 533 3183 3728 3261">
    <p class='ocr_par' dir='ltr' id='par_1_62' title="bbox 533 3183 3728 3261">
     <span class='ocr_line' id='line_1_62' title="bbox 533 3183 3728 3261; baseline -0 -21"><span class='ocrx_word' id='word_1_476' title='bbox 533 3200 684 3252; x_wconf 89' lang='lat' dir='ltr'><strong><em>nem,</em></strong></span> <span class='ocrx_word' id='word_1_477' title='bbox 715 3186 1151 3257; x_wconf 87' lang='lat' dir='ltr'><strong><em>temperantiam,</em></strong></span> <span class='ocrx_word' id='word_1_478' title='bbox 1176 3197 1341 3260; x_wconf 89' lang='lat' dir='ltr'><strong><em>atque</em></strong></span> <span class='ocrx_word' id='word_1_479' title='bbox 1362 3189 1651 3261; x_wconf 87' lang='lat' dir='ltr'><strong><em>justitiam.</em></strong></span> <span class='ocrx_word' id='word_1_480' title='bbox 1676 3191 1968 3248; x_wconf 86' lang='lat' dir='ltr'><strong><em>Prudentia</em></strong></span> <span class='ocrx_word' id='word_1_481' title='bbox 1995 3193 2139 3248; x_wconf 91' lang='lat' dir='ltr'><strong><em>enim</em></strong></span> <span class='ocrx_word' id='word_1_482' title='bbox 2173 3197 2217 3259; x_wconf 87' lang='lat' dir='ltr'>C</span> <span class='ocrx_word' id='word_1_483' title='bbox 2251 3197 2387 3255; x_wconf 77' lang='lat' dir='ltr'><strong><em>page</em></strong></span> <span class='ocrx_word' id='word_1_484' title='bbox 2413 3183 2678 3251; x_wconf 82' lang='lat' dir='ltr'><strong><em>resoluta,</em></strong></span> <span class='ocrx_word' id='word_1_485' title='bbox 2705 3183 2914 3256; x_wconf 87' lang='lat' dir='ltr'><strong><em>majore</em></strong></span> <span class='ocrx_word' id='word_1_486' title='bbox 2946 3185 3192 3256; x_wconf 90' lang='lat' dir='ltr'><strong><em>pernicie</em></strong></span> <span class='ocrx_word' id='word_1_487' title='bbox 3219 3185 3272 3239; x_wconf 89' lang='lat' dir='ltr'><strong><em>in</em></strong></span> <span class='ocrx_word' id='word_1_488' title='bbox 3302 3194 3506 3241; x_wconf 85' lang='lat' dir='ltr'><strong><em>terram</em></strong></span> <span class='ocrx_word' id='word_1_489' title='bbox 3527 3185 3728 3244; x_wconf 84' lang='lat' dir='ltr'><strong><em>relabi.</em></strong></span> 
     </span>
    </p>
   </div>
   <div class='ocr_carea' id='block_1_63' title="bbox 529 3280 2140 3357">
    <p class='ocr_par' dir='ltr' id='par_1_63' title="bbox 529 3280 2140 3357">
     <span class='ocr_line' id='line_1_63' title="bbox 529 3280 2140 3357; baseline 0.004 -21"><span class='ocrx_word' id='word_1_490' title='bbox 529 3281 762 3338; x_wconf 89' lang='lat' dir='ltr'><strong><em>rationis</em></strong></span> <span class='ocrx_word' id='word_1_491' title='bbox 792 3280 1045 3338; x_wconf 72' lang='lat' dir='ltr'><strong><em>humanae</em></strong></span> <span class='ocrx_word' id='word_1_492' title='bbox 1068 3291 1149 3340; x_wconf 90' lang='lat' dir='ltr'><strong><em>est</em></strong></span> <span class='ocrx_word' id='word_1_493' title='bbox 1191 3301 1204 3338; x_wconf 91' lang='lat'>:</span> <span class='ocrx_word' id='word_1_494' title='bbox 1247 3282 1507 3340; x_wconf 77' lang='lat' dir='ltr'><strong><em>fortitudo</em></strong></span> <span class='ocrx_word' id='word_1_495' title='bbox 1533 3284 1642 3341; x_wconf 90' lang='lat' dir='ltr'><strong><em>vim</em></strong></span> <span class='ocrx_word' id='word_1_496' title='bbox 1673 3286 1965 3357; x_wconf 90' lang='lat' dir='ltr'><strong><em>quamdam</em></strong></span> <span class='ocrx_word' id='word_1_497' title='bbox 1996 3287 2140 3344; x_wconf 85' lang='lat' dir='ltr'><strong><em>fero-</em></strong></span> 
     </span>
    </p>
   </div>
   <div class='ocr_carea' id='block_1_64' title="bbox 527 3371 2141 3452">
    <p class='ocr_par' dir='ltr' id='par_1_64' title="bbox 527 3371 2141 3452">
     <span class='ocr_line' id='line_1_64' title="bbox 527 3371 2141 3452; baseline 0.006 -24"><span class='ocrx_word' id='word_1_498' title='bbox 527 3371 727 3430; x_wconf 90' lang='lat' dir='ltr'><strong><em>cientis</em></strong></span> <span class='ocrx_word' id='word_1_499' title='bbox 756 3375 974 3432; x_wconf 90' lang='lat' dir='ltr'><strong><em>virtutis</em></strong></span> <span class='ocrx_word' id='word_1_500' title='bbox 1018 3376 1202 3445; x_wconf 87' lang='lat' dir='ltr'><strong><em>habet,</em></strong></span> <span class='ocrx_word' id='word_1_501' title='bbox 1230 3377 1530 3450; x_wconf 89' lang='lat' dir='ltr'><strong><em>mortisque</em></strong></span> <span class='ocrx_word' id='word_1_502' title='bbox 1555 3389 1926 3452; x_wconf 90' lang='lat' dir='ltr'><strong><em>contemptum</em></strong></span> <span class='ocrx_word' id='word_1_503' title='bbox 1955 3397 1971 3436; x_wconf 89' lang='lat'><strong>:</strong></span> <span class='ocrx_word' id='word_1_504' title='bbox 2004 3389 2141 3438; x_wconf 88' lang='lat' dir='ltr'><strong><em>tem-</em></strong></span> 
     </span>
    </p>
   </div>
   <div class='ocr_carea' id='block_1_65' title="bbox 529 3468 2138 3545">
    <p class='ocr_par' dir='ltr' id='par_1_65' title="bbox 529 3468 2138 3545">
     <span class='ocr_line' id='line_1_65' title="bbox 529 3468 2138 3545; baseline 0.005 -22"><span class='ocrx_word' id='word_1_505' title='bbox 529 3468 771 3538; x_wconf 89' lang='lat' dir='ltr'><strong><em>perantia</em></strong></span> <span class='ocrx_word' id='word_1_506' title='bbox 804 3479 1035 3525; x_wconf 77' lang='lat' dir='ltr'><strong><em>sacratae</em></strong></span> <span class='ocrx_word' id='word_1_507' title='bbox 1056 3468 1274 3526; x_wconf 85' lang='lat' dir='ltr'><strong><em>vinculo</em></strong></span> <span class='ocrx_word' id='word_1_508' title='bbox 1301 3471 1609 3539; x_wconf 87' lang='lat' dir='ltr'><strong><em>charitatis,</em></strong></span> <span class='ocrx_word' id='word_1_509' title='bbox 1641 3474 2138 3545; x_wconf 83' lang='lat' dir='ltr'><strong><em>mysteriorumque</em></strong></span> 
     </span>
    </p>
   </div>
   <div class='ocr_carea' id='block_1_66' title="bbox 525 3560 2141 3638">
    <p class='ocr_par' dir='ltr' id='par_1_66' title="bbox 525 3560 2141 3638">
     <span class='ocr_line' id='line_1_66' title="bbox 525 3560 2141 3638; baseline 0.003 -22"><span class='ocrx_word' id='word_1_510' title='bbox 525 3560 988 3632; x_wconf 85' lang='lat' dir='ltr'><strong><em>contemplatione</em></strong></span> <span class='ocrx_word' id='word_1_511' title='bbox 1014 3562 1345 3632; x_wconf 79' lang='lat' dir='ltr'><strong><em>ccelestium,</em></strong></span> <span class='ocrx_word' id='word_1_512' title='bbox 1396 3565 1620 3637; x_wconf 85' lang='lat' dir='ltr'><strong><em>negligit</em></strong></span> <span class='ocrx_word' id='word_1_513' title='bbox 1658 3566 1908 3638; x_wconf 90' lang='lat' dir='ltr'><strong><em>corporis</em></strong></span> <span class='ocrx_word' id='word_1_514' title='bbox 1948 3566 2141 3636; x_wconf 88' lang='lat' dir='ltr'><strong><em>volup-</em></strong></span> 
     </span>
    </p>
   </div>
   <div class='ocr_carea' id='block_1_67' title="bbox 525 3653 2133 3731">
    <p class='ocr_par' dir='ltr' id='par_1_67' title="bbox 525 3653 2133 3731">
     <span class='ocr_line' id='line_1_67' title="bbox 525 3653 2133 3731; baseline 0.004 -23"><span class='ocrx_word' id='word_1_515' title='bbox 525 3659 668 3709; x_wconf 84' lang='lat' dir='ltr'><strong><em>tates</em></strong></span> <span class='ocrx_word' id='word_1_516' title='bbox 696 3671 710 3706; x_wconf 89' lang='lat'><strong>:</strong></span> <span class='ocrx_word' id='word_1_517' title='bbox 736 3653 944 3724; x_wconf 76' lang='lat' dir='ltr'><strong><em>iustitia</em></strong></span> <span class='ocrx_word' id='word_1_518' title='bbox 976 3654 1030 3710; x_wconf 91' lang='lat' dir='ltr'><strong><em>in</em></strong></span> <span class='ocrx_word' id='word_1_519' title='bbox 1055 3654 1166 3710; x_wconf 88' lang='lat' dir='ltr'><strong><em>alto</em></strong></span> <span class='ocrx_word' id='word_1_520' title='bbox 1194 3657 1431 3727; x_wconf 91' lang='lat' dir='ltr'><strong><em>quodam</em></strong></span> <span class='ocrx_word' id='word_1_521' title='bbox 1459 3669 1714 3731; x_wconf 85' lang='lat' dir='ltr'><strong><em>suggestu</em></strong></span> <span class='ocrx_word' id='word_1_522' title='bbox 1755 3659 1930 3715; x_wconf 91' lang='lat' dir='ltr'><strong><em>locata</em></strong></span> <span class='ocrx_word' id='word_1_523' title='bbox 1964 3660 2133 3726; x_wconf 89' lang='lat' dir='ltr'><strong><em>videt,</em></strong></span> 
     </span>
    </p>
   </div>
   <div class='ocr_carea' id='block_1_68' title="bbox 520 3747 2133 3824">
    <p class='ocr_par' dir='ltr' id='par_1_68' title="bbox 520 3747 2133 3824">
     <span class='ocr_line' id='line_1_68' title="bbox 520 3747 2133 3824; baseline 0.004 -23"><span class='ocrx_word' id='word_1_524' title='bbox 520 3748 879 3818; x_wconf 84' lang='lat' dir='ltr'><strong><em>exploratque</em></strong></span> <span class='ocrx_word' id='word_1_525' title='bbox 931 3749 1159 3804; x_wconf 88' lang='lat' dir='ltr'><strong><em>omnia:</em></strong></span> <span class='ocrx_word' id='word_1_526' title='bbox 1206 3747 1380 3820; x_wconf 68' lang='lat' dir='ltr'><strong><em>bqua:</em></strong></span> <span class='ocrx_word' id='word_1_527' title='bbox 1427 3749 1547 3806; x_wconf 90' lang='lat' dir='ltr'><strong><em>aliis</em></strong></span> <span class='ocrx_word' id='word_1_528' title='bbox 1598 3751 1776 3822; x_wconf 90' lang='lat' dir='ltr'><strong><em>potius</em></strong></span> <span class='ocrx_word' id='word_1_529' title='bbox 1823 3762 1944 3808; x_wconf 88' lang='lat' dir='ltr'><strong><em>nata</em></strong></span> <span class='ocrx_word' id='word_1_530' title='bbox 1972 3767 2133 3824; x_wconf 90' lang='lat' dir='ltr'><strong><em>quam</em></strong></span> 
     </span>
    </p>
   </div>
   <div class='ocr_carea' id='block_1_69' title="bbox 520 3840 2136 3918">
    <p class='ocr_par' dir='ltr' id='par_1_69' title="bbox 520 3840 2136 3918">
     <span class='ocr_line' id='line_1_69' title="bbox 520 3840 2136 3918; baseline 0.004 -22"><span class='ocrx_word' id='word_1_531' title='bbox 520 3840 645 3909; x_wconf 88' lang='lat' dir='ltr'><strong><em>sibi,</em></strong></span> <span class='ocrx_word' id='word_1_532' title='bbox 705 3857 817 3898; x_wconf 91' lang='lat' dir='ltr'><strong><em>non</em></strong></span> <span class='ocrx_word' id='word_1_533' title='bbox 848 3851 956 3898; x_wconf 91' lang='lat' dir='ltr'><strong><em>tam</em></strong></span> <span class='ocrx_word' id='word_1_534' title='bbox 989 3857 1116 3899; x_wconf 89' lang='lat' dir='ltr'><strong><em>suas</em></strong></span> <span class='ocrx_word' id='word_1_535' title='bbox 1168 3843 1431 3901; x_wconf 88' lang='lat' dir='ltr'><strong><em>utilitates</em></strong></span> <span class='ocrx_word' id='word_1_536' title='bbox 1461 3861 1622 3917; x_wconf 89' lang='lat' dir='ltr'><strong><em>quam</em></strong></span> <span class='ocrx_word' id='word_1_537' title='bbox 1667 3845 1878 3918; x_wconf 88' lang='lat' dir='ltr'><strong><em>publica</em></strong></span> <span class='ocrx_word' id='word_1_538' title='bbox 1927 3847 2136 3903; x_wconf 89' lang='lat' dir='ltr'><strong><em>emolu-</em></strong></span> 
     </span>
    </p>
   </div>
   <div class='ocr_carea' id='block_1_70' title="bbox 517 3936 2129 4013">
    <p class='ocr_par' dir='ltr' id='par_1_70' title="bbox 517 3936 2129 4013">
     <span class='ocr_line' id='line_1_70' title="bbox 517 3936 2129 4013; baseline 0.005 -23"><span class='ocrx_word' id='word_1_539' title='bbox 517 3943 701 3992; x_wconf 88' lang='lat' dir='ltr'><strong><em>menta</em></strong></span> <span class='ocrx_word' id='word_1_540' title='bbox 733 3937 983 3992; x_wconf 90' lang='lat' dir='ltr'><strong><em>rimatur.</em></strong></span> <span class='ocrx_word' id='word_1_541' title='bbox 1031 3936 1338 4010; x_wconf 88' lang='lat' dir='ltr'><strong><em>Meritoque</em></strong></span> <span class='ocrx_word' id='word_1_542' title='bbox 1378 3939 1559 3996; x_wconf 89' lang='lat' dir='ltr'><strong><em>anima</em></strong></span> <span class='ocrx_word' id='word_1_543' title='bbox 1589 3953 1814 4012; x_wconf 89' lang='lat' dir='ltr'><strong><em>operata</em></strong></span> <span class='ocrx_word' id='word_1_544' title='bbox 1836 3941 2129 4013; x_wconf 88' lang='lat' dir='ltr'><strong><em>justitiam,</em></strong></span> 
     </span>
    </p>
   </div>
   <div class='ocr_carea' id='block_1_71' title="bbox 514 4027 2131 4109">
    <p class='ocr_par' dir='ltr' id='par_1_71' title="bbox 514 4027 2131 4109">
     <span class='ocr_line' id='line_1_71' title="bbox 514 4027 2131 4109; baseline 0.004 -24"><span class='ocrx_word' id='word_1_545' title='bbox 514 4027 744 4086; x_wconf 88' lang='lat' dir='ltr'><strong><em>formam</em></strong></span> <span class='ocrx_word' id='word_1_546' title='bbox 774 4029 969 4104; x_wconf 64' lang='lat' dir='ltr'><strong><em>aquilae</em></strong></span> <span class='ocrx_word' id='word_1_547' title='bbox 1001 4033 1222 4104; x_wconf 88' lang='lat' dir='ltr'><strong><em>accipit,</em></strong></span> <span class='ocrx_word' id='word_1_548' title='bbox 1265 4033 1410 4106; x_wconf 91' lang='lat' dir='ltr'><strong><em>quod</em></strong></span> <span class='ocrx_word' id='word_1_549' title='bbox 1442 4042 1660 4093; x_wconf 89' lang='lat' dir='ltr'><strong><em>terrena</em></strong></span> <span class='ocrx_word' id='word_1_550' title='bbox 1700 4036 2008 4109; x_wconf 84' lang='lat' dir='ltr'><strong><em>defugiens,</em></strong></span> <span class='ocrx_word' id='word_1_551' title='bbox 2043 4047 2131 4093; x_wconf 86' lang='lat' dir='ltr'><strong><em>to-</em></strong></span> 
     </span>
    </p>
   </div>
   <div class='ocr_carea' id='block_1_72' title="bbox 513 4211 2126 4291">
    <p class='ocr_par' dir='ltr' id='par_1_72' title="bbox 513 4211 2126 4291">
     <span class='ocr_line' id='line_1_72' title="bbox 513 4211 2126 4291; baseline 0.003 -21"><span class='ocrx_word' id='word_1_552' title='bbox 513 4227 565 4270; x_wconf 91' lang='lat' dir='ltr'><strong><em>c.</em></strong></span> <span class='ocrx_word' id='word_1_553' title='bbox 582 4211 638 4281; x_wconf 89' lang='lat'><strong><em>8,</em></strong></span> <span class='ocrx_word' id='word_1_554' title='bbox 653 4231 802 4291; x_wconf 87' lang='lat' dir='ltr'><strong><em>num.</em></strong></span> <span class='ocrx_word' id='word_1_555' title='bbox 830 4215 923 4291; x_wconf 60' lang='lat' dir='ltr'><strong><em>5i,</em></strong></span> <span class='ocrx_word' id='word_1_556' title='bbox 944 4216 1314 4291; x_wconf 70' lang='lat' dir='ltr'><strong><em>disputantur,</em></strong></span> <span class='ocrx_word' id='word_1_557' title='bbox 1347 4218 1488 4275; x_wconf 87' lang='lat' dir='ltr'><strong><em>inter</em></strong></span> <span class='ocrx_word' id='word_1_558' title='bbox 1511 4233 1572 4277; x_wconf 90' lang='lat' dir='ltr'><strong><em>se</em></strong></span> <span class='ocrx_word' id='word_1_559' title='bbox 1585 4234 1924 4291; x_wconf 87' lang='lat' dir='ltr'><strong><em>comparare.</em></strong></span> <span class='ocrx_word' id='word_1_560' title='bbox 1952 4219 2126 4276; x_wconf 88' lang='lat' dir='ltr'><strong><em>Sedet</em></strong></span> 
     </span>
    </p>
   </div>
   <div class='ocr_carea' id='block_1_73' title="bbox 511 4287 2127 4362">
    <p class='ocr_par' dir='ltr' id='par_1_73' title="bbox 511 4287 2127 4362">
     <span class='ocr_line' id='line_1_73' title="bbox 511 4287 2127 4362; baseline 0.002 -20"><span class='ocrx_word' id='word_1_561' title='bbox 511 4293 640 4362; x_wconf 71' lang='lat' dir='ltr'><strong><em>ante</em></strong></span> <span class='ocrx_word' id='word_1_562' title='bbox 661 4287 1015 4362; x_wconf 77' lang='lat' dir='ltr'><strong><em>Ambrosium</em></strong></span> <span class='ocrx_word' id='word_1_563' title='bbox 1038 4287 1297 4362; x_wconf 65' lang='lat' dir='ltr'><strong><em>Justinus</em></strong></span> <span class='ocrx_word' id='word_1_564' title='bbox 1335 4287 1948 4362; x_wconf 15' lang='lat' dir='ltr'><strong><em>martyrioratfParten.</em></strong></span> <span class='ocrx_word' id='word_1_565' title='bbox 1976 4308 2127 4346; x_wconf 91' lang='lat' dir='ltr'><strong><em>eum-</em></strong></span> 
     </span>
    </p>
   </div>
   <div class='ocr_carea' id='block_1_74' title="bbox 511 4356 2125 4431">
    <p class='ocr_par' dir='ltr' id='par_1_74' title="bbox 511 4356 2125 4431">
     <span class='ocr_line' id='line_1_74' title="bbox 511 4356 2125 4431; baseline 0.004 -19"><span class='ocrx_word' id='word_1_566' title='bbox 511 4356 638 4431; x_wconf 84' lang='lat' dir='ltr'><strong><em>dem</em></strong></span> <span class='ocrx_word' id='word_1_567' title='bbox 693 4358 1077 4431; x_wconf 83' lang='lat' dir='ltr'><strong><em>philosophum</em></strong></span> <span class='ocrx_word' id='word_1_568' title='bbox 1124 4356 1513 4430; x_wconf 80' lang='lat' dir='ltr'><strong><em>prophetarum</em></strong></span> <span class='ocrx_word' id='word_1_569' title='bbox 1548 4361 1740 4431; x_wconf 87' lang='lat' dir='ltr'><strong><em>libros,</em></strong></span> <span class='ocrx_word' id='word_1_570' title='bbox 1771 4372 1827 4419; x_wconf 91' lang='lat' dir='ltr'><strong><em>et</em></strong></span> <span class='ocrx_word' id='word_1_571' title='bbox 1873 4361 2016 4418; x_wconf 86' lang='lat' dir='ltr'><strong><em>hunc</em></strong></span> <span class='ocrx_word' id='word_1_572' title='bbox 2044 4365 2125 4418; x_wconf 92' lang='lat' dir='ltr'><strong><em>in-</em></strong></span> 
     </span>
    </p>
   </div>
   <div class='ocr_carea' id='block_1_75' title="bbox 511 4429 2124 4511">
    <p class='ocr_par' dir='ltr' id='par_1_75' title="bbox 511 4429 2124 4511">
     <span class='ocr_line' id='line_1_75' title="bbox 511 4429 2124 4511; baseline 0.002 -25"><span class='ocrx_word' id='word_1_573' title='bbox 511 4429 731 4511; x_wconf 45' lang='lat' dir='ltr'><strong><em>primis.</em></strong></span> <span class='ocrx_word' id='word_1_574' title='bbox 757 4430 1062 4511; x_wconf 56' lang='lat' dir='ltr'><strong><em>Eaechielis</em></strong></span> <span class='ocrx_word' id='word_1_575' title='bbox 1120 4429 1299 4511; x_wconf 81' lang='lat' dir='ltr'><strong><em>locum</em></strong></span> <span class='ocrx_word' id='word_1_576' title='bbox 1362 4433 1661 4511; x_wconf 70' lang='lat' dir='ltr'><strong><em>perlegisse</em></strong></span> <span class='ocrx_word' id='word_1_577' title='bbox 1701 4429 1962 4511; x_wconf 82' lang='lat' dir='ltr'><strong><em>testatus,</em></strong></span> <span class='ocrx_word' id='word_1_578' title='bbox 2025 4435 2124 4490; x_wconf 90' lang='lat' dir='ltr'><strong><em>ad-</em></strong></span> 
     </span>
    </p>
   </div>
   <div class='ocr_carea' id='block_1_76' title="bbox 2325 3275 3839 3335">
    <p class='ocr_par' dir='ltr' id='par_1_76' title="bbox 2325 3275 3839 3335">
     <span class='ocr_line' id='line_1_76' title="bbox 2325 3275 3839 3335; baseline 0.001 -5"><span class='ocrx_word' id='word_1_579' title='bbox 2325 3276 2447 3332; x_wconf 86' lang='grc'><strong>117.</strong></span> <span class='ocrx_word' id='word_1_580' title='bbox 2487 3276 2637 3331; x_wconf 90' lang='lat' dir='ltr'><strong><em>llaud</em></strong></span> <span class='ocrx_word' id='word_1_581' title='bbox 2667 3275 2844 3332; x_wconf 82' lang='lat' dir='ltr'><strong><em>facilis</em></strong></span> <span class='ocrx_word' id='word_1_582' title='bbox 2873 3277 3088 3332; x_wconf 90' lang='lat' dir='ltr'><strong><em>volatus</em></strong></span> <span class='ocrx_word' id='word_1_583' title='bbox 3111 3277 3366 3333; x_wconf 89' lang='lat' dir='ltr'><strong><em>omnibus</em></strong></span> <span class='ocrx_word' id='word_1_584' title='bbox 3393 3293 3410 3334; x_wconf 86' lang='lat'><strong>:</strong></span> <span class='ocrx_word' id='word_1_585' title='bbox 3437 3278 3684 3335; x_wconf 83' lang='lat' dir='ltr'><strong><em>difﬁcilis</em></strong></span> <span class='ocrx_word' id='word_1_586' title='bbox 3702 3277 3839 3334; x_wconf 86' lang='lat' dir='ltr'><strong><em>etiam</em></strong></span> 
     </span>
    </p>
   </div>
   <div class='ocr_carea' id='block_1_77' title="bbox 2253 3367 3839 3431">
    <p class='ocr_par' dir='ltr' id='par_1_77' title="bbox 2253 3367 3839 3431">
     <span class='ocr_line' id='line_1_77' title="bbox 2253 3367 3839 3431; baseline 0.001 -5"><span class='ocrx_word' id='word_1_587' title='bbox 2253 3367 2272 3408; x_wconf 71' lang='grc' dir='ltr'>ί</span> <span class='ocrx_word' id='word_1_588' title='bbox 2293 3370 2729 3429; x_wconf 89' lang='lat' dir='ltr'><strong><em>discordantibus</em></strong></span> <span class='ocrx_word' id='word_1_589' title='bbox 2761 3371 2990 3428; x_wconf 87' lang='lat' dir='ltr'><strong><em>internis</em></strong></span> <span class='ocrx_word' id='word_1_590' title='bbox 3019 3371 3346 3430; x_wconf 88' lang='lat' dir='ltr'><strong><em>animalibus</em></strong></span> <span class='ocrx_word' id='word_1_591' title='bbox 3375 3374 3500 3430; x_wconf 66' lang='lat' dir='ltr'><strong><em>vita:</em></strong></span> <span class='ocrx_word' id='word_1_592' title='bbox 3525 3389 3725 3431; x_wconf 88' lang='lat' dir='ltr'><strong><em>cursus</em></strong></span> <span class='ocrx_word' id='word_1_593' title='bbox 3757 3373 3839 3429; x_wconf 87' lang='lat' dir='ltr'><strong><em>hu-</em></strong></span> 
     </span>
    </p>
   </div>
   <div class='ocr_carea' id='block_1_78' title="bbox 2247 3466 3834 3530">
    <p class='ocr_par' dir='ltr' id='par_1_78' title="bbox 2247 3466 3834 3530">
     <span class='ocr_line' id='line_1_78' title="bbox 2247 3466 3834 3530; baseline 0 -8"><span class='ocrx_word' id='word_1_594' title='bbox 2247 3483 2423 3522; x_wconf 75' lang='lat' dir='ltr'><strong><em>mana:</em></strong></span> <span class='ocrx_word' id='word_1_595' title='bbox 2453 3474 2558 3524; x_wconf 90' lang='lat' dir='ltr'><strong><em>est.</em></strong></span> <span class='ocrx_word' id='word_1_596' title='bbox 2592 3472 2661 3522; x_wconf 83' lang='lat' dir='ltr'><strong><em>At</em></strong></span> <span class='ocrx_word' id='word_1_597' title='bbox 2701 3467 2746 3522; x_wconf 92' lang='lat' dir='ltr'><strong><em>si</em></strong></span> <span class='ocrx_word' id='word_1_598' title='bbox 2788 3466 2891 3523; x_wconf 90' lang='lat' dir='ltr'><strong><em>sibi</em></strong></span> <span class='ocrx_word' id='word_1_599' title='bbox 2938 3477 3092 3523; x_wconf 85' lang='lat' dir='ltr'><strong><em>actus</em></strong></span> <span class='ocrx_word' id='word_1_600' title='bbox 3141 3469 3311 3523; x_wconf 89' lang='lat' dir='ltr'><strong><em>nostri</em></strong></span> <span class='ocrx_word' id='word_1_601' title='bbox 3357 3467 3496 3524; x_wconf 89' lang='lat' dir='ltr'><strong><em>ordo</em></strong></span> <span class='ocrx_word' id='word_1_602' title='bbox 3535 3468 3834 3530; x_wconf 85' lang='lat' dir='ltr'><strong><em>conveniat,</em></strong></span> 
     </span>
    </p>
   </div>
   <div class='ocr_carea' id='block_1_79' title="bbox 2245 3559 3835 3632">
    <p class='ocr_par' dir='ltr' id='par_1_79' title="bbox 2245 3559 3835 3632">
     <span class='ocr_line' id='line_1_79' title="bbox 2245 3559 3835 3632; baseline -0.002 -16"><span class='ocrx_word' id='word_1_603' title='bbox 2245 3559 2450 3616; x_wconf 82' lang='lat' dir='ltr'><strong><em>videbit</em></strong></span> <span class='ocrx_word' id='word_1_604' title='bbox 2479 3570 2532 3616; x_wconf 91' lang='lat' dir='ltr'><strong><em>et</em></strong></span> <span class='ocrx_word' id='word_1_605' title='bbox 2565 3559 2617 3616; x_wconf 92' lang='lat' dir='ltr'><strong><em>in</em></strong></span> <span class='ocrx_word' id='word_1_606' title='bbox 2639 3559 2796 3616; x_wconf 90' lang='lat' dir='ltr'><strong><em>nobis</em></strong></span> <span class='ocrx_word' id='word_1_607' title='bbox 2827 3560 3091 3631; x_wconf 82' lang='lat' dir='ltr'><strong><em>propheta</em></strong></span> <span class='ocrx_word' id='word_1_608' title='bbox 3119 3571 3296 3615; x_wconf 90' lang='lat' dir='ltr'><strong><em>rotam</em></strong></span> <span class='ocrx_word' id='word_1_609' title='bbox 3324 3559 3472 3616; x_wconf 90' lang='lat' dir='ltr'><strong><em>illam</em></strong></span> <span class='ocrx_word' id='word_1_610' title='bbox 3505 3578 3670 3618; x_wconf 90' lang='lat' dir='ltr'><strong><em>unam</em></strong></span> <span class='ocrx_word' id='word_1_611' title='bbox 3697 3575 3835 3632; x_wconf 85' lang='lat' dir='ltr'><strong><em>super</em></strong></span> 
     </span>
    </p>
   </div>
   <div class='ocr_carea' id='block_1_80' title="bbox 2247 3655 3835 3729">
    <p class='ocr_par' dir='ltr' id='par_1_80' title="bbox 2247 3655 3835 3729">
     <span class='ocr_line' id='line_1_80' title="bbox 2247 3655 3835 3729; baseline 0 -17"><span class='ocrx_word' id='word_1_612' title='bbox 2247 3665 2447 3713; x_wconf 88' lang='lat' dir='ltr'><strong><em>terram</em></strong></span> <span class='ocrx_word' id='word_1_613' title='bbox 2471 3657 2819 3728; x_wconf 85' lang='lat' dir='ltr'><strong><em>conjunctam</em></strong></span> <span class='ocrx_word' id='word_1_614' title='bbox 2849 3655 3173 3712; x_wconf 90' lang='lat' dir='ltr'><strong><em>animalibus</em></strong></span> <span class='ocrx_word' id='word_1_615' title='bbox 3199 3667 3450 3729; x_wconf 90' lang='lat' dir='ltr'><strong><em>quatuor.</em></strong></span> <span class='ocrx_word' id='word_1_616' title='bbox 3477 3657 3706 3715; x_wconf 85' lang='lat' dir='ltr'><strong><em>Videbit</em></strong></span> <span class='ocrx_word' id='word_1_617' title='bbox 3726 3669 3835 3726; x_wconf 80' lang='lat' dir='ltr'><strong><em>ergo</em></strong></span> 
     </span>
    </p>
   </div>
   <div class='ocr_carea' id='block_1_81' title="bbox 2239 3748 3833 3823">
    <p class='ocr_par' dir='ltr' id='par_1_81' title="bbox 2239 3748 3833 3823">
     <span class='ocr_line' id='line_1_81' title="bbox 2239 3748 3833 3823; baseline -0.001 -19"><span class='ocrx_word' id='word_1_618' title='bbox 2239 3763 2430 3806; x_wconf 91' lang='lat' dir='ltr'><strong><em>rursus</em></strong></span> <span class='ocrx_word' id='word_1_619' title='bbox 2458 3749 2742 3816; x_wconf 85' lang='lat' dir='ltr'><strong><em>Ezechiel;</em></strong></span> <span class='ocrx_word' id='word_1_620' title='bbox 2770 3748 2919 3806; x_wconf 88' lang='lat' dir='ltr'><strong><em>videt</em></strong></span> <span class='ocrx_word' id='word_1_621' title='bbox 2952 3749 3098 3806; x_wconf 92' lang='lat' dir='ltr'><strong><em>enim</em></strong></span> <span class='ocrx_word' id='word_1_622' title='bbox 3130 3749 3308 3805; x_wconf 90' lang='lat' dir='ltr'><strong><em>adhuc</em></strong></span> <span class='ocrx_word' id='word_1_623' title='bbox 3335 3759 3392 3807; x_wconf 90' lang='lat' dir='ltr'><strong><em>et</em></strong></span> <span class='ocrx_word' id='word_1_624' title='bbox 3418 3751 3593 3823; x_wconf 84' lang='lat' dir='ltr'><strong><em>viget,</em></strong></span> <span class='ocrx_word' id='word_1_625' title='bbox 3622 3760 3678 3808; x_wconf 90' lang='lat' dir='ltr'><strong><em>ct</em></strong></span> <span class='ocrx_word' id='word_1_626' title='bbox 3703 3751 3833 3822; x_wconf 86' lang='lat' dir='ltr'><strong><em>vige-</em></strong></span> 
     </span>
    </p>
   </div>
   <div class='ocr_carea' id='block_1_82' title="bbox 2239 3841 3828 3914">
    <p class='ocr_par' dir='ltr' id='par_1_82' title="bbox 2239 3841 3828 3914">
     <span class='ocr_line' id='line_1_82' title="bbox 2239 3841 3828 3914; baseline -0.001 -16"><span class='ocrx_word' id='word_1_627' title='bbox 2239 3841 2338 3898; x_wconf 91' lang='lat' dir='ltr'><strong><em>bit.</em></strong></span> <span class='ocrx_word' id='word_1_628' title='bbox 2370 3842 2612 3909; x_wconf 75' lang='lat' dir='ltr'><strong><em>V&#39;idebit,</em></strong></span> <span class='ocrx_word' id='word_1_629' title='bbox 2667 3842 2885 3913; x_wconf 90' lang='lat' dir='ltr'><strong><em>inquam</em></strong></span> <span class='ocrx_word' id='word_1_630' title='bbox 2908 3883 2924 3910; x_wconf 96' lang='lat'><strong><em>,</em></strong></span> <span class='ocrx_word' id='word_1_631' title='bbox 2977 3852 3152 3898; x_wconf 90' lang='lat' dir='ltr'><strong><em>rotam</em></strong></span> <span class='ocrx_word' id='word_1_632' title='bbox 3202 3842 3257 3898; x_wconf 93' lang='lat' dir='ltr'><strong><em>in</em></strong></span> <span class='ocrx_word' id='word_1_633' title='bbox 3288 3843 3470 3899; x_wconf 90' lang='lat' dir='ltr'><strong><em>medio</em></strong></span> <span class='ocrx_word' id='word_1_634' title='bbox 3511 3854 3650 3902; x_wconf 87' lang='lat' dir='ltr'><strong><em>rotae</em></strong></span> <span class='ocrx_word' id='word_1_635' title='bbox 3686 3857 3828 3914; x_wconf 88' lang='lat' dir='ltr'><strong><em>super</em></strong></span> 
     </span>
    </p>
   </div>
   <div class='ocr_carea' id='block_1_83' title="bbox 2238 3933 3821 4009">
    <p class='ocr_par' dir='ltr' id='par_1_83' title="bbox 2238 3933 3821 4009">
     <span class='ocr_line' id='line_1_83' title="bbox 2238 3933 3821 4009; baseline -0.004 -16"><span class='ocrx_word' id='word_1_636' title='bbox 2238 3946 2437 3994; x_wconf 90' lang='lat' dir='ltr'><strong><em>terram</em></strong></span> <span class='ocrx_word' id='word_1_637' title='bbox 2469 3938 2590 3994; x_wconf 92' lang='lat' dir='ltr'><strong><em>sine</em></strong></span> <span class='ocrx_word' id='word_1_638' title='bbox 2613 3935 2912 3994; x_wconf 71' lang='lat' dir='ltr'><strong><em>offensione</em></strong></span> <span class='ocrx_word' id='word_1_639' title='bbox 2943 3936 3217 3993; x_wconf 89' lang='lat' dir='ltr'><strong><em>labentem</em></strong></span> <span class='ocrx_word' id='word_1_640' title='bbox 3245 3934 3466 4009; x_wconf 80' lang='lat' dir='ltr'><strong><em>(Ezech.</em></strong></span> <span class='ocrx_word' id='word_1_641' title='bbox 3498 3955 3551 4006; x_wconf 83' lang='grc' dir='ltr'><strong><em>ι,</em></strong></span> <span class='ocrx_word' id='word_1_642' title='bbox 3589 3939 3686 4006; x_wconf 83' lang='grc'><strong><em>15,</em></strong></span> <span class='ocrx_word' id='word_1_643' title='bbox 3725 3933 3821 4003; x_wconf 85' lang='grc'><strong>16).</strong></span> 
     </span>
    </p>
   </div>
   <div class='ocr_carea' id='block_1_84' title="bbox 2238 4031 3832 4104">
    <p class='ocr_par' dir='ltr' id='par_1_84' title="bbox 2238 4031 3832 4104">
     <span class='ocr_line' id='line_1_84' title="bbox 2238 4031 3832 4104; baseline -0.005 -13"><span class='ocrx_word' id='word_1_644' title='bbox 2238 4036 2375 4091; x_wconf 75' lang='lat' dir='ltr'><strong><em>Rata</em></strong></span> <span class='ocrx_word' id='word_1_645' title='bbox 2401 4032 2547 4090; x_wconf 91' lang='lat' dir='ltr'><strong><em>enim</em></strong></span> <span class='ocrx_word' id='word_1_646' title='bbox 2583 4047 2748 4104; x_wconf 89' lang='lat' dir='ltr'><strong><em>super</em></strong></span> <span class='ocrx_word' id='word_1_647' title='bbox 2787 4041 2988 4088; x_wconf 88' lang='lat' dir='ltr'><strong><em>terram</em></strong></span> <span class='ocrx_word' id='word_1_648' title='bbox 3021 4031 3130 4088; x_wconf 89' lang='lat' dir='ltr'><strong><em>vita</em></strong></span> <span class='ocrx_word' id='word_1_649' title='bbox 3160 4040 3245 4088; x_wconf 89' lang='lat' dir='ltr'><strong><em>est</em></strong></span> <span class='ocrx_word' id='word_1_650' title='bbox 3265 4031 3518 4104; x_wconf 89' lang='lat' dir='ltr'><strong><em>corporis</em></strong></span> <span class='ocrx_word' id='word_1_651' title='bbox 3547 4032 3619 4089; x_wconf 85' lang='lat' dir='ltr'><strong><em>ad</em></strong></span> <span class='ocrx_word' id='word_1_652' title='bbox 3659 4031 3832 4088; x_wconf 75' lang='lat' dir='ltr'><strong><em>anima:</em></strong></span> 
     </span>
    </p>
   </div>
   <div class='ocr_carea' id='block_1_85' title="bbox 2234 4215 3796 4286">
    <p class='ocr_par' dir='ltr' id='par_1_85' title="bbox 2234 4215 3796 4286">
     <span class='ocr_line' id='line_1_85' title="bbox 2234 4215 3796 4286; baseline -0.006 -11"><span class='ocrx_word' id='word_1_653' title='bbox 2234 4218 2429 4276; x_wconf 90' lang='lat' dir='ltr'><strong><em>iisdem</em></strong></span> <span class='ocrx_word' id='word_1_654' title='bbox 2455 4215 2639 4274; x_wconf 88' lang='lat' dir='ltr'><strong><em>verbis</em></strong></span> <span class='ocrx_word' id='word_1_655' title='bbox 2668 4216 2908 4286; x_wconf 89' lang='lat' dir='ltr'><strong><em>reperies</em></strong></span> <span class='ocrx_word' id='word_1_656' title='bbox 2937 4215 2988 4270; x_wconf 89' lang='lat' dir='ltr'><strong><em>in</em></strong></span> <span class='ocrx_word' id='word_1_657' title='bbox 3016 4215 3152 4284; x_wconf 89' lang='lat' dir='ltr'><strong><em>psal.</em></strong></span> <span class='ocrx_word' id='word_1_658' title='bbox 3184 4231 3346 4282; x_wconf 79' lang='lat' dir='ltr'><strong><em>xxxv,</em></strong></span> <span class='ocrx_word' id='word_1_659' title='bbox 3376 4216 3487 4272; x_wconf 92' lang='lat' dir='ltr'><strong><em>col.</em></strong></span> <span class='ocrx_word' id='word_1_660' title='bbox 3511 4216 3644 4281; x_wconf 86' lang='lat'><strong>768,</strong></span> <span class='ocrx_word' id='word_1_661' title='bbox 3671 4233 3724 4271; x_wconf 92' lang='lat' dir='ltr'><strong><em>n.</em></strong></span> <span class='ocrx_word' id='word_1_662' title='bbox 3752 4215 3796 4268; x_wconf 84' lang='lat'><strong><em>7.</em></strong></span> 
     </span>
    </p>
   </div>
   <div class='ocr_carea' id='block_1_86' title="bbox 2311 4284 3824 4360">
    <p class='ocr_par' dir='ltr' id='par_1_86' title="bbox 2311 4284 3824 4360">
     <span class='ocr_line' id='line_1_86' title="bbox 2311 4284 3824 4360; baseline -0.003 -14"><span class='ocrx_word' id='word_1_663' title='bbox 2311 4303 2333 4329; x_wconf 77' lang='grc' dir='ltr'><strong>ο</strong></span> <span class='ocrx_word' id='word_1_664' title='bbox 2379 4290 2570 4346; x_wconf 89' lang='lat' dir='ltr'><strong><em>Militia</em></strong></span> <span class='ocrx_word' id='word_1_665' title='bbox 2616 4284 2944 4344; x_wconf 32' lang='lat' dir='ltr'><strong><em>non—solum</em></strong></span> <span class='ocrx_word' id='word_1_666' title='bbox 2987 4287 3056 4360; x_wconf 91' lang='lat' dir='ltr'><strong><em>de</em></strong></span> <span class='ocrx_word' id='word_1_667' title='bbox 3084 4288 3348 4360; x_wconf 85' lang='lat' dir='ltr'><strong><em>castrensi</em></strong></span> <span class='ocrx_word' id='word_1_668' title='bbox 3380 4289 3718 4360; x_wconf 85' lang='lat' dir='ltr'><strong><em>intelligitur,</em></strong></span> <span class='ocrx_word' id='word_1_669' title='bbox 3746 4284 3824 4342; x_wconf 78' lang='lat' dir='ltr'><strong><em>sed</em></strong></span> 
     </span>
    </p>
   </div>
   <div class='ocr_carea' id='block_1_87' title="bbox 2233 4359 3823 4431">
    <p class='ocr_par' dir='ltr' id='par_1_87' title="bbox 2233 4359 3823 4431">
     <span class='ocr_line' id='line_1_87' title="bbox 2233 4359 3823 4431; baseline -0.003 -13"><span class='ocrx_word' id='word_1_670' title='bbox 2233 4363 2396 4418; x_wconf 88' lang='lat' dir='ltr'><strong><em>etiam</em></strong></span> <span class='ocrx_word' id='word_1_671' title='bbox 2443 4361 2512 4417; x_wconf 92' lang='lat' dir='ltr'><strong><em>de</em></strong></span> <span class='ocrx_word' id='word_1_672' title='bbox 2560 4360 2763 4416; x_wconf 91' lang='lat' dir='ltr'><strong><em>forensi</em></strong></span> <span class='ocrx_word' id='word_1_673' title='bbox 2812 4359 3172 4431; x_wconf 87' lang='lat' dir='ltr'><strong><em>professione.</em></strong></span> <span class='ocrx_word' id='word_1_674' title='bbox 3219 4359 3586 4431; x_wconf 86' lang='lat' dir='ltr'><strong><em>Symmachus</em></strong></span> <span class='ocrx_word' id='word_1_675' title='bbox 3615 4361 3708 4415; x_wconf 88' lang='lat' dir='ltr'><strong><em>lib.</em></strong></span> <span class='ocrx_word' id='word_1_676' title='bbox 3739 4373 3823 4421; x_wconf 69' lang='grc' dir='ltr'><strong><em>τη,</em></strong></span> 
     </span>
    </p>
   </div>
   <div class='ocr_carea' id='block_1_88' title="bbox 2231 4431 3821 4505">
    <p class='ocr_par' dir='ltr' id='par_1_88' title="bbox 2231 4431 3821 4505">
     <span class='ocr_line' id='line_1_88' title="bbox 2231 4431 3821 4505; baseline -0.004 -16"><span class='ocrx_word' id='word_1_677' title='bbox 2231 4436 2375 4502; x_wconf 89' lang='lat' dir='ltr'><strong><em>epist</em></strong></span> <span class='ocrx_word' id='word_1_678' title='bbox 2403 4433 2535 4488; x_wconf 67' lang='grc' dir='ltr'><strong><em>ηις</em></strong></span> <span class='ocrx_word' id='word_1_679' title='bbox 2563 4431 2843 4505; x_wconf 86' lang='lat' dir='ltr'><strong><em>Fungetur_</em></strong></span> <span class='ocrx_word' id='word_1_680' title='bbox 2866 4431 3054 4505; x_wconf 73' lang='lat' dir='ltr'><strong><em>militia</em></strong></span> <span class='ocrx_word' id='word_1_681' title='bbox 3073 4431 3128 4484; x_wconf 89' lang='lat' dir='ltr'><strong><em>in</em></strong></span> <span class='ocrx_word' id='word_1_682' title='bbox 3153 4431 3360 4505; x_wconf 81' lang='lat' dir='ltr'><strong><em>scriniis</em></strong></span> <span class='ocrx_word' id='word_1_683' title='bbox 3391 4432 3707 4505; x_wconf 82' lang='lat' dir='ltr'><strong><em>litterarum,</em></strong></span> <span class='ocrx_word' id='word_1_684' title='bbox 3731 4440 3821 4485; x_wconf 85' lang='lat' dir='ltr'><strong><em>etc.</em></strong></span> 
     </span>
    </p>
   </div>
   <div class='ocr_carea' id='block_1_89' title="bbox 506 4498 2140 4593">
    <p class='ocr_par' dir='ltr' id='par_1_89' title="bbox 506 4498 2125 4593">
     <span class='ocr_line' id='line_1_89' title="bbox 506 4498 2125 4593; baseline 0.001 -1"><span class='ocrx_word' id='word_1_685' title='bbox 506 4498 675 4593; x_wconf 67' lang='grc' dir='ltr'><strong>ίίεέξξ</strong></span> <span class='ocrx_word' id='word_1_686' title='bbox 707 4498 879 4590; x_wconf 64' lang='grc' dir='ltr'><strong><em>ἐνεὲεγ</em></strong></span> <span class='ocrx_word' id='word_1_687' title='bbox 927 4502 1225 4593; x_wconf 54' lang='lat' dir='ltr'><strong><em>iecerint</em></strong></span> <span class='ocrx_word' id='word_1_688' title='bbox 1274 4503 1300 4558; x_wconf 77' lang='grc' dir='ltr'>δ</span> <span class='ocrx_word' id='word_1_689' title='bbox 1341 4498 1690 4593; x_wconf 42' lang='lat' dir='ltr'><strong><em>seruiret.“</em></strong></span> <span class='ocrx_word' id='word_1_690' title='bbox 1714 4498 2125 4593; x_wconf 68' lang='grc' dir='ltr'><strong><em>,ηλάῖωνζμετέι</em></strong></span> 
     </span>
    </p>
   </div>
   <div class='ocr_carea' id='block_1_90' title="bbox 2249 4498 3822 4593">
    <p class='ocr_par' dir='ltr' id='par_1_90' title="bbox 2249 4498 3822 4593">
     <span class='ocr_line' id='line_1_90' title="bbox 2249 4498 3822 4593; baseline -0.004 -33"><span class='ocrx_word' id='word_1_691' title='bbox 2249 4498 2566 4593; x_wconf 44' lang='grc' dir='ltr'><strong><em>1ἡιιιιοννρ1Ὀ</em></strong></span> <span class='ocrx_word' id='word_1_692' title='bbox 2591 4498 2849 4593; x_wconf 52' lang='lat' dir='ltr'><strong><em>etia&#39;m‘ad</em></strong></span> <span class='ocrx_word' id='word_1_693' title='bbox 2879 4502 3296 4593; x_wconf 48' lang='lat' dir='ltr'><strong><em>signiﬁcandum</em></strong></span> <span class='ocrx_word' id='word_1_694' title='bbox 3329 4503 3617 4586; x_wconf 83' lang='lat' dir='ltr'><strong><em>quodlibet</em></strong></span> <span class='ocrx_word' id='word_1_695' title='bbox 3648 4498 3822 4593; x_wconf 73' lang='lat' dir='ltr'><strong><em>munus</em></strong></span> 
     </span>
    </p>
   </div>
   <div class='ocr_carea' id='block_1_91' title="bbox 509 4572 2122 4660">
    <p class='ocr_par' dir='ltr' id='par_1_91' title="bbox 509 4572 2122 4660">
     <span class='ocr_line' id='line_1_91' title="bbox 509 4572 2122 4660; baseline 0.006 -35"><span class='ocrx_word' id='word_1_696' title='bbox 509 4572 701 4660; x_wconf 49' lang='grc' dir='ltr'><strong><em>Ξοᾉλῆς</em></strong></span> <span class='ocrx_word' id='word_1_697' title='bbox 720 4572 1017 4660; x_wconf 52' lang='lat' dir='ltr'><strong><em>uappa-aius</em></strong></span> <span class='ocrx_word' id='word_1_698' title='bbox 1042 4572 1350 4660; x_wconf 49' lang='lat' dir='ltr'><strong><em>@pé&#39;ls&#39;ymv,</em></strong></span> <span class='ocrx_word' id='word_1_699' title='bbox 1374 4572 1432 4631; x_wconf 79' lang='grc' dir='ltr'><strong>Ὅ</strong></span> <span class='ocrx_word' id='word_1_700' title='bbox 1455 4572 1554 4648; x_wconf 68' lang='grc' dir='ltr'><strong><em>μὴῆ</em></strong></span> <span class='ocrx_word' id='word_1_701' title='bbox 1577 4576 1637 4638; x_wconf 78' lang='grc' dir='ltr'><strong>δή</strong></span> <span class='ocrx_word' id='word_1_702' title='bbox 1661 4579 1823 4652; x_wconf 75' lang='grc' dir='ltr'><strong><em>μέγας</em></strong></span> <span class='ocrx_word' id='word_1_703' title='bbox 1851 4580 1902 4634; x_wconf 80' lang='grc' dir='ltr'><strong><em>ἐν</em></strong></span> <span class='ocrx_word' id='word_1_704' title='bbox 1926 4572 2122 4657; x_wconf 63' lang='grc' dir='ltr'><strong><em>οὐρανῷ</em></strong></span> 
     </span>
    </p>
   </div>
   <div class='ocr_carea' id='block_1_92' title="bbox 511 4644 1291 4718">
    <p class='ocr_par' dir='ltr' id='par_1_92' title="bbox 511 4644 1291 4718">
     <span class='ocr_line' id='line_1_92' title="bbox 511 4644 1291 4718; baseline 0.001 -19"><span class='ocrx_word' id='word_1_705' title='bbox 511 4644 851 4718; x_wconf 51' lang='grc' dir='ltr'><strong><em>Ζεὺς-πηινῶ</em></strong></span> <span class='ocrx_word' id='word_1_706' title='bbox 881 4644 1024 4718; x_wconf 73' lang='grc' dir='ltr'>ᾇρμα</span> <span class='ocrx_word' id='word_1_707' title='bbox 1046 4644 1291 4702; x_wconf 48' lang='lat' dir='ltr'><strong><em>those».</em></strong></span> 
     </span>
    </p>
   </div>
   <div class='ocr_carea' id='block_1_93' title="bbox 582 4715 2113 4796">
    <p class='ocr_par' dir='ltr' id='par_1_93' title="bbox 582 4715 2113 4796">
     <span class='ocr_line' id='line_1_93' title="bbox 582 4715 2113 4796; baseline 0.007 -29"><span class='ocrx_word' id='word_1_708' title='bbox 582 4715 712 4796; x_wconf 43' lang='lat' dir='ltr'><strong><em>ﬁta</em></strong></span> <span class='ocrx_word' id='word_1_709' title='bbox 737 4730 868 4796; x_wconf 74' lang='lat' dir='ltr'><strong><em>mss.</em></strong></span> <span class='ocrx_word' id='word_1_710' title='bbox 894 4715 1009 4796; x_wconf 63' lang='lat' dir='ltr'><strong><em>fere</em></strong></span> <span class='ocrx_word' id='word_1_711' title='bbox 1031 4718 1098 4770; x_wconf 91' lang='lat' dir='ltr'><strong><em>ad</em></strong></span> <span class='ocrx_word' id='word_1_712' title='bbox 1120 4734 1318 4796; x_wconf 71' lang='lat' dir='ltr'><strong><em>unum:</em></strong></span> <span class='ocrx_word' id='word_1_713' title='bbox 1337 4718 1467 4775; x_wconf 87' lang='lat' dir='ltr'><strong><em>edit.</em></strong></span> <span class='ocrx_word' id='word_1_714' title='bbox 1488 4735 1647 4796; x_wconf 78' lang='lat' dir='ltr'><strong><em>vero,</em></strong></span> <span class='ocrx_word' id='word_1_715' title='bbox 1671 4723 1888 4796; x_wconf 75' lang='lat' dir='ltr'><strong><em>spiritus</em></strong></span> <span class='ocrx_word' id='word_1_716' title='bbox 1905 4739 2113 4796; x_wconf 88' lang='lat' dir='ltr'><strong><em>urgens,</em></strong></span> 
     </span>
    </p>
   </div>
   <div class='ocr_carea' id='block_1_94' title="bbox 508 4783 2115 4862">
    <p class='ocr_par' dir='ltr' id='par_1_94' title="bbox 508 4783 2115 4862">
     <span class='ocr_line' id='line_1_94' title="bbox 508 4783 2115 4862; baseline 0.006 -22"><span class='ocrx_word' id='word_1_717' title='bbox 508 4783 677 4862; x_wconf 49' lang='lat' dir='ltr'><strong><em>LXX,</em></strong></span> <span class='ocrx_word' id='word_1_718' title='bbox 717 4792 923 4860; x_wconf 80' lang='grc' dir='ltr'><strong>πνεῦμα</strong></span> <span class='ocrx_word' id='word_1_719' title='bbox 949 4789 1170 4862; x_wconf 62' lang='grc' dir='ltr'><strong><em>ᾅξαῖρον,</em></strong></span> <span class='ocrx_word' id='word_1_720' title='bbox 1202 4787 1255 4845; x_wconf 90' lang='lat' dir='ltr'><strong><em>id</em></strong></span> <span class='ocrx_word' id='word_1_721' title='bbox 1284 4783 1387 4858; x_wconf 85' lang='lat' dir='ltr'><strong><em>est,</em></strong></span> <span class='ocrx_word' id='word_1_722' title='bbox 1421 4783 1643 4860; x_wconf 87' lang='lat' dir='ltr'><strong><em>spiritus</em></strong></span> <span class='ocrx_word' id='word_1_723' title='bbox 1677 4783 2115 4862; x_wconf 62' lang='grc' dir='ltr'><strong><em>εἰιιῐθινθηε,’ἶιι·οξ</em></strong></span> 
     </span>
    </p>
   </div>
   <div class='ocr_carea' id='block_1_95' title="bbox 503 4857 2116 4937">
    <p class='ocr_par' dir='ltr' id='par_1_95' title="bbox 503 4857 2116 4937">
     <span class='ocr_line' id='line_1_95' title="bbox 503 4857 2116 4937; baseline 0.006 -24"><span class='ocrx_word' id='word_1_724' title='bbox 503 4857 742 4937; x_wconf 75' lang='lat' dir='ltr'><strong><em>cellosus</em></strong></span> <span class='ocrx_word' id='word_1_725' title='bbox 764 4857 1123 4937; x_wconf 37' lang='lat' dir='ltr'><strong><em>ac_‘viole_ntus</em></strong></span> <span class='ocrx_word' id='word_1_726' title='bbox 1151 4877 1165 4927; x_wconf 92' lang='lat'><strong>;</strong></span> <span class='ocrx_word' id='word_1_727' title='bbox 1196 4857 1528 4921; x_wconf 80' lang='lat' dir='ltr'><strong><em>nihiltamcn</em></strong></span> <span class='ocrx_word' id='word_1_728' title='bbox 1563 4876 1706 4921; x_wconf 77' lang='lat' dir='ltr'><strong><em>vetat</em></strong></span> <span class='ocrx_word' id='word_1_729' title='bbox 1729 4867 1854 4937; x_wconf 90' lang='lat' dir='ltr'><strong><em>quin</em></strong></span> <span class='ocrx_word' id='word_1_730' title='bbox 1885 4857 2116 4923; x_wconf 83' lang='lat' dir='ltr'><strong><em>Ambro-</em></strong></span> 
     </span>
    </p>
   </div>
   <div class='ocr_carea' id='block_1_96' title="bbox 501 4928 2110 5016">
    <p class='ocr_par' dir='ltr' id='par_1_96' title="bbox 501 4928 2110 5016">
     <span class='ocr_line' id='line_1_96' title="bbox 501 4928 2110 5016; baseline 0.005 -32"><span class='ocrx_word' id='word_1_731' title='bbox 501 4928 616 5016; x_wconf 65' lang='lat' dir='ltr'><strong><em>sius</em></strong></span> <span class='ocrx_word' id='word_1_732' title='bbox 644 4930 889 5016; x_wconf 66' lang='lat' dir='ltr'><strong><em>verterit,</em></strong></span> <span class='ocrx_word' id='word_1_733' title='bbox 921 4931 1140 5016; x_wconf 73' lang='lat' dir='ltr'><strong><em>spiritus</em></strong></span> <span class='ocrx_word' id='word_1_734' title='bbox 1162 4949 1413 5016; x_wconf 65' lang='lat' dir='ltr'><strong><em>surgens,_</em></strong></span> <span class='ocrx_word' id='word_1_735' title='bbox 1459 4951 1580 4992; x_wconf 90' lang='lat' dir='ltr'><strong><em>cum</em></strong></span> <span class='ocrx_word' id='word_1_736' title='bbox 1613 4928 1971 5016; x_wconf 63' lang='lat' dir='ltr'><strong><em>post&#39;igaipw</em></strong></span> <span class='ocrx_word' id='word_1_737' title='bbox 2017 4953 2110 5016; x_wconf 91' lang='lat' dir='ltr'><strong><em>s_u-</em></strong></span> 
     </span>
    </p>
   </div>
   <div class='ocr_carea' id='block_1_97' title="bbox 502 4995 2112 5080">
    <p class='ocr_par' dir='ltr' id='par_1_97' title="bbox 502 4995 2112 5080">
     <span class='ocr_line' id='line_1_97' title="bbox 502 4995 2112 5080; baseline 0.006 -24"><span class='ocrx_word' id='word_1_738' title='bbox 502 4995 848 5080; x_wconf 58' lang='lat' dir='ltr'><strong><em>bintelligere</em></strong></span> <span class='ocrx_word' id='word_1_739' title='bbox 876 4995 1124 5072; x_wconf 74' lang='lat' dir='ltr'><strong><em>potuerit</em></strong></span> <span class='ocrx_word' id='word_1_740' title='bbox 1152 4995 1357 5080; x_wconf 64' lang='grc' dir='ltr'><strong><em>ξᾳυ-ἷνὸν,</em></strong></span> <span class='ocrx_word' id='word_1_741' title='bbox 1385 4995 1502 5063; x_wconf 74' lang='grc' dir='ltr'>’ὴοο</span> <span class='ocrx_word' id='word_1_742' title='bbox 1532 4995 1638 5074; x_wconf 74' lang='lat' dir='ltr'><strong><em>est,</em></strong></span> <span class='ocrx_word' id='word_1_743' title='bbox 1663 4995 1908 5065; x_wconf 53' lang='lat' dir='ltr'><strong><em>attoll&#39;en&#39;s</em></strong></span> <span class='ocrx_word' id='word_1_744' title='bbox 1950 5027 2005 5065; x_wconf 90' lang='lat' dir='ltr'><strong><em>se</em></strong></span> <span class='ocrx_word' id='word_1_745' title='bbox 2030 5011 2112 5080; x_wconf 86' lang='lat' dir='ltr'><strong><em>ip-</em></strong></span> 
     </span>
    </p>
   </div>
   <div class='ocr_carea' id='block_1_98' title="bbox 498 5071 2115 5151">
    <p class='ocr_par' dir='ltr' id='par_1_98' title="bbox 498 5071 2115 5151">
     <span class='ocr_line' id='line_1_98' title="bbox 498 5071 2115 5151; baseline 0.007 -26"><span class='ocrx_word' id='word_1_746' title='bbox 498 5087 636 5151; x_wconf 64' lang='lat' dir='ltr'><strong><em>sum.</em></strong></span> <span class='ocrx_word' id='word_1_747' title='bbox 670 5071 1100 5151; x_wconf 26' lang='lat' dir='ltr'><strong><em>Rursus’autem-</em></strong></span> <span class='ocrx_word' id='word_1_748' title='bbox 1129 5075 1217 5131; x_wconf 89' lang='lat' dir='ltr'><strong><em>ubi</em></strong></span> <span class='ocrx_word' id='word_1_749' title='bbox 1268 5071 1369 5151; x_wconf 79' lang='lat' dir='ltr'><strong><em>nos</em></strong></span> <span class='ocrx_word' id='word_1_750' title='bbox 1399 5095 1520 5135; x_wconf 83' lang='lat' dir='ltr'><strong><em>cum</em></strong></span> <span class='ocrx_word' id='word_1_751' title='bbox 1547 5071 1677 5137; x_wconf 84' lang='lat' dir='ltr'><strong><em>mss.</em></strong></span> <span class='ocrx_word' id='word_1_752' title='bbox 1711 5083 1982 5151; x_wconf 81' lang='lat' dir='ltr'><strong><em>plerisque</em></strong></span> <span class='ocrx_word' id='word_1_753' title='bbox 2008 5123 2023 5146; x_wconf 94' lang='lat'><strong><em>,</em></strong></span> <span class='ocrx_word' id='word_1_754' title='bbox 2052 5071 2115 5137; x_wconf 55' lang='lat' dir='ltr'><strong><em>&#39;et</em></strong></span> 
     </span>
    </p>
   </div>
   <div class='ocr_carea' id='block_1_99' title="bbox 497 5140 2106 5223">
    <p class='ocr_par' dir='ltr' id='par_1_99' title="bbox 497 5140 2106 5223">
     <span class='ocr_line' id='line_1_99' title="bbox 497 5140 2106 5223; baseline 0.007 -28"><span class='ocrx_word' id='word_1_755' title='bbox 497 5140 635 5223; x_wconf 75' lang='lat' dir='ltr'><strong><em>ignis</em></strong></span> <span class='ocrx_word' id='word_1_756' title='bbox 666 5143 964 5223; x_wconf 76' lang='lat' dir='ltr'><strong><em>refulgens,</em></strong></span> <span class='ocrx_word' id='word_1_757' title='bbox 995 5155 1047 5200; x_wconf 90' lang='lat' dir='ltr'><strong><em>et</em></strong></span> <span class='ocrx_word' id='word_1_758' title='bbox 1080 5144 1270 5223; x_wconf 75' lang='lat' dir='ltr'><strong><em>lumen</em></strong></span> <span class='ocrx_word' id='word_1_759' title='bbox 1299 5149 1352 5203; x_wconf 88' lang='lat' dir='ltr'><strong><em>in</em></strong></span> <span class='ocrx_word' id='word_1_760' title='bbox 1398 5151 1620 5206; x_wconf 84' lang='lat' dir='ltr'><strong><em>circuitu</em></strong></span> <span class='ocrx_word' id='word_1_761' title='bbox 1651 5140 1804 5223; x_wconf 81' lang='lat' dir='ltr'><strong><em>ejus;</em></strong></span> <span class='ocrx_word' id='word_1_762' title='bbox 1837 5140 1930 5208; x_wconf 82' lang='lat' dir='ltr'><strong><em>alii</em></strong></span> <span class='ocrx_word' id='word_1_763' title='bbox 1974 5140 2106 5209; x_wconf 83' lang='lat' dir='ltr'><strong><em>mss.</em></strong></span> 
     </span>
    </p>
   </div>
   <div class='ocr_carea' id='block_1_100' title="bbox 497 5216 2107 5294">
    <p class='ocr_par' dir='ltr' id='par_1_100' title="bbox 497 5216 2107 5294">
     <span class='ocr_line' id='line_1_100' title="bbox 497 5216 2107 5294; baseline 0.006 -26"><span class='ocrx_word' id='word_1_764' title='bbox 497 5219 707 5294; x_wconf 77' lang='lat' dir='ltr'><strong><em>tantum</em></strong></span> <span class='ocrx_word' id='word_1_765' title='bbox 739 5216 1000 5294; x_wconf 73' lang='lat' dir='ltr'><strong><em>exhibent</em></strong></span> <span class='ocrx_word' id='word_1_766' title='bbox 1023 5219 1298 5294; x_wconf 36' lang='lat' dir='ltr'><strong><em>{eligatis</em></strong></span> <span class='ocrx_word' id='word_1_767' title='bbox 1340 5223 1624 5294; x_wconf 79' lang='lat' dir='ltr'><strong><em>refulgens,</em></strong></span> <span class='ocrx_word' id='word_1_768' title='bbox 1655 5216 1702 5278; x_wconf 79' lang='lat' dir='ltr'><strong><em>et</em></strong></span> <span class='ocrx_word' id='word_1_769' title='bbox 1724 5216 1896 5280; x_wconf 88' lang='lat' dir='ltr'><strong><em>lumen</em></strong></span> <span class='ocrx_word' id='word_1_770' title='bbox 1938 5225 1994 5279; x_wconf 90' lang='lat' dir='ltr'><strong><em>in</em></strong></span> <span class='ocrx_word' id='word_1_771' title='bbox 2030 5241 2107 5287; x_wconf 87' lang='lat' dir='ltr'><strong><em>eo,</em></strong></span> 
     </span>
    </p>
   </div>
   <div class='ocr_carea' id='block_1_101' title="bbox 495 5286 2113 5360">
    <p class='ocr_par' dir='ltr' id='par_1_101' title="bbox 495 5286 2113 5360">
     <span class='ocr_line' id='line_1_101' title="bbox 495 5286 2113 5360; baseline 0.006 -21"><span class='ocrx_word' id='word_1_772' title='bbox 495 5294 549 5360; x_wconf 76' lang='lat' dir='ltr'><strong><em>et</em></strong></span> <span class='ocrx_word' id='word_1_773' title='bbox 560 5287 613 5341; x_wconf 88' lang='lat' dir='ltr'><strong><em>in</em></strong></span> <span class='ocrx_word' id='word_1_774' title='bbox 642 5286 814 5360; x_wconf 60' lang='lat' dir='ltr'><strong><em>mdia</em></strong></span> <span class='ocrx_word' id='word_1_775' title='bbox 845 5289 982 5360; x_wconf 83' lang='lat' dir='ltr'><strong><em>sicut</em></strong></span> <span class='ocrx_word' id='word_1_776' title='bbox 1024 5286 1332 5353; x_wconf 76' lang='lat' dir='ltr'><strong><em>similiiudo,</em></strong></span> <span class='ocrx_word' id='word_1_777' title='bbox 1360 5286 1502 5360; x_wconf 47' lang='lat' dir='ltr'><strong><em>eicj</em></strong></span> <span class='ocrx_word' id='word_1_778' title='bbox 1533 5286 1620 5350; x_wconf 86' lang='lat' dir='ltr'><strong><em>ubi</em></strong></span> <span class='ocrx_word' id='word_1_779' title='bbox 1655 5297 1845 5352; x_wconf 87' lang='lat' dir='ltr'><strong><em>lacuna</em></strong></span> <span class='ocrx_word' id='word_1_780' title='bbox 1899 5304 1985 5352; x_wconf 84' lang='lat' dir='ltr'><strong><em>est</em></strong></span> <span class='ocrx_word' id='word_1_781' title='bbox 2014 5286 2113 5350; x_wconf 83' lang='lat' dir='ltr'><strong><em>mi-</em></strong></span> 
     </span>
    </p>
   </div>
   <div class='ocr_carea' id='block_1_102' title="bbox 495 5358 2111 5423">
    <p class='ocr_par' dir='ltr' id='par_1_102' title="bbox 495 5358 2111 5423">
     <span class='ocr_line' id='line_1_102' title="bbox 495 5358 2111 5423; baseline 0.007 -12"><span class='ocrx_word' id='word_1_782' title='bbox 495 5358 644 5414; x_wconf 90' lang='lat' dir='ltr'><strong><em>nime</em></strong></span> <span class='ocrx_word' id='word_1_783' title='bbox 673 5359 857 5415; x_wconf 89' lang='lat' dir='ltr'><strong><em>dubia.</em></strong></span> <span class='ocrx_word' id='word_1_784' title='bbox 891 5359 1063 5416; x_wconf 88' lang='lat' dir='ltr'><strong><em>Porro</em></strong></span> <span class='ocrx_word' id='word_1_785' title='bbox 1083 5360 1218 5416; x_wconf 91' lang='lat' dir='ltr'><strong><em>edit.</em></strong></span> <span class='ocrx_word' id='word_1_786' title='bbox 1239 5377 1270 5416; x_wconf 90' lang='lat' dir='ltr'><strong><em>a</em></strong></span> <span class='ocrx_word' id='word_1_787' title='bbox 1299 5358 1532 5421; x_wconf 88' lang='lat' dir='ltr'><strong><em>lectione</em></strong></span> <span class='ocrx_word' id='word_1_788' title='bbox 1557 5378 1741 5423; x_wconf 89' lang='lat' dir='ltr'><strong><em>nostra</em></strong></span> <span class='ocrx_word' id='word_1_789' title='bbox 1773 5377 1980 5422; x_wconf 88' lang='lat' dir='ltr'><strong><em>tantum</em></strong></span> <span class='ocrx_word' id='word_1_790' title='bbox 2003 5367 2111 5422; x_wconf 91' lang='lat' dir='ltr'><strong><em>dis-</em></strong></span> 
     </span>
    </p>
   </div>
   <div class='ocr_carea' id='block_1_103' title="bbox 453 5431 2106 5508">
    <p class='ocr_par' dir='ltr' id='par_1_103' title="bbox 453 5431 2106 5508">
     <span class='ocr_line' id='line_1_103' title="bbox 453 5431 2106 5508; baseline 0.006 -26"><span class='ocrx_word' id='word_1_791' title='bbox 453 5494 460 5500; x_wconf 33' lang='lat'><em>.</em></span> <span class='ocrx_word' id='word_1_792' title='bbox 495 5439 745 5500; x_wconf 88' lang='lat' dir='ltr'><strong><em>crepant,</em></strong></span> <span class='ocrx_word' id='word_1_793' title='bbox 777 5431 922 5508; x_wconf 81' lang='lat' dir='ltr'><strong><em>quod</em></strong></span> <span class='ocrx_word' id='word_1_794' title='bbox 966 5447 1064 5502; x_wconf 90' lang='lat' dir='ltr'><strong><em>pro</em></strong></span> <span class='ocrx_word' id='word_1_795' title='bbox 1085 5441 1134 5486; x_wconf 91' lang='lat' dir='ltr'><strong><em>et</em></strong></span> <span class='ocrx_word' id='word_1_796' title='bbox 1162 5433 1335 5508; x_wconf 81' lang='lat' dir='ltr'><strong><em>lumen</em></strong></span> <span class='ocrx_word' id='word_1_797' title='bbox 1375 5437 1430 5490; x_wconf 89' lang='lat' dir='ltr'><strong><em>in</em></strong></span> <span class='ocrx_word' id='word_1_798' title='bbox 1480 5438 1697 5494; x_wconf 88' lang='lat' dir='ltr'><strong><em>circuitu</em></strong></span> <span class='ocrx_word' id='word_1_799' title='bbox 1725 5443 1840 5508; x_wconf 77' lang='lat' dir='ltr'><strong><em>eius</em></strong></span> <span class='ocrx_word' id='word_1_800' title='bbox 1864 5440 1997 5494; x_wconf 89' lang='lat' dir='ltr'><strong><em>sicut</em></strong></span> <span class='ocrx_word' id='word_1_801' title='bbox 2020 5440 2106 5492; x_wconf 90' lang='lat' dir='ltr'><strong><em>lu-</em></strong></span> 
     </span>
    </p>
   </div>
   <div class='ocr_carea' id='block_1_104' title="bbox 488 5503 2106 5576">
    <p class='ocr_par' dir='ltr' id='par_1_104' title="bbox 488 5503 2106 5576">
     <span class='ocr_line' id='line_1_104' title="bbox 488 5503 2106 5576; baseline 0.007 -24"><span class='ocrx_word' id='word_1_802' title='bbox 488 5512 644 5576; x_wconf 58' lang='lat' dir='ltr'><strong><em>snen,</em></strong></span> <span class='ocrx_word' id='word_1_803' title='bbox 674 5503 1009 5576; x_wconf 63' lang='lat' dir='ltr'><strong><em>praeferunt,</em></strong></span> <span class='ocrx_word' id='word_1_804' title='bbox 1063 5513 1110 5558; x_wconf 87' lang='lat' dir='ltr'><strong><em>et</em></strong></span> <span class='ocrx_word' id='word_1_805' title='bbox 1165 5505 1338 5560; x_wconf 84' lang='lat' dir='ltr'><strong><em>lumen</em></strong></span> <span class='ocrx_word' id='word_1_806' title='bbox 1385 5508 1438 5561; x_wconf 89' lang='lat' dir='ltr'><strong><em>in</em></strong></span> <span class='ocrx_word' id='word_1_807' title='bbox 1483 5526 1562 5576; x_wconf 91' lang='lat' dir='ltr'><strong><em>eo,</em></strong></span> <span class='ocrx_word' id='word_1_808' title='bbox 1595 5521 1642 5566; x_wconf 88' lang='lat' dir='ltr'><strong><em>et</em></strong></span> <span class='ocrx_word' id='word_1_809' title='bbox 1681 5503 1948 5566; x_wconf 50' lang='lat' dir='ltr'><strong><em>in&#39;medio</em></strong></span> <span class='ocrx_word' id='word_1_810' title='bbox 1972 5511 2106 5565; x_wconf 90' lang='lat' dir='ltr'><strong><em>sicut</em></strong></span> 
     </span>
    </p>
   </div>
   <div class='ocr_carea' id='block_1_105' title="bbox 495 5566 2105 5696">
    <p class='ocr_par' dir='ltr' id='par_1_105' title="bbox 495 5566 2105 5696">
     <span class='ocr_line' id='line_1_105' title="bbox 495 5566 2105 5696; baseline 0.006 -69"><span class='ocrx_word' id='word_1_811' title='bbox 495 5566 853 5696; x_wconf 37' lang='lat' dir='ltr'><strong><em>atzgtsﬁgélOSed</em></strong></span> <span class='ocrx_word' id='word_1_812' title='bbox 885 5566 1138 5630; x_wconf 82' lang='lat' dir='ltr'><strong><em>neutrum</em></strong></span> <span class='ocrx_word' id='word_1_813' title='bbox 1191 5591 1220 5631; x_wconf 93' lang='lat' dir='ltr'><strong><em>a</em></strong></span> <span class='ocrx_word' id='word_1_814' title='bbox 1268 5566 1605 5650; x_wconf 75' lang='lat' dir='ltr'><strong><em>propheticis</em></strong></span> <span class='ocrx_word' id='word_1_815' title='bbox 1634 5583 1820 5640; x_wconf 90' lang='lat' dir='ltr'><strong><em>verbis</em></strong></span> <span class='ocrx_word' id='word_1_816' title='bbox 1873 5582 2105 5637; x_wconf 89' lang='lat' dir='ltr'><strong><em>multum</em></strong></span> 
     </span>
    </p>
   </div>
   <div class='ocr_carea' id='block_1_106' title="bbox 537 5653 749 5696">
    <p class='ocr_par' dir='ltr' id='par_1_106' title="bbox 537 5653 749 5696">
     <span class='ocr_line' id='line_1_106' title="bbox 537 5653 749 5696; baseline 0.005 -1"><span class='ocrx_word' id='word_1_817' title='bbox 537 5653 749 5696; x_wconf 69' lang='grc'><strong>1881081.</strong></span> 
     </span>
    </p>
   </div>
   <div class='ocr_carea' id='block_1_107' title="bbox 563 5709 2106 5794">
    <p class='ocr_par' dir='ltr' id='par_1_107' title="bbox 563 5709 2106 5794">
     <span class='ocr_line' id='line_1_107' title="bbox 563 5709 2106 5794; baseline 0.008 -27"><span class='ocrx_word' id='word_1_818' title='bbox 563 5709 594 5750; x_wconf 69' lang='grc' dir='ltr'>δ</span> <span class='ocrx_word' id='word_1_819' title='bbox 625 5712 764 5794; x_wconf 55' lang='grc' dir='ltr'><strong>μεθ.</strong></span> <span class='ocrx_word' id='word_1_820' title='bbox 797 5714 1024 5794; x_wconf 72' lang='lat' dir='ltr'><strong><em>aliquot,</em></strong></span> <span class='ocrx_word' id='word_1_821' title='bbox 1072 5734 1186 5794; x_wconf 80' lang='lat' dir='ltr'><strong><em>qua:</em></strong></span> <span class='ocrx_word' id='word_1_822' title='bbox 1211 5721 1329 5776; x_wconf 87' lang='lat' dir='ltr'><strong><em>aliis</em></strong></span> <span class='ocrx_word' id='word_1_823' title='bbox 1373 5726 1542 5794; x_wconf 84' lang='lat' dir='ltr'><strong><em>potius</em></strong></span> <span class='ocrx_word' id='word_1_824' title='bbox 1587 5738 1742 5794; x_wconf 85' lang='lat' dir='ltr'><strong><em>nota;</em></strong></span> <span class='ocrx_word' id='word_1_825' title='bbox 1791 5724 1985 5782; x_wconf 86' lang='lat' dir='ltr'><strong><em>melius</em></strong></span> <span class='ocrx_word' id='word_1_826' title='bbox 2014 5722 2106 5779; x_wconf 89' lang='lat' dir='ltr'><strong><em>alii</em></strong></span> 
     </span>
    </p>
   </div>
   <div class='ocr_carea' id='block_1_108' title="bbox 492 5782 2105 5872">
    <p class='ocr_par' dir='ltr' id='par_1_108' title="bbox 492 5782 2105 5872">
     <span class='ocr_line' id='line_1_108' title="bbox 492 5782 2105 5872; baseline 0.005 -31"><span class='ocrx_word' id='word_1_827' title='bbox 492 5787 550 5841; x_wconf 89' lang='lat' dir='ltr'><strong><em>et</em></strong></span> <span class='ocrx_word' id='word_1_828' title='bbox 577 5782 734 5854; x_wconf 58' lang='grc' dir='ltr'><strong><em>ωλι,</em></strong></span> <span class='ocrx_word' id='word_1_829' title='bbox 762 5802 866 5858; x_wconf 86' lang='lat' dir='ltr'><strong><em>qua</em></strong></span> <span class='ocrx_word' id='word_1_830' title='bbox 886 5782 1018 5844; x_wconf 80' lang='lat' dir='ltr'><strong><em>aliis</em></strong></span> <span class='ocrx_word' id='word_1_831' title='bbox 1045 5782 1214 5861; x_wconf 85' lang='lat' dir='ltr'><strong><em>potius</em></strong></span> <span class='ocrx_word' id='word_1_832' title='bbox 1237 5782 1391 5864; x_wconf 70' lang='lat' dir='ltr'><strong><em>nata,</em></strong></span> <span class='ocrx_word' id='word_1_833' title='bbox 1417 5807 1550 5868; x_wconf 89' lang='lat' dir='ltr'><strong><em>etc.;</em></strong></span> <span class='ocrx_word' id='word_1_834' title='bbox 1580 5782 1744 5872; x_wconf 78' lang='lat' dir='ltr'><strong><em>quam</em></strong></span> <span class='ocrx_word' id='word_1_835' title='bbox 1775 5796 2105 5856; x_wconf 78' lang='lat' dir='ltr'><strong><em>sententiam</em></strong></span> 
     </span>
    </p>
   </div>
   <div class='ocr_carea' id='block_1_109' title="bbox 2231 4573 3816 4647">
    <p class='ocr_par' dir='ltr' id='par_1_109' title="bbox 2231 4573 3816 4647">
     <span class='ocr_line' id='line_1_109' title="bbox 2231 4573 3816 4647; baseline -0.004 -14"><span class='ocrx_word' id='word_1_836' title='bbox 2231 4593 2351 4633; x_wconf 86' lang='lat' dir='ltr'><strong><em>eam</em></strong></span> <span class='ocrx_word' id='word_1_837' title='bbox 2381 4576 2671 4632; x_wconf 87' lang='lat' dir='ltr'><strong><em>dictionem</em></strong></span> <span class='ocrx_word' id='word_1_838' title='bbox 2698 4575 2937 4630; x_wconf 90' lang='lat' dir='ltr'><strong><em>solemus</em></strong></span> <span class='ocrx_word' id='word_1_839' title='bbox 2961 4573 3245 4642; x_wconf 91' lang='lat' dir='ltr'><strong><em>adhibere,</em></strong></span> <span class='ocrx_word' id='word_1_840' title='bbox 3264 4577 3421 4644; x_wconf 87' lang='lat' dir='ltr'><strong><em>cujus</em></strong></span> <span class='ocrx_word' id='word_1_841' title='bbox 3447 4576 3696 4647; x_wconf 79' lang='lat' dir='ltr'><strong><em>exempla</em></strong></span> <span class='ocrx_word' id='word_1_842' title='bbox 3720 4587 3816 4646; x_wconf 86' lang='lat' dir='ltr'><strong><em>pas-</em></strong></span> 
     </span>
    </p>
   </div>
   <div class='ocr_carea' id='block_1_110' title="bbox 2230 4650 2676 4704">
    <p class='ocr_par' dir='ltr' id='par_1_110' title="bbox 2230 4650 2676 4704">
     <span class='ocr_line' id='line_1_110' title="bbox 2230 4650 2676 4704; baseline -0.007 0"><span class='ocrx_word' id='word_1_843' title='bbox 2230 4650 2331 4704; x_wconf 89' lang='lat' dir='ltr'><strong><em>sim</em></strong></span> <span class='ocrx_word' id='word_1_844' title='bbox 2364 4659 2650 4703; x_wconf 87' lang='lat' dir='ltr'><strong><em>occurrunl</em></strong></span> <span class='ocrx_word' id='word_1_845' title='bbox 2663 4689 2676 4701; x_wconf 95' lang='lat'><strong><em>.</em></strong></span> 
     </span>
    </p>
   </div>
   <div class='ocr_carea' id='block_1_111' title="bbox 2300 4717 3820 4790">
    <p class='ocr_par' dir='ltr' id='par_1_111' title="bbox 2300 4717 3820 4790">
     <span class='ocr_line' id='line_1_111' title="bbox 2300 4717 3820 4790; baseline -0.004 -16"><span class='ocrx_word' id='word_1_846' title='bbox 2300 4717 2327 4756; x_wconf 71' lang='grc' dir='ltr'><strong><em>(ι</em></strong></span> <span class='ocrx_word' id='word_1_847' title='bbox 2370 4720 2542 4774; x_wconf 89' lang='lat' dir='ltr'><strong><em>Paris.</em></strong></span> <span class='ocrx_word' id='word_1_848' title='bbox 2568 4718 2818 4790; x_wconf 78' lang='lat' dir='ltr'><strong><em>quaedam</em></strong></span> <span class='ocrx_word' id='word_1_849' title='bbox 2846 4719 2980 4774; x_wconf 90' lang='lat' dir='ltr'><strong><em>edit.</em></strong></span> <span class='ocrx_word' id='word_1_850' title='bbox 3011 4733 3074 4777; x_wconf 90' lang='lat' dir='ltr'><strong><em>ac</em></strong></span> <span class='ocrx_word' id='word_1_851' title='bbox 3102 4732 3235 4774; x_wconf 90' lang='lat' dir='ltr'><strong><em>mss.</em></strong></span> <span class='ocrx_word' id='word_1_852' title='bbox 3286 4717 3578 4786; x_wconf 91' lang='lat' dir='ltr'><strong><em>nonnulli,</em></strong></span> <span class='ocrx_word' id='word_1_853' title='bbox 3611 4718 3820 4790; x_wconf 73' lang='lat' dir='ltr'><strong><em>grauitas</em></strong></span> 
     </span>
    </p>
   </div>
   <div class='ocr_carea' id='block_1_112' title="bbox 2225 4789 3819 4859">
    <p class='ocr_par' dir='ltr' id='par_1_112' title="bbox 2225 4789 3819 4859">
     <span class='ocr_line' id='line_1_112' title="bbox 2225 4789 3819 4859; baseline -0.004 -13"><span class='ocrx_word' id='word_1_854' title='bbox 2225 4791 2484 4846; x_wconf 84' lang='lat' dir='ltr'><strong><em>dictorum</em></strong></span> <span class='ocrx_word' id='word_1_855' title='bbox 2509 4789 2637 4846; x_wconf 82' lang='lat' dir='ltr'><strong><em>obsit</em></strong></span> <span class='ocrx_word' id='word_1_856' title='bbox 2657 4806 2676 4846; x_wconf 91' lang='lat'><strong><em>:</em></strong></span> <span class='ocrx_word' id='word_1_857' title='bbox 2698 4790 2892 4847; x_wconf 90' lang='lat' dir='ltr'><strong><em>melius</em></strong></span> <span class='ocrx_word' id='word_1_858' title='bbox 2918 4791 3060 4859; x_wconf 65' lang='lat' dir='ltr'><strong><em>aliae,</em></strong></span> <span class='ocrx_word' id='word_1_859' title='bbox 3085 4805 3149 4847; x_wconf 91' lang='lat' dir='ltr'><strong><em>ac</em></strong></span> <span class='ocrx_word' id='word_1_860' title='bbox 3167 4790 3352 4858; x_wconf 90' lang='lat' dir='ltr'><strong><em>plures</em></strong></span> <span class='ocrx_word' id='word_1_861' title='bbox 3375 4805 3560 4858; x_wconf 90' lang='lat' dir='ltr'><strong><em>mss.,.</em></strong></span> <span class='ocrx_word' id='word_1_862' title='bbox 3595 4831 3610 4847; x_wconf 94' lang='lat'><strong><em>.</em></strong></span> <span class='ocrx_word' id='word_1_863' title='bbox 3638 4830 3652 4845; x_wconf 96' lang='lat'><strong><em>.</em></strong></span> <span class='ocrx_word' id='word_1_864' title='bbox 3679 4789 3819 4853; x_wconf 84' lang='lat' dir='ltr'><strong><em>absit;</em></strong></span> 
     </span>
    </p>
   </div>
   <div class='ocr_carea' id='block_1_113' title="bbox 2227 4862 3814 4939">
    <p class='ocr_par' dir='ltr' id='par_1_113' title="bbox 2227 4862 3814 4939">
     <span class='ocr_line' id='line_1_113' title="bbox 2227 4862 3814 4939; baseline -0.003 -23"><span class='ocrx_word' id='word_1_865' title='bbox 2227 4862 2313 4939; x_wconf 78' lang='lat' dir='ltr'><strong><em>hic</em></strong></span> <span class='ocrx_word' id='word_1_866' title='bbox 2344 4863 2487 4918; x_wconf 88' lang='lat' dir='ltr'><strong><em>enim</em></strong></span> <span class='ocrx_word' id='word_1_867' title='bbox 2517 4863 2757 4939; x_wconf 79' lang='lat' dir='ltr'><strong><em>gravitas</em></strong></span> <span class='ocrx_word' id='word_1_868' title='bbox 2789 4864 2928 4939; x_wconf 79' lang='lat' dir='ltr'><strong><em>idem</em></strong></span> <span class='ocrx_word' id='word_1_869' title='bbox 2961 4872 3045 4917; x_wconf 92' lang='lat' dir='ltr'><strong><em>est</em></strong></span> <span class='ocrx_word' id='word_1_870' title='bbox 3073 4874 3238 4939; x_wconf 82' lang='lat' dir='ltr'><strong><em>atque</em></strong></span> <span class='ocrx_word' id='word_1_871' title='bbox 3266 4863 3569 4939; x_wconf 70' lang='lat' dir='ltr'><strong><em>auctoritas</em></strong></span> <span class='ocrx_word' id='word_1_872' title='bbox 3619 4878 3712 4918; x_wconf 90' lang='lat' dir='ltr'><strong><em>seu</em></strong></span> <span class='ocrx_word' id='word_1_873' title='bbox 3739 4876 3814 4939; x_wconf 48' lang='lat' dir='ltr'><strong><em>vc:</em></strong></span> 
     </span>
    </p>
   </div>
   <div class='ocr_carea' id='block_1_114' title="bbox 2223 4931 3810 5005">
    <p class='ocr_par' dir='ltr' id='par_1_114' title="bbox 2223 4931 3810 5005">
     <span class='ocr_line' id='line_1_114' title="bbox 2223 4931 3810 5005; baseline -0.004 -16"><span class='ocrx_word' id='word_1_874' title='bbox 2223 4935 2379 5000; x_wconf 87' lang='lat' dir='ltr'><strong><em>ritas,</em></strong></span> <span class='ocrx_word' id='word_1_875' title='bbox 2421 4931 2582 5005; x_wconf 74' lang='lat' dir='ltr'><strong><em>quam</em></strong></span> <span class='ocrx_word' id='word_1_876' title='bbox 2614 4935 2791 5005; x_wconf 90' lang='lat' dir='ltr'><strong><em>poetis</em></strong></span> <span class='ocrx_word' id='word_1_877' title='bbox 2829 4933 3057 5004; x_wconf 85' lang='lat' dir='ltr'><strong><em>abrogat</em></strong></span> <span class='ocrx_word' id='word_1_878' title='bbox 3105 4931 3450 4990; x_wconf 76' lang='lat' dir='ltr'><strong><em>Ambrosius.</em></strong></span> <span class='ocrx_word' id='word_1_879' title='bbox 3481 4933 3704 5000; x_wconf 85' lang='lat' dir='ltr'><strong><em>lterum,</em></strong></span> <span class='ocrx_word' id='word_1_880' title='bbox 3735 4931 3810 4985; x_wconf 92' lang='lat' dir='ltr'><strong><em>ubi</em></strong></span> 
     </span>
    </p>
   </div>
   <div class='ocr_carea' id='block_1_115' title="bbox 2221 5005 3812 5076">
    <p class='ocr_par' dir='ltr' id='par_1_115' title="bbox 2221 5005 3812 5076">
     <span class='ocr_line' id='line_1_115' title="bbox 2221 5005 3812 5076; baseline -0.003 -16"><span class='ocrx_word' id='word_1_881' title='bbox 2221 5020 2414 5061; x_wconf 89' lang='lat' dir='ltr'><strong><em>omnes</em></strong></span> <span class='ocrx_word' id='word_1_882' title='bbox 2443 5006 2573 5061; x_wconf 89' lang='lat' dir='ltr'><strong><em>edit.</em></strong></span> <span class='ocrx_word' id='word_1_883' title='bbox 2602 5022 2664 5062; x_wconf 90' lang='lat' dir='ltr'><strong><em>ac</em></strong></span> <span class='ocrx_word' id='word_1_884' title='bbox 2691 5020 2822 5060; x_wconf 92' lang='lat' dir='ltr'><strong><em>mss.</em></strong></span> <span class='ocrx_word' id='word_1_885' title='bbox 2851 5005 3078 5076; x_wconf 89' lang='lat' dir='ltr'><strong><em>aliquot,</em></strong></span> <span class='ocrx_word' id='word_1_886' title='bbox 3113 5005 3380 5061; x_wconf 77' lang='lat' dir='ltr'><strong><em>declarare</em></strong></span> <span class='ocrx_word' id='word_1_887' title='bbox 3404 5007 3677 5062; x_wconf 82' lang='lat' dir='ltr'><strong><em>uoluerunt</em></strong></span> <span class='ocrx_word' id='word_1_888' title='bbox 3701 5019 3812 5076; x_wconf 86' lang='lat' dir='ltr'><strong><em>pru-</em></strong></span> 
     </span>
    </p>
   </div>
   <div class='ocr_carea' id='block_1_116' title="bbox 2218 5077 3812 5148">
    <p class='ocr_par' dir='ltr' id='par_1_116' title="bbox 2218 5077 3812 5148">
     <span class='ocr_line' id='line_1_116' title="bbox 2218 5077 3812 5148; baseline -0.004 -17"><span class='ocrx_word' id='word_1_889' title='bbox 2218 5078 2448 5132; x_wconf 87' lang='lat' dir='ltr'><strong><em>dentium</em></strong></span> <span class='ocrx_word' id='word_1_890' title='bbox 2475 5078 2794 5145; x_wconf 86' lang='lat' dir='ltr'><strong><em>maturitati,</em></strong></span> <span class='ocrx_word' id='word_1_891' title='bbox 2829 5091 2935 5132; x_wconf 92' lang='lat' dir='ltr'><strong><em>non</em></strong></span> <span class='ocrx_word' id='word_1_892' title='bbox 2961 5078 3119 5147; x_wconf 89' lang='lat' dir='ltr'><strong><em>pauci</em></strong></span> <span class='ocrx_word' id='word_1_893' title='bbox 3150 5093 3282 5132; x_wconf 89' lang='lat' dir='ltr'><strong><em>mss.</em></strong></span> <span class='ocrx_word' id='word_1_894' title='bbox 3314 5077 3525 5148; x_wconf 78' lang='lat' dir='ltr'><strong><em>legunt,</em></strong></span> <span class='ocrx_word' id='word_1_895' title='bbox 3556 5077 3812 5132; x_wconf 83' lang='lat' dir='ltr'><strong><em>declarare</em></strong></span> 
     </span>
    </p>
   </div>
   <div class='ocr_carea' id='block_1_117' title="bbox 2218 5149 3806 5220">
    <p class='ocr_par' dir='ltr' id='par_1_117' title="bbox 2218 5149 3806 5220">
     <span class='ocr_line' id='line_1_117' title="bbox 2218 5149 3806 5220; baseline -0.003 -17"><span class='ocrx_word' id='word_1_896' title='bbox 2218 5150 2490 5204; x_wconf 84' lang='lat' dir='ltr'><strong><em>voluerunt</em></strong></span> <span class='ocrx_word' id='word_1_897' title='bbox 2517 5149 2841 5220; x_wconf 83' lang='lat' dir='ltr'><strong><em>prudentiam</em></strong></span> <span class='ocrx_word' id='word_1_898' title='bbox 2864 5149 3182 5216; x_wconf 90' lang='lat' dir='ltr'><strong><em>maturitate,</em></strong></span> <span class='ocrx_word' id='word_1_899' title='bbox 3205 5157 3334 5214; x_wconf 90' lang='lat' dir='ltr'><strong><em>etc.,</em></strong></span> <span class='ocrx_word' id='word_1_900' title='bbox 3367 5165 3473 5220; x_wconf 88' lang='lat' dir='ltr'><strong><em>non</em></strong></span> <span class='ocrx_word' id='word_1_901' title='bbox 3503 5150 3635 5204; x_wconf 87' lang='lat' dir='ltr'><strong><em>satis</em></strong></span> <span class='ocrx_word' id='word_1_902' title='bbox 3656 5155 3806 5202; x_wconf 80' lang='lat' dir='ltr'><strong><em>recte.</em></strong></span> 
     </span>
    </p>
   </div>
   <div class='ocr_carea' id='block_1_118' title="bbox 2220 5219 3808 5290">
    <p class='ocr_par' dir='ltr' id='par_1_118' title="bbox 2220 5219 3808 5290">
     <span class='ocr_line' id='line_1_118' title="bbox 2220 5219 3808 5290; baseline -0.003 -14"><span class='ocrx_word' id='word_1_903' title='bbox 2220 5221 2508 5276; x_wconf 87' lang='lat' dir='ltr'><strong><em>Postremo</em></strong></span> <span class='ocrx_word' id='word_1_904' title='bbox 2535 5219 2665 5277; x_wconf 87' lang='lat' dir='ltr'><strong><em>Gill.</em></strong></span> <span class='ocrx_word' id='word_1_905' title='bbox 2696 5223 2749 5275; x_wconf 93' lang='lat' dir='ltr'><strong><em>in</em></strong></span> <span class='ocrx_word' id='word_1_906' title='bbox 2782 5235 2954 5290; x_wconf 87' lang='lat' dir='ltr'><strong><em>marg.</em></strong></span> <span class='ocrx_word' id='word_1_907' title='bbox 3007 5231 3062 5276; x_wconf 91' lang='lat' dir='ltr'><strong><em>et</em></strong></span> <span class='ocrx_word' id='word_1_908' title='bbox 3100 5220 3260 5275; x_wconf 83' lang='lat' dir='ltr'><strong><em>Rotn.</em></strong></span> <span class='ocrx_word' id='word_1_909' title='bbox 3312 5219 3446 5276; x_wconf 93' lang='lat' dir='ltr'><strong><em>edit.</em></strong></span> <span class='ocrx_word' id='word_1_910' title='bbox 3496 5221 3550 5276; x_wconf 89' lang='lat' dir='ltr'><strong><em>in</em></strong></span> <span class='ocrx_word' id='word_1_911' title='bbox 3595 5230 3808 5290; x_wconf 77' lang='lat' dir='ltr'><strong><em>corpore</em></strong></span> 
     </span>
    </p>
   </div>
   <div class='ocr_carea' id='block_1_119' title="bbox 2217 5286 3805 5364">
    <p class='ocr_par' dir='ltr' id='par_1_119' title="bbox 2217 5286 3805 5364">
     <span class='ocr_line' id='line_1_119' title="bbox 2217 5286 3805 5364; baseline -0.004 -18"><span class='ocrx_word' id='word_1_912' title='bbox 2217 5307 2339 5347; x_wconf 90' lang='lat' dir='ltr'><strong><em>cum</em></strong></span> <span class='ocrx_word' id='word_1_913' title='bbox 2372 5305 2505 5364; x_wconf 80' lang='lat' dir='ltr'><strong><em>mss.</em></strong></span> <span class='ocrx_word' id='word_1_914' title='bbox 2549 5292 2826 5347; x_wconf 88' lang='lat' dir='ltr'><strong><em>nonnullis</em></strong></span> <span class='ocrx_word' id='word_1_915' title='bbox 2869 5286 3080 5364; x_wconf 73' lang='lat' dir='ltr'><strong><em>habent</em></strong></span> <span class='ocrx_word' id='word_1_916' title='bbox 3109 5293 3310 5347; x_wconf 82' lang='lat' dir='ltr'><strong><em>volatus</em></strong></span> <span class='ocrx_word' id='word_1_917' title='bbox 3350 5299 3467 5364; x_wconf 58' lang='lat' dir='ltr'><strong><em>per}</em></strong></span> <span class='ocrx_word' id='word_1_918' title='bbox 3488 5286 3701 5364; x_wconf 69' lang='lat' dir='ltr'><strong><em>calum,</em></strong></span> <span class='ocrx_word' id='word_1_919' title='bbox 3728 5286 3805 5341; x_wconf 89' lang='lat' dir='ltr'><strong><em>ubi</em></strong></span> 
     </span>
    </p>
   </div>
   <div class='ocr_carea' id='block_1_120' title="bbox 2219 5362 3806 5487">
    <p class='ocr_par' dir='ltr' id='par_1_120' title="bbox 2219 5362 3806 5487">
     <span class='ocr_line' id='line_1_120' title="bbox 2219 5362 3806 5487; baseline -0.001 -69"><span class='ocrx_word' id='word_1_920' title='bbox 2219 5373 2334 5420; x_wconf 90' lang='lat' dir='ltr'><strong><em>vet.</em></strong></span> <span class='ocrx_word' id='word_1_921' title='bbox 2359 5362 2492 5487; x_wconf 43' lang='lat' dir='ltr'><strong><em>ﬁdit.</em></strong></span> <span class='ocrx_word' id='word_1_922' title='bbox 2517 5377 2582 5418; x_wconf 90' lang='lat' dir='ltr'><strong><em>ac</em></strong></span> <span class='ocrx_word' id='word_1_923' title='bbox 2629 5365 2800 5420; x_wconf 91' lang='lat' dir='ltr'><strong><em>multo</em></strong></span> <span class='ocrx_word' id='word_1_924' title='bbox 2831 5363 3013 5434; x_wconf 89' lang='lat' dir='ltr'><strong><em>plures</em></strong></span> <span class='ocrx_word' id='word_1_925' title='bbox 3041 5377 3174 5418; x_wconf 92' lang='lat' dir='ltr'><strong><em>mss.</em></strong></span> <span class='ocrx_word' id='word_1_926' title='bbox 3225 5362 3468 5433; x_wconf 77' lang='lat' dir='ltr'><strong><em>rectius,</em></strong></span> <span class='ocrx_word' id='word_1_927' title='bbox 3495 5363 3692 5419; x_wconf 77' lang='lat' dir='ltr'><strong><em>volatus</em></strong></span> <span class='ocrx_word' id='word_1_928' title='bbox 3726 5373 3806 5426; x_wconf 81' lang='lat' dir='ltr'><strong><em>per</em></strong></span> 
     </span>
     <span class='ocr_line' id='line_1_121' title="bbox 2219 5451 2493 5487; baseline 0 0"><span class='ocrx_word' id='word_1_929' title='bbox 2219 5452 2356 5487; x_wconf 67' lang='lat' dir='ltr'><strong><em>saecu</em></strong></span> <span class='ocrx_word' id='word_1_930' title='bbox 2383 5451 2493 5487; x_wconf 89' lang='lat' dir='ltr'><strong><em>um.</em></strong></span> 
     </span>
    </p>
   </div>
   <div class='ocr_carea' id='block_1_121' title="bbox 2217 5451 2493 5491">
    <p class='ocr_par' dir='ltr' id='par_1_121' title="bbox 2217 5451 2493 5491">
     <span class='ocr_line' id='line_1_122' title="bbox 2217 5451 2493 5491; baseline -0.007 0"><span class='ocrx_word' id='word_1_931' title='bbox 2217 5451 2493 5491; x_wconf 64' lang='lat' dir='ltr'><strong><em>sarculum.</em></strong></span> 
     </span>
    </p>
   </div>
   <div class='ocr_carea' id='block_1_122' title="bbox 2286 5505 3800 5576">
    <p class='ocr_par' dir='ltr' id='par_1_122' title="bbox 2286 5505 3800 5576">
     <span class='ocr_line' id='line_1_123' title="bbox 2286 5505 3800 5576; baseline -0.004 -16"><span class='ocrx_word' id='word_1_932' title='bbox 2286 5518 2309 5544; x_wconf 78' lang='grc' dir='ltr'>ε</span> <span class='ocrx_word' id='word_1_933' title='bbox 2331 5505 2560 5574; x_wconf 87' lang='lat' dir='ltr'><strong><em>Quidam</em></strong></span> <span class='ocrx_word' id='word_1_934' title='bbox 2591 5519 2724 5562; x_wconf 89' lang='lat' dir='ltr'><strong><em>mss.</em></strong></span> <span class='ocrx_word' id='word_1_935' title='bbox 2744 5505 3116 5576; x_wconf 86' lang='lat' dir='ltr'><strong><em>cupiditatibus</em></strong></span> <span class='ocrx_word' id='word_1_936' title='bbox 3148 5506 3328 5562; x_wconf 84' lang='lat' dir='ltr'><strong><em>mundi</em></strong></span> <span class='ocrx_word' id='word_1_937' title='bbox 3357 5505 3728 5564; x_wconf 80' lang='lat' dir='ltr'><strong><em>reuehentibus.</em></strong></span> <span class='ocrx_word' id='word_1_938' title='bbox 3751 5538 3765 5556; x_wconf 95' lang='lat'><strong><em>.</em></strong></span> <span class='ocrx_word' id='word_1_939' title='bbox 3786 5535 3800 5554; x_wconf 87' lang='lat'><strong><em>.</em></strong></span> 
     </span>
    </p>
   </div>
   <div class='ocr_carea' id='block_1_123' title="bbox 2211 5578 2990 5649">
    <p class='ocr_par' dir='ltr' id='par_1_123' title="bbox 2211 5578 2990 5649">
     <span class='ocr_line' id='line_1_124' title="bbox 2211 5578 2990 5649; baseline 0 -17"><span class='ocrx_word' id='word_1_940' title='bbox 2211 5580 2444 5634; x_wconf 85' lang='lat' dir='ltr'><strong><em>resoluta</em></strong></span> <span class='ocrx_word' id='word_1_941' title='bbox 2480 5578 2711 5633; x_wconf 89' lang='lat' dir='ltr'><strong><em>calorum</em></strong></span> <span class='ocrx_word' id='word_1_942' title='bbox 2743 5578 2990 5649; x_wconf 88' lang='lat' dir='ltr'><strong><em>pernicie.</em></strong></span> 
     </span>
    </p>
   </div>
   <div class='ocr_carea' id='block_1_124' title="bbox 2289 5646 3800 5724">
    <p class='ocr_par' dir='ltr' id='par_1_124' title="bbox 2289 5646 3800 5724">
     <span class='ocr_line' id='line_1_125' title="bbox 2289 5646 3800 5724; baseline -0.004 -19"><span class='ocrx_word' id='word_1_943' title='bbox 2289 5649 2308 5689; x_wconf 71' lang='grc' dir='ltr'>ί</span> <span class='ocrx_word' id='word_1_944' title='bbox 2351 5649 2554 5705; x_wconf 84' lang='lat' dir='ltr'><strong><em>Omnes</em></strong></span> <span class='ocrx_word' id='word_1_945' title='bbox 2580 5646 3176 5724; x_wconf 23' lang='lat' dir='ltr'><strong><em>edit.,&#39;discarda‘ntibu_s</em></strong></span> <span class='ocrx_word' id='word_1_946' title='bbox 3202 5651 3432 5724; x_wconf 47' lang='lat' dir='ltr'><strong><em>initerris</em></strong></span> <span class='ocrx_word' id='word_1_947' title='bbox 3453 5646 3800 5724; x_wconf 54' lang='lat' dir='ltr'><strong><em>primatibus;</em></strong></span> 
     </span>
    </p>
   </div>
   <div class='ocr_carea' id='block_1_125' title="bbox 2211 5721 3798 5791">
    <p class='ocr_par' dir='ltr' id='par_1_125' title="bbox 2211 5721 3798 5791">
     <span class='ocr_line' id='line_1_126' title="bbox 2211 5721 3798 5791; baseline -0.006 -14"><span class='ocrx_word' id='word_1_948' title='bbox 2211 5735 2344 5777; x_wconf 89' lang='lat' dir='ltr'><strong><em>mss.</em></strong></span> <span class='ocrx_word' id='word_1_949' title='bbox 2399 5729 2580 5775; x_wconf 85' lang='lat' dir='ltr'><strong><em>autcm</em></strong></span> <span class='ocrx_word' id='word_1_950' title='bbox 2639 5721 2910 5783; x_wconf 90' lang='lat' dir='ltr'><strong><em>nonnulli,</em></strong></span> <span class='ocrx_word' id='word_1_951' title='bbox 2954 5721 3392 5778; x_wconf 84' lang='lat' dir='ltr'><strong><em>discordantibus.</em></strong></span> <span class='ocrx_word' id='word_1_952' title='bbox 3443 5721 3510 5777; x_wconf 83' lang='lat' dir='ltr'><strong><em>In</em></strong></span> <span class='ocrx_word' id='word_1_953' title='bbox 3557 5721 3798 5791; x_wconf 53' lang='lat' dir='ltr'><strong><em>quatenus</em></strong></span> 
     </span>
    </p>
   </div>
   <div class='ocr_carea' id='block_1_126' title="bbox 2210 5791 3793 5867">
    <p class='ocr_par' dir='ltr' id='par_1_126' title="bbox 2210 5791 3793 5867">
     <span class='ocr_line' id='line_1_127' title="bbox 2210 5791 3793 5867; baseline -0.003 -19"><span class='ocrx_word' id='word_1_954' title='bbox 2210 5792 2525 5850; x_wconf 87' lang='lat' dir='ltr'><strong><em>animalibus</em></strong></span> <span class='ocrx_word' id='word_1_955' title='bbox 2557 5793 2707 5863; x_wconf 73' lang='lat' dir='ltr'><strong><em>uitta,</em></strong></span> <span class='ocrx_word' id='word_1_956' title='bbox 2738 5801 2844 5851; x_wconf 85' lang='lat' dir='ltr'><strong><em>etc.</em></strong></span> <span class='ocrx_word' id='word_1_957' title='bbox 2878 5791 3197 5866; x_wconf 82' lang='lat' dir='ltr'><strong><em>Elegantius</em></strong></span> <span class='ocrx_word' id='word_1_958' title='bbox 3227 5795 3424 5867; x_wconf 86' lang='lat' dir='ltr'><strong><em>reliqui</em></strong></span> <span class='ocrx_word' id='word_1_959' title='bbox 3467 5803 3524 5854; x_wconf 92' lang='lat' dir='ltr'><strong><em>ut</em></strong></span> <span class='ocrx_word' id='word_1_960' title='bbox 3551 5793 3604 5852; x_wconf 86' lang='lat' dir='ltr'><strong><em>in</em></strong></span> <span class='ocrx_word' id='word_1_961' title='bbox 3632 5797 3793 5865; x_wconf 55' lang='lat' dir='ltr'><strong><em>textu.</em></strong></span> 
     </span>
    </p>
   </div>
   <div class='ocr_carea' id='block_1_127' title="bbox 3990 3021 3999 3579">
    <p class='ocr_par' dir='ltr' id='par_1_127' title="bbox 3991 3021 3997 3579">
     <span class='ocr_line' id='line_1_128' title="bbox 3995 3021 3997 3137; baseline 0 0"><span class='ocrx_word' id='word_1_962' title='bbox 3995 3021 3997 3137; x_wconf 99' lang='grc'><strong><em>1</em></strong></span> 
     </span>
     <span class='ocr_line' id='line_1_129' title="bbox 3993 3259 3995 3381; baseline 0 0"><span class='ocrx_word' id='word_1_963' title='bbox 3993 3259 3995 3381; x_wconf 99' lang='grc'><strong><em>1</em></strong></span> 
     </span>
     <span class='ocr_line' id='line_1_130' title="bbox 3991 3441 3993 3579; baseline 0 0"><span class='ocrx_word' id='word_1_964' title='bbox 3991 3441 3993 3579; x_wconf 99' lang='grc'><strong><em>1</em></strong></span> 
     </span>
    </p>
   </div>
  </div>
