4054 6306
259 296 373 354 297

1390 301 1478 356 DE
1525 302 1974 360 VIRCINITATE
2013 304 2223 363 LIBER
2263 310 2461 366 UMJ'S.

3472 323 3580 379 298

259 416 456 476 aptata
485 407 766 475 virtutem,
796 415 850 464 ct
879 407 943 463 ad
973 407 1354 480 Evangelicum
1384 411 1681 470 cohaerenti
1709 429 1872 471 cursu
1897 414 1952 476 Α
2050 415 2288 489 Denique
2313 420 2644 492 subjungitur
2683 424 2971 481 exhortatio
3016 438 3068 482 ut
3111 430 3157 486 si
3187 433 3405 499 pretium
3442 438 3582 507 quod

261 499 499 557 formata
520 512 880 576 praeceptum:
905 513 1020 560 rota
1052 514 1235 562 autem
1261 506 1313 562 in
1341 507 1519 564 medio
1537 510 1871 576 rotae,veluti

261 594 532 650 vitaintra
564 595 766 662 vitam;
795 595 937 668 quod
963 607 1276 653 sanctorum
1305 599 1406 655 sibi
1436 600 1542 655 vita
1575 619 1681 656 non
1700 602 1871 659 disso-

263 686 497 752 net,sed
522 687 702 759 qualis
734 688 890 744 fuerit
912 690 1212 760 superioris
1241 693 1441 761 aetatis,
1463 695 1586 751 talis
1616 697 1758 753 sitet
1786 713 1872 754 se-

262 778 487 848 quentis
513 796 526 832 :
560 779 648 836 vel
679 779 822 852 quod
847 782 898 837 in
922 780 1024 838 hac
1055 783 1166 840 vita
1195 786 1438 858 corporis
1467 786 1594 844 vitae
1623 788 1872 846 volvatur

264 883 400 926 usus
431 880 676 928 αξιοι-ηαξ.

341 985 471 1041 118.
511 985 650 1044 Cum
683 987 785 1046 ista
811 993 1185 1064 congruerint,
1208 1003 1336 1051 tunc
1364 996 1546 1053 divina
1569 1012 1670 1054 vox
1695 1000 1871 1056 resul-

264 1077 441 1147 tabit,
491 1088 620 1136 tunc
673 1096 840 1154 super
891 1085 1306 1144 similitudinem
1361 1090 1540 1148 throni
1570 1091 1872 1149 similitudo

263 1171 411 1228 sicut
439 1175 655 1245 species
680 1176 919 1235 hominis
944 1181 1463 1256 apparebit(Ezech.
1507 1201 1547 1251 ι,
1591 1185 1663 1241 26
1686 1185 1723 1256 ).
1773 1187 1872 1243 llic

265 1261 436 1320 homo
477 1265 712 1323 Verbum
765 1278 890 1337 est,
945 1271 1069 1342 quia
1112 1272 1332 1329 Verbum
1375 1292 1497 1331 caro
1554 1282 1748 1349 factum
1798 1289 1872 1335 est

265 1356 466 1430 (John.
499 1361 701 1434 ι,14).
748 1363 846 1420 llic
886 1364 1047 1422 homo
1079 1377 1105 1406 τι
1154 1378 1466 1428 nostrorum
1515 1384 1597 1429 est
1640 1377 1874 1446 agitator

264 1452 610 1520 animalium,
638 1463 955 1513 nostrorum
1004 1469 1185 1516 rector
1231 1472 1317 1518 est
1358 1479 1604 1535 morum,
1649 1467 1740 1538 qui
1773 1483 1872 1539 pro

265 1556 580 1601 nostrorum
596 1547 810 1604 ratione
824 1550 1166 1619 meritorum,
1188 1563 1285 1610 aut
1305 1570 1529 1613 currum
1554 1558 1873 1632 plerumque

265 1647 359 1692 aut
385 1649 626 1694 montem
657 1641 930 1708 ascendit,
980 1653 1074 1700 aut
1102 1647 1284 1703 navim
1311 1666 1325 1704 :
1357 1650 1457 1706 sed
1480 1652 1660 1708 navim
1690 1653 1745 1709 iu
1766 1669 1870 1726 qua

265 1741 357 1786 aut
389 1733 622 1802 apostoli
653 1735 945 1807 navigant,
991 1746 1087 1795 aut
1114 1740 1354 1810 piscatur
1399 1744 1592 1802 Petrus
1614 1746 1634 1820 (
1659 1747 1786 1804 Luc.
1814 1765 1869 1815 v,

2049 509 2252 565 Christo
2282 511 2551 579 debemus,
2583 524 2744 570 totum
2772 517 2969 575 solvere
2995 521 3162 577 minus
3187 524 3366 591 liceat,
3398 527 3579 582 saltem

2047 621 2140 659 nos
2170 609 2282 678 ejus
2306 606 2550 677 beneﬁcio
2570 627 2673 665 non
2699 611 2938 684 indignos
2965 613 3337 686 exhibeamus;
3368 636 3432 673 ne
3454 636 3579 690 que-

2047 706 2193 751 ratur
2236 703 2434 770 [rustra
2477 703 2785 774 sanguinem
2823 722 2880 761 se
2923 707 3260 780 profudisse,
3301 726 3362 765 ac
3405 711 3577 767 locant

2045 789 2262 848 subiisse
2287 795 2656 865 corruptionis.

2048 904 2172 961 120.
2214 906 2420 965 Intrate
2473 909 2680 980 igitur,
2727 911 2896 980 ﬁliae,
2949 915 3002 970 in
3056 917 3429 987 apostolorum
3482 936 3574 977 re-

1974 997 2084 1062 tia,
2141 1015 2264 1070 qute
2302 1015 2413 1057 non
2456 1002 2695 1060 hominis
2735 1005 3099 1077 auctoritate,
3153 1011 3250 1067 sed
3294 1012 3390 1068 Dei
3441 1029 3575 1070 voce

1973 1090 2266 1160 laxantur;
2309 1105 2426 1152 rete
2474 1098 2619 1153 enim
2661 1101 2945 1171 sapientia:
2984 1105 3246 1175 spiritalis
3286 1116 3450 1180 atque
3477 1109 3574 1165 do-

1969 1185 2163 1241 ctrinm
2195 1204 2422 1259 regnum
2454 1192 2719 1248 cmlorum
2749 1196 2998 1267 est,quia
3031 1200 3295 1269 scriptum
3326 1211 3410 1258 cst
3441 1221 3452 1256 :
3485 1205 3576 1260 Si-

1973 1279 2094 1336 mile
2133 1291 2207 1336 est
2246 1299 2460 1355 regnum
2501 1286 2748 1343 caelorum
2775 1297 2873 1344 rett
2912 1291 3150 1348 missoin
3183 1311 3323 1351 mare
3353 1296 3570 1369 (Matth.

1974 1385 2071 1426 xm
2092 1413 2106 1440 ,
2140 1374 2254 1446 67).

2049 1465 2174 1520 121.
2216 1466 2466 1526 Audistis
2511 1471 2675 1529 hodie
2724 1473 2997 1533 dicentem
3048 1480 3336 1538 Dominum
3386 1484 3572 1543 Jesum

1973 1555 2186 1614 Simoni
2216 1578 2228 1613 :
2260 1559 2379 1616 Duc
2408 1563 2464 1618 in
2491 1567 2658 1620 altum
2678 1607 2693 1634 ,
2726 1577 2775 1623 et
2802 1569 2977 1625 laxate
3003 1575 3135 1628 retia
3173 1587 3340 1631 vestra
3378 1580 3433 1634 in
3484 1598 3574 1636 ca-

1975 1659 2178 1721 pturum
2207 1652 2370 1724 (Luc.
2402 1672 2458 1718 v,
2486 1656 2573 1729 4).
2606 1657 2748 1716 Ante
2781 1677 2888 1717 non
2920 1663 3151 1722 ducebat
3190 1667 3244 1723 in
3275 1671 3447 1726 altum
3475 1672 3577 1730 Pe-

1977 1749 2114 1810 trus,
2145 1747 2362 1815 quando
2393 1749 2704 1820 piscabatur
2728 1753 2780 1808 in
2811 1765 3026 1828 stagno.
3062 1759 3179 1817 Etsi
3221 1778 3375 1821 mare
3420 1778 3576 1835 erat,

265 1821 302 1878 3
329 1832 380 1877 et
406 1823 574 1896 seq.);
623 1842 721 1882 nec
750 1829 894 1884 enim
926 1829 1048 1886 vilis
1071 1841 1156 1888 est
1197 1837 1371 1904 navis,
1418 1852 1538 1908 qua:
1568 1811 1784 1896 ducitur
1815 1843 1868 1898 in

1987 1811 2289 1893 altum-non
2323 1811 2442 1896 erat
2483 1842 2662 1913 (Ibid.
2689 1887 2702 1910 ,
2733 1845 2837 1919 5);
2881 1811 3578 1929 altum—uiareWS-eripiura

264 1917 432 1973 altum
455 1917 670 1987 (Matth.
701 1937 836 1988 xvu,
859 1923 937 1995 1),
963 1922 1066 1980 hoc
1094 1936 1201 1994 est,
1230 1928 1298 1983 ab
1324 1930 1620 1988 incredulis
1648 1949 1868 2005 separa-

266 2024 375 2072 tur.
419 2019 527 2073 Cur
547 2020 693 2075 enim
718 2021 871 2078 navis
893 2022 1110 2095 cligitur
1138 2024 1191 2080 in
1236 2042 1341 2098 qua
1364 2025 1613 2085 Christus
1649 2031 1866 2100 sedeat,

265 2111 422 2166 turba
450 2112 744 2185 doceatur,
784 2117 888 2172 nisi
933 2117 1058 2191 quia
1109 2121 1262 2176 navis
1289 2121 1537 2179 Ecclesia
1575 2137 1695 2192 est,
1749 2143 1870 2198 qua:

265 2204 430 2275 pleno
459 2205 757 2264 Dominicae
804 2211 982 2267 crucis
1006 2211 1130 2268 velo
1158 2213 1331 2269 sancti
1385 2214 1621 2287 Spiritus
1651 2218 1780 2274 ﬂatu
1814 2221 1870 2276 in

268 2297 372 2355 hoc
401 2299 542 2358 bene
561 2301 778 2374 navigat
808 2304 1010 2362 mundo
1031 2307 1056 2361 ?

345 2415 467 2472 H9.
496 2415 555 2471 ln
589 2416 695 2474 hac
718 2419 837 2475 navi
856 2421 1097 2488 piscatur
1124 2423 1318 2482 Petrus
1347 2443 1360 2480 :
1390 2434 1448 2484 et
1471 2441 1613 2484 nunc
1639 2429 1869 2498 retibus,

267 2523 413 2564 nunc
439 2508 604 2566 hamo
620 2511 815 2582 piscari
838 2513 1082 2584 jubetur.
1109 2516 1327 2575 Grande
1351 2521 1699 2591 mysterium!
1751 2522 1874 2594 Spio

266 2599 444 2658 ritalis
465 2603 613 2660 enim
641 2605 858 2662 videtur
883 2622 1009 2665 esse
1054 2609 1305 2682 piscatio,
1336 2629 1442 2685 qua
1469 2615 1732 2671 doctrinae
1771 2615 1873 2672 ha-

266 2707 420 2748 mum
469 2694 688 2753 mittere
723 2697 944 2766 jubetur
973 2701 1026 2755 in
1051 2702 1347 2771 saeculum;
1374 2706 1688 2776 utprimum
1721 2707 1872 2764 illum

266 2797 569 2860 martyrem
589 2787 620 2828 δ
649 2790 987 2864 Stephanum
1032 2795 1101 2852 de
1128 2798 1264 2852 mari
1304 2799 1502 2866 elevet,
1528 2801 1621 2872 qui
1648 2817 1873 2858 censum

263 2880 471 2938 Christi
541 2884 596 2939 in
659 2885 1017 2944 interioribus
1061 2892 1400 2960 contineret;
1473 2905 1680 2966 martyr
1730 2897 1875 2953 enim

265 2975 471 3034 Christi
502 2976 794 3036 thesaurus
824 2981 1104 3039 Ecclesiae.
1129 2985 1336 3057 Martyr
1379 2988 1544 3059 igitur
1569 2989 1660 3046 ille
1688 2991 1780 3062 qui
1808 2991 1878 3048 de

260 3071 412 3126 .mari
453 3072 523 3127 ad
575 3073 772 3130 cmlum
825 3076 1035 3145 primus
1082 3077 1362 3147 ascendit,
1405 3091 1599 3153 captus
1643 3097 1674 3137 a
1714 3083 1878 3140 Petro

1974 1930 2166 1986 nescit.
2198 1931 2338 1999 Quid
2368 1950 2499 2006 ergo
2542 1938 2613 1992 sit
2640 1938 2810 1996 altum
2833 1984 2846 2010 ,
2879 1947 3067 2017 accipe
3094 1965 3106 2002 :
3137 1949 3287 2021 Aqua
3315 1953 3423 2008 alta
3453 1972 3576 2010 con-

1971 2022 2148 2079 silium
2179 2027 2233 2080 in
2261 2028 2418 2082 corde
2441 2030 2538 2084 viri
2569 2031 2769 2104 (Prov.
2810 2053 2942 2094 xvm
2962 2081 2977 2107 ,
3026 2039 3131 2112 4);
3162 2043 3347 2101 Altum
3376 2062 3473 2104 cor
3501 2051 3584 2105 vir

1972 2129 2093 2187 est,
2126 2121 2214 2176 ubi
2248 2123 2384 2177 nihil
2415 2124 2676 2182 vadosum
2706 2139 2809 2186 est.
2843 2131 2956 2188 Duc
2989 2150 3120 2206 ergo
3169 2138 3224 2193 in
3266 2140 3436 2197 altum
3470 2143 3585 2199 dis-

1975 2212 2270 2282 putationis
2300 2224 2403 2270 tuze
2433 2216 2667 2290 ﬁdeique
2689 2224 2974 2294 remigium
2997 2269 3013 2296 ,
3044 2228 3150 2285 duc
3205 2231 3258 2286 in
3308 2247 3406 2290 cor
3451 2237 3579 2292 viri.

1973 2303 2077 2360 Per
2098 2305 2410 2376 parabolam
2435 2307 2523 2365 hic
2546 2322 2701 2368 vocat
2723 2313 2788 2368 ad
2813 2315 3116 2374 Ecclesiam
3141 2321 3398 2394 Petrum,
3419 2342 3584 2396 quem

1973 2405 2273 2459 secundum
2324 2404 2640 2464 Matthaaum
2682 2412 2916 2483 simplici
2954 2418 3168 2473 vocavit
3207 2435 3472 2479 sermone
3505 2425 3588 2479 di-

1973 2507 2152 2552 cens:
2204 2495 2427 2566 Venite,
2484 2509 2534 2556 et
2591 2503 2784 2572 faciam
2834 2523 2922 2562 vos
2977 2509 3262 2579 piscatores
3313 2514 3586 2573 hominum

1974 2587 2192 2661 (Matth.
2228 2606 2302 2658 IV,
2341 2591 2452 2664 to).

2053 2681 2177 2736 122.
2221 2683 2319 2740 Est
2349 2693 2405 2741 et
2434 2685 2581 2743 aliud
2609 2691 2927 2761 mysterium
2957 2711 2969 2747 :
3000 2693 3119 2750 Duc
3147 2698 3202 2752 in
3230 2701 3429 2770 altum;
3455 2705 3582 2772 quia

1977 2781 2104 2829 ante
2147 2773 2202 2829 in
2232 2782 2398 2832 arena
2442 2787 2560 2834 erat
2583 2821 2599 2846 ,
2630 2782 2849 2851 quando
2879 2783 2931 2838 in
2963 2785 3247 2859 Synagoga
3285 2801 3422 2848 erat.
3455 2793 3581 2851 Alta

1979 2881 2086 2922 non
2117 2878 2237 2924 erat
2282 2883 2422 2941 aqua
2467 2871 2693 2930 Judaete.
2728 2875 2972 2949 Denique
3019 2881 3362 2942 Samaritana
3397 2899 3452 2944 et
3481 2905 3582 2960 pu-

1982 2967 2128 3016 teum
2175 2961 2342 3020 altum
2394 2966 2616 3036 putabat
2663 2968 2853 3026 dicens
2885 2992 2896 3028 :
2933 2974 3002 3028 Et
3047 2987 3232 3045 puteus
3279 2981 3416 3036 altus
3465 2994 3580 3053 est,

1979 3054 2118 3110 unde
2159 3057 2288 3111 mihi
2335 3058 2462 3113 dare
2490 3059 2646 3115 habes
2673 3079 2861 3133 aquam
2890 3067 3054 3121 vivam
3098 3068 3294 3140 (Joan.
3326 3089 3409 3141 Iv,
3443 3076 3503 3129 11
3523 3075 3540 3148 )
3560 3078 3585 3130 ‘i

266 3163 547 3221 ministrer
572 3166 780 3236 altaris,
810 3182 921 3224 non
943 3170 1068 3237 reti,
1093 3171 1191 3227 sed
1221 3145 1380 3230 hamo
1410 3175 1649 3245 levatur;
1677 3186 1736 3232 ut
1756 3179 1875 3235 rivo
1902 3198 1947 3263 ρ
1982 3145 2511 3263 ξὛῃῗΪεῘ-ξψξῗῗθ
2537 3150 2877 3263 ῗξηξιίωῃ,
2913 3168 3127 3263 potiar“
3151 3202 3168 3229 ’
3198 3164 3415 3263 “"3"?”
3457 3181 3579 3263 ⁰¹,¹¹¹¹

269 3258 356 3313 sui
405 3259 685 3331 sanguinis
727 3261 1037 3319 elevaretur
1075 3264 1142 3320 ad
1187 3266 1406 3323 coelum.
1456 3268 1625 3339 Cujus
1673 3270 1730 3326 in
1774 3285 1873 3328 ore

272 3350 562 3408 thesaurus
585 3362 725 3420 erat,
759 3369 882 3410 cum
906 3355 1182 3413 Christum
1212 3360 1266 3415 in
1296 3360 1642 3420 confessione
1686 3363 1875 3435 loque-

273 3451 448 3499 retur.
491 3445 649 3518 243
677 3446 812 3516 Quis
842 3448 989 3504 enim
1019 3448 1311 3507 thesaurus
1343 3453 1396 3507 in
1427 3455 1582 3510 nobis
1611 3463 1695 3511 est
1718 3496 1735 3523 ,
1768 3454 1874 3512 nisi

269 3536 371 3592 Dei
395 3536 670 3594 Verbum?
715 3540 812 3598 Dei
843 3556 974 3613 ergo
1019 3552 1075 3599 et
1117 3546 1325 3601 retibus
1352 3557 1406 3603 et
1441 3547 1605 3604 hamo
1634 3548 1875 3620 piscatur

262 3630 593 3701 perfectior;
626 3641 685 3688 ut
705 3635 808 3689 reti
835 3635 1148 3706 concludat,
1193 3638 1357 3696 hamo
1385 3641 1578 3698 adurat
1605 3661 1618 3698 :
1650 3643 1746 3700 sed
1770 3644 1874 3701 reti

262 3721 428 3778 turba
458 3724 834 3794 concluditur,
887 3727 1050 3784 hamo
1100 3731 1393 3803 singularis
1441 3734 1691 3807 elegitur.
1739 3736 1784 3792 Ο
1827 3738 1873 3794 si

259 3815 403 3873 mihi
431 3816 625 3875 liceret
672 3819 823 3876 illum
849 3820 1070 3879 hamum
1121 3829 1474 3900 vorare,“qui
1529 3831 1782 3889 adureret
1810 3848 1872 3890 os

259 3923 475 3978 meum,
501 3921 526 3951 ε
556 3919 613 3968 et
639 3911 746 3968 levi
772 3912 927 3971 daret
957 3916 1189 3974 salutem
1219 3920 1482 3978 vulnere!

861 4050 1093 4112 CAPUT
1133 4054 1278 4112 XIX.

262 4159 527 4216 Hortatur
575 4161 831 4234 virgines,
865 4175 921 4221 ut
961 4168 1175 4225 subeant
1217 4173 1346 4228 retia
1381 4175 1682 4246 sapientiaz,
1711 4179 1766 4232 id
1796 4190 1871 4236 est

336 4270 556 4325 regnum
588 4256 837 4312 calorum
859 4300 876 4324 ,
905 4276 1006 4331 quo
1051 4262 1240 4319 ducere
1268 4265 1484 4338 jubetur
1509 4267 1720 4324 Petrus.
1751 4271 1872 4327 Alia

336 4349 573 4421 ejusdem
601 4351 845 4422 prlecepti
870 4353 1023 4409 datur
1049 4359 1283 4429 acceptio
1301 4401 1316 4425 ,
1348 4371 1403 4414 ut
1428 4378 1516 4416 cor
1545 4364 1644 4417 viri
1675 4381 1767 4434 per
1792 4368 1872 4421 al-

339 4453 451 4496 tum
480 4444 834 4516 intelligamus
870 4457 1020 4519 atque
1049 4449 1334 4507 Ecclesiam
1366 4469 1385 4508 :
1413 4470 1534 4510 mox
1564 4459 1870 4529 praponitur

335 4547 402 4617 et.
431 4537 584 4592 tertia
607 4538 674 4593 de
719 4539 832 4609 ipso
872 4539 1120 4608 Christo;
1155 4544 1291 4599 unde
1331 4555 1379 4600 et
1413 4549 1688 4618 respondet
1733 4550 1868 4604 idem

335 4635 607 4703 apostolus
654 4637 913 4692 incassum
942 4656 1033 4710 per
1076 4652 1275 4696 noctem
1310 4661 1364 4699 se
1407 4645 1687 4704 laborasse.
1725 4651 1866 4718 Quo-

337 4730 492 4785 modo
510 4732 793 4787 etianmum
830 4735 1012 4790 eadem
1041 4735 1279 4794 Christus
1321 4755 1384 4794 ac
1427 4739 1621 4798 Petrus
1664 4745 1859 4802 dicant.

339 4901 368 4969 ξι
409 4893 538 4969 Mss.
564 4892 794 4969 aliquot,
817 4903 1109 4969 nostrarum
1135 4898 1358 4969 agitator
1379 4907 1451 4953 est
1479 4901 1790 4958 animarum.

337 4962 366 5001 ι’
393 4964 578 5042 _Edit.,
613 4962 675 5019 de
699 4968 831 5042 mari
858 4977 1055 5042 verrat;
1106 4962 1239 5042 mss.
1272 4971 1485 5038 partim.
1513 5009 1528 5024 .
1558 5011 1572 5026 .
1599 5013 1612 5025 .
1645 4985 1863 5042 erueret,

301 5035 488 5111 artim.
524 5077 536 5089 .
573 5074 585 5088 .
626 5037 846 5111 ._elevet.
879 5039 965 5111 De
997 5035 1284 5111 Stephano
1321 5051 1499 5097 autem
1530 5059 1636 5100 non
1685 5035 1866 5102 solum

307 5122 377 5184 ne
403 5107 548 5184 lo_co,
572 5107 846 5184 sedetiam
875 5107 1136 5166 Hexaem.
1163 5112 1335 5184 lib.iv,
1366 5128 1486 5184 cap.
1517 5116 1571 5180 6,
1603 5132 1753 5172 num.
1777 5118 1867 5184 16,

260 5188 323 5235 et
364 5179 416 5254 in
446 5178 645 5254 Lucam
679 5179 776 5236 lib.
816 5196 865 5248 v,
899 5197 1046 5236 num.
1100 5184 1187 5249 75,
1241 5178 1566 5254 disputatur.
1594 5178 1864 5246 Caeterum

260 5250 411 5321 quod
438 5249 690 5325 subditur
719 5262 840 5325 post
883 5267 1049 5322 pauca
1069 5295 1082 5319 ,
1129 5249 1364 5310 minister
1391 5256 1572 5313 altaris
1595 5299 1611 5325 ,
1646 5260 1696 5314 id
1735 5272 1868 5316 sane

261 5332 456 5390 aperte
485 5321 752 5392 signiﬁcat
777 5321 1038 5379 diaconos
1065 5340 1174 5380 non
1203 5334 1263 5381 ut
1288 5327 1552 5384 Ecclesiae
1583 5321 1866 5388 facultates

263 5403 430 5472 atque
459 5395 840 5472 eleempsynas
869 5403 1074 5472 tantum
1105 5397 1574 5472 administrarent,
1607 5403 1867 5472 quemad-

264 5463 492 5519 mddum
529 5465 582 5544 i_n
603 5463 861 5544 Trullana
887 5468 1094 5544 synodo
1122 5479 1310 5524 contra
1342 5463 1832 5544 Neocmsariensem
1853 5518 1868 5544 ,

265 5544 435 5606 atque
485 5536 627 5591 adeo
659 5538 965 5591 universam
995 5539 1211 5593 Patrum
1243 5541 1588 5598 traditionem
1611 5536 1874 5601 constitit;

264 5615 381 5683 tum
411 5606 722 5683 est,_sed_ut
742 5607 932 5683 altaris
953 5611 1062 5664 veri
1086 5611 1317 5668 ministri
1342 5624 1712 5683 censerentur,
1737 5617 1878 5673 sicut

257 5676 374 5748 jam
402 5679 534 5735 alibi
566 5679 1066 5736 animadvertimus.

346 5761 366 5786 ε
410 5749 541 5825 Mss.
585 5748 829 5825 aliquot,
861 5762 910 5804 et
951 5752 1193 5825 levigaret
1237 5757 1460 5812 salutem
1496 5759 1751 5824 vulnere;
1783 5759 1878 5816 alii

266 5821 553 5891 nonnulli,
581 5830 628 5878 et
656 5820 899 5891 levigaret
924 5820 1104 5879 saltem
1137 5828 1350 5885 vulnera
1372 5845 1392 5886 :
1420 5830 1614 5889 melius
1641 5820 1876 5898 reliqui,

679 5919 960 5980 ΡΑτιιοι..
1012 5921 1185 5984 XVI.

1979 3240 2183 3298 Judaeis
2208 3242 2467 3300 credebat
2491 3286 2505 3310 ,
2533 3245 2625 3316 qui
2652 3247 2818 3302 etiam
2846 3248 2914 3304 de
2942 3261 3106 3320 puteo
3133 3268 3326 3324 aquam
3358 3257 3582 3315 haurire

1977 3353 2083 3391 non
2115 3346 2390 3406 poterant.
2416 3338 2546 3394 ideo
2575 3337 2775 3396 dicitur
2800 3341 2961 3397 Petro
2985 3360 3000 3401 :
3031 3343 3148 3400 Duc
3171 3347 3227 3402 in
3251 3350 3415 3405 altum
3435 3393 3449 3418 ,
3475 3352 3580 3411 hoc

1976 3437 2061 3485 est
2086 3469 2100 3494 ,
2131 3428 2237 3483 duc
2267 3429 2336 3484 ad
2362 3429 2678 3497 Christum;
2710 3432 2851 3488 altus
2889 3445 2973 3490 est
3009 3435 3152 3492 enim
3184 3437 3462 3510 Christus,
3512 3445 3582 3503 de

1976 3535 2084 3592 quo
2113 3520 2312 3576 dicitur
2351 3520 2418 3576 ad
2450 3520 2713 3578 Joannem
2743 3539 2773 3579 a
2803 3524 3000 3582 Patre:
3033 3527 3103 3582 Et
3135 3540 3221 3597 tu,
3270 3550 3419 3603 puer,
3456 3555 3579 3608 pro-

1975 3616 2128 3689 pheta
2167 3615 2417 3670 Altissimi
2445 3617 2711 3672 vocaberis
2754 3618 2916 3692 (Luc.
2943 3636 2960 3675 ι
2983 3663 2998 3689 ,
3029 3621 3143 3695 76).
3180 3624 3297 3682 Duc
3340 3643 3469 3700 ergo
3508 3634 3579 3690 ad

1975 3707 2276 3766 Christum.
2313 3710 2379 3764 Et
2416 3709 2556 3767 bene
2585 3712 2797 3786 altum,
2833 3714 2884 3769 in
2916 3731 3025 3786 quo
3064 3727 3150 3774 est
3179 3720 3411 3778 altitudo
3441 3724 3580 3782 divi-

1977 3804 2178 3859 tiarum
2229 3803 2513 3875 sapientia“:
2560 3815 2617 3861 et
2657 3805 2906 3863 scientia:
2953 3809 3051 3866 Dei
3097 3811 3291 3884 (Rom.
3325 3832 3417 3885 xi,
3447 3819 3571 3890 35).

1976 3895 2091 3952 Duc
2119 3898 2172 3953 in
2205 3897 2407 3966 altum;
2444 3908 2468 3936 θ
2499 3898 2592 3969 qui
2637 3899 2780 3956 altus
2808 3916 2974 3973 super
3002 3903 3171 3960 altum
3209 3910 3488 3979 custodit,
3520 3922 3578 3970 et

1975 3989 2196 4046 exaltat.

2047 4082 2171 4138 125.
2213 4081 2290 4137 Ilii
2321 4096 2455 4151 ergo
2482 4081 2607 4137 altae
2636 4097 2791 4153 aquae
2817 4123 2833 4150 ,
2864 4083 2954 4140 ubi
2985 4083 3238 4144 Christus
3265 4099 3349 4146 est
3369 4133 3384 4159 ,
3417 4093 3432 4131 ¹
3469 4095 3575 4152 hoc

1974 4186 2058 4233 est
2085 4218 2099 4242 ,
2130 4175 2288 4231 ﬁdes.
2319 4175 2459 4231 Altae
2485 4190 2640 4246 aqua:
2663 4217 2678 4242 ,
2715 4192 2836 4248 quae
2865 4177 3060 4235 timent
3085 4181 3407 4254 Dominum,
3437 4204 3574 4260 qua-

1975 4267 2054 4324 les
2084 4267 2191 4322 illm
2217 4285 2230 4322 :
2271 4266 2525 4322 Viderunt
2577 4277 2626 4322 te
2649 4284 2817 4339 aqum,
2849 4268 2989 4326 Deus
3009 4311 3026 4339 ,
3056 4273 3294 4330 viderunt
3325 4287 3372 4332 te
3407 4280 3572 4354 244

1973 4377 2140 4432 aqute,
2164 4371 2210 4415 et
2243 4361 2521 4416 timuerunt
2558 4358 2731 4432 (Psat.
2769 4377 2958 4428 Lxxw,
2995 4363 3108 4435 l7).
3162 4367 3318 4438 Apud
3349 4369 3572 4428 Iudaeos

1977 4466 2002 4505 s
2037 4472 2175 4528 aqua
2225 4456 2333 4511 alta
2381 4471 2488 4510 non
2527 4463 2650 4510 erat
2673 4497 2688 4523 ,
2719 4455 2844 4526 quia
2884 4473 2991 4512 non
3022 4467 3144 4514 erat
3169 4460 3419 4532 incorde
3445 4467 3569 4523 viri.

1973 4551 2206 4622 Ideoque
2238 4549 2499 4604 Dominus
2523 4549 2600 4604 ait
2625 4565 2638 4602 :
2671 4547 2904 4621 Papulas
2929 4549 3012 4604 hic
3041 4551 3191 4606 labiis
3214 4571 3294 4610 me
3316 4556 3569 4629 honorat,

1973 4660 2059 4699 cor
2101 4655 2270 4698 autem
2301 4657 2479 4698 eorum
2507 4640 2657 4713 longe
2701 4649 2774 4696 est
2801 4657 2833 4694 a
2862 4657 2942 4696 me
2979 4641 3204 4713 (Matth.
3238 4663 3357 4718 xw,
3399 4650 3477 4721 8).
3510 4652 3567 4708 In

1971 4740 2140 4798 corde
2168 4745 2316 4794 amat
2362 4751 2486 4793 esse
2512 4734 2762 4792 Christus
2789 4752 2803 4790 :
2835 4735 2988 4792 Sicut
3025 4739 3158 4794 enim
3189 4743 3292 4812 fuit
3317 4741 3485 4800 Jonas
3514 4748 3568 4802 in

1973 4912 2028 4961 et
2048 4901 2178 4957 edit.
2207 4907 2266 4954 ut
2299 4899 2352 4953 in
2386 4903 2560 4952 textu.

2044 4972 2070 5009 ἀ
2103 4970 2355 5028 Nonnulli
2371 4981 2520 5046 _ms_s.
2543 5009 2556 5031 ,
2581 4967 2634 5020 in
2655 4966 2820 5046 altum
2841 4976 3059 5046 poterat.
3087 4969 3310 5046 Quando
3330 4985 3528 5046 poterat
3543 4981 3570 5034 .’

1976 5043 2195 5114 Quando
2219 5058 2334 5096 cum
2358 5039 2575 5094 Judteus
2596 5038 2854 5094 credebat.
2882 5041 3016 5103 Quia
3035 5043 3188 5096 etiam
3209 5083 3222 5109 ,
3249 5038 3389 5102 etc};
3415 5064 3570 5105 mon.

1970 5118 2188 5242 doieita
2230 5182 2362 5238 edit.
2399 5182 2624 5253 Amerb.
2665 5193 2828 5253 atque
2861 5180 3023 5240 Eras.
3066 5197 3186 5239 cum
3223 5200 3354 5243 mss.
3396 5192 3568 5246 multo

1972 5259 2256 5332 pluribus,
2288 5253 2392 5309 nisi
2415 5252 2642 5332 quod_iu
2668 5252 2778 5308 illis
2800 5253 3059 5332 habetur,
3084 5257 3337 5332 custodiet
3357 5265 3572 5320 ehem!-

1975 5323 2123 5387 iabit.
2148 5327 2281 5386 Gill.
2309 5323 2443 5403 vero
2466 5334 2521 5379 et
2551 5323 2710 5403 Rom.
2745 5339 2868 5380 cum
2911 5325 3038 5403 aliis
3084 5326 3357 5403 nonnullis
3397 5347 3528 5389 mss.
3553 5378 3568 5403 ,

1969 5405 2097 5476 quia
2121 5402 2322 5476 altum;
2348 5394 2515 5476 edita,
2540 5395 2705 5476 altos,
2739 5413 2893 5476 super
2923 5396 3091 5450 altum
3111 5397 3330 5452 custodit
3353 5411 3400 5455 et
3425 5394 3567 5460 exuli

1975 5466 2080 5536 iat;
2110 5472 2276 5536 edit.,
2309 5466 2559 5522 custodiet
2586 5475 2632 5520 et
2659 5466 2924 5520 exaltabit.
3460 5502 3470 5509 .
3627 5518 3636 5524 ,

2052 5518 2076 5585 ί
2107 5518 3039 5610 είῖιὸἐγξειέίβᾴεε
3074 5536 3179 5590 alta
3205 5577 3218 5602 ,
3256 5547 3303 5592 et
3348 5558 3464 5610 gate
3503 5549 3572 5603 ti.

1973 5627 2149 5684 ment;
2174 5613 2268 5668 alii
2301 5627 2407 5666 non
2438 5608 2630 5690 pauci,
2656 5615 2729 5660 est
2751 5607 2873 5690 ﬁdei
2901 5607 3021 5673 altre
3046 5623 3227 5690 aqum,
3245 5607 3372 5679 qui;
3399 5632 3532 5676 unus
3551 5665 3566 5689 ,

1976 5705 2091 5761 quia
2131 5677 2473 5761 timent,__ctc.
2508 5679 2698 5733 Melius
2726 5677 2875 5761 fdi"
2906 5691 3100 5761 om“?
3127 5688 3184 5760 Ψ
3212 5677 3266 5732 ί¹ί
3289 5677 3570 5761 Comum:

2054 5770 2078 5806 8
2120 5758 2244 5814 Vel.
2285 5747 2415 5809 edit.
2444 5792 2459 5814 ,
2505 5765 2642 5820 aqua
2684 5747 2790 5799 alta
2831 5763 2930 5800 non
2981 5757 3090 5832 erat
3134 5750 3392 5832 incorde
3435 5747 3572 5832 viri;

1978 5827 2283 5901 elegantius
2328 5825 2490 5880 Rom.
2533 5818 2654 5876 cum
2683 5832 2814 5873 mss.
2860 5818 3138 5887 omnibus,
3169 5831 3226 5878 ut
3257 5839 3356 5880 nos
3386 5818 3575 5901 supra:

2922 5908 2999 5968 10
