4054 6306
332 325 437 383 501

1239 316 1448 375 LIBER
1486 318 1574 375 DE
1616 315 2100 377 INSTITUTIONE
2141 320 2466 380 VIRGINIS.
2505 319 2906 381 ADMONITIO.

3546 329 3655 386 302

330 452 522 497 earum
549 438 838 511 lacrymis,
868 434 1208 493 resuscitavit
1236 435 1500 493 altricem.
1548 434 1801 492 Viviﬁcet
1840 451 1939 491 vos
1965 442 2019 502 Α
2044 437 2147 493 sibi
2180 438 2290 495 Lex
2321 446 2440 495 est:
2476 439 2565 510 qui
2594 437 2791 511 Legem
2821 453 2929 493 non
2960 436 3178 505 didicit,
3209 448 3263 494 et
3284 439 3423 495 ultra
3450 439 3651 513 Legem

332 531 539 588 Paulus
563 573 577 597 ,
618 533 712 603 qui
753 544 854 587 vos
896 528 1150 601 praecepit
1197 528 1451 582 honorari
1495 527 1546 600 (l
1575 526 1712 583 Tim.
1742 542 1806 595 v,
1840 528 1937 598 3),

331 625 424 695 qui
452 625 569 679 ait:
604 622 808 679 Bonum
833 631 904 678 est
929 623 976 677 si
1004 622 1075 676 sic
1104 631 1344 676 maneant
1374 622 1502 674 sicut
1531 631 1579 675 et
1608 637 1700 694 ego
1733 621 1784 693 (l
1814 618 1935 676 Cor.

328 732 445 783 vn,
474 717 568 789 8).
606 716 825 771 Honore
870 725 1175 787 provocat,
1217 714 1528 785 magisterio
1571 713 1735 769 docet
1758 755 1773 781 ,
1803 722 1831 751 λ
1858 711 1943 768 in-

328 808 469 864 vitat
507 808 773 878 exemplo
821 804 1051 874 (Matth.
1094 820 1145 859 tv
1172 845 1185 870 ,
1233 803 1308 859 20
1349 813 1397 859 et
1435 803 1591 876 seq.).
1644 801 1808 877 2&3
1849 803 1943 859 Vi-

328 899 522 956 viticet
566 900 659 956 ille
685 940 700 967 ,
738 899 835 971 qui
862 899 1071 955 relictis
1106 898 1220 954 suis
1262 898 1514 956 omnibus
1539 942 1552 962 ,
1601 910 1820 955 secutus
1857 908 1945 955 est

332 993 630 1049 Dominum
663 1008 678 1049 :
720 1001 945 1049 secutus
983 1003 1069 1049 est
1113 992 1309 1049 Petrus
1335 1035 1349 1061 ,
1392 1003 1611 1049 secutus
1653 1002 1739 1050 est
1776 991 1944 1049 loan-

328 1102 455 1145 nes.

405 1181 534 1238 151.
569 1179 704 1236 Vide
725 1180 853 1252 quid
886 1181 1121 1250 piscator
1141 1182 1307 1235 etiam
1335 1181 1437 1235 iste
1464 1180 1777 1250 profecerit.
1805 1180 1939 1235 Dum

330 1276 387 1331 in
432 1275 572 1331 mari
622 1275 835 1331 luerunt
880 1290 1042 1330 suum
1084 1275 1315 1345 quaerit,
1357 1274 1525 1330 vitam
1574 1274 1782 1330 invenit
1827 1290 1944 1330 om-

331 1371 506 1428 nium.
542 1370 805 1425 Lembum
846 1368 1127 1435 deseruit,
1175 1369 1344 1425 Deum
1391 1370 1634 1441 reperit:
1677 1370 1939 1425 scalmum

329 1462 592 1535 reliquit,
627 1461 865 1519 Verbum
895 1461 1140 1517 invenit:
1171 1460 1198 1500 δ
1226 1463 1332 1517 lina
1367 1461 1568 1517 laxavit
1588 1503 1601 1525 ,
1635 1461 1793 1518 iidem
1822 1462 1943 1519 vin-

331 1558 452 1614 xit:
482 1558 704 1627 plieavit
728 1557 866 1614 retia
885 1598 900 1625 ,
931 1555 1183 1612 homines
1214 1556 1486 1612 elevavit:
1518 1572 1667 1612 mare
1695 1558 1940 1630 sprevit,

328 1655 533 1714 emtum
559 1654 863 1724 acquisivit.
890 1652 988 1708 llic
1015 1666 1147 1723 ergo
1176 1652 1413 1723 piscator
1432 1652 1561 1707 dum
1588 1654 1703 1723 ipse
1724 1653 1940 1709 turbato

329 1750 571 1821 agitatur
596 1748 747 1814 salo,
780 1758 804 1786 ε
837 1746 1026 1803 mobili
1054 1757 1264 1803 mentes
1287 1746 1524 1802 statione
1554 1756 1805 1804 nutantes
1826 1747 1947 1803 luu-

326 1843 487 1901 δίνη
516 1841 571 1898 in
605 1852 778 1913 petra.

408 1935 534 1993 1δέ.
578 1936 906 1993 Astruamus
955 1933 1119 2005 igitur
1151 1933 1434 2005 piscatoris
1473 1942 1644 1990 artem
1689 1935 1942 2007 frequen-

334 2030 443 2087 tius
469 2071 484 2098 ,
517 2039 579 2085 ut
608 2030 819 2100 plenius
859 2028 928 2084 de
964 2028 1163 2084 virtute
1204 2028 1515 2084 credamus.
1562 2026 1747 2084 Fuerit
1775 2028 1939 2083 mini-

330 2135 448 2181 ster
478 2122 755 2196 ignobilis.
787 2132 843 2176 ut
873 2123 939 2176 sit
968 2120 1297 2191 evangelista
1330 2121 1595 2178 nobilior:
1620 2131 1939 2193 paupertate

329 2231 541 2289 egenus
562 2258 578 2285 ,
609 2226 667 2271 ιιι
698 2215 895 2270 virtute
924 2214 1247 2285 locupletior
1276 2232 1288 2267 :
1321 2214 1440 2269 vilis
1470 2213 1537 2269 ad
1568 2213 1833 2269 honorem
1865 2215 1944 2270 vi-

330 2311 559 2379 deatur,
594 2309 689 2364 sed
723 2310 994 2381 pretiosus
1023 2308 1090 2364 ad
1122 2307 1307 2364 ﬁdem.
1346 2308 1560 2375 Quanto
1601 2308 1782 2364 minus
1822 2323 1940 2364 cre-

330 2403 480 2460 ditur
524 2402 823 2476 piscatori,
871 2410 1019 2457 tanto
1066 2403 1297 2472 amplius
1348 2402 1625 2467 creditur;
1658 2402 1780 2473 quia
1833 2417 1941 2458 non

333 2511 462 2564 sua,
497 2494 527 2533 ἀ
552 2496 647 2552 sed
678 2495 859 2551 divina
887 2503 1049 2562 sunt,
1085 2511 1208 2567 qote
1244 2496 1459 2551 locutus
1485 2503 1588 2551 est.
1614 2495 1945 2565 Obsequitur

330 2590 549 2663 plebeia
599 2590 879 2657 conditio,
929 2591 1389 2661 exspectationem
1438 2588 1619 2646 aufert
1665 2591 1944 2661 sapientia:

331 2684 619 2742 saecularis
645 2726 660 2751 ,
692 2684 1003 2753 Opinionem
1031 2694 1190 2753 auget
1218 2684 1498 2754 sapientia:
1526 2684 1806 2753 spiritalis.
1839 2684 1943 2750 Qui

330 2776 538 2850 Legem
578 2791 689 2832 non
728 2776 956 2843 didicit,
991 2785 1047 2833 et
1088 2791 1208 2848 qua!
1240 2776 1399 2848 Legis
1439 2785 1569 2833 sunt
1606 2775 1787 2848 sapit,
1829 2776 1946 2848 ipse

2045 530 2310 603 loquitur,
2343 532 2412 588 ab
2440 547 2504 589 eo
2536 532 2779 603 accepit,
2808 549 2836 586 a
2870 548 2976 604 quo
3006 532 3120 604 ipsa
3151 531 3264 589 Lex
3292 533 3442 590 venit
3463 536 3647 610 (Rom.

2041 638 2111 689 tt,
2141 625 2208 681 14
2235 666 2251 691 ,
2282 623 2391 697 15).

2118 717 2240 774 155.
2282 717 2416 785 Quae
2447 729 2555 773 tam
2583 719 2867 787 repentina
2894 718 3172 790 dignitas?
3200 718 3511 777 Piscatores
3538 721 3649 779 duo

2046 811 2098 865 in
2131 820 2318 868 monte
2348 811 2558 867 Domini
2591 811 2818 884 (Matth.
2851 827 2964 867 xvn
2987 854 3000 879 ,
3034 814 3057 867 l
3090 822 3135 867 et
3166 814 3298 885 seq.)
3322 854 3336 879 ,
3369 813 3459 869 uni
3488 814 3649 871 latori

2044 905 2201 977 Legis
2230 949 2244 974 ,
2273 907 2579 964 exsecutori
2620 907 2779 963 alteri
2824 905 3197 963 conferuntur.
3240 908 3431 966 Videte
3475 910 3651 982 qualis

2045 1001 2114 1055 sit
2150 998 2255 1056 iste
2287 1000 2545 1071 piscator.
2581 999 2797 1074 Moyses
2841 1000 3058 1073 quidem
3102 1011 3317 1059 terrena
3365 1003 3550 1060 omnia
3596 1014 3651 1061 et

2046 1093 2336 1149 mundana:
2363 1096 2642 1166 sapientizc
2672 1094 3011 1150 altitudinem
3039 1110 3449 1167 supergressus,
3481 1113 3651 1168 usque

2046 1185 2114 1241 ad
2148 1184 2345 1242 coelum
2378 1196 2432 1241 et
2464 1187 2643 1243 sidera
2673 1188 2962 1258 prudentia
2996 1189 3192 1243 mentis
3230 1188 3478 1245 ascendit
3514 1208 3526 1243 :
3570 1189 3652 1261 pi-

2046 1281 2277 1337 scatoris
2296 1281 2457 1337 istius
2487 1297 2642 1337 mens
2671 1296 2777 1337 non
2806 1281 3040 1337 nubibus
3063 1283 3348 1355 caligatur,
3377 1300 3483 1340 non
3515 1293 3651 1341 tem-

2048 1374 2272 1446 poribus
2317 1374 2648 1441 includitur,
2683 1390 2790 1430 non
2838 1375 3113 1447 mysteriis
3157 1384 3364 1433 naturae.
3408 1378 3651 1435 caelestis

2045 1466 2386 1534 excluditur;
2437 1466 2533 1523 sed
2578 1482 2796 1523 omnem
2843 1466 3186 1537 corporalem
3227 1467 3509 1525 materiam
3555 1485 3640 1526 su-

2046 1575 2332 1633 pergressa
2359 1603 2373 1628 ,
2407 1558 2648 1617 Verbum
2681 1561 2820 1633 apud
2861 1558 3031 1616 Deum
3063 1561 3229 1629 vidit,
3262 1570 3316 1617 et
3344 1562 3487 1633 quod
3517 1561 3653 1619 Ver-

2046 1651 2173 1707 bum
2202 1650 2377 1723 ipsum
2412 1651 2559 1707 Deus
2583 1660 2761 1719 esset,
2798 1651 3013 1723 aSpexit
3043 1650 3224 1725 (lacn.
3259 1667 3305 1721 ι,
3334 1652 3360 1707 1
3393 1664 3444 1709 et
3474 1652 3607 1727 seq.)
3637 1671 3650 1709 :

2046 1761 2151 1802 nec
2175 1746 2368 1801 obtutu
2394 1744 2577 1801 carnis
2605 1746 2659 1800 in
2691 1744 2854 1801 Petro
2886 1746 3152 1800 iulirmata
3196 1744 3522 1816 trepidavit,
3554 1746 3651 1803 sed

1968 1852 2014 1912 Β
2044 1839 2139 1895 Dei
2162 1838 2363 1895 Filium
2386 1838 2551 1895 etiam
2576 1838 2629 1894 in
2655 1837 2876 1896 homine
2900 1837 3258 1908 deprehendit
3281 1838 3500 1912 (Matth.
3524 1857 3615 1897 xw
3636 1885 3651 1910 ,

2049 1932 2177 2006 l7);
2210 1942 2271 1988 ut
2298 1934 2600 2005 assumptio
2627 1932 2875 2006 corporis
2906 1942 2930 1971 ο
2955 1933 3021 1989 ad
3049 1934 3138 2001 jus
3165 1933 3461 1993 divinitatis
3501 1951 3654 1992 assu-

2048 2027 2247 2083 mentis
2274 2025 2479 2081 adscita
2507 2068 2522 2092 ,
2550 2026 2603 2081 in
2630 2040 2831 2082 nomen
2862 2026 3120 2083 transiret
3150 2028 3408 2083 auctoris.

2125 2120 2248 2177 154.
2290 2120 2357 2176 Et
2386 2120 2599 2193 Moyses
2639 2120 2857 2190 quidem
2888 2134 3009 2177 cum
3050 2120 3221 2177 dicit:
3256 2118 3324 2176 Et
3352 2122 3483 2179 dixit
3513 2122 3654 2180 Deus

2161 2221 2212 2269 et
2239 2214 2363 2286 fecit
2388 2210 2532 2267 Deus
2555 2210 2713 2287 (Gen.
2740 2229 2788 2280 ι,
2814 2212 2849 2270 5
2870 2223 2917 2268 et
2940 2211 3108 2287 seq.);
3151 2212 3364 2271 Patrem
3386 2257 3400 2282 ,
3427 2214 3653 2272 Filium-

2047 2321 2152 2378 que
2191 2306 2464 2380 signavit:
2495 2306 2589 2361 sed
2621 2307 2713 2363 ille
2742 2322 2850 2361 non
2892 2307 3214 2379 ignorabat,
3244 2323 3345 2379 ego
3373 2308 3549 2367 adhuc
3577 2311 3655 2383 ig-

2051 2402 2332 2456 uorabam.
2360 2399 2604 2472 Denique
2630 2410 2754 2473 post
2781 2400 2984 2472 Legem
3018 2402 3248 2473 populus
3276 2405 3505 2468 erravit.
3532 2417 3656 2475 post

2048 2493 2408 2566 Evangelium
2438 2494 2685 2550 credidit.
2719 2492 2911 2566 Magna
2948 2493 2967 2533 τ
2998 2497 3051 2550 in
3090 2495 3323 2553 diversis
3365 2498 3655 2558 virtutibus

2053 2588 2146 2644 Dei
2179 2588 2374 2659 gratia.
2407 2585 2462 2642 ln
2495 2587 2609 2651 illo,
2635 2587 2760 2659 quia
2792 2588 3051 2644 mundum
3077 2587 3368 2663 descripsit
3394 2608 3409 2648 :
3441 2591 3494 2647 in
3526 2591 3655 2663 isto,

2048 2682 2173 2754 quia
2208 2680 2469 2739 mundum
2500 2681 2798 2755 ignoravit.

412 2926 438 2954 ⁸
468 2916 712 2974 Fuerunt
736 2916 971 2988 Eusebio
998 2925 1137 2972 teste
1160 2915 1258 2970 lib.
1285 2931 1341 2971 ιιι
1372 2915 1788 2988 11ἱςιηῐῑίκιιίιε.⁹
1822 2930 1940 2985 (κιρ.
1971 2919 2017 2983 C
2050 2916 2318 2973 Pamtuel.
2363 2917 2419 2988 in
2443 2915 2654 2972 'l‘ertul.
2680 2916 2747 2971 de
2778 2914 2993 2988 Honog.
3019 2924 3211 2973 annot.
3245 2918 3334 2975 l3.
3364 2917 3537 2975 Leon.
3566 2921 3660 2977 Al-

332 2989 440 3056 30,
475 2991 564 3058 qui
604 2989 920 3045 caelibatum
949 2987 1102 3044 Pauli
1142 2998 1392 3056 negatum
1425 3004 1453 3041 tt
1498 2987 1780 3042 Clemente
1815 2988 1945 3044 Ale-

336 3061 614 3118 xandrino
648 3061 1045 3117 contenderent
1081 3077 1093 3113 :
1133 3073 1242 3130 qua
1285 3060 1337 3114 in
1386 3060 1645 3129 opinione
1675 3058 1946 3115 Clementi

334 3135 551 3191 socium
577 3133 741 3204 aliqui
769 3131 1172 3200 coniunxerunt
1198 3131 1363 3186 etiam
1393 3130 1655 3204 lgnatiunt
1682 3133 1845 3198 epist.
1879 3132 1945 3186 ad

340 3202 749 3277 Philadepltios.
783 3204 985 3277 lloruui
1018 3204 1347 3277 auctoritate
1383 3204 1515 3277 moti
1549 3202 1945 3277 catholicorum

344 3290 549 3332 nosnos
573 3274 859 3333 memoria:
906 3276 1157 3330 nonnulli
1187 3274 1407 3330 dubiam
1454 3274 1555 3329 hac
1598 3275 1666 3329 de
1706 3290 1766 3329 re
1810 3275 1948 3330 tule-

343 3360 475 3404 runt
516 3352 889 3405 sententiam:
929 3346 1022 3403 sed
1069 3347 1338 3415 imprimis
1370 3347 1679 3416 complures
1728 3345 1947 3401 hetero—

344 3420 477 3475 dexl
507 3421 695 3491 cupide
722 3421 863 3475 lianc
886 3420 952 3474 ad
977 3419 1396 3490 oppugnandam
1425 3418 1949 3491 vituperandatnque

345 3489 712 3548 caelibisvitte
753 3489 1532 3559 euntlitionetnarripuerunt.
1566 3489 1949 3544 Verumtamen

341 3564 476 3619 licet
507 3567 725 3635 insuper
752 3563 1017 3635 quosdam
1065 3561 1417 3635 Paulinarttut
1465 3563 1818 3635 epistolarum
1873 3563 1951 3635 lo-

338 3649 473 3703 cos,
505 3633 641 3706 puta
662 3652 727 3691 ex
761 3633 930 3706 lCur.
955 3650 1011 3689 ix
1037 3643 1135 3706 ,et
1160 3634 1225 3687 ad
1256 3633 1453 3701 Philip.
1480 3650 1565 3696 tv,
1592 3634 1655 3697 5,
1688 3633 1951 3706 maleiin-

340 3705 602 3763 tellectos
649 3705 974 3779 proferant,
1025 3705 1163 3761 nihil
1213 3706 1265 3779 bi
1315 3713 1503 3761 contra
1552 3708 1659 3760 alia
1703 3705 1947 3774 ejusdem

335 3780 593 3850 Apostoli
634 3778 937 3834 clarissima
973 3778 1317 3843 testimonia,
1350 3788 1406 3833 et
1444 3792 1787 3850 communem
1822 3778 1946 3833 uni-

336 3848 520 3907 versae
549 3851 853 3907 traditionis
886 3866 1211 3906 c0nsensum
1242 3851 1443 3905 valent.
1467 3848 1630 3905 Certe
1657 3866 1948 3919 numquam

338 3936 535 3979 eorum
559 3924 799 3992 opinioni
833 3922 1034 3978 favisse
1058 3922 1406 3977 Ambrosium
1438 3922 1655 3975 abunde
1685 3923 1953 3992 signiﬁcat

338 3993 438 4051 hic
464 3996 586 4065 ejus
613 4003 812 4050 textus.
844 3994 946 4049 Adi
988 4008 1203 4065 quoque
1238 4008 1405 4065 super
1442 4000 1539 4048 hac
1576 3994 1804 4048 materia
1852 3994 1951 4049 Ba-

336 4055 569 4124 rom-ad
596 4082 686 4123 an.
726 4067 827 4133 57,
870 4055 1133 4123 Bellarmi
1172 4067 1263 4121 lib.
1294 4055 1323 4121 ι·
1353 4065 1423 4122 de
1451 4065 1650 4122 Cleric.
1694 4080 1817 4135 cap.
1858 4068 1951 4133 eo,
1982 4055 2036 4116 D

2051 2988 2241 3044 latium
2267 2988 2330 3042 de
2354 2986 2667 3055 Methodiis,
2695 2997 2753 3044 et
2775 2986 3139 3060 interpretum
3171 2999 3404 3046 turmam
3433 2992 3487 3047 in
3511 2992 3665 3050 locos

2051 3060 2296 3129 Apostoli
2325 3070 2730 3116 controversas.

2122 3132 2149 3172 δ
2190 3131 2326 3186 Lina
2374 3130 2571 3187 laxauit
2595 3173 2610 3196 ,
2642 3134 2801 3200 fidem
2840 3132 3006 3187 sinant
3038 3147 3057 3185 :
3104 3132 3314 3203 plicauit
3354 3135 3484 3187 retia
3511 3176 3526 3200 ,
3558 3136 3656 3191 Iro-

2050 3204 2212 3258 miues
2252 3204 2471 3258 eleuarit
2494 3244 2510 3271 ,
2546 3204 2733 3259 istlnec
2765 3205 2818 3261 in
2866 3219 3002 3260 mss.
3040 3203 3288 3273 pluribus
3334 3202 3656 3264 desideran-

2053 3284 2159 3417 t“?
2180 3344 2310 3400 Mss.
2343 3361 2448 3400 non
2479 3346 2634 3417 pauci
2657 3388 2670 3412 ,
2704 3345 2882 3401 mobili
2912 3348 3095 3403 mentis
3131 3347 3367 3403 statione.

2123 3415 2152 3456 ⁸
2182 3418 2273 3474 Sic
2316 3417 2449 3472 edit.
2476 3415 2668 3473 omnes
2703 3436 2716 3471 :
2769 3433 2903 3475 mss.
2934 3434 3062 3474 vero
3106 3420 3301 3487 partim
3326 3462 3339 3485 ,
3373 3420 3548 3476 diuina
3579 3423 3659 3479 lo-

2052 3498 2198 3547 cutus
2235 3498 2331 3544 est.
2363 3487 2607 3562 obsequii
2647 3490 2844 3562 plebeia
2882 3492 3113 3546 cerdilio
3139 3505 3159 3545 :
3199 3494 3397 3562 partim
3420 3535 3435 3559 ,
3482 3496 3659 3551 dicina

2055 3563 2256 3617 locutus
2274 3570 2361 3688 sit
2384 3560 2645 3633 obsequia.
2680 3560 2893 3618 Plebeia
2946 3560 3212 3620 conditio.‘
3232 3563 3495 3622 Neutrum
3525 3568 3661 3624 satis

2055 3647 2270 3688 Cornuto
2311 3648 2363 3688 e.

2053 3648 2229 3688 Cltlllll
2274 3647 2363 3689 αθ.

2188 3647 2313 3760 bligs.
2344 3704 2687 3790 aliquotnuab
2717 3706 2872 3790 hujus
2904 3707 3174 3790 diuinitatis
3215 3711 3526 3790 assumentis
3564 3710 3661 3790 ad-

2053 3778 2181 3831 scita
2206 3792 2225 3831 :
2255 3778 2496 3831 nonnulli
2524 3778 2647 3843 alii,
2674 3779 2745 3831 ad
2766 3778 2859 3849 jus
2885 3779 3172 3834 divinitatis
3198 3779 3266 3833 ad
3294 3796 3451 3835 usum
3478 3785 3661 3838 mentis

2055 3849 2242 3931 adsciti
2270 3865 2291 3903 :
2329 3849 2510 3919 aptius
2546 3851 2779 3920 reliqui,
2825 3862 2990 3923 atque
3031 3851 3207 3918 editi,
3250 3867 3389 3925 quos
3436 3853 3528 3909 hic
3565 3870 3656 3911 se-

2056 3934 2362 4049 qulfmil’lziuci
2396 4007 2549 4059 mss.,
2597 3995 2648 4048 in
2679 3994 2895 4050 diversis
2924 3993 3180 4050 letalibus.
3214 3992 3366 4051 Haud
3396 3994 3465 4051 ita
3496 3995 3657 4054 male.

488 4289 614 4373 IN
665 4286 1125 4372 LIBRUM
1188 4286 1349 4370 DE
1402 4278 2241 4374 INSTITUTIONE
2296 4286 2828 4375 VIRGINIS
2872 4280 3583 4382 ADMONITIO.

1713 4443 2221 4477 -———IO——

419 4558 539 4617 Hoc
564 4576 698 4633 opus
722 4560 780 4615 in
808 4575 967 4615 manu
997 4559 1223 4615 exaratis
1244 4566 1397 4628 atque
1427 4557 1480 4611 in
1509 4556 1663 4611 editis
1692 4554 1954 4610 codicibus
1985 4570 2088 4609 non
2117 4554 2295 4609 eodem
2336 4554 2488 4611 titulo
2517 4555 2855 4623 inscribitur;
2886 4558 2941 4611 in
2969 4557 3076 4613 illis
3100 4560 3235 4613 enim
3261 4569 3581 4630 praenotatur
3606 4579 3667 4617 eo

340 4665 593 4719 lemmate
618 4678 631 4714 :
654 4658 851 4715 Sermo
881 4657 950 4714 de
976 4657 1197 4714 Sanctae
1230 4654 1414 4710 Maria:
1442 4652 1762 4723 virginitate
1790 4658 2052 4722 perpetua
2081 4667 2095 4715 ;
2130 4651 2184 4704 in
2214 4650 2294 4703 his
2322 4666 2483 4705 rero:
2511 4648 2594 4706 Ad
2626 4649 2919 4706 Eusebium
2954 4650 3225 4705 institutio
3247 4652 3327 4706 vel
3353 4650 3419 4707 de
3446 4652 3666 4709 institu-

340 4756 501 4813 tione
527 4753 793 4825 Virginis.
830 4751 894 4807 Et
924 4768 1022 4807 sua
1051 4749 1261 4822 quidem
1289 4748 1497 4818 utrique
1525 4745 1851 4814 inscriptioni
1880 4741 2051 4798 subest
2078 4744 2235 4797 ratio.
2283 4741 2434 4797 Enim
2463 4759 2581 4797 vero
2618 4743 2705 4814 qui
2740 4744 2967 4814 priorem
3007 4743 3175 4797 eidem
3223 4743 3513 4815 prwﬁxere,
3566 4745 3663 4800 hoc

338 4847 429 4905 vel
457 4848 685 4903 maxime
713 4847 891 4900 ductos
928 4852 1167 4915 apparet,
1202 4841 1337 4909 quod
1373 4842 1587 4910 hujusce
1614 4837 1989 4894 lucubrationis
2017 4837 2284 4908 potissimo
2317 4855 2437 4909 pm-s
2476 4838 2530 4891 in
2561 4838 2859 4908 refellendis
2903 4838 3136 4909 ejusdem
3190 4836 3378 4893 Maria:
3420 4838 3666 4895 adversa-

337 4944 443 5000 riis
489 4941 827 5015 impenditur.
876 4938 997 4995 Non
1027 4939 1241 4993 aliunde
1268 4937 1423 4991 etiam
1449 4944 1693 5007 putamus
1726 4937 1941 5005 factum,
1971 4941 2025 4987 ut
2060 4949 2177 4987 cum
2206 4934 2428 4988 aliorum
2455 4934 2680 4988 omnium
2705 4934 2792 5005 qui
2823 4936 2892 4989 ad
2922 4935 3173 5008 virginale
3222 4935 3512 4989 institutum
3553 4950 3664 5007 per.

342 5041 533 5105 tinent,
587 5040 898 5093 tractatuum
924 5036 1252 5104 reperiantur
1280 5050 1402 5088 mss.
1435 5033 1749 5105 complures,
1784 5032 1942 5105 hujus
1966 5040 2072 5085 tam
2104 5046 2297 5102 paucos
2331 5042 2377 5087 et
2417 5031 2745 5102 imperfectos
2775 5034 3004 5089 invenire
3029 5034 3115 5088 sit.
3159 5030 3322 5087 Illum
3362 5028 3557 5084 scilicet
3584 5045 3672 5082 ar-

342 5134 533 5189 bitrati
581 5141 704 5187 sunt
739 5129 806 5185 ad
837 5130 1039 5185 virtutis
1067 5140 1112 5183 et
1140 5142 1343 5182 morum
1374 5126 1795 5187 informationem
1823 5124 1994 5177 minus
2042 5124 2249 5195 referri,
2280 5140 2434 5193 quam
2460 5123 2527 5176 ad
2559 5122 2767 5178 heresis
2808 5141 2909 5177 non
2937 5122 3179 5179 exsoleta:
3209 5122 3398 5184 solum,
3431 5119 3521 5173 sed
3537 5135 3678 5173 euer-

342 5244 424 5284 sa:
452 5246 514 5282 ac
536 5227 743 5295 penitus
773 5225 1037 5279 exstinctis
1065 5221 1496 5293 confutationem.
1530 5216 1643 5272 Nec
1673 5233 1852 5272 novant
1876 5231 1985 5269 esse
2009 5216 2154 5271 illuni
2186 5215 2478 5270 earumdem
2505 5215 2975 5284 manuscriptorum
3001 5215 3155 5284 hujus
3202 5212 3319 5264 hinc
3376 5209 3632 5282 intelligas
3654 5246 3670 5279 ,

344 5322 493 5395 quod
521 5324 575 5377 in
600 5339 660 5375 ea
687 5318 1022 5374 Canticorum
1048 5316 1568 5385 Expositione'quam
1597 5329 1661 5367 ea:
1688 5309 2043 5365 Ambrosianis
2071 5309 2310 5381 operibus
2335 5309 2541 5379 collegit
2571 5306 2883 5362 Guillelmus
2915 5306 3069 5360 abbas
3102 5303 3164 5358 S.
3197 5302 3512 5356 Theodorici-
3535 5303 3670 5374 (Ap-

348 5414 514 5487 pend.
542 5413 611 5467 od
634 5422 759 5466 tom.
783 5410 822 5471 Ι,
848 5426 966 5479 pag.
1004 5406 1204 5479 1545),
1236 5404 1368 5459 nihil
1395 5404 1533 5475 quod
1563 5420 1629 5459 ea:
1655 5402 1751 5457 hoc
1777 5402 1954 5456 codem
1987 5401 2118 5456 libro
2156 5401 2367 5470 petitum
2401 5400 2577 5471 fuerit,
2610 5400 2856 5453 insertum
2884 5407 2979 5452 est.
3011 5396 3163 5462 Quod
3212 5404 3382 5448 autent
3429 5395 3679 5451 editiones

348 5517 570 5580 spectat,
628 5505 715 5573 qui
749 5504 956 5557 titulum
983 5503 1171 5556 eisdem
1213 5499 1466 5564 indidere,
1494 5499 1532 5551 ii
1560 5497 1724 5567 magis
1751 5495 1920 5567 operis
1945 5509 2155 5565 scapum
2211 5508 2272 5546 ac
2302 5492 2456 5562 ﬁnem
2483 5492 2705 5546 assecuti
2733 5498 2871 5580 sunt.
2908 5486 3231 5580 Quapropter
3261 5494 3677 5580 cumuli-umque

348 5572 754 5674 inscriptionem
784 5611 1099 5651 summarum
1123 5594 1438 5666 paginarum
1465 5589 1754 5663 amplitudo
1783 5587 2038 5657 integram
2061 5601 2161 5640 non
2185 5593 2408 5654 caperet,
2462 5600 2570 5637 eam
2599 5590 2797 5636 tantum
2824 5579 2878 5632 in
2903 5581 3074 5647 fronte
3103 5573 3223 5629 libri
3246 5572 3508 5659 duximus
3545 5592 3680 5647 prce—

352 5695 648 5769 ﬁgendum.

438 5786 588 5841 Idem
611 5786 668 5839 in
693 5780 1002 5837 editionibus
1028 5778 1308 5835 destinatus
1341 5776 1527 5848 legitur
1554 5774 1636 5829 Ad
1671 5771 1963 5829 Eusebium
1994 5787 2006 5823 :
2039 5771 2177 5841 quod
2206 5784 2391 5823 nomen
2414 5769 2529 5821 licet
2560 5767 2613 5819 in
2645 5779 2769 5817 mss.
2822 5760 3014 5816 nostris
3041 5758 3383 5826 desideretur,
3442 5771 3612 5816 tamen
3644 5762 3699 5814 in

355 5884 427 5939 iis
448 5879 738 5945 codicibus,
768 5874 905 5931 unde
932 5873 1090 5945 prwlo
1118 5872 1388 5928 commissa
1421 5878 1493 5925 est
1523 5886 1582 5923 ea
1608 5866 1838 5937 scriptio,
1877 5863 2127 5919 exstitisse
2155 5861 2447 5934 negandum
2488 5874 2590 5912 non
2620 5863 2696 5911 est
2722 5896 2736 5922 ,
2785 5852 2873 5910 sed
2918 5849 3084 5908 solum
3128 5851 3368 5922 quisnam
3417 5852 3507 5907 ille
3536 5851 3694 5922 fuerit
