4054 6306
443 327 552 384 305
1777 323 2022 382 SANCTI
2059 323 2384 382 AMBROSII
2744 320 2758 388 ξ
3647 323 3752 384 50b

439 440 828 510 inquirendum.
865 439 1127 496 Nonnulli
1172 456 1290 496 cum
1344 439 1574 496 Baronio
1626 437 1751 511 (Ad
1779 455 1902 494 ann.
1939 437 2083 511 577)
2133 437 2369 493 eumdem
2421 437 2560 494 hunc
2587 452 2696 494 esse
2720 452 2782 493 ac
2822 445 3056 492 sanctum
3078 435 3356 493 Eusebium
3383 435 3754 494 Bononiensem

444 539 750 608 episcopum
783 536 1166 592 existimarunt.
1206 534 1568 592 Verumtamen
1620 534 1818 589 videtur
1863 535 2024 590 multo
2051 533 2366 606 probabilius
2397 531 2680 590 Eusebium
2703 532 2866 588 alium
2895 533 3157 605 designari
3175 530 3545 588 Bononiensem
3570 531 3754 598 civem,

443 629 529 682 cui
568 627 984 699 familiaritate»:
1014 627 1361 682 intercessisse
1391 643 1506 680 eam
1533 625 1803 681 Ambrosio
1831 628 2068 701 ejusdem
2104 627 2272 682 sancti
2311 625 2382 682 ad
2411 642 2528 682 eum
2557 625 2778 700 epistola
2803 627 2930 682 satis
2959 625 3210 682 declarat.
3245 624 3418 681 Porro
3461 625 3504 680 is
3530 636 3645 680 erat
3673 629 3758 698 fa-

445 721 608 776 miliae
632 719 966 776 nobilissima:
997 730 1170 794 caput,
1201 736 1265 776 ac
1288 720 1460 790 ﬁlium
1489 720 1705 776 habebat
1735 719 2044 776 Faustinum
2072 722 2311 794 pulchrae
2343 731 2395 778 et
2422 738 2714 778 numerasse
2747 721 2938 778 sobolis
2971 730 3194 792 patrem.
3242 717 3474 792 Nepotes
3493 735 3618 775 suos
3649 720 3760 790 pius

447 815 540 871 ille
583 830 713 870 avus
740 815 810 869 ad
837 813 1188 880 Ambrosinus,
1218 821 1274 868 ut
1303 829 1478 868 eorum
1498 823 1702 868 curaret
1732 813 2111 880 educationem,
2153 812 2463 869 missitabat.
2495 812 2611 871 Hos
2630 823 2800 868 autem
2823 813 2958 868 inter
2994 811 3244 882 puellam,
3292 809 3618 865 Ambrosiam
3660 808 3760 864 sci-

451 906 595 973 licet,
627 915 867 961 numerat
893 913 1101 960 sanctus
1127 901 1356 968 Prtesul,
1387 921 1544 976 quam
1570 905 1874 974 spiritalem
1904 905 2234 962 columbam.
2263 945 2278 962 .
2298 947 2310 960 .
2329 948 2344 964 .
2379 915 2601 964 unctam
2633 907 2780 963 oliva
2809 906 3140 977 integritatis
3183 914 3350 972 vocat,
3377 913 3426 960 et
3462 920 3624 972 quam
3649 919 3766 960 cum

445 999 610 1070 fratre
636 999 870 1073 ejusdem
896 996 1118 1052 nominis
1145 995 1398 1068 designat,
1428 996 1517 1051 ubi
1539 995 1668 1052 dicit
1709 1005 1998 1070 utrumque
2027 997 2306 1054 Ambrosii
2341 998 2561 1071 pignus,
2603 1007 2712 1054 etc.
2743 995 2886 1070 Ergo
2913 1013 3030 1053 cum
3059 1005 3264 1068 neptem
3281 1012 3432 1052 suam
3457 1004 3644 1052 sancto
3663 997 3765 1051 Au-

445 1092 594 1148 tistiti
623 1097 768 1148 enixe
796 1091 1202 1147 commendasset
1252 1089 1507 1148 Eusebius
1558 1089 1733 1166 (Cap.
1765 1107 1816 1160 ι,
1868 1110 2014 1148 num.
2053 1093 2142 1168 1),
2190 1093 2327 1150 hanc
2355 1095 2447 1152 ille
2497 1094 2788 1152 Mediolani
2823 1112 2926 1150 non
2951 1094 3155 1169 vulgari
3182 1109 3302 1150 cum
3319 1093 3481 1150 animi
3505 1095 3766 1164 voluptate

447 1196 735 1256 acceptam,
763 1185 968 1258 cognito
990 1184 1104 1258 ejus
1131 1183 1392 1240 desiderio
1432 1202 1494 1240 ac
1518 1195 1794 1259 parentum
1823 1203 2097 1255 consensu,
2127 1187 2345 1243 solemni
2372 1188 2476 1243 ritu
2521 1187 2858 1244 consecravit.
2892 1185 3022 1243 Cum
3066 1196 3239 1242 autem
3267 1185 3416 1241 illam
3459 1184 3768 1259 virginitatis

451 1281 716 1338 victimam
740 1282 810 1338 ad
833 1299 954 1337 aras
983 1283 1286 1354 priusquam
1308 1282 1560 1339 velamine
1579 1283 1942 1353 obnuberetur,
1973 1283 2118 1356 gravi
2143 1285 2330 1356 pioque
2358 1283 2590 1342 oratione
2616 1300 2684 1341 ex
2706 1299 2848 1340 more
2888 1283 3124 1339 hortatus
3148 1290 3304 1350 esset,
3357 1280 3594 1337 eamdem
3647 1297 3764 1336 oro-

453 1373 644 1428 tionem
671 1373 866 1429 additis
898 1383 1097 1428 tantum
1125 1375 1324 1430 duobus
1355 1376 1601 1448 capitulis
1639 1375 1708 1430 ad
1729 1375 2034 1450 religiosum
2054 1377 2206 1434 illum
2232 1379 2398 1435 virum
2429 1379 2718 1435 transmisit
2747 1375 2914 1454 (Cap.
2949 1381 2971 1436 1
3007 1378 3164 1452 et2).

522 1465 706 1522 Primo
729 1467 888 1538 igitur
915 1465 1200 1523 Eusebium
1225 1469 1368 1541 quod
1388 1469 1718 1526 Ambrosiam
1743 1471 1844 1526 sibi
1869 1487 1981 1544 pra:
2006 1473 2205 1528 caeteris
2236 1473 2346 1529 suis
2368 1472 2541 1530 liberis
2569 1473 2780 1529 charum
2804 1489 2916 1530 esse
2933 1473 3292 1546 significasset,
3325 1473 3509 1529 laudat
3534 1471 3695 1547 (Cap.
3716 1473 3768 1542 1,

450 1574 596 1615 num.
627 1557 654 1614 1
685 1567 735 1612 et
764 1573 870 1628 seq.
892 1556 933 1628 ),
967 1559 1252 1633 virgineam
1279 1559 1626 1616 conditionem
1655 1563 1924 1638 conjugali
1947 1563 2099 1635 longe
2125 1572 2376 1637 pratstare
2403 1565 2580 1621 multis
2610 1565 2986 1622 demonstrans.
3015 1563 3151 1622 Tum
3173 1565 3260 1622 ubi
3282 1566 3458 1622 docuit
3495 1565 3768 1622 continen-

445 1652 531 1710 tia:
557 1667 756 1725 semper
781 1653 1004 1726 adjungi
1034 1664 1272 1728 aportere
1301 1655 1566 1711 silentium
1594 1666 1749 1729 atque
1779 1659 2064 1714 orationem
2089 1701 2106 1728 ,
2164 1660 2321 1731 hujus
2359 1660 2558 1716 ultimae
2585 1659 2728 1717 dotes
2759 1661 2973 1732 exponit
2998 1659 3020 1734 (
3042 1659 3210 1730 Ibid.,
3250 1677 3394 1717 num.
3422 1665 3459 1718 4
3484 1672 3538 1719 et
3563 1678 3698 1732 ιαμ,
3726 1669 3772 1716 et

448 1764 569 1818 cap.
599 1746 658 1814 2,
685 1761 831 1804 num.
865 1747 900 1803 8
926 1755 976 1802 et
1003 1764 1111 1820 seq.
1131 1745 1171 1819 ).
1208 1747 1336 1804 Mox
1374 1750 1651 1822 profitetur
1678 1751 1883 1806 tametsi
1928 1751 1993 1807 de
2018 1753 2332 1823 praecedenti
2381 1752 2476 1806 illa
2500 1752 2684 1808 virtute
2705 1751 2898 1825 stepius
2919 1752 3116 1824 egerit,
3146 1769 3204 1807 se
3240 1761 3412 1808 tamen
3433 1769 3540 1808 non
3568 1760 3774 1824 gravate

448 1836 570 1892 huic
599 1839 742 1910 operi
779 1836 1012 1894 laborem
1036 1837 1327 1895 Ambrosio:
1347 1840 1518 1913 gratia
1540 1841 1853 1912 impendisse
1877 1843 1902 1916 (
1925 1841 2056 1914 Cap.
2087 1842 2146 1908 2,
2170 1859 2315 1898 nunt.
2346 1841 2471 1917 15).
2506 1843 2703 1912 Quibus
2735 1843 3040 1915 praemissis,
3079 1844 3310 1900 habitum
3345 1845 3438 1902 abs
3463 1861 3520 1902 sc
3547 1845 3678 1900 dum
3695 1860 3776 1900 se-

455 1931 652 1989 laretur
683 1933 864 1990 eadem
924 1934 1104 2008 Virgo,
1147 1950 1435 1992 sermonem
1480 1937 1659 2008 refert.
1683 1934 1750 1992 In
1776 1936 1992 1992 exordio
2021 1939 2228 2004 utrique
2275 1939 2423 1995 sexui
2443 1937 2791 2010 virginitatem
2820 1937 3129 2010 testificatur
3157 1937 3330 1994 decori
3357 1953 3468 1994 esse
3493 1939 3515 2009 (
3539 1937 3676 2009 Cap.
3701 1939 3734 1995 ὅ
3754 1978 3770 2006 ,

451 2040 596 2082 num.
623 2024 700 2098 6)
724 2067 742 2096 ,
772 2043 834 2082 ac
859 2027 1012 2083 rebus
1037 2028 1101 2082 ab
1129 2026 1328 2100 origine
1358 2029 1526 2100 prima
1553 2029 1806 2100 repetitis,
1835 2030 2062 2102 feminas
2091 2030 2348 2086 immerito
2374 2041 2638 2101 tamquam
2667 2029 2867 2088 homini
2887 2033 3081 2087 erroris
3100 2041 3148 2087 et
3179 2031 3378 2102 peccati
3398 2048 3592 2087 causas
3626 2032 3680 2087 in
3700 2033 3776 2087 in-

453 2118 645 2174 vidiam
668 2121 841 2175 uocari
870 2122 1072 2190 probat.
1105 2117 1396 2190 Respondet
1421 2120 1575 2174 etiam
1601 2120 1771 2176 solitae
1793 2121 1873 2180 illi
1900 2120 2270 2189 criminationi,
2301 2138 2406 2194 qua
2435 2122 2676 2177 mulieres
2701 2121 2825 2178 viris
2851 2120 3167 2190 offendicula
3195 2138 3304 2178 esse
3329 2122 3580 2177 dicuntur
3601 2122 3625 2196 (
3645 2121 3771 2196 Cap.

450 2211 510 2278 4,
541 2226 686 2266 num.
710 2211 782 2267 25
807 2221 856 2268 et
879 2212 1021 2284 seq.)
1045 2227 1064 2278 ;
1101 2211 1188 2267 ubi
1208 2211 1274 2268 de
1295 2212 1581 2268 multarum
1610 2214 1844 2287 ejusdem
1869 2212 2052 2270 swculi
2080 2214 2391 2287 feminarum
2414 2214 2604 2284 pietate
2625 2223 2777 2286 atque
2785 2216 3012 2290 jejuniis
3061 2215 3374 2288 perpulchra
3403 2227 3590 2272 narrat
3613 2215 3771 2287 (Ibid.

430 2297 598 2360 'nnm.
627 2304 698 2362 50
722 2313 768 2360 et
789 2305 854 2363 51
882 2302 929 2378 ).
991 2303 1128 2360 Hinc
1155 2322 1187 2360 a
1215 2307 1374 2362 veteri
1405 2305 1514 2361 an
1543 2306 1614 2361 ad
1654 2323 1837 2362 novam
1865 2323 2164 2376 conuersus,
2191 2307 2442 2362 nimirum
2469 2309 2539 2362 ad
2567 2305 2815 2376 Mariam,
2851 2308 3018 2381 ipsam
3059 2307 3276 2381 signum
3322 2322 3500 2364 sacra:
3555 2307 3775 2380 virgini-

453 2396 582 2452 tatis
613 2395 872 2452 exlulisse
896 2396 1120 2466 primam
1147 2398 1332 2453 asserit
1357 2397 1524 2472 (Cap.
1555 2399 1612 2467 5,
1641 2416 1788 2456 num.
1821 2399 1894 2457 32
1923 2410 1970 2456 et
1999 2417 2106 2472 seq.
2131 2397 2174 2472 ).
2203 2399 2535 2472 QuaprOpter
2573 2417 2684 2458 sese
2712 2401 2894 2457 mirari
2933 2401 3106 2460 subdit
3131 2400 3552 2458 Christianorum
3580 2403 3775 2476 aliquos

453 2493 578 2548 huic
607 2490 705 2548 Dei
722 2493 980 2565 simulque
1017 2491 1294 2566 Virginum
1321 2494 1552 2550 omnium
1588 2498 1791 2566 parenti
1816 2507 2118 2570 perpetuom
2147 2497 2497 2570 integritatem
2523 2513 2678 2554 ausos
2703 2513 2910 2571 negare.
2943 2496 3059 2554 Hoc
3082 2499 3412 2572 sacrilegium
3435 2508 3639 2556 teterno
3663 2499 3776 2572 qui-

453 2588 574 2647 dem
599 2591 808 2648 silcntio
837 2591 1242 2664 opprimendum
1268 2589 1418 2660 dicit,
1451 2591 1544 2648 sed
1574 2609 1690 2648 cum
1714 2590 2007 2664 Episcopus
2037 2591 2320 2662 (Bonosus
2351 2592 2586 2648 videlicet
2614 2591 2919 2649 Sardicensi
2947 2601 3039 2650 aut
3068 2595 3244 2665 potius
3282 2591 3618 2650 Naissitante
3656 2591 3778 2650 dio:-

453 2687 578 2754 cesi,
609 2695 668 2741 ut
696 2702 727 2738 a
759 2683 904 2741 nobis
929 2684 1056 2741 alibi
1080 2683 1462 2752 declarabitur,
1497 2681 1797 2755 prtefectns)
1818 2683 1872 2738 in
1899 2699 2014 2738 eam
2041 2683 2362 2756 impietatem
2386 2683 2650 2752 inciderit,
2672 2686 2789 2757 jam
2819 2699 2922 2739 non
2949 2683 3114 2740 videri
3124 2684 3564 2740 dissimulandum
3585 2682 3774 2758 (Ibid.,

454 2795 600 2835 num.
633 2778 704 2836 55
739 2787 784 2834 et
812 2779 990 2850 seq.);
1037 2775 1229 2850 Itaque
1275 2779 1467 2834 veritus
1519 2795 1582 2834 ne
1606 2788 1761 2834 recta:
1785 2777 1910 2849 ﬁdei
1938 2787 2142 2834 noceret
2172 2777 2490 2850 episcopalis
2518 2777 2825 2843 auctoritas,
2857 2777 3006 2834 illum
3031 2779 3089 2834 in
3139 2778 3352 2850 publico
3377 2789 3638 2836 conventu
3679 2794 3776 2852 quo

451 2868 662 2933 infinita
685 2868 964 2924 multitudo
990 2868 1060 2922 ad
1079 2877 1271 2924 extera:
1308 2867 1752 2939 nobilissimaque
1779 2869 1993 2940 virginis
2015 2869 2457 2924 consecrationem
2499 2868 2853 2938 advolaverat,
2880 2869 3183 2942 aggreditur
3227 2871 3402 2944 (Cap.
3431 2871 3488 2938 6,
3532 2874 3567 2928 7
3596 2881 3646 2928 et
3673 2873 3706 2929 8
3730 2870 3771 2943 ).

457 2959 700 3014 Primum
729 2959 946 3014 istorum
985 2957 1348 3014 haereticorum
1390 2958 1718 3029 sophismata
1756 2958 1811 3014 in
1858 2957 2084 3014 medium
2131 2961 2352 3032 profert,
2397 2959 2581 3031 quibus
2623 2960 2812 3017 deinde
2855 2979 2978 3018 suos
3001 2963 3221 3036 singulis
3258 2963 3466 3021 adhibet
3487 2965 3775 3022 solution“

455 3053 478 3126 (
503 3051 630 3124 Cap.
681 3051 737 3120 9,
770 3067 914 3106 num.
946 3051 1017 3110 58
1045 3061 1094 3106 et
1119 3067 1227 3119 seq.
1250 3049 1292 3124 ).
1336 3050 1508 3106 Porro
1532 3067 1638 3106 non
1667 3050 1777 3106 alia
1803 3053 1966 3122 ferme
1990 3050 2290 3124 respondet,
2331 3067 2486 3124 quam
2510 3069 2629 3124 quat
2652 3051 2897 3110 Helvidio
2921 3055 3165 3112 Auxentii
3192 3055 3338 3112 illius
3390 3056 3584 3114 Ariani
3625 3057 3776 3114 disci-

455 3151 583 3222 pulo
605 3151 810 3222 reponit
835 3149 1212 3223 Hieronymus.
1239 3148 1358 3205 Hoc
1387 3159 1558 3205 tamen
1588 3149 1910 3221 potissimum
1943 3149 2080 3206 inter
2103 3166 2160 3206 se
2181 3151 2594 3223 distinguuntur,
2617 3151 2756 3223 quod
2776 3167 2896 3206 eum
2925 3151 3145 3208 ultimus
3165 3151 3594 3209 adversariorum
3624 3170 3778 3225 para-

453 3244 698 3314 logismos
728 3243 930 3300 diluere
963 3243 1092 3298 satis
1135 3242 1342 3308 habeat,
1383 3242 1600 3313 insuper
1629 3250 1935 3314 argumento
1962 3242 2147 3313 quibus
2187 3252 2432 3315 perpetua
2460 3243 2650 3300 Mariae
2684 3244 2955 3318 uirginitas
3006 3245 3404 3316 demonstretur,
3453 3246 3611 3304 addit
3659 3249 3778 3303 Ant-

457 3334 678 3390 brosius.
719 3332 805 3388 Ibi
845 3333 1071 3406 virgines
1116 3331 1188 3388 ad
1211 3332 1447 3406 ejusdem
1473 3332 1830 3406 antesignanos
1857 3349 1966 3390 sua:
1993 3333 2332 3392 imitationem
2369 3338 2432 3392 ob
2471 3337 2654 3408 sponsi
2691 3337 3005 3412 zelotypiam
3045 3339 3347 3397 cohortatus
3374 3338 3555 3414 (Cap.
3581 3343 3676 3410 10,
3711 3343 3772 3398 11

457 3437 505 3483 et
534 3426 662 3501 l2),
693 3428 852 3500 hujus
875 3429 1044 3500 ipsius
1073 3428 1393 3484 divinitatem
1449 3429 1654 3501 probat,
1712 3428 1775 3484 ab
1803 3429 1988 3486 iisdem
2033 3430 2290 3488 haereticis
2319 3431 2536 3505 superbe
2573 3433 2932 3505 impugnatum
2960 3431 3135 3506 (Cap.
3171 3433 3262 3502 15,
3291 3435 3361 3490 14
3382 3443 3432 3491 et
3458 3434 3526 3491 15
3549 3435 3596 3508 ).
3630 3435 3780 3493 Post-

459 3539 617 3592 quam
644 3538 762 3578 eero
787 3524 971 3578 iterum
993 3523 1064 3578 ad
1099 3523 1410 3580 imitandam
1434 3522 1676 3598 Deiparte
1697 3525 2056 3582 castimoniam
2079 3527 2304 3598 virgines
2329 3529 2590 3596 excitabit,
2612 3544 2851 3598 quaenam
2877 3529 3088 3586 virtutes
3131 3530 3187 3584 in
3230 3529 3358 3600 ipsis
3403 3531 3738 3600 requirantur
3757 3573 3774 3600 ,

459 3612 684 3685 explicat
705 3609 871 3686 (Cap.
903 3613 992 3682 16,
1025 3631 1172 3670 num.
1217 3615 1325 3672 100
1349 3628 1397 3672 et
1425 3633 1531 3690 seq.
1558 3616 1602 3688 ).
1634 3615 1868 3690 Denique
1894 3620 2203 3676 nominatim
2239 3621 2309 3676 ad
2335 3621 2659 3678 Ambrosiam
2685 3632 2922 3679 reuocata
2965 3623 3223 3692 oratione,
3267 3625 3393 3696 quid
3429 3624 3609 3698 ipsam
3651 3641 3778 3698 pra-

459 3718 600 3762 stare
625 3715 880 3778 oporteat,
911 3710 1092 3779 paucis
1117 3709 1283 3782 aperit
1310 3707 1484 3782 (Cap.
1519 3710 1609 3777 17,
1637 3727 1782 3766 num.
1816 3710 1922 3768 104
1943 3720 1992 3768 et
2015 3727 2124 3784 seq.
2151 3711 2192 3784 ).
2223 3713 2364 3768 Actis
2393 3723 2566 3770 autem
2603 3711 2716 3770 Deo
2745 3715 2929 3787 gratiis
2964 3715 3105 3785 quod
3129 3715 3185 3770 in
3237 3731 3366 3772 novo
3386 3715 3588 3788 [cdere
3625 3733 3776 3790 ange-

471 3799 627 3856 licam
656 3800 970 3874 virginitatis
1016 3799 1390 3872 professionem
1436 3801 1626 3858 Μανίας
1673 3802 1907 3874 eaemplo
1931 3803 2241 3860 instituisset
2291 3803 2504 3878 (Ibid.,
2543 3821 2690 3861 num.
2732 3805 2836 3862 107
2861 3815 2908 3862 et
2935 3822 3042 3877 seq.
3069 3804 3112 3879 ),
3142 3807 3245 3878 ipsi
3274 3807 3610 3864 Ambrosiam
3633 3823 3776 3865 sacro

461 3895 704 3964 ﬂammeo
723 3895 952 3968 jamjam
981 3892 1279 3948 donandam
1311 3891 1461 3962 offert
1485 3891 1684 3968 (Ibid.,
1727 3911 1871 3950 num.
1906 3891 2052 3967 114)
2081 3911 2098 3963 ;
2130 3906 2282 3968 atque
2325 3905 2383 3952 ut
2413 3895 2560 3952 illam
2599 3897 2873 3953 virtutibus
2901 3914 2935 3952 a
2979 3895 3092 3954 Deo
3149 3899 3466 3956 cumulatam
3501 3917 3612 3957 non
3633 3900 3776 3957 dedi-

461 3997 646 4058 gnetur
671 3987 727 4042 in
754 3985 1038 4042 candidum
1064 4003 1374 4056 sponsarum
1409 4003 1625 4044 suarum
1661 3989 1877 4044 chorum
1898 3988 2190 4057 admittere,
2221 3990 2584 4048 ardentissimo
2605 3992 2795 4063 affectu
2823 4006 3180 4067 comprecotnr
3204 3996 3372 4070 (Cap.
3394 3996 3453 4067 2,
3483 4015 3638 4054 num.
3665 3999 3774 4066 15).

537 4081 696 4138 Nunc
728 4091 888 4138 restat
913 4089 970 4136 ut
995 4081 1295 4155 scriptionis
1329 4083 1545 4157 hujusce
1576 4091 1780 4156 tempus
1806 4084 2102 4156 indagetur.
2145 4085 2368 4142 Adverte
2395 4095 2568 4142 autem
2609 4087 2935 4145 Ambrosium
2969 4106 3072 4146 non
3113 4091 3268 4147 modo
3315 4091 3512 4162 plures,
3567 4103 3629 4150 ut
3671 4093 3776 4165 ipse

462 4179 690 4248 loquitur
715 4177 736 4250 (
767 4175 898 4250 Cap.
927 4176 984 4246 6,
1024 4193 1168 4232 num.
1198 4176 1273 4234 45
1291 4175 1334 4250 ),
1385 4178 1546 4233 libros
1565 4179 1685 4250 jam
1723 4175 1971 4244 edidisse,
2003 4187 2275 4251 antequam
2305 4179 2428 4236 huic
2458 4180 2776 4237 lucubrando
2800 4198 3010 4254 operam
3035 4183 3204 4253 daret,
3245 4200 3420 4240 verum
3458 4186 3620 4244 etiam
3662 4187 3776 4243 huic

463 4271 562 4342 ipsi
587 4287 828 4343 magnam
854 4270 1166 4342 affinitatem
1188 4269 1506 4326 intercedere
1526 4285 1645 4323 cum
1673 4268 1818 4325 libris
1844 4269 1916 4326 de
1937 4269 2094 4338 Fide,
2124 4287 2244 4328 cum
2264 4280 2488 4328 tractatu
2515 4273 2585 4331 de
2609 4273 2908 4348 Mysteriis,
2936 4275 3094 4332 immo
3120 4277 3296 4345 etiam,
3326 4279 3468 4351 quod
3493 4280 3776 4337 notandum

477 4373 574 4430 est,
601 4379 716 4418 cum
738 4379 890 4434 opere
918 4363 986 4419 de
1013 4361 1414 4426 Sacramentis,
1438 4379 1555 4417 eum
1579 4362 1796 4432 epistola
1820 4363 2026 4419 concilii
2054 4363 2489 4435 Mediolanensis,
2537 4385 2600 4424 ac
2625 4368 2918 4438 Siriciana,
2959 4370 3052 4428 sed
3071 4387 3182 4444 prie
3217 4375 3418 4429 cteteris
3440 4390 3563 4430 cum
3592 4373 3774 4446 Expo-

464 4455 557 4512 sit.
590 4456 800 4527 Evang.
831 4454 1063 4512 secund.
1097 4455 1327 4525 Lucam,
1353 4457 1504 4526 cujus
1533 4463 1642 4510 tum
1669 4453 1954 4511 doctrinam
1975 4466 2085 4513 tum
2125 4459 2410 4518 locutiones
2449 4459 2652 4518 exhibet
2703 4478 2808 4517 non
2851 4463 3032 4532 paucis
3059 4463 3207 4532 locis,
3239 4475 3289 4521 et
3324 4481 3482 4537 quam
3511 4465 3778 4522 consulere

467 4555 629 4609 verbis
658 4554 866 4610 minime
890 4551 1144 4626 ambiguis
1171 4569 1267 4608 nos
1283 4552 1454 4626 jubet.
1485 4549 1816 4622 Proindeque
1841 4551 1924 4607 hic
1956 4551 2085 4609 liber
2132 4554 2310 4610 eodem
2340 4551 2722 4611 Commentario
2751 4555 2836 4610 cui
2870 4571 3066 4611 annum
3100 4556 3207 4614 586
3243 4558 3658 4628 assignavimus,
3687 4573 3776 4630 po-

472 4649 661 4705 sterior
689 4656 782 4703 est.
821 4647 904 4702 Ad
933 4654 1248 4713 postremum
1277 4643 1471 4700 Bonosi
1496 4643 1725 4708 hazresis,
1768 4645 1918 4716 cujus
1963 4645 2231 4718 praecipua
2273 4645 2378 4701 duo
2427 4645 2599 4716 capita
2637 4654 2742 4700 tam
2769 4645 3042 4719 perspicue
3069 4649 3304 4718 confutot
3329 4655 3540 4703 sanctus
3559 4645 3773 4716 Doctor,

463 4759 556 4798 nec
582 4759 683 4798 non
709 4758 772 4796 ea
790 4740 1010 4812 epistola
1033 4757 1188 4812 quam
1217 4739 1442 4796 Siricius
1469 4754 1498 4795 e
1539 4736 1788 4808 Capuana
1815 4740 2015 4811 synodo
2054 4738 2112 4796 in
2139 4755 2244 4810 qua
2265 4739 2496 4812 ejusdem
2524 4753 2681 4794 causa
2708 4753 2929 4794 excussa
2973 4748 3070 4807 est,
3106 4737 3248 4794 dedit
3287 4737 3342 4794 in
3394 4737 3576 4796 multis
3618 4723 3776 4813 persi-~

465 4837 642 4892 mitem
670 4833 756 4890 isti
803 4835 1010 4905 opellaz,
1058 4833 1139 4889 ha:
1179 4833 1412 4904 profecto
1465 4830 1584 4885 dum
1607 4845 1688 4885 res
1735 4829 1954 4900 faciunt,
1983 4841 2040 4886 ut
2071 4831 2302 4887 eamdem
2328 4847 2433 4886 non
2463 4831 2566 4886 nisi
2589 4842 2702 4902 post
2733 4845 2929 4884 annum
2957 4829 3058 4886 591
3095 4830 3352 4902 prodiisse
3371 4829 3774 4886 existimandum

464 4930 555 4994 ait;
583 4945 674 4984 nec
699 4937 868 4982 tamen
893 4926 1054 4980 alium
1076 4943 1110 4980 a
1133 4933 1414 4980 memorato
1444 4922 1598 4994 longe
1623 4931 1875 4978 remotum
1899 4923 2066 4978 eidem
2091 4923 2476 4978 attribuendum
2501 4937 2610 4977 esse
2631 4921 2751 4976 inde
2778 4930 3020 4995 apparet,
3051 4923 3190 4994 quod
3231 4938 3286 4978 se
3322 4932 3432 4977 tum
3453 4923 3684 4995 primum
3722 4921 3773 4976 in

465 5023 608 5078 illam
629 5022 866 5079 Ineresim
893 5019 1084 5086 dicere,
1116 5019 1316 5089 publice
1343 5017 1612 5084 nimirum,
1639 5024 1824 5072 auctor
1851 5025 2084 5073 testatur.
2119 5014 2376 5083 Quocirca
2401 5015 2445 5070 si
2469 5013 2657 5069 horum
2685 5021 2976 5086 temporum
3013 5013 3456 5080 consuetudinem,
3485 5029 3589 5080 qua
3615 5027 3774 5069 sacrte

463 5117 686 5186 virgines
727 5114 949 5170 maxime
981 5113 1036 5167 in
1062 5111 1352 5168 celebritate
1382 5107 1618 5184 paschali
1673 5108 1996 5179 vetabantur,
2045 5107 2132 5164 hic
2159 5117 2364 5166 secutus
2395 5115 2488 5177 est,
2523 5105 2674 5163 illum
2697 5121 2985 5164 sermonem
3025 5107 3081 5164 in
3107 5106 3368 5166 Paschate
3395 5107 3523 5164 anni
3549 5105 3660 5166 392
3682 5106 3772 5161 ha-

470 5209 628 5267 bitum
655 5211 816 5286 fuisse
845 5211 973 5284 jure
1004 5208 1218 5266 dixeris.
