4054 6306
362 290 484 350 305

653 439 1116 450 ﬂ“

387 437 1116 490 Essem-E-

1777 445 1860 452 ..ι-ο

459 479 1014 489 -ῄ-οσ-Μ-ν--ρ
1060 482 1100 489 σ-
1116 483 1166 488 --
1210 479 1337 490 .-——’i

1278 295 1367 354 DE
1403 294 1888 356 lNSTlTUTIONE
1932 298 2231 360 VIRGINIS
2271 301 2480 361 LIBER
2521 304 2722 366 UNUS.

2023 446 2447 458 -—.——_—_._

741 623 1758 790 SANCTI
1902 624 2279 792 AM

2279 449 2475 458 .______
2492 452 2592 459 ___
2618 453 2932 463 .._-___._____
2957 456 3058 464 ,-
3090 457 3234 464 _____-.
3261 455 3626 474 ...ρ’-..α

2279 495 2597 500 κὶήῄ
2623 495 2737 501 .--.τ-
2749 495 2980 502 ρ›ι--ή--“
2995 497 3050 502 --σ-
3065 495 3184 503 .-.—o
3199 495 3637 507 c--———-.-d—Iw

1525 898 2105 987 MEDIOLANENSIS
2149 900 2485 989 EPISCOPI

651 1066 916 1212 DE
1008 1069 1208 1212 IN
1223 1067 2426 1222 STITUTIONE
2504 1075 3411 1230 VIRGINIS

1241 1320 1344 1383 ET
1389 1321 1454 1384 S.
1500 1322 1786 1386 MARl/E
1828 1324 2357 1390 VIRGINITATE
2401 1327 2816 1394 PERPETUA

1769 1447 1861 1504 AD
1903 1448 2272 1508 EUSEBIUM.

1667 1617 2010 1690 LIBER
2055 1617 2197 1692 UN
2207 1618 2332 1694 US
2353 1653 2410 1697 ο.

769 1979 934 2052 249
968 1977 1202 2037 CAPUT
1252 1979 1541 2038 PRIMUM.

371 2092 696 2150 Parentibus
722 2097 904 2150 merito
925 2112 1105 2150 curam
1138 2112 1248 2150 esse
1273 2097 1525 2167 majorem
1577 2095 1797 2168 virginis
1819 2112 1984 2152 sacra:

447 2205 609 2259 quant
658 2191 872 2260 reliqua:
914 2189 1125 2244 sobolis.
1159 2189 1328 2256 Quam
1370 2199 1622 2261 pra'stans
1654 2191 1752 2244 illa
1799 2207 1980 2246 conse-

369 2288 390 2351 τ
447 2284 615 2338 cratio
644 2300 663 2338 :
688 2284 772 2338 ubi
795 2285 1054 2357 pracipue
1082 2283 1146 2338 de
1171 2283 1398 2349 silentio,
1419 2283 1556 2354 quod
1570 2285 1880 2356 uirginitatis
1902 2301 1982 2340 ve-

452 2378 757 2434 recundiam
786 2378 1110 2432 commendat
1141 2395 1242 2432 non
1273 2395 1422 2433 secus
1469 2388 1623 2449 alque
1652 2376 1938 2434 Ecclesium
1965 2421 1981 2443 ,

453 2477 609 2546 cujus
649 2473 819 2526 omnis
851 2471 1020 2542 gloria
1078 2472 1141 2526 ab
1188 2473 1353 2542 intus,
1390 2481 1438 2528 et
1465 2488 1618 2545 quam
1667 2488 1760 2528 nos
1789 2472 1986 2528 imitari

452 2565 760 2620 conreuitin
787 2563 1003 2618 orando.

458 2729 510 2784 1.
531 2723 902 2783 Commendas
935 2723 1064 2780 mihi
1095 2725 1288 2796 pignus
1314 2733 1499 2791 tuum,
1546 2723 1692 2796 quod
1724 2737 1879 2796 reque
1903 2731 1987 2779 est

380 2838 592 2889 meum,
623 2820 653 2860 ἱ)
687 2819 1029 2878 Ambrosiam
1065 2820 1276 2874 Domini
1304 2833 1554 2875 sacram:
1595 2827 1651 2875 et
1671 2818 1761 2889 pio
1783 2817 1984 2874 allecto

382 2917 504 2989 ejus
532 2916 628 2971 tibi
657 2914 862 2970 asseris
898 2913 1335 2986 praestantiorem
1370 2913 1582 2983 reliqua
1613 2911 1802 2968 sobole
1830 2911 1985 2967 solli-

383 3012 713 3069 citudinem.
759 3009 829 3066 Et
873 3025 1000 3065 vere
1040 3009 1114 3064 ita
1151 3017 1236 3064 est
1280 3009 1425 3079 apud
1459 3018 1698 3065 mentem
1728 3009 1985 3076 ﬁdelem;

384 3115 619 3164 caeteros
645 3106 792 3162 enim
820 3104 1090 3170 instituis,
1114 3111 1175 3158 ut
1199 3103 1422 3160 emittas
1447 3103 1635 3170 domo,
1664 3112 1827 3173 atque
1857 3103 1990 3159 alie-

385 3201 475 3256 nis
503 3199 752 3268 οοιιυιρε,
782 3198 942 3254 istam
971 3211 1188 3267 semper
1215 3207 1393 3252 tecum
1449 3196 1678 3253 habebis
1705 3215 1719 3252 :
1747 3198 1798 3252 in
1826 3207 1989 3254 crete-

387 3295 472 3350 ris
519 3307 739 3365 quoque
794 3298 1034 3362 paterna:
1075 3291 1244 3347 uteris
1287 3291 1513 3362 pietatis
1540 3289 1986 3357 necessitudine;

2009 1989 2063 2048 Α
2085 1997 2233 2036 mosa
2260 1997 2398 2046 mea,
2443 1979 2682 2036 columba
2709 1997 2856 2045 mea;
2901 1982 3024 2049 quia
3056 2000 3169 2039 ecce
3221 1985 3399 2058 byems
3449 1991 3701 2060 prwteriit

2087 2075 2274 2147 (Cant.
2307 2091 2366 2144 ιι,
2400 2075 2490 2141 10,
2528 2076 2587 2130 ll
2611 2075 2668 2146 )?
2698 2078 3006 2147 Antequam
3043 2077 3278 2134 Verbum
3334 2079 3435 2136 Dei
3479 2083 3695 2154 recipe-

2087 2176 2194 2232 ret,
2229 2167 2420 2238 hyems
2446 2176 2563 2221 erat
2594 2168 2885 2234 inhonora,
2917 2168 3037 2224 sine
3075 2170 3252 2224 fructu
3285 2189 3297 2225 :
3331 2172 3422 2227 ubi
3449 2173 3688 2230 Verbum

2089 2261 2182 2318 Dei
2227 2261 2456 2332 recepit,
2507 2271 2563 2317 et
2594 2262 2829 2317 mundus
2873 2262 2923 2318 ei
2951 2272 3038 2317 est
3067 2263 3387 2332 cruciﬁxus,
3418 2275 3585 2322 aestas
3607 2275 3694 2322 est

2087 2354 2252 2411 facta.
2288 2355 2534 2426 Denique
2557 2355 2774 2411 fervore
2802 2356 2976 2412 sancti
3009 2356 3250 2427 Spiritus
3279 2367 3572 2428 vaporata,
3603 2360 3705 2415 llos

2089 2463 2212 2504 esse
2260 2449 2449 2518 C(Bpil,
2505 2458 2562 2505 et
2613 2450 2827 2520 spirare
2858 2450 3085 2506 odorem
3144 2450 3289 2518 ﬁdei,
3335 2451 3690 2524 iragrantiam

2088 2543 2382 2608 castitatis,
2413 2543 2738 2599 suavitatem
2792 2546 3006 2615 gratim.

2158 2637 2216 2692 4.
2264 2635 2414 2695 Unde
2440 2646 2495 2694 et
2523 2638 2656 2694 alibi
2710 2638 2907 2696 addit:
2943 2639 3095 2696 Oculi
3139 2642 3214 2696 tui
3268 2643 3520 2699 columba:
3547 2651 3702 2699 extra

2091 2732 2496 2788 taciturnitatem
2529 2740 2671 2786 tuom
2701 2730 2889 2805 (Cant.
2921 2749 2994 2800 tv,
3040 2736 3062 2789 l
3089 2734 3147 2805 ):
3180 2749 3246 2790 eo
3273 2735 3416 2806 quod
3447 2743 3561 2792 tota
3583 2737 3702 2808 spi-

2090 2827 2269 2883 ritalis
2300 2836 2357 2883 et
2385 2827 2613 2898 simplex
2643 2827 2787 2882 sicut
2813 2827 3092 2893 columba,
3132 2828 3185 2883 in
3213 2829 3370 2900 cujus
3399 2831 3584 2897 specie
3618 2831 3703 2886 vi-

2091 2936 2184 2977 sus
2211 2929 2347 2978 esta
2377 2919 2587 2977 Joanne
2619 2920 2958 2976 descendere
3007 2919 3246 2990 Spiritus
3293 2935 3536 2988 sanctus,
3586 2926 3699 2992 spi-

2091 3015 2273 3071 ritalia
2307 3014 2520 3077 videat.
2547 3024 2604 3069 et
2639 3015 2851 3070 noverit
2883 3030 2948 3070 ea
2972 3030 3093 3086 qua:
3129 3015 3329 3071 viderit
3362 3027 3543 3073 tacere
3584 3032 3704 3087 my-

2093 3108 2281 3162 steria.
2314 3105 2432 3162 Non
2459 3108 2604 3162 enim
2630 3107 2928 3163 mediocris
2977 3109 3150 3164 virtus
3180 3119 3398 3174 tacere;
3426 3119 3510 3164 est
3554 3110 3700 3165 enim

2093 3212 2144 3256 et
2172 3207 2387 3270 tempus
2445 3201 2686 3266 tacendi,
2729 3199 2874 3256 sicut
2906 3211 3120 3269 tempus
3145 3201 3424 3271 loquendi,
3466 3201 3609 3257 sicut
3653 3210 3710 3257 et

2093 3295 2357 3367 scriptum
2390 3304 2475 3350 est
2505 3311 2516 3348 :
2556 3293 2810 3349 Dominus
2842 3295 2931 3348 dat
2951 3295 3078 3349 mihi
3103 3293 3337 3366 linguam
3364 3294 3701 3362 eruditionis,

393 3387 452 3443 in
508 3388 608 3443 hac
650 3387 786 3442 ultra
843 3394 1053 3457 patrem
1101 3386 1375 3456 procedis,
1425 3393 1666 3455 votoque
1717 3396 1770 3440 et
1789 3393 1876 3439 stu
1895 3385 1986 3440 dio
2019 3381 2067 3441 B
2095 3396 2148 3441 ut
2173 3387 2336 3442 sciam
2385 3386 2595 3457 quando
2640 3395 2878 3456 oporteat
2931 3386 3100 3442 dicere
3145 3402 3432 3442 sermonem
3483 3388 3504 3460 (
3553 3385 3701 3443 Esai.

393 3481 760 3552 progrederis,
809 3488 868 3535 ut
897 3479 1113 3551 placeat
1140 3480 1274 3536 Deo.
1305 3479 1439 3547 Qua:
1467 3495 1592 3534 eum
1621 3479 1692 3534 sit
1723 3489 1990 3550 praestan-

394 3577 505 3632 tior
529 3591 690 3632 causa
720 3584 1005 3639 votorum;
1041 3575 1154 3630 sola
1189 3583 1372 3630 tamen
1403 3574 1581 3630 solvat
1603 3573 1867 3645 quidquid
1891 3588 1992 3645 pro

385 3686 453 3729 se
484 3680 538 3727 et
575 3685 672 3741 pro
701 3670 961 3726 omnibus
992 3669 1117 3726 ﬁliis
1147 3669 1338 3726 debes.

463 3765 522 3820 2.
565 3763 677 3819 lloc
722 3773 806 3819 est
841 3761 1171 3819 sacriﬁcium
1213 3761 1359 3835 quod
1386 3763 1522 3821 Abel
1554 3763 1753 3820 obtulit
1776 3779 1845 3821 ex
1876 3764 1991 3835 pri-

385 3859 601 3915 mitivis
632 3859 814 3914 ovium
849 3873 1070 3914 suarum
1122 3859 1324 3915 ictibus
1373 3857 1545 3932 (Gen.
1577 3875 1650 3921 IV,
1678 3857 1713 3912 4
1736 3856 1778 3930 ).
1836 3857 1992 3926 Quod

387 3962 450 4008 et
481 3951 782 4023 Apostolus
811 3967 924 4024 pra:
963 3951 1178 4007 caeteris
1207 3951 1414 4020 laudat,
1467 3951 1534 4006 ad
1564 3949 1884 4007 Corinthios
1908 3951 1996 4006 di-

386 4061 528 4104 cens
554 4064 568 4100 :
602 4044 861 4110 Quoniam
887 4055 911 4084 ο
941 4046 1031 4116 qui
1058 4046 1238 4100 statuit
1262 4047 1315 4100 in
1346 4045 1501 4100 corde
1543 4062 1636 4100 suo
1669 4046 1850 4115 ﬁrmus
1877 4085 1893 4112 ,
1943 4054 1996 4102 et

377 4138 650 4212 judicavit
688 4139 740 4191 in
765 4139 921 4193 corde
950 4153 1043 4192 suo
1064 4154 1269 4193 servare
1297 4140 1542 4207 virginem
1576 4156 1743 4205 suam,
1769 4139 1892 4195 bene
1914 4145 1998 4210 {a-

389 4234 486 4287 cit.
515 4232 683 4304 Igitur
728 4240 774 4288 et
799 4231 885 4299 qui
933 4232 1259 4286 matrimonio
1294 4233 1470 4303 jungit
1518 4232 1772 4303 virginem
1802 4249 1954 4287 suam
1980 4274 1995 4298 ,

390 4326 523 4383 bene
552 4326 712 4396 facit:
742 4335 787 4379 et
818 4325 907 4394 qui
943 4342 1044 4378 non
1064 4326 1274 4398 jungit,
1301 4325 1486 4380 melius
1512 4325 1640 4394 facit
1664 4325 1721 4398 (Ι
1743 4324 1868 4380 Cor.
1899 4341 1994 4391 vn,

391 4421 493 4485 3'7,
524 4419 594 4474 58
617 4418 657 4490 ).
690 4417 842 4475 Unde
873 4417 1102 4488 pulchre
1125 4417 1294 4473 David
1327 4431 1452 4473 cum
1478 4417 1874 4489 descripsisset
1899 4419 2001 4474 Ec—

391 4515 586 4568 clesia:
615 4513 845 4583 gratiam
865 4555 880 4578 ,
913 4512 1070 4580 cujus
1099 4513 1282 4567 omnis
1313 4511 1463 4568 intus
1493 4523 1579 4568 est
1621 4512 1797 4583 gloria
1822 4554 1838 4581 ,
1891 4527 1998 4568 non

392 4609 538 4666 furis
570 4609 588 4679 (
615 4609 669 4663 in
701 4609 857 4663 bonis
878 4608 1027 4664 enim
1056 4607 1504 4678 cogitationibus,
1538 4617 1698 4677 atque
1734 4607 2000 4662 immacu-

393 4706 514 4761 lato
563 4703 724 4776 250
769 4703 1040 4759 castitatis
1092 4701 1312 4767 allecto,
1363 4713 1417 4758 et
1449 4702 1681 4758 sincerae
1720 4701 2004 4774 proposito

2099 3495 2160 3545 t.,
2211 3479 2309 3552 4).

2171 3573 2226 3627 5.
2266 3570 2618 3640 Virginitatis
2651 3572 2833 3641 itaque
2857 3568 2884 3607 ἀ
2916 3568 3017 3626 dos
3043 3569 3295 3642 quadam
3319 3578 3408 3627 est
3426 3585 3698 3627 verecun-

2098 3664 2209 3729 dia,
2246 3680 2372 3736 qute
2417 3664 2838 3721 commendatur
2886 3665 3132 3719 silentio.
3187 3663 3316 3720 ldeo
3344 3672 3401 3719 et
3441 3663 3703 3720 Ecclesia:

2097 3759 2271 3832 gloria
2329 3760 2474 3816 intus
2511 3767 2618 3828 est,
2646 3775 2754 3815 non
2790 3760 2981 3830 utique
3015 3759 3068 3814 in
3113 3758 3484 3830 multiloquio.
3517 3757 3615 3815 sed
3645 3759 3701 3814 in

2098 3852 2356 3909 sensibus
2386 3853 2472 3907 vel
2517 3852 2570 3907 in
2613 3852 2989 3923 penetralibus
3021 3860 3512 3918 sacramentorum,
3557 3852 3701 3908 sicut

2102 3947 2218 4016 ipsa
2265 3946 2397 4001 dicit
2439 3946 2507 4000 ad
2551 3945 2824 4016 Sponsum
2855 3963 2868 4000 :
2899 3946 3025 4012 Quis
3083 3945 3226 4000 dabit
3263 3954 3312 3999 te
3339 3949 3553 4017 fratrem
3579 3945 3710 3999 mihi

2101 4040 2384 4095 laetantem
2403 4039 2563 4094 ubera
2592 4040 2774 4094 matris
2812 4056 2937 4094 mea:
2957 4041 2983 4094 Ρ
3023 4036 3302 4094 Inveniens
3324 4047 3371 4093 te
3402 4038 3529 4109 foris
3549 4053 3705 4092 oscu-

2103 4135 2248 4189 lubor
2276 4144 2340 4199 te,
2375 4143 2422 4187 et
2451 4133 2659 4203 quidem
2693 4149 2797 4187 non
2822 4143 3062 4202 spernent
3100 4148 3202 4187 me.
3236 4131 3510 4187 Assumam
3554 4140 3621 4198 te,
3667 4141 3716 4186 et

2103 4227 2294 4280 ducam
2328 4235 2375 4279 te
2402 4226 2455 4279 in
2487 4224 2697 4279 domum
2728 4226 2910 4279 matris
2943 4224 3102 4297 251
3134 4240 3280 4290 mete,
3312 4223 3435 4279 etin
3459 4232 3711 4279 secretum

2103 4323 2222 4392 ejus
2252 4334 2370 4388 qua:
2410 4319 2645 4388 concepit
2684 4334 2764 4372 me
2809 4316 3002 4388 (Cant.
3058 4334 3172 4379 \‘lll,
3209 4317 3262 4376 ‘l.
3294 4317 3381 4386 ‘2).
3433 4316 3501 4372 Et
3549 4330 3715 4386 supra

2103 4413 2182 4468 ait
2221 4429 2234 4466 :
2291 4411 2594 4466 Introduxit
2632 4427 2713 4466 me
2751 4427 2846 4466 rex
2888 4412 2942 4466 in
2974 4412 3269 4467 cubiculum
3297 4427 3453 4466 suum
3504 4408 3703 4484 (Cant.

2106 4505 2260 4576 1,3).

2179 4599 2234 4655 6.
2277 4598 2434 4656 Foris
2464 4609 2486 4637 ο
2517 4601 2802 4654 osculatur
2833 4598 3080 4654 Ecclesia
3113 4597 3413 4664 Christum,
3446 4607 3503 4654 et
3547 4598 3615 4652 ab
3643 4612 3712 4654 eo

2110 4695 2162 4749 in
2189 4694 2502 4750 cubiculum
2531 4693 2920 4750 introducitur.
2957 4693 3256 4749 Osculatus
3286 4701 3368 4748 est
3395 4708 3513 4747 eam
3549 4692 3718 4760 loris,

394 4798 754 4853 conscientiae
775 4811 986 4851 summa
1019 4805 1105 4850 est
1136 4794 1299 4865 laus),
1335 4793 1616 4878 subtexuit
1645 4793 1832 4849 dicens
1860 4812 1874 4850 :
1915 4794 2009 4864 Af-
2037 4789 2082 4851 C
2115 4788 2332 4860 quando
2359 4787 2646 4858 Tamquam
2673 4804 2899 4857 sponsus
2931 4789 3212 4857 procedens
3237 4788 3301 4842 de
3327 4787 3557 4842 thalamo
3587 4803 3715 4853 suo,

397 4895 633 4964 ferentur
656 4889 788 4961 Regi
810 4889 1029 4961 virgines
1055 4898 1172 4961 post
1197 4887 1550 4958 eam(Psalm.
1584 4903 1731 4956 κων,
1755 4888 1845 4954 15,
1864 4888 1932 4944 16
1951 4887 1994 4958 ).

399 4988 471 5043 Et
518 4999 814 5041 conversus
865 4985 933 5040 ad
987 4983 1270 5039 dominum
1331 4982 1588 5038 Patrem:
1617 4981 1884 5047 Proxime,
1919 4982 2003 5036 in-

396 5080 538 5150 quit,
596 5081 708 5152 ejus
748 5077 1030 5145 afferentur
1072 5076 1164 5131 tibi
1205 5091 1224 5131 :
1267 5074 1554 5144 afferentur
1615 5076 1669 5128 in
1730 5074 1910 5130 laetitia
1955 5084 2005 5130 et

397 5175 770 5239 exsultatione,
793 5171 1118 5227 adducentur
1144 5171 1195 5224 in
1225 5170 1472 5240 templum
1500 5169 1657 5239 regis.

477 5269 532 5325 5.
557 5267 691 5335 Quae
721 5277 804 5322 est
833 5264 1101 5338 proxima,
1134 5264 1237 5320 nisi
1262 5278 1386 5335 qua:
1405 5261 1626 5319 Christo
1654 5263 2005 5333 propinquat,

403 5363 497 5419 cui
528 5361 661 5419 dicit
688 5361 966 5417 Verbum:
1001 5359 1257 5431 Exsurge,
1287 5359 1426 5425 ueni,
1465 5357 1709 5430 proxima
1749 5373 1798 5410 m
1854 5373 1882 5412 e

484 5508 508 5535 τι
549 5495 754 5568 Script.
785 5496 932 5551 circa
961 5509 1051 5568 an.
1083 5492 1210 5568 592.

485 5569 514 5608 ι»
558 5564 866 5632 Βυοίηεε.,
900 5566 1162 5631 Ambrosi,
1197 5564 1414 5620 Domini
1445 5579 1668 5619 sacram.

2107 4883 2384 4938 exsultavit
2405 4893 2666 4955 tamquam
2693 4885 2842 4956 gigas
2872 4884 2942 4938 ad
2964 4885 3270 4940 currendum
3297 4885 3431 4939 viam
3458 4887 3476 4951 (
3504 4883 3712 4940 Psalm.

2105 4992 2261 5042 xvm,
2295 4977 2380 5046 6).
2414 4976 2715 5047 Tamquam
2743 4978 2894 5048 gigas
2925 4976 3057 5032 foris
3083 4986 3206 5044 est;
3238 4978 3364 5049 quia
3409 4991 3517 5031 non
3571 4976 3719 5047 rapi-

2108 5091 2232 5132 nam
2270 5075 2564 5131 arbitratus
2599 5091 2722 5130 esse
2751 5091 2812 5131 se
2839 5077 3109 5146 aequalem
3137 5075 3273 5138 Deo,
3307 5075 3539 5128 formam
3570 5073 3718 5128 servi

2105 5169 2316 5240 accepit
2355 5167 2545 5240 (Phil.
2579 5185 2639 5237 η,
2689 5169 2742 5233 6,
2776 5169 2872 5242 7).
2907 5169 3067 5224 Foris
3095 5184 3227 5239 ergo
3267 5167 3442 5222 iactus
3475 5175 3583 5230 est,
3618 5166 3715 5236 qui

2109 5273 2226 5320 erat
2271 5262 2579 5318 intus.Vide
2609 5263 2763 5318 illum
2812 5263 2984 5329 intus,
3039 5261 3256 5332 quando
3294 5260 3430 5328 legis
3477 5257 3624 5327 quod
3663 5259 3716 5312 in

2112 5358 2236 5414 sinu
2284 5366 2370 5414 est
2417 5357 2588 5429 patris
2628 5374 2641 5410 :
2675 5371 2948 5427 cognosce
2998 5355 3153 5411 illum
3178 5351 3338 5418 foris,
3371 5351 3590 5422 quando
3619 5365 3720 5409 nos

2195 5487 2220 5526 ἀ
2262 5489 2520 5545 Nonnulli
2559 5502 2721 5554 mss.,
2776 5488 2887 5540 dux
2934 5485 3190 5556 quaedam.
3218 5481 3336 5538 Non
3382 5483 3724 5556 incongrue;

2123 5576 2246 5616 cum
2279 5562 2423 5617 inter
2450 5555 2990 5630 virginumrvirtutes
3018 5555 3271 5630 primaet
3293 5556 3446 5630 quasi
3471 5555 3726 5612 ordinum

498 5653 518 5679 ο
565 5641 694 5698 Mss.
725 5624 954 5710 aliquot,
985 5638 1073 5707 qui
1104 5624 1203 5691 stat
1226 5638 1283 5710 in
1314 5636 1472 5710 corde
1498 5651 1594 5710 suo
1621 5637 1822 5710 ﬁrmus.
1871 5631 2026 5710 Haud
2127 5635 2352 5710 ductrix‘
2380 5624 2820 5710 sitvefecundia.
2859 5627 2992 5710 Vide
3023 5624 3156 5710 quid
3182 5624 3471 5710 desedem
3516 5630 3725 5710 virtute

421 5696 849 5782 maleisgra-eu's
875 5696 1019 5766 enim
1052 5718 1230 5764 textus
1269 5707 1453 5782 habet.
1488 5706 1542 5770 ὃς
1581 5696 1910 5782 κάξ-ἕστηκε,
1936 5707 2026 5782 qui
2129 5705 2414 5782 praecipiat
2441 5703 2763 5759 Ambrosius
2811 5708 2996 5754 noster
3049 5696 3142 5752 lib.
3175 5713 3191 5750 ι
3222 5697 3405 5767 Ofﬁc.,
3453 5714 3576 5772 cap.
3612 5701 3682 5758 l8
3706 5739 3726 5768 ,

423 5786 561 5853 stetit
586 5801 603 5851 ;
632 5777 725 5841 alii
753 5792 938 5840 autem
970 5796 1104 5837 mss.
1135 5790 1299 5848 atque
1330 5780 1465 5838 cdil.
1490 5795 1615 5834 cum
1643 5779 1802 5847 Vulg.
1834 5790 1883 5834 et
1906 5780 2028 5833 aliis
2131 5793 2291 5853 num:
2313 5777 2380 5830 67
2413 5786 2467 5830 et
2495 5791 2614 5843 seq.

427 5855 796 5922 versionibus,
829 5857 914 5923 qui
944 5853 1142 5921 statuit,
1168 5861 1273 5909 etc.

2211 5817 2684 5912 :ﬁiiéniérTnissu
2716 5841 2985 5896 osculatur
3014 5833 3296 5898 Ecclesium
3329 5823 3586 5898 Chrislus.
3631 5852 3723 5914 ,χχ
