4054 6306
335 273 440 330 507

1700 255 1948 316 SANCTI
1989 257 2316 318 AMBROSII

328 389 544 461 quaerit,
572 395 631 442 ιιι
658 385 912 442 redimat.
945 382 1104 438 Foris
1133 379 1236 438 sibi
1261 379 1437 437 lactus
1466 385 1572 442 est,
1607 385 1666 433 ut
1693 376 1821 432 mihi
1848 375 1932 430 in-
1957 371 2011 432 Α
2037 374 2357 439 conlirmat;
2381 373 2465 430 vel
2494 372 2638 446 quod
2663 370 2869 427 homini
2901 367 3264 426 animantium
3292 382 3500 443 genera
3525 369 3645 424 uui-

333 495 423 538 tus
444 487 617 548 esset,
653 489 678 518 ι
707 489 760 534 et
793 476 950 533 ﬁeret
987 473 1196 531 medius
1237 482 1504 529 nostrum.

404 577 460 631 7.
504 575 583 630 lbi
610 587 746 644 ergo
784 572 976 634 simus,
1013 569 1101 623 ubi
1135 567 1392 624 Christus
1421 564 1628 621 medius
1657 570 1764 630 est,
1791 561 1938 617 radi-

333 680 491 727 catus
521 676 576 724 et
603 666 743 722 llxtts
775 664 830 720 in
857 661 1116 720 cordibus
1152 659 1373 722 nostris.
1406 657 1474 715 Et
1499 657 1624 713 ideo
1649 657 1792 710 sicut
1822 655 1942 726 ipse

337 759 603 832 praecepit
627 776 640 812 :
669 757 802 815 Cum
821 773 963 822 om,
997 755 1135 809 intra
1161 755 1218 808 in
1237 753 1528 807 cubiculum
1556 759 1698 804 tuum
1722 747 1939 820 (Matth.

341 873 417 924 vt,
451 856 530 928 6),
562 863 618 910 et
645 851 866 908 eﬂ'unde
893 865 1056 920 super
1083 857 1136 904 te
1157 848 1393 902 animam
1419 854 1601 910 tuam;
1633 842 1944 900 cubiculum

342 957 498 1005 tuum
549 945 874 1003 interiorum
928 950 1199 999 secretum
1255 948 1370 1004 est,
1422 938 1732 994 cubiculum
1793 946 1944 992 tuum

342 1039 682 1098 conscientia
712 1049 804 1093 tua
830 1047 938 1096 est.
978 1035 1226 1106 Denique
1257 1032 1616 1088 Ecclesiastes
1645 1029 1742 1084 tibi
1774 1028 1945 1086 dicit:

343 1133 414 1189 Et
443 1132 656 1201 quidem
679 1133 733 1191 in
756 1129 1072 1189 conscientia
1095 1137 1184 1187 tus
1211 1126 1318 1200 regi
1340 1141 1404 1179 ne
1431 1122 1787 1186 maledixeris,
1822 1130 1869 1176 et
1894 1122 1950 1175 in

343 1225 696 1300 penetralibus
722 1224 1082 1278 cubiculorum
1128 1237 1192 1275 ne
1225 1219 1501 1274 maledicto
1529 1216 1792 1272 devorteris
1819 1214 1953 1269 diri-

345 1335 446 1382 tem
477 1324 706 1397 (Eccles.
734 1338 790 1389 χ,
822 1319 937 1390 20).
970 1319 1048 1375 lbi
1081 1333 1212 1389 ergo
1241 1333 1340 1374 ora
1383 1327 1438 1378 et
1477 1331 1576 1375 ora
1605 1317 1659 1372 in
1689 1314 1914 1372 occulto
1935 1355 1950 1380 ,

350 1428 409 1476 ut
439 1417 622 1474 audiat
644 1425 698 1472 te
727 1417 820 1487 qui
853 1416 904 1470 in
945 1414 1162 1471 occulto
1191 1413 1344 1468 audit
1374 1430 1386 1466 :
1417 1421 1472 1468 et
1501 1427 1598 1467 ora
1639 1411 1759 1467 sine
1785 1411 1868 1468 ira
1898 1422 1955 1474 et

347 1508 768 1583 disceptatione,
801 1507 830 1548 ι)
859 1507 1114 1564 abdicato
1153 1507 1368 1563 occulto
1407 1505 1697 1562 dedecoris
1740 1505 1782 1576 (l
1814 1503 1950 1564 Tim.

343 1620 404 1669 ll,
437 1603 496 1675 8)
529 1621 542 1658 :
573 1603 758 1661 Justus
805 1601 950 1656 enim
989 1614 1097 1656 non
1138 1598 1504 1670 proditionem
1550 1597 1796 1658 criminis
1840 1612 1956 1654 me—

343 1699 470 1766 tttit,
491 1699 588 1756 sed
611 1697 1021 1769 contagionem.

983 1805 1217 1864 CAPUT
1253 1805 1320 1862 Il.

349 1926 650 1983 Orationem
678 1925 920 1982 inchoari
947 1925 1132 1980 debere
1167 1941 1199 1977 a
1229 1921 1332 1978 Dei
1361 1921 1622 1988 laudibus,
1655 1930 1701 1976 et
1728 1931 1844 1994 post
1875 1939 1959 1978 ex-

427 2022 596 2092 posita
638 2020 902 2088 postulata
940 2028 1120 2074 nostra
1153 2018 1208 2072 in
1233 2017 1522 2090 gratiarum
1561 2016 1788 2072 actiones
1823 2015 1962 2072 desi-

425 2133 562 2173 nere.
609 2115 866 2172 Eamdem
903 2131 1030 2188 pace
1065 2129 1127 2168 ac
1176 2109 1552 2184 tranquillitate
1590 2112 1960 2168 commendan-

421 2211 580 2278 dam;
619 2225 723 2278 qua
751 2207 1030 2262 occasione
1074 2204 1417 2278 Euangelicus
1457 2203 1600 2258 locus
1629 2221 1782 2275 quant
1811 2204 1962 2258 lucu-

419 2303 704 2359 lentissime
749 2301 1074 2374 explicatur,
1113 2314 1264 2369 quem
1281 2297 1532 2370 jubentur
1557 2297 1825 2352 observare
1855 2298 1960 2352 vir-

432 2411 598 2469 grues.

419 2531 475 2587 8.
503 2531 677 2600 Quam
697 2529 838 2586 bona
861 2527 1040 2586 oratio
1059 2541 1186 2587 cum
1217 2525 1634 2588 miserioordial
1659 2526 1810 2584 Bosa
1839 2541 1967 2584 ora-

359 2627 442 2685 tio
469 2643 594 2700 qua:
622 2624 874 2684 ordinem
899 2630 1110 2690 servat,
1138 2631 1198 2678 ιιι
1223 2621 1400 2693 primo
1439 2634 1472 2678 ι
1497 2621 1698 2678 divinis
1741 2621 1966 2678 inchoe-

366 2735 488 2779 tuus
513 2718 787 2778 laudibus.
824 2717 880 2774 Si
911 2717 1056 2774 enim
1085 2731 1208 2776 eum
1233 2713 1376 2785 apud
1416 2715 1696 2772 hominem
1731 2714 1964 2785 agimus,

362 2815 692 2874 licuevolum
733 2813 989 2870 volumus
1013 2809 1254 2882 judicent
1285 2808 1504 2874 facere,
1550 2817 1756 2878 quanto
1795 2809 1969 2878 magis

362 2922 485 2964 cum
519 2905 806 2962 Dominum
856 2914 1106 2964 nostrum
1138 2902 1463 2974 precamur!
1499 2901 1683 2958 Primo
1707 2916 1842 2972 ergo
1869 2903 1970 2955 im-

365 3000 634 3056 molemus
681 2999 799 3056 Deo
849 2997 1179 3058 sacriﬁcium
1235 2996 1446 3062 laudis;
1501 2995 1646 3053 unde
1702 3005 1756 3050 ct
1819 2995 1968 3066 Apo~

365 3095 540 3152 stolus
571 3093 646 3150 ait
677 3113 688 3148 :
717 3093 944 3150 Obsecro
986 3109 1108 3165 ergo
1129 3091 1299 3165 primo
1343 3091 1573 3145 omnium
1618 3089 1736 3161 ﬁeri
1771 3091 1968 3146 oratio-

2042 483 2198 523 versa
2227 469 2479 537 subjecit.

2119 561 2206 618 10.
2235 562 2500 621 Similiter
2543 570 2600 620 et
2627 559 2916 618 Dominica
2955 559 3134 614 oratio
3177 557 3363 614 omnia
3393 569 3650 626 compre-

2045 651 2257 722 hendit,
2298 665 2322 696 ο
2351 669 2513 727 quant
2547 655 2773 724 vulgare
2801 667 2908 712 non
2937 667 3080 723 Opus
3106 660 3210 714 est.
3235 649 3317 706 τιι
3349 659 3532 705 autem
3556 646 3651 719 qui

2047 748 2205 820 legis,
2223 748 2678 819 quemadmodum
2705 745 3041 819 distinguere
3058 746 3260 801 debeas
3284 758 3650 815 recognosce;

2047 843 2320 913 praecipue
2352 851 2556 906 tamen,
2603 851 2658 896 ut
2689 841 2823 906 dixi,
2851 838 3279 895 commendanda
3325 847 3410 893 est
3453 839 3654 903 oratio,

2050 937 2189 992 sicut
2221 937 2479 1008 prmmisi,
2510 937 2825 1006 placiditate
2859 935 3024 991 animi
3052 943 3108 991 et
3139 933 3566 1006 tranquillitate;
3598 940 3662 988 ut

2053 1032 2424 1104 unusquisque
2459 1032 2566 1088 sibi
2618 1039 2832 1088 constet
2871 1040 2927 1088 et
2970 1038 3258 1100 congruat,
3290 1037 3348 1084 et
3389 1027 3486 1084 ﬁat
3522 1026 3658 1083 illud

2053 1125 2197 1198 quod
2227 1125 2492 1196 scriptum
2520 1135 2601 1184 est
2637 1141 2654 1182 :
2686 1124 2750 1181 Si
2777 1123 2982 1180 duobus
3001 1139 3067 1180 ea:
3085 1121 3226 1177 vobis
3253 1121 3545 1178 consenerit
3569 1137 3660 1175 su-

2053 1237 2146 1293 per
2173 1229 2388 1285 terram,
2427 1220 2489 1274 de
2519 1219 2662 1274 outni
2696 1235 2752 1273 re
2794 1233 3164 1290 quamcumque
3201 1215 3462 1285 petierint,
3494 1215 3582 1284 ﬁet
3627 1231 3663 1268 a

2057 1309 2220 1368 Putre
2239 1328 2373 1378 meo,
2400 1312 2488 1382 qui
2521 1312 2576 1365 in
2595 1311 2737 1366 cretis
2763 1320 2857 1365 est.
2894 1306 2994 1366 Ubi
3019 1309 3154 1362 enint
3184 1319 3301 1363 sunt
3321 1307 3428 1362 duo
3455 1307 3536 1361 uel
3555 1316 3662 1361 tres

2057 1406 2355 1480 congregati
2380 1407 2434 1461 in
2480 1405 2686 1460 nomine
2723 1420 2854 1469 meo,
2884 1403 2958 1458 ibi
3001 1418 3097 1476 ego
3123 1417 3235 1457 sum
3269 1402 3326 1456 in
3369 1399 3538 1455 medio
3574 1415 3666 1456 eo-

2057 1515 2174 1552 rum
2199 1497 2417 1569 (Matth.
2447 1513 2606 1563 xvnt,
2639 1496 2728 1562 i9,
2761 1495 2878 1567 20).

2133 1595 2220 1650 tl.
2248 1592 2352 1664 Qui
2383 1601 2513 1648 sunt
2539 1591 2626 1647 isti
2655 1591 2786 1656 duo,
2818 1589 2920 1644 nisi
2948 1587 3128 1644 anima
3156 1595 3212 1642 et
3241 1585 3480 1658 corpus?
3500 1585 3662 1643 Unde

2060 1695 2114 1742 et
2143 1686 2342 1741 Paulus
2368 1683 2396 1721 ά
2423 1683 2724 1756 castigabat
2761 1697 2981 1738 carnem
3010 1695 3186 1748 suam,
3219 1688 3276 1737 et
3303 1679 3552 1736 servituti
3575 1693 3668 1735 re-

1984 1778 2280 1851 Bdigehat
2326 1779 2370 1849 (1
2399 1777 2519 1834 Cor.
2569 1793 2643 1840 ts.
2675 1775 2893 1849 27);ut
2943 1784 3091 1833 esset
3137 1774 3332 1830 animm
3385 1783 3668 1844 tamquam

2062 1876 2396 1948 imperatrici
2421 1890 2532 1930 suae
2560 1889 2690 1930 caro
2720 1873 2958 1939 subdita,
2981 1879 3039 1927 et
3069 1870 3266 1927 mentis
3296 1869 3544 1941 imperiis
3568 1867 3671 1924 ob-

2065 1979 2437 2042 temperaret;
2468 1985 2540 2025 ue
2571 1978 2720 2025 esset
2762 1968 2817 2022 in
2849 1981 2956 2022 uno
2988 1965 3212 2021 homine
3236 1961 3546 2028 dissidium,
3591 1976 3663 2018 ac

2064 2066 2268 2122 bellum
2313 2064 2458 2122 intra
2499 2077 2558 2118 se
2587 2068 2824 2132 gereret.
2870 2067 2926 2114 et
2955 2058 3058 2130 legi
3091 2057 3292 2114 mentis
3337 2061 3677 2126 repugnaret

2067 2159 2152 2218 lex
2179 2159 2452 2230 Corporis.
2477 2157 2598 2214 Duo
2627 2157 2791 2228 igitur
2818 2154 2924 2210 ista
2950 2153 3164 2210 diversa
3187 2151 3404 2208 ratione
3428 2149 3666 2222 quadam

2065 2263 2124 2312 et
2152 2268 2286 2324 pace
2313 2252 2599 2324 iungebat,
2647 2249 2951 2306 secundum
2985 2247 3130 2318 quod
3163 2247 3282 2318 ipse
3325 2245 3564 2302 asseruit
3588 2243 3681 2298 di-

2067 2361 2200 2403 cens
2231 2364 2246 2402 :
2283 2345 2420 2414 Quia
2451 2342 2690 2400 Christus
2720 2353 2792 2398 est
2822 2357 2928 2414 pas:
2953 2349 3154 2404 nostra,
3179 2339 3270 2407 qui
3297 2339 3420 2410 fecit
3449 2349 3678 2409 utraque

2067 2457 2250 2506 unum,
2285 2449 2336 2496 et
2360 2437 2586 2492 medium
2625 2437 2872 2502 parietem
2913 2436 3052 2506 scpis
3075 2434 3262 2499 sobit,‘
3290 2432 3594 2488 inimicitia
3617 2432 3680 2486 in

2069 2549 2224 2588 carne
2246 2548 2339 2587 sua
2361 2530 2582 2604 (Ephes.
2614 2545 2674 2596 tl,
2711 2529 2836 2594 M);
2877 2543 2945 2584 ne
2970 2527 3022 2582 id
3051 2534 3264 2598 ageret,
3288 2524 3438 2595 quod
3462 2525 3629 2583 nollet
3658 2541 3675 2578 :

2069 2635 2232 2697 atque
2275 2625 2326 2680 id
2372 2625 2598 2690 faceret,
2639 2623 2784 2694 quod
2821 2621 3047 2677 odisset.
3081 2621 3173 2676 Isti
3216 2635 3346 2692 ergo
3385 2631 3509 2675 sunt
3537 2619 3678 2684 duo,

2069 2720 2246 2775 anima
2277 2728 2332 2774 et
2371 2732 2522 2772 caro.
2553 2715 2710 2772 Unde
2747 2723 2804 2771 et
2838 2713 3007 2770 David
3039 2713 3148 2768 ait:
3176 2711 3298 2767 Non
3339 2712 3525 2766 timebo
3552 2711 3682 2781 quid

2073 2814 2235 2881 faciat
2277 2810 2401 2866 mihi
2451 2826 2575 2865 caro
2608 2809 2780 2883 (Psal.
2831 2824 2920 2874 sv,
2966 2805 3046 2880 5),
3094 2823 3256 2879 quam
3304 2806 3681 2862 adversariam

2073 2907 2269 2962 animus
2298 2921 2412 2961 suae
2437 2911 2646 2960 nosset.

2147 2998 2234 3054 η.
2267 3000 2400 3067 Quae
2443 3007 2620 3052 tamen
2654 2996 2783 3063 duo,
2827 3005 2887 3051 ut
2931 2995 3242 3052 evidentius
3282 2995 3682 3067 exprimamus,

2075 3109 2186 3150 non
2213 3095 2390 3148 solum
2416 3092 2524 3147 duo
2563 3102 2687 3146 sunt
2712 3133 2726 3157 ,
2777 3090 2871 3146 sed
2899 3091 3066 3146 etiam
3093 3089 3201 3145 duo
3237 3089 3506 3157 homines,
3537 3102 3686 3145 unus

363 3203 476 3253 nes,
524 3185 922 3255 obsecrationes,
970 3183 1371 3258 postulationes,
1411 3182 1702 3254 gratiarum
1743 3183 1971 3240 actiones
1999 3180 2044 3244 C
2076 3189 2329 3255 interior,
2365 3186 2504 3241 alter
2533 3186 2799 3240 exterior.
2837 3193 2860 3222 ε
2897 3184 2990 3240 isti
3018 3185 3126 3239 duo
3169 3185 3214 3238 si
3261 3183 3366 3238 sibi
3415 3182 3686 3253 propositi

365 3279 408 3352 (l
433 3279 566 3334 Tim.
605 3278 772 3352 11,1).

443 3375 496 3430 9.
532 3375 734 3434 Doceat
761 3384 816 3435 te
845 3373 1134 3432 llavidictts
1176 3373 1426 3444 psalmus
1459 3384 1705 3440 octavus,
1735 3371 1831 3444 qui
1858 3387 1972 3430 cm-

368 3465 446 3538 pit
495 3481 524 3520 a
567 3467 662 3522 Dei
710 3465 964 3522 laudibus
991 3483 1002 3519 :
1029 3462 1254 3518 Domine
1294 3463 1548 3518 Dominus
1588 3474 1781 3533 noster,
1817 3482 1972 3534 quam

369 3559 680 3618 admirabile
697 3568 772 3618 est
795 3575 984 3618 nomen
1003 3567 1154 3618 tumst
1175 3556 1228 3612 in
1254 3558 1498 3616 universa
1517 3559 1689 3614 terra!
1712 3557 1971 3625 Quoniam

368 3653 570 3708 eleuata
599 3663 674 3709 est
707 3653 1094 3724 magniﬁcentia
1122 3661 1208 3705 tua
1248 3667 1404 3723 super
1434 3651 1610 3708 mlas.
1651 3651 1738 3708 Ea:
1785 3669 1873 3710 ore
1900 3655 1974 3708 iu-

371 3745 597 3816 [antium
623 3754 672 3806 et
714 3745 1016 3802 lactentium
1058 3745 1325 3816 perfecisti
1357 3744 1566 3804 laudent
1594 3743 1768 3815 (Psal.
1801 3762 1916 3810 vm.
1941 3748 1978 3804 ε

372 3847 422 3894 st
448 3835 605 3909 “9.).
644 3837 924 3896 Hactenus
945 3837 1127 3894 oratio
1158 3855 1172 3893 :
1205 3835 1332 3895 inde
1362 3837 1610 3912 sequitur
1637 3838 1976 3906 obsecratio,

376 3940 440 3988 ttt
485 3932 804 3992 destruatur
850 3931 1156 3988 inimicus:
1199 3931 1526 4002 postulatio,
1574 3942 1633 3989 ut
1681 3931 1872 3987 lunam
1922 3941 1980 3990 et

375 4025 568 4084 stellas
611 4023 831 4092 videat;
859 4023 1046 4085 iuuant
1089 4023 1422 4086 Ecclesiam.
1463 4024 1656 4082 stellas
1699 4023 1842 4081 ﬁlios
1870 4025 1978 4081 Εε-

369 4119 580 4186 clesim,
609 4119 851 4180 emostis
892 4118 1088 4190 gratia:
1117 4118 1242 4176 luce
1265 4116 1536 4190 fulgentes
1566 4137 1580 4173 :
1609 4125 1668 4174 et
1694 4118 1841 4189 quod
1884 4135 1978 4190 pe-

369 4209 456 4280 tit,
489 4211 810 4283 prophetico
851 4212 1056 4283 spiritu
1095 4211 1344 4270 visurum
1387 4225 1450 4269 se
1491 4224 1615 4268 esse
1656 4212 1975 4280 promittit:

371 4305 667 4376 gratiarum
709 4307 876 4372 actio,
903 4305 1046 4375 quod
1081 4313 1266 4360 tuetur
1295 4301 1563 4360 Dominus.
1590 4303 1889 4370 hominem,
1923 4313 1980 4362 et

2079 3281 2390 3350 :equalitate
2431 3287 2781 3338 concurrant.
2812 3285 2871 3332 ttt
2900 3276 3266 3348 cogitationes
3289 3275 3471 3340 factis,
3509 3285 3560 3330 et
3587 3289 3688 3329 co-

2075 3375 2430 3442 gitationibus
2469 3371 2606 3426 facta
2633 3371 2991 3434 conveniant;
3023 3369 3150 3424 vitae
3179 3375 3380 3423 nostra!
3409 3375 3528 3422 rota
3560 3368 3688 3422 sine

2079 3468 2184 3523 ulla
2227 3466 2529 3523 offensione
2590 3467 2872 3531 volvetur,
2922 3475 2980 3519 ut
3031 3462 3494 3536 quemadmodum
3543 3465 3686 3518 serio

2079 3571 2232 3628 ptum
2264 3567 2387 3617 est:
2417 3559 2538 3614 Fiat
2562 3576 2662 3616 eoa:
2699 3560 2912 3615 tonitrui
2935 3559 3010 3612 tui
3048 3558 3104 3612 in
3139 3565 3254 3612 rota
3282 3555 3458 3627 (Psat.
3494 3573 3683 3624 Lsxrr,

2083 3654 2196 3722 19).
2241 3654 2334 3708 Ιμῑί
2363 3653 2528 3724 igitur
2554 3653 2662 3708 duo
2710 3668 2876 3707 unum
2905 3659 3066 3717 sunt;
3113 3665 3213 3706 nec
3263 3650 3442 3704 solum
3487 3665 3686 3718 unum,

2082 3747 2182 3803 sed
2210 3761 2354 3802 unus
2396 3747 2580 3802 homo.
2631 3745 2788 3802 Unde
2834 3756 2890 3801 et
2943 3745 3238 3815 Apostolus
3274 3745 3352 3798 ait
3383 3762 3396 3797 :
3431 3743 3502 3798 llr
3553 3745 3690 3800 duos

2082 3840 2326 3902 conderet
2353 3842 2406 3894 iu
2435 3856 2538 3894 uno
2563 3838 2795 3905 homine,
2835 3839 3034 3910 faciens
3060 3853 3264 3908 pacem,
3302 3847 3350 3891 et
3381 3837 3688 3892 reconcilio-

2081 3945 2156 3990 ret
2181 3945 2424 4003 utrosque
2454 3935 2510 3988 in
2549 3949 2654 3988 uno
2685 3948 2924 4002 corpore,
2950 3929 3082 3995 Deo,
3117 3945 3208 4002 per
3233 3944 3440 3985 crucem
3479 3929 3690 3999 inter-ﬁo

2084 4029 2225 4084 ciens
2257 4027 2559 4089 inimicitias
2597 4026 2652 4080 in
2673 4035 2828 4081 semet
2852 4026 3062 4098 ipso....
3089 4034 3145 4078 ut
3171 4024 3229 4077 in
3255 4025 3486 4092 utrisque
3512 4038 3689 4077 acces-

2085 4139 2199 4176 sum
2239 4120 2518 4176 habeamus
2565 4120 2620 4174 in
2649 4135 2752 4174 uno
2777 4117 2986 4190 Spiritu
3021 4116 3092 4172 ad
3124 4116 3336 4172 Patrem
3371 4113 3593 4190 (Ephes.
3622 4130 3688 4182 ιι,

2087 4215 2156 4272 15
2183 4224 2230 4268 et
2249 4212 2408 4286 δρψ).

2158 4311 2246 4366 15.
2281 4307 2423 4365 Sunt
2473 4305 2640 4362 etiam
2689 4305 2799 4362 duo
2843 4303 3118 4370 homines,
3163 4311 3324 4359 vetus
3379 4311 3434 4357 et
3483 4315 3681 4358 novus.

375 4395 525 4456 hunc
547 4397 738 4456 limum
769 4397 1022 4469 corporis
1056 4395 1231 4456 nostri
1261 4395 1446 4454 divina
1477 4395 1648 4469 85³
1669 4397 1980 4458 visitatione
2003 4394 2058 4456 D
2088 4399 2108 4442 ί
2143 4399 2312 4457 Vetus
2340 4399 2433 4456 ille
2465 4406 2690 4468 peccato
2717 4397 2992 4454 obnoxius
3010 4407 3064 4452 et
3091 4393 3396 4462 obsoletos,
3427 4408 3496 4450 ac
3520 4393 3689 4450 vesti-

448 4533 701 4591 aOmnes
735 4534 910 4601 edit.,
964 4542 1011 4589 et
1053 4534 1200 4603 ﬁeret
1252 4533 1486 4590 medicus
1541 4544 1830 4594 noster.....

377 4606 618 4663 Christus
637 4607 868 4662 medicus
898 4613 971 4660 est
1004 4621 1022 4660 :
1054 4619 1246 4662 omnes
1275 4621 1408 4661 mss.
1443 4615 1500 4662 ut
1531 4607 1584 4662 in
1619 4617 1793 4664 textu.

447 4677 475 4720 ι)
497 4677 703 4735 Omnes
737 4679 870 4734 edit.
903 4692 1028 4734 cum
1060 4692 1168 4733 uno
1198 4686 1292 4734 aut
1339 4679 1514 4735 altero
1548 4694 1708 4744 mss,
1738 4681 1975 4738 abdicato

377 4750 578 4806 occulta
599 4748 908 4816 dedecoris;
933 4749 1024 4804 alii
1052 4764 1211 4817 mss,
1258 4750 1484 4820 melius,
1501 4751 1742 4812 abdicato
1771 4757 1974 4812 occulto

377 4822 686 4900 dedecoris;
717 4821 840 4900 _hoc
884 4822 1235 4900 est__occultu
1288 4821 1596 4890 dedecore,
1653 4825 1770 4884 sive
1815 4828 1973 4900 culpa

378 4895 542 4950 etiam
571 4891 791 4948 Occulta
818 4892 1122 4962 repudiata.

453 4976 474 5006 α
500 4964 775 5022 Iudicatur
804 4964 894 5020 bis
915 4965 1099 5022 verbis
1121 4965 1458 5024 Dominicam
1485 4967 1792 5023 orationem
1817 4985 1883 5026 es
1909 4971 1978 5027 iis

377 5035 552 5110 fuisse
580 5036 1018 5110 mystcriisqum
1053 5037 1478 5110 catechumenos
1507 5040 1785 5110 quondam
1821 5045 1972 5096 cela-

379 5109 474 5198 bat
496 5107 966 5198 Ecglesiak‘Ejus
989 5108 1262 5198 lci-illanc
1293 5107 1975 5198 causam'gltrysostnmus

378 5181 562 5236 reddit
589 5179 745 5235 Non.
777 5178 842 5252 91
880 5178 955 5234 in
988 5179 1324 5246 Matthrrum,
1350 5181 1492 5252 quod
1535 5178 1710 5238 Patris
1754 5185 1975 5240 nomine

379 5252 461 5308 illi
489 5267 598 5310 non
629 5252 788 5307 liceat
812 5251 989 5310 Deum
1017 5253 1312 5322 appellare,
1347 5251 1440 5322 qui
1468 5268 1578 5310 non
1608 5253 1772 5310 fuerit
1815 5273 1979 5312 sacro

385 5324 730 5398 baptismate
733 5335 1094 5398 regeneratus
1134 5323 1261 5398 inde
1283 5333 1370 5386 est
1384 5324 1532 5398 quod
1546 5342 1634 5386 ex.
1653 5326 1788 5383 0rd.
1805 5327 1974 5384 Rom.

383 5393 659 5467 et‘Amal.
688 5393 996 5467 Fortunato
1027 5394 1096 5467 de
1137 5395 1348 5450 Eccles.
1391 5393 1548 5452 Ollio.
1593 5412 1712 5467 cap.
1747 5398 1804 5465 8,
1851 5415 1971 5456 eam

383 5465 649 5524 discimus
694 5481 826 5526 cum
852 5465 1004 5530 brevi
1043 5465 1496 5534 interpretatione
1525 5465 1828 5527 secundum
1864 5470 1974 5527 Ro-

385 5552 604 5609 manam
652 5535 1099 5594 consuetudinem
1131 5533 1276 5594 locis
1297 5537 1334 5594 4
1377 5537 1730 5596 hebdomadas
1767 5544 1801 5600 4
1829 5542 1976 5609 Qua-

383 5606 706 5692 dragesimzn
745 5609 1186 5692 competentibus
1223 5609 1366 5692 tradi
1401 5611 1751 5692 consuevisse
1774 5631 1796 5692 _:
1827 5606 1972 5692 quod

381 5678 444 5738 in
469 5679 723 5738 Africana
761 5678 1006 5736 Ecclesia
1035 5688 1246 5737 tantum
1270 5682 1402 5738 feria
1427 5682 1463 5738 2
1493 5695 1614 5743 post
1641 5678 1972 5743 dominicam

384 5749 691 5824 Palmarum
721 5749 837 5824 ﬁeri
862 5749 1103 5824 solitum,
1122 5751 1459 5824 Augustinus
1490 5749 1650 5810 Hom.
1679 5753 1753 5808 Β
1781 5771 1850 5812 ex
1877 5755 1970 5822 50,

383 5836 527 5877 nunc
553 5823 726 5880 Serm»
758 5821 834 5878 58
859 5837 1014 5881 nove
1041 5823 1173 5884 edit.
1216 5821 1468 5883 testatur.
1514 5824 1710 5884 Verum
1749 5821 1975 5901 uterque

1889 4541 1976 4596 ubi

242 6088 393 6152 7’";

2081 4540 2136 4596 in
2166 4539 2270 4596 hoc
2304 4537 2660 4601 conveniunt,
2693 4535 2838 4608 qttod
2881 4534 3071 4608 iisdem
3119 4531 3560 4603 competentibus
3584 4549 3686 4608 ine-

2077 4627 2291 4670 cessum
2321 4611 2486 4665 fuisse
2513 4607 2782 4673 scribunt,
2811 4617 2870 4663 ut
2889 4607 3115 4664 sabbato
3140 4617 3334 4660 sancto
3365 4607 3688 4660 memoriter

2077 4685 2328 4741 currulem
2385 4681 2670 4738 redderent
2729 4682 3054 4736 orationem.
3097 4676 3248 4744 Quod
3306 4691 3472 4746 porro
3525 4676 3686 4731 dotes

2079 4756 2672 4826 orationisesponens
2715 4751 2838 4826 loco
2885 4767 2949 4806 ex
2998 4750 3171 4826 Epist.
3225 4747 3500 4826 ad._Tim_.
3532 4763 3594 4812 tt,
3630 4751 3686 4812 1,

2077 4827 2337 4885 Oratione
2364 4820 2580 4880 Domin.
2629 4834 2679 4880 et
2717 4824 2854 4892 psal.
2886 4837 2977 4877 vut
3017 4824 3188 4876 utitur
3227 4820 3572 4883 Ambrosius,
3609 4829 3688 4873 at-

2078 4913 2184 4969 qne
2236 4900 2286 4952 in
2337 4897 2542 4969 eodem
2583 4895 2800 4969 Psalmo
2833 4909 2945 4969 per
2981 4893 3174 4969 _lun_a_m
3219 4892 3548 4969 Ecclesiam,
3588 4905 3690 4969 per

2078 4963 2264 5027 stellas
2300 4968 2486 5022 ﬁdeles
2535 4965 2916 5036 intelligendos
2945 4965 3044 5026 ait,
3077 4964 3168 5018 his
3196 4963 3337 5018 adeo
3379 4963 3578 5036 similia
3633 4963 3688 5017 in

2079 5042 2174 5102 lib.
2203 5057 2256 5096 vt
2280 5041 2349 5098 de
2379 5043 2625 5096 Sacram.
2668 5035 2792 5098 can.
2821 5037 2855 5092 5
2886 5037 3070 5106 legero
3095 5045 3206 5101 est,
3233 5043 3294 5088 ut
3315 5035 3537 5090 dubium
3576 5050 3687 5090 nou

2078 5113 2353 5178 videatur,
2394 5114 2523 5182 quitt
2569 5112 2612 5163 si
2646 5108 2850 5164 diversi
2890 5124 3076 5163 eorum
3115 5121 3340 5177 operum
3387 5106 3689 5182 scriptorcs

2080 5185 2303 5250 fuerint,
2342 5177 2498 5238 alter
2537 5182 2798 5246 alterum;
2845 5182 2928 5234 sin
2973 5193 3102 5233 vero
3144 5193 3282 5232 unus
3317 5191 3380 5231 ac
3413 5177 3578 5240 idem,
3625 5191 3688 5250 se

2077 5272 2286 5384 itote
2313 5257 2431 5340 ipse
2457 5254 2827 5322 duscripserit,
2858 5251 3007 5323 quod
3032 5251 3258 5306 minime
3295 5263 3508 5304 novum
3523 5257 3612 5304 est
3633 5249 3688 5304 in

2130 5345 2178 5381 m
2252 5343 2390 5384 oste.

2130 5345 2178 5381 m
2189 5343 2390 5385 Dl‘OSIO.

2151 5397 2176 5436 ά
2205 5399 2320 5454 Duo
2353 5414 2510 5464 mss.,
2551 5395 2835 5466 castigabat
2875 5411 3065 5468 corpus
3094 5409 3248 5448 suum
3279 5402 3326 5446 et
3369 5392 3422 5445 in
3462 5391 3690 5446 servitu-

2077 5481 2200 5534 tem,
2230 5481 2337 5525 etc.

2151 5553 2174 5579 ο
2198 5541 2366 5606 Edit.,
2397 5539 2496 5595 Issi
2527 5540 2632 5595 duo
2653 5540 2698 5595 si
2723 5539 2820 5595 sibi
2842 5538 3098 5612 propositi
3124 5537 3182 5592 iss
3207 5535 3684 5612 mqualitasem,__ttl-

2079 5613 2225 5669 tim
2277 5613 2451 5668 Paris.
2492 5607 2881 5685 unquamne,
2941 5607 3253 5665 concurrant
3337 5607 3683 5663 eormodius

2077 5701 2216 5741 vero
2237 5698 2369 5746 mss.
2403 5684 2613 5752 omnes,
2647 5697 2790 5754 quos
2810 5684 2896 5738 hic
2917 5685 3218 5752 sequimur.

2155 5754 2342 5840 illud.
2393 5755 2554 5822 ValL,
2598 5749 2756 5812 νέω
2791 5754 2884 5811 ille
2931 5749 3289 5828 peccator..."
3331 5749 3692 5811 δοιιὶεξιιάὶθκ

2077 5837 2299 5884 attritus.
