4054 6306
426 308 522 365 511

1789 298 2036 358 SANCTI
2076 297 2408 358 AMBROSII

3625 302 3744 361 5η

421 422 694 496 posuisset
718 419 773 477 in
812 418 1073 492 paradiso
1096 418 1314 491 operari
1347 426 1403 474 et
1430 414 1732 484 custodire,
1763 414 1901 472 dixit
1921 429 2028 470 non
2057 414 2112 477 Α
2207 414 2300 471 27.
2331 414 2582 488 Denique
2608 413 2781 473 Adam
2807 422 3113 472 conventus
3134 454 3150 483 ,
3177 413 3321 486 quod
3347 421 3537 471 contra
3562 413 3746 471 divina

421 531 550 575 esse
577 514 779 571 bonum
806 512 985 570 solum
1022 526 1149 569 esse
1169 510 1468 568 hominem.
1496 508 1802 568 Faciamus.
1833 506 2027 578 inquit,

431 610 481 666 ei
526 608 852 680 adjutorium
895 605 1178 662 secundum
1215 621 1270 661 se
1297 602 1451 678 (Gen.
1479 619 1540 673 ιι,
1584 601 1693 675 18).
1733 600 1864 659 Sine
1908 616 2030 655 mu-

425 703 563 759 liere
588 702 752 773 igitur
771 701 940 756 homo
959 715 1068 756 non
1098 698 1260 755 habet
1282 697 1520 763 laudem,
1549 697 1605 752 in
1632 694 1866 752 muliere
1889 707 2032 766 pra:-

429 793 664 850 dicatur.
696 790 833 848 Nam
860 805 985 848 cum
1008 790 1141 846 dicit
1180 804 1285 846 non
1315 803 1438 846 esse
1468 787 1670 844 bonum
1700 786 1876 842 solum
1908 799 2033 842 esse

428 890 737 955 hominem,
775 885 1065 944 conﬁrmat
1118 885 1305 956 utique
1351 884 1553 941 bonum
1590 896 1715 939 esse
1746 880 2032 938 hominum

426 998 624 1055 genus,
656 982 703 1037 si
734 979 879 1036 virili
908 978 1061 1036 sexui
1084 978 1352 1035 femineus
1386 991 1551 1033 sexus
1578 975 1827 1033 accedat.

498 1076 591 1132 25.
626 1074 801 1133 Simul
823 1073 958 1131 illud
997 1071 1477 1137 considerandum,
1512 1070 1639 1142 quia
1670 1070 1764 1127 ille
1787 1069 1856 1126 de
1885 1076 2033 1125 terra

429 1170 606 1229 factus
636 1180 691 1227 et
718 1171 852 1225 limo
901 1176 1005 1235 est,
1038 1168 1142 1223 ista
1180 1166 1251 1224 de
1288 1167 1427 1223 viro.
1460 1166 1531 1222 Et
1557 1180 1687 1221 caro
1714 1165 1935 1236 quidem
1967 1164 2035 1220 ii-

432 1281 576 1332 mus;
606 1263 705 1321 sed
734 1265 825 1320 ille
850 1262 1026 1319 adhuc
1055 1261 1328 1328 informis,
1362 1260 1466 1317 iste
1496 1259 1782 1316 formatus.

500 1358 592 1414 24.
622 1358 741 1415 iam
776 1356 909 1413 illud
938 1355 1259 1427 praeclarum
1281 1354 1661 1425 Apostolicum
1690 1366 2035 1410 arcessamus

430 1452 763 1524 exemplum,
797 1449 939 1522 quod
970 1449 1239 1507 habemus
1267 1450 1534 1520 scriptum
1560 1466 1573 1503 :
1614 1448 1753 1517 Quia
1783 1449 2037 1520 relinquet

430 1546 584 1602 homo
615 1555 814 1617 patrem
850 1554 897 1601 et
926 1554 1168 1613 matrem,
1216 1552 1265 1601 et
1304 1543 1584 1599 adhtrrebit
1630 1545 1783 1599 uxori
1824 1558 1955 1611 sua',
1989 1553 2037 1598 et

431 1649 582 1695 erant
609 1638 714 1694 duo
751 1639 808 1695 in
838 1654 992 1694 carne
1036 1655 1161 1694 una.
1200 1638 1600 1694 Sacramenlum
1642 1638 1741 1692 hoc
1786 1653 2037 1712 magnum

431 1742 508 1787 est
531 1749 551 1787 :
578 1748 670 1804 ego
692 1741 865 1787 autem
894 1731 1009 1787 dico
1039 1731 1094 1787 in
1133 1729 1342 1787 Christo
1379 1739 1427 1786 et
1464 1732 1521 1786 in
1556 1730 1789 1786 Ecclesia
1811 1729 2033 1803 (Epltes.

2132 522 2255 579 qua:
2285 523 2473 565 coram
2503 507 2754 566 audierat
2782 517 3060 580 praecepta
3081 551 3098 576 ,
3129 515 3441 579 gustasset,
3472 506 3612 565 nihil
3644 506 3745 562 ba-

2132 601 2248 659 buit
2287 603 2434 675 quod
2472 603 2714 667 diceret.
2758 603 2862 659 nisi
2901 602 3050 676 quod
3090 601 3197 659 sibi
3236 602 3434 658 mulier
3465 601 3745 672 dedisset,

2132 705 2191 754 et
2218 698 2636 756 manducasset:
2668 697 2868 755 mulier
2891 709 3074 756 autem
3107 697 3224 765 ait;
3256 698 3485 770 Serpens
3511 698 3749 754 traduxit

2136 809 2235 862 me,
2265 805 2316 849 et
2346 795 2657 850 manducavi
2682 792 2859 869 (Ibid.
2887 792 3011 866 1'5).
3042 794 3260 863 Quanto
3290 792 3469 863 major
3496 791 3751 848 mulieris

2134 885 2432 942 absolutio!
2458 886 2554 943 Ille
2571 886 2843 959 arguitur,
2866 885 2985 942 brae
3005 885 3396 957 interrogatur.
3415 882 3571 940 Adde
3592 883 3749 953 illud,

2135 980 2280 1050 quod
2314 989 2369 1036 et
2395 982 2544 1053 prior
2572 982 2790 1054 culpam
2839 979 3077 1047 fatetur;
3133 980 3336 1037 etenim
3368 995 3493 1051 qua:
3520 993 3583 1035 se
3617 976 3638 1016 ί
3669 978 3754 1035 di-

2135 1075 2211 1130 cit
2247 1088 2371 1130 esse
2400 1074 2681 1131 seductum
2704 1117 2720 1141 ,
2753 1083 2989 1132 testatur
3026 1088 3296 1131 errorem.
3332 1071 3555 1129 Erroris
3585 1071 3750 1144 igitur

2135 1166 2409 1224 medicina
2439 1167 2716 1224 confessio
2746 1177 2851 1224 est.

2207 1260 2301 1317 28.
2330 1259 2387 1316 In
2413 1261 2619 1334 judicio
2645 1261 2765 1333 ipso
2786 1268 2993 1333 quanto
3016 1260 3335 1317 clementior
3360 1258 3566 1317 mulier
3588 1259 3742 1315 viro!

2138 1353 2235 1411 llle
2265 1354 2555 1411 mulierem
2585 1369 2743 1410 suam
2774 1354 3086 1421 accusavit;
3121 1354 3222 1410 ista
3251 1362 3569 1424 serpentem
3594 1394 3612 1421 ,
3648 1353 3753 1409 hoc

2138 1458 2252 1516 est,
2296 1464 2396 1506 nec
2446 1457 2697 1506 accusata
2742 1449 2952 1506 crimen
2994 1450 3259 1506 retorsit:
3303 1449 3399 1506 sed
3443 1450 3625 1521 ipsum
3662 1464 3757 1507 ac-

2138 1552 2443 1601 cusatorem
2486 1558 2643 1601 suum
2666 1543 2878 1613 maluit,
2920 1543 2967 1600 si
3007 1552 3213 1616 posset,
3259 1542 3549 1601 absolvere
3590 1558 3757 1616 quam

2139 1635 2329 1708 ligare.

2210 1732 2303 1788 29.
2340 1731 2518 1788 Habes
2550 1731 2715 1804 igitur
2741 1742 2797 1790 et
2822 1732 2999 1805 culpre
3025 1732 3425 1791 absolutionem
3455 1733 3510 1790 in
3535 1733 3756 1791 confes-

431 1841 490 1894 v,
518 1826 608 1893 5|,
638 1824 756 1896 '52).
788 1833 816 1863 ιι
842 1823 1202 1881 Advertimus
1245 1825 1428 1896 itaque
1465 1839 1561 1896 per
1598 1823 1883 1879 mulierem
1933 1839 2045 1882 cae-
2073 1812 2123 1873 Β
2149 1826 2303 1884 sione
2323 1868 2339 1894 ,
2370 1836 2425 1884 ct
2453 1827 2742 1883 sententia:
2771 1827 2825 1883 in
2857 1828 3231 1885 exsecutione.
3273 1826 3342 1883 In
3382 1827 3639 1896 tristitia,
3668 1828 3757 1883 iu-

430 1919 569 1975 leste
597 1917 731 1974 illud
761 1917 1048 1990 impletum
1079 1934 1201 1975 esse
1216 1921 1537 1991 mysterium
1565 1918 1729 1992 255
1756 1920 2041 1988 Ecclesiae,

430 2014 485 2068 in
519 2028 583 2068 ea
625 2013 857 2085 gratiam
882 2013 1188 2086 ﬁguratam,
1218 2025 1442 2086 propter
1469 2031 1632 2085 quam
1662 2015 1914 2072 Christus
1950 2015 2046 2073 de-

430 2105 666 2175 scendit,
696 2116 750 2163 et
773 2114 1039 2164 aeternum
1065 2106 1200 2163 illud
1221 2122 1360 2179 opus
1384 2107 1639 2164 humana:
1655 2108 2045 2178 redemptionis

434 2200 694 2255 absolvit.
728 2198 887 2257 Unde
906 2209 964 2256 et
992 2201 1164 2257 Adam
1188 2201 1406 2257 vocavit
1429 2216 1633 2258 nomen
1656 2201 1906 2257 mulieris
1932 2217 2046 2258 suae

438 2292 606 2346 vitam
637 2289 797 2364 (Gen.
826 2291 1001 2365 11,25)
1024 2308 1040 2359 ;
1065 2306 1189 2347 nam
1218 2301 1275 2349 et
1298 2294 1352 2348 in
1377 2292 1595 2364 populis
1624 2308 1724 2365 per
1757 2294 2043 2350 mulierem

441 2383 812 2441 successionis
849 2383 1103 2441 humana;
1130 2385 1305 2441 series
1338 2393 1395 2442 et
1430 2400 1675 2457 propago
1701 2384 2043 2452 diﬁ‘unditur,

439 2485 495 2532 et
529 2491 627 2547 per
649 2474 956 2533 Ecclesium
976 2474 1004 2516 δ
1028 2477 1137 2534 vita
1165 2477 1445 2534 confertur
1474 2487 1704 2535 :eterna.

1056 2572 1285 2631 CAPUT
1336 2572 1426 2629 IV.

441 2663 690 2719 Mulieris
716 2680 874 2737 quam
899 2666 997 2721 uiri
1017 2666 1179 2722 levius
1206 2666 1371 2737 fuisse
1390 2676 1654 2740 peccatum
1674 2666 1838 2722 euinci
1861 2667 2043 2739 dispa-

508 2759 663 2813 ritate
697 2775 882 2826 sexus,
925 2760 1229 2816 tentationis
1255 2761 1488 2829 ratione,
1518 2760 1694 2816 divina
1721 2762 1970 2815 sententia
1999 2770 2046 2816 et

512 2858 936 2933 responsionibus
963 2860 1251 2915 amborum.
1291 2860 1421 2919 Post
1446 2877 1564 2934 quae
1591 2862 1837 2917 adversus
1863 2863 2047 2918 mulie-

511 2970 631 3008 rum
671 2955 975 3011 tentationes
1012 2955 1138 3010 uiris
1166 2956 1396 3011 remedia
1425 2956 1803 3029 praecipiuntur
1823 2972 1843 3012 :
1881 2957 1936 3013 in
1963 2955 2047 3012 his

515 3047 742 3102 maxime
767 3046 1065 3103 earumdem
1095 3048 1448 3122 iejunantium
1477 3049 1723 3104 imitatio.

510 3139 602 3196 25.
634 3139 779 3198 Sane
802 3155 1002 3212 negare
1025 3154 1133 3197 non
1161 3156 1451 3213 possumus
1474 3140 1618 3215 quod
1633 3142 1902 3199 erraverit
1928 3158 2045 3199 mu-

2147 1923 2301 1994 quit,
2357 1922 2526 1994 paries
2564 1920 2728 1991 ﬁlios.
2770 1930 2795 1968 Β
2835 1919 3322 1977 Condemnationis
3374 1935 3490 1976 sua:
3544 1919 3759 1992 pondus

2146 2014 2433 2086 agnoscit,
2483 2028 2679 2069 munus
2730 2014 2963 2085 poenalis
3020 2013 3353 2069 conditionis
3403 2013 3751 2086 exsequitur.

2147 2106 2255 2164 Pro
2282 2116 2335 2164 te
2362 2107 2556 2163 mulier
2579 2106 2862 2163 doloribus
2889 2108 3005 2163 suis
3032 2106 3269 2176 militat,
3296 2106 3462 2181 356
3485 2117 3544 2162 et
3567 2122 3754 2163 remu-

2148 2202 2492 2258 nerationem
2532 2218 2598 2258 ex
2631 2216 2791 2273 paena
2824 2201 3071 2270 invenit;
3104 2214 3162 2257 ut
3191 2216 3290 2273 per
3315 2200 3458 2258 ﬁlios
3489 2217 3589 2273 per
3618 2217 3759 2270 quos

2148 2293 2431 2367 afﬂigitur,
2464 2294 2750 2352 liberetur.
2795 2294 2959 2351 Facta
2989 2306 3073 2352 est
3103 2296 3288 2367 itaque
3316 2294 3488 2366 gratia
3517 2309 3583 2352 ex
3617 2294 3757 2366 inju-

2148 2388 2229 2444 ria
2250 2431 2265 2455 ,
2298 2387 2451 2445 salus
2478 2402 2547 2443 ex
2588 2386 2946 2454 inﬁrmitate;
2978 2387 3244 2458 scriptum
3273 2395 3360 2443 est
3388 2387 3538 2443 enim
3566 2404 3580 2441 :
3617 2386 3761 2454 Quia

2146 2482 2294 2539 salva
2328 2483 2427 2537 erit
2466 2498 2556 2553 per
2580 2482 2813 2554 ﬁliorum
2842 2482 3223 2555 generationem
3251 2482 3271 2555 (
3294 2480 3313 2537 1
3340 2480 3482 2538 Tim.
3512 2496 3551 2537 tt
3570 2525 3586 2550 ,
3618 2481 3690 2537 15
3710 2481 3756 2552 ).

2147 2575 2281 2633 Cum
2312 2576 2490 2633 salute
2514 2577 2701 2649 itaque
2729 2576 2907 2647 parit,
2934 2590 3074 2648 quos
3100 2576 3155 2631 in
3187 2574 3403 2631 tristitia
3432 2574 3757 2647 parturivit:

2147 2680 2202 2725 et
2229 2669 2298 2725 ad
2327 2669 2541 2725 laudem
2569 2668 2806 2738 educat,
2833 2684 2971 2742 quos
3000 2669 3217 2741 peperit
3243 2684 3366 2724 cum
3392 2669 3607 2725 dolore.

2218 2764 2310 2821 '50.
2326 2762 2435 2821 Sed
2450 2762 2606 2829 dicis,
2634 2778 2667 2819 ο
2690 2763 2796 2830 vir,
2819 2763 2948 2835 quia
2970 2764 3166 2820 mulier
3189 2762 3419 2819 tentatio
3439 2760 3606 2819 fuerit
3622 2762 3757 2819 viri.

2151 2857 2354 2914 Verum
2393 2867 2499 2915 est.
2539 2856 2659 2914 .Iam
2698 2855 2746 2913 si
2784 2868 2871 2914 εει
2904 2856 3139 2925 decora,
3182 2870 3311 2913 ecce
3348 2855 3457 2911 alia
3498 2856 3756 2913 tentatio.

2149 2952 2354 3010 Tamen
2408 2952 2641 3009 Abrahze
2696 2951 3053 3009 descendenti
3109 2951 3166 3008 in
3215 2951 3515 3025 Egyptum
3565 2953 3759 3008 uxoris

2151 3047 2498 3120 pulchritudo
2524 3063 2632 3104 non
2662 3047 2886 3115 nocuit,
2917 3048 3085 3104 immo
3108 3046 3281 3118 magis
3306 3045 3509 3116 profuit
3536 3062 3551 3113 ;
3578 3045 3761 3102 hono-

2150 3152 2302 3199 ratus
2333 3152 2419 3200 est
2446 3142 2591 3199 enim
2624 3157 2723 3214 per
2752 3156 2978 3198 uxorem
2999 3188 3014 3212 ,
3044 3156 3152 3197 non
3183 3139 3421 3197 ludibrio
3449 3139 3671 3196 habitus
3701 3140 3760 3195 in

440 3234 564 3291 lier.
602 3245 624 3273 ο
653 3233 794 3303 Quid
825 3210 1041 3291 miraris
1073 3210 1251 3292 tamen
1292 3236 1338 3291 si
1378 3210 1645 3292 erraverit
1685 3245 1740 3293 et
1777 3236 2047 3294 inﬁrmior
2073 3210 2120 3276 (ἶ
2153 3254 2326 3295 uxore
2354 3236 2528 3311 (Gen.
2559 3210 2672 3305 xrr,
2708 3236 2774 3293 16
2794 3278 2809 3302 .
2836 3235 2974 3309 20).
3000 3210 3117 3291 VCur
3145 3243 3328 3292 autem
3357 3243 3416 3291 tu
3444 3235 3634 3291 vultus
3660 3233 3763 3290 de-

441 3328 628 3399 lapsus
657 3335 740 3383 est
770 3341 935 3384 sexus
956 3368 973 3397 ,
1001 3342 1125 3384 cum
1158 3328 1232 3384 sit
1257 3330 1443 3400 lapsus
1473 3329 1640 3387 etiam
1670 3330 1906 3387 fortior?
1935 3329 2050 3386 Mu-

444 3423 547 3479 lier
572 3420 599 3459 ἀ
625 3424 1033 3480 excusationem
1063 3423 1230 3481 habet
1257 3424 1312 3481 in
1340 3434 1583 3497 peccato,
1615 3426 1700 3482 vir
1724 3441 1834 3483 non
1864 3426 2047 3482 habet.

443 3517 541 3572 Illa
583 3525 640 3572 ut
677 3516 958 3587 Scriptura
997 3518 1234 3583 asserit,
1276 3533 1307 3573 a
1347 3518 1756 3589 sapientissimo
1806 3520 2049 3575 omnium

444 3617 703 3679 serpente
741 3608 970 3681 decepta
1008 3618 1130 3675 est,
1168 3619 1224 3665 tu
1264 3624 1293 3663 a
1336 3609 1604 3666 muliere:
1645 3611 1700 3666 id
1738 3620 1860 3678 est,
1899 3611 2050 3667 illam

446 3701 699 3771 superior
727 3711 977 3758 creatura
1004 3701 1254 3773 decepit,
1286 3711 1339 3759 te
1368 3703 1633 3771 inferior;
1668 3713 1722 3760 te
1751 3705 1896 3761 enim
1928 3721 2052 3760 mu-

448 3795 553 3851 lier
588 3795 844 3865 decepit,
887 3796 1035 3850 illam
1076 3795 1250 3851 malus
1292 3796 1453 3863 licet,
1483 3805 1665 3853 tunen
1706 3798 1951 3867 angelus.
1994 3798 2053 3854 Si

447 3897 505 3945 tu
534 3888 781 3945 inferiori
813 3903 923 3944 non
953 3888 1179 3961 potuisti
1209 3892 1465 3946 resistere
1484 3932 1501 3959 ,
1531 3889 1804 3961 quomodo
1831 3890 1924 3946 illa
1958 3906 2050 3962 po-

446 3982 552 4038 tuit
578 3982 895 4053 superiori?
920 3982 1088 4054 Culpa
1118 3993 1207 4038 tua
1235 3982 1383 4038 illam
1414 3984 1668 4040 absolvit.

518 4077 612 4134 26.
656 4078 715 4135 Si
766 4077 835 4133 de
883 4078 1082 4134 merito
1124 4076 1299 4149 culpae
1344 4077 1597 4144 dubitas,
1656 4078 2058 4151 interrogemus

449 4170 802 4226 sententiam.
834 4169 915 4226 Illi
946 4169 1154 4225 dictum
1185 4177 1310 4226 est:
1353 4168 1422 4224 In
1450 4170 1663 4225 tristitia
1691 4172 1863 4241 paries
1895 4171 2056 4238 ﬁlios,

446 4274 497 4320 et
534 4264 604 4319 ad
643 4265 813 4318 uirum
856 4264 1121 4320 conversio
1164 4274 1255 4319 tua
1280 4303 1295 4328 ,
1339 4272 1388 4317 et
1425 4265 1540 4335 ipse
1581 4264 1675 4318 tibi
1705 4264 2060 4319 dominabitur

452 4355 648 4429 (lbid.,
674 4354 789 4428 16).
818 4353 947 4411 Viro
968 4364 1149 4411 autem
1174 4354 1372 4411 dicitur
1397 4373 1412 4410 :
1440 4353 1603 4410 Terra
1628 4371 1700 4421 es,
1723 4364 1771 4411 et
1790 4356 1844 4410 in
1866 4365 2059 4411 terram

450 4450 548 4505 ibis
575 4448 623 4522 (1
634 4449 767 4514 bid.,
792 4449 901 4519 i9).
931 4448 1000 4503 Et
1023 4464 1154 4505 vere
1178 4458 1201 4486 ο
1222 4447 1369 4518 justa
1391 4449 1689 4518 sententia;
1722 4449 2062 4522 quandoqui-

451 4544 576 4601 dem
607 4544 654 4599 si
685 4542 854 4599 Adam
882 4543 1027 4615 quod
1056 4559 1084 4599 a
1118 4543 1348 4599 Domino
1376 4543 1488 4599 Deo
1516 4543 1803 4613 audierat,
1836 4560 2058 4604 servare

454 4654 562 4695 non
604 4638 812 4710 potuit,
853 4638 1132 4710 quomodo
1168 4640 1345 4709 potuit
1390 4654 1613 4697 servare
1665 4641 1864 4697 mulier
1907 4642 2055 4713 quod

451 4728 661 4786 audivit
696 4744 727 4784 a
766 4728 928 4785 viro?
965 4729 1022 4786 Si
1062 4729 1218 4785 illum
1258 4730 1352 4786 Dei
1390 4746 1496 4787 vox
1537 4746 1643 4788 non
1676 4733 2055 4805 cnnﬁrmavit,

453 4821 727 4894 quomodo
753 4822 911 4878 istam
942 4837 1046 4880 vox
1072 4821 1425 4882 conﬁrmaret
1452 4825 1735 4884 humana?

522 5008 699 5065 atMss.
738 5006 967 5080 aliquot,
1014 5005 1322 5063 Audiuimus
1364 5008 1560 5080 itaque.
1607 5008 1705 5066 Hic
1754 5026 1919 5080 porro
1961 5026 2052 5068 se-

449 5083 681 5153 quentis
697 5079 895 5153 capitis
916 5079 1139 5153 initium
1161 5089 1278 5153 erat
1300 5081 1352 5135 in
1385 5095 1573 5151 super.
1603 5082 1731 5138 edit.
1758 5079 1931 5150 Quam
1956 5098 2053 5138 au-

452 5149 561 5210 t'em
596 5149 849 5221 pulchre,
883 5149 1173 5221 prudentis
1201 5152 1429 5224 l_ectoris
1453 5149 1573 5208 esto
1592 5149 1879 5224 judicium.

523 5224 552 5263 δ
592 5224 728 5279 Tres
768 5237 935 5288 mss.,
974 5233 1024 5296 et
1061 5238 1152 5294 per
1193 5222 1477 5278 Ecclesium
1507 5222 1607 5294 [iiii
1636 5223 1735 5280 Dei
1765 5228 2056 5296 regenerati

451 5304 889 5368 augmentantur:
927 5292 1025 5368 alii
1063 5292 1249 5368 autem
1298 5306 1460 5366 atque
1500 5292 1634 5352 edit.
1688 5297 1793 5354 hoc
1823 5292 2053 5354 'tantum

452 5364 755 5494 dissident;
797 5364 942 5437 quod
986 5364 1039 5420 in
1071 5365 1182 5421 illis
1221 5364 1501 5437 confertur,
1536 5369 1588 5424 in
1620 5369 1704 5425 his
1732 5371 2054 5443 conquiritur

479 5454 641 5494 egere
668 5452 729 5494 es
761 5479 773 5491 .

479 5454 641 5496 egere
668 5447 773 5494 εει.

457 5456 509 5496 te
761 5479 773 5491 .

512 5456 847 5566 Ξωἱξοῗιῗιιιιί
887 5523 1054 5575 mss.,
1097 5508 1239 5577 Quid
1277 5510 1483 5567 miraris
1517 5530 1626 5581 1am
1651 5555 1666 5580 ,
1707 5513 1753 5568 si
1788 5514 2052 5585 inﬁrmior

457 5582 639 5637 lavsus
677 5590 751 5635 est
787 5597 960 5635 sexus.

479 5598 639 5651 apsus
677 5590 751 5635 est
787 5597 960 5635 sexus.

528 5651 571 5725 άᾲ
594 5652 785 5709 Obiter
811 5652 1067 5725 advertas
1097 5651 1265 5725 licet,
1291 5653 1341 5709 ei
1367 5652 1633 5710 doctrina:
1660 5671 1763 5725 qua
1798 5664 1913 5711 toto
1944 5656 2053 5711 hoc

452 5723 633 5795 capite
672 5732 953 5795 peccatum
995 5723 1118 5779 Eva:
1159 5724 1423 5782 Adamieo
1462 5726 1634 5783 levius
1658 5723 1726 5783 ab
1757 5726 2052 5785 Ambrosio

449 5794 782 5871 defenditur}
810 5794 1213 5871 quodammodo
1237 5798 1579 5871 contrarian;
1596 5814 1623 5853 a
1652 5799 2050 5871 beatofl‘homa

446 5864 634 5927 doceri
676 5864 1057 5939 2-2,'quscst.
1106 5868 1242 5938 163,
1288 5879 1393 5926 art.
1443 5869 1498 5926 ι.
1540 5868 1757 5928 Etenim
1797 5864 2050 5941 quamvis

2153 3346 2339 3389 corem
2367 3332 2420 3386 in
2449 3330 2680 3403 conjuge
2707 3330 2881 3402 magis
2903 3344 3065 3403 quam
3095 3344 3308 3385 morum
3337 3328 3612 3400 requiris?
3632 3327 3762 3383 Pia-

2154 3435 2275 3482 ceat
2305 3440 2445 3480 uxor
2475 3423 2761 3480 honestate
2788 3423 2962 3495 magis
2990 3437 3153 3493 quam
3187 3420 3618 3493 pulchritudine.
3661 3419 3761 3476 [lla

2154 3520 2384 3592 eligatur
2409 3534 2530 3592 quae
2561 3518 2750 3575 Saram
2782 3517 3026 3574 moribus
3055 3518 3279 3574 referat.
3309 3516 3427 3573 Non
3458 3525 3542 3572 est
3563 3514 3761 3571 vitium

2155 3614 2401 3670 mulieris
2436 3627 2561 3669 esse
2596 3610 2743 3683 quod
2792 3610 3078 3667 nascitur:
3119 3610 3217 3667 sed
3270 3609 3465 3665 vitium
3515 3608 3620 3664 viri
3673 3616 3765 3664 est

2156 3722 2404 3780 quaerere
2440 3706 2495 3762 in
2536 3720 2706 3761 uxore
2742 3719 2851 3776 quo
2888 3718 3033 3774 same
3064 3710 3348 3768 tentatur;
3381 3702 3435 3757 in
3461 3715 3568 3772 quo
3593 3700 3644 3756 si
3672 3700 3762 3755 in-

2157 3801 2369 3858 firmior
2406 3798 2608 3867 fuerit,
2649 3797 2847 3855 mulier
2884 3797 2997 3869 ipsa
3040 3797 3292 3853 labatur:
3331 3796 3379 3851 si
3415 3794 3633 3863 fortior,
3678 3795 3765 3850 vir

2157 3895 2524 3967 periclitetur.
2555 3893 2671 3950 Non
2704 3907 2992 3965 possumus
3023 3890 3436 3963 reprehendere
3463 3888 3632 3945 divini
3672 3904 3766 3945 ar-

2158 3991 2320 4046 tiﬁcis
2343 4003 2481 4060 Opus
2498 4005 2521 4061 3
2550 3987 2646 4044 sed
2671 4002 2833 4060 quem
2855 3985 3092 4042 delectat
3110 3983 3363 4055 corporis
3387 3981 3763 4055 pulchritudo,

2160 4085 2334 4140 multo
2373 4083 2545 4155 magis
2584 4081 2673 4137 illa
2711 4080 2947 4137 delectet
2977 4089 3267 4144 venustas,
3298 4092 3421 4148 quze
3460 4076 3528 4132 ad
3566 4074 3769 4148 imagi-

2162 4194 2286 4235 nem
2318 4180 2413 4235 Dei
2446 4186 2533 4233 est
2562 4176 2709 4233 intus
2731 4218 2746 4243 ,
2778 4190 2885 4230 non
2916 4173 3051 4231 foris
3079 4172 3372 4245 comptior.

2234 4272 2325 4328 51.
2358 4271 2415 4327 Si
2442 4285 2570 4341 ergo
2599 4283 2738 4325 uxor
2765 4267 2991 4323 tentatio
3018 4274 3136 4333 est,
3164 4275 3286 4322 esto
3311 4263 3548 4330 cautior,
3577 4279 3771 4334 qurere

2162 4365 2463 4423 remedium
2496 4364 2759 4419 adversus
2788 4360 3104 4418 tentationis
3134 4358 3434 4431 periculum
3460 4377 3475 4415 :
3512 4356 3768 4430 Vigilate,

2165 4458 2378 4530 inquit,
2410 4466 2457 4512 et
2487 4465 2666 4521 orate,
2691 4471 2754 4510 ne
2782 4454 2985 4509 intretis
3017 4455 3350 4509 tentatiouem
3381 4449 3606 4524 (Matth.
3638 4466 3770 4519 ηε,

2167 4549 2280 4623 15).
2318 4548 2583 4604 Dominus
2614 4547 2719 4602 hoc
2747 4545 2923 4613 dixit,
2956 4545 3040 4601 vir
3068 4542 3312 4612 audivit,
3346 4542 3545 4599 mulier
3572 4541 3774 4612 imple-

2082 4617 2264 4699 1)vit'.
2316 4640 2575 4712 Quotidie
2629 4640 2888 4696 mulieres
2937 4638 3231 4711 jejunant,
3288 4646 3345 4693 et
3396 4652 3507 4693 non
3561 4635 3773 4693 indicta

2161 4744 2421 4809 praestant
2458 4734 2666 4806 jejunia
2701 4753 2716 4790 :
2757 4742 3037 4805 peccatum
3086 4739 3429 4805 agnoscunt,
3476 4742 3776 4789 accersunt

2158 4827 2487 4887 remedium.
2520 4824 2700 4883 Semel
2732 4824 2802 4882 de
2834 4824 3126 4881 interdicto
3155 4824 3359 4882 mulier
3389 4823 3773 4891 manducavit,

2162 5007 2627 5081 Adamigculpam
2671 5023 2738 5081 ex
2776 5006 3093 5081 conditione
3146 5023 3398 5079 personae
3452 5011 3775 5081 graviorem

2162 5096 2327 5154 quam
2360 5079 2489 5136 Eva:
2519 5079 2823 5154 habendam
2856 5079 3119 5154 fateatur,
3147 5096 3246 5153 per
3283 5096 3346 5137 se
3385 5079 3566 5154 tamen
3604 5092 3665 5139 et
3704 5100 3777 5140 ex

2160 5150 2245 5208 sui
2295 5162 2485 5207 natura
2536 5151 2811 5223 leviorem?
2849 5150 3019 5207 fuisse
3061 5150 3364 5208 asseverat.
3406 5152 3589 5223 ipsum
3633 5171 3775 5210 eon~

2160 5227 2282 5281 sule
2310 5265 2324 5286 .
2350 5239 2462 5279 non
2492 5237 2654 5279 secus
2679 5237 2744 5279 ac
2772 5222 2985 5279 Nicolai
3011 5233 3168 5279 notas
3196 5224 3250 5280 in
3278 5224 3531 5280 eumdem
3560 5226 3775 5282 locum.

2236 5307 2258 5333 ε
2300 5295 2505 5351 Omnes
2543 5294 2676 5350 edit.
2707 5336 2722 5359 .
2766 5293 2835 5348 Et
2873 5310 3003 5367 vere
3032 5295 3191 5365 juxta
3239 5298 3374 5351 hanc
3419 5299 3775 5367 sententiam;

2160 5382 2356 5424 omnes
2387 5380 2519 5421 mss.
2556 5367 2727 5437 magis
2757 5366 3044 5422 commode
3064 5409 3080 5431 ,
3114 5375 3174 5421 ut
3201 5382 3301 5423 nos
3328 5370 3380 5422 in
3413 5376 3590 5424 textu.

2235 5439 2254 5477 τ
2272 5439 2399 5494 Mss.
2431 5438 2560 5492 duo.
2585 5437 2826 5504 Gemet.,
2851 5437 2976 5493 dicit
2997 5455 3107 5493 esse
3126 5440 3416 5506 seductum,
3446 5441 3773 5500 medicatur.

2156 5510 2223 5566 Hi
2262 5525 2396 5567 vero
2434 5509 2557 5564 cod.
2599 5510 2744 5565 sicut
2782 5519 2836 5565 et
2876 5510 2965 5564 alii
3010 5511 3118 5565 duo
3159 5510 3364 5566 Pratel.
3407 5512 3675 5568 nimirum
3721 5526 3781 5572 et

2155 5582 2345 5638 Albin.
2388 5580 2601 5651 reliquo
2641 5590 2872 5636 tractatu
2911 5582 3103 5636 avulso
3147 5582 3235 5637 hic
3263 5582 3545 5638 desinunt.

2231 5653 2471 5728 silum.
2493 5652 2623 5707 edit.
2651 5693 2668 5720 ,
2713 5651 3189 5728 Commendationis
3232 5669 3371 5728 suae.
3412 5653 3780 5728 Typographi

2155 5723 2378 5794 quidem
2422 5723 2508 5801 hic
2545 5739 2704 5801 error
2730 5732 2817 5801 est
2837 5767 2852 5791 ,
2881 5725 2975 5801 sed
3008 5726 3101 5801 qui
3131 5733 3312 5801 tamen
3342 5723 3613 5801 deinceps
3644 5723 3780 5801 prob

2154 5804 2386 5867 pagatus
2425 5794 2525 5852 fuit
2555 5797 2607 5851 iu
2638 5796 2850 5853 cunctis
2880 5794 3326 5855 edit.'l’arisinis.
