4054 6306
264 314 370 369 5l5

1201 315 1288 372 DE
1325 313 1808 372 INSTITU'I‘IONE
1853 314 2153 376 VIRGINIS
2195 319 2395 376 LIBER
2439 320 2638 380 UNUS.

263 441 317 488 et
353 431 602 504 quotidie
629 441 653 470 τι
675 431 886 504 jejunio
925 431 1105 489 solvit.
1138 432 1165 471 δ
1191 434 1294 502 Qui
1324 441 1548 489 secutus
1574 448 1635 489 es
1663 449 1854 490 erran-
1885 443 1931 499 Α
1963 447 2044 492 tas
2067 438 2299 494 vocavit.
2317 438 2472 495 Unde
2489 449 2543 495 et
2565 440 2804 512 speciale
2823 442 2988 499 Maria
3011 444 3226 502 Domini
3247 447 3349 502 hoc
3371 464 3571 506 nomen

263 536 407 591 tem,
439 541 673 597 sequere
703 528 1084 599 corrigentem.
1120 527 1294 582 Ambo
1325 528 1728 597 manducastis,
1758 544 1858 586 cur

262 619 375 675 sola
411 620 669 692 jejunat;
713 622 818 679 hoc
856 634 976 692 est,
1017 624 1175 680 ambo
1214 624 1520 698 deliquistis
1547 666 1564 694 ,
1605 642 1702 683 cur
1741 628 1856 685 sola

261 713 564 769 remedium
595 716 791 785 quaerit
819 716 992 772 errori
1015 716 1039 770 ?

895 807 1123 867 CAPUT
1168 811 1229 865 V.

265 899 426 955 Evam
451 901 801 958 damnationis
827 905 1076 959 sententia
1101 905 1154 959 in
1176 904 1314 961 Sara
1343 916 1606 977 tamquam
1633 908 1856 963 solutam

329 1011 474 1063 esse,
502 995 594 1051 sed
620 997 782 1051 multo
810 998 974 1070 magis
1000 999 1054 1053 in
1086 997 1282 1066 Maria,
1311 1017 1426 1070 qua:
1454 1003 1750 1074 virginitate
1776 1004 1854 1058 in-

328 1097 471 1160 tegra
496 1088 662 1144 Deum
686 1091 897 1162 genuit,
923 1109 1013 1146 nec
1037 1108 1139 1146 non
1163 1093 1394 1161 eiusdem
1421 1095 1624 1149 virtutis
1651 1097 1854 1169 signum

329 1182 533 1238 extulit.
569 1181 741 1249 Quam
780 1184 1104 1254 impudenter
1132 1185 1300 1258 ipsum
1337 1187 1583 1258 virginem
1624 1205 1857 1259 perseve-

327 1291 472 1329 rasse
493 1278 730 1347 negarint
753 1277 1000 1343 hwretici,
1024 1294 1240 1349 quorum
1262 1291 1566 1354 argumenta
1592 1298 1655 1337 ea:
1677 1280 1856 1339 Evan-

330 1372 481 1442 gelii:
509 1373 668 1443 petita
692 1373 988 1428 diluuntur.

329 1465 420 1521 5‘2.
466 1467 597 1520 Veni
619 1508 636 1536 ,
672 1465 808 1531 Eva,
836 1467 946 1537 jam
979 1467 1182 1533 sobria;
1217 1470 1377 1536 veni,
1415 1469 1548 1537 Eva,
1582 1471 1685 1527 etsi
1717 1471 1768 1527 in
1803 1480 1856 1528 te

256 1560 550 1634 aliquando
591 1562 997 1632 intemperans,
1038 1562 1134 1618 sed
1168 1564 1279 1634 jam
1334 1566 1386 1620 in
1441 1566 1592 1635 prole
1647 1567 1850 1638 jejuna.

261 1652 431 1719 Veni,
458 1653 588 1720 Eva,
608 1653 720 1726 jam
748 1655 890 1721 talis,
915 1666 972 1710 ut
997 1672 1102 1711 non
1131 1656 1200 1712 de
1228 1657 1479 1727 paradiso
1510 1659 1817 1716 cxcludaris
1837 1704 1851 1728 ,

254 1749 352 1805 sed
393 1749 623 1821 rapiaris
658 1750 724 1805 ad
756 1750 974 1808 caelum.
1005 1751 1180 1816 Veni,
1211 1751 1342 1820 Eva,
1377 1753 1488 1824 jam
1519 1754 1650 1810 Sara
1675 1798 1688 1819 ,
1731 1771 1854 1826 qua!

1960 532 2202 602 invenit,
2229 533 2256 572 ιι
2284 536 2431 607 quod
2460 538 2732 608 signiﬁcat
2757 557 2768 592 :
2807 540 2950 595 Deus
2983 556 3050 597 ex
3078 557 3283 612 genere
3312 559 3457 600 meo.

2029 625 2120 681 54.
2157 626 2321 683 Dicta:
2349 640 2475 684 sunt
2504 639 2561 686 et
2588 641 2714 688 ante
2740 631 2922 688 Mariae
2955 634 3180 694 multae:
3215 650 3339 690 nam
3376 645 3430 692 et
3459 636 3572 691 Ma-

1959 721 2037 775 ria
2067 737 2223 777 soror
2253 722 2432 778 Aaron
2463 725 2604 780 dicta
2637 726 2739 782 fuit
2769 726 2981 797 (Exod.
3018 745 3118 795 xv,
3150 729 3253 797 20,
3285 729 3358 786 25
3380 732 3436 800 );
3467 730 3563 786 sed

1960 817 2047 872 illa
2096 817 2261 874 Maria
2309 820 2616 877 amaritudo
2661 823 2823 879 maris
2866 825 3184 881 vocabatur.
3231 825 3391 881 Venit
3430 841 3562 898 ergo

1959 909 2222 967 Dominus
2266 913 2320 968 in
2359 915 2777 972 amaritudinem
2825 916 3138 988 fragilitatis
3182 917 3476 986 humanae,
3507 929 3566 975 ut

1959 1007 2292 1063 conditionis
2339 1010 2646 1066 amaritudo
2694 1011 3066 1080 dulcesceret',
3101 1011 3264 1068 Verbi
3313 1013 3554 1069 caelestis

1959 1105 2227 1159 suavitate
2267 1116 2323 1160 et
2363 1107 2534 1175 gratia
2579 1115 2902 1176 temperata.
2941 1108 3053 1163 lloc
3079 1107 3404 1178 signiﬁcavit
3436 1107 3560 1163 fons

1962 1209 1984 1236 ο
2014 1198 2227 1255 Merrha
2259 1216 2354 1270 per
2385 1201 2584 1273 lignum
2618 1202 2970 1272 dulcoratns;
3017 1217 3082 1258 eo
3127 1201 3274 1273 quod
3321 1204 3560 1274 populus

1959 1293 2236 1349 nationum
2288 1310 2507 1350 amarus
2557 1305 2682 1350 ante
2734 1297 3008 1365 peccatis,
3063 1296 3147 1352 vel
3195 1311 3326 1350 caro
3373 1305 3557 1350 nostra

1959 1396 2389 1458 temperamento
2433 1389 2698 1461 passionis
2741 1389 3034 1446 Dominica:
3079 1391 3132 1448 in
3173 1405 3302 1447 usus
3343 1392 3548 1448 alteros

1957 1489 2284 1537 mutaretur.

2028 1575 2118 1630 55.
2153 1575 2376 1648 Egregia
2412 1577 2570 1648 igitur
2601 1577 2767 1634 Maria
2788 1619 2803 1648 ,
2838 1594 2958 1650 qua:
2988 1577 3201 1649 signum
3233 1593 3402 1635 sacrm
3433 1580 3545 1635 vir-

1956 1669 2198 1739 ginitatis
2245 1672 2476 1738 extulit,
2530 1681 2584 1727 et
2635 1673 2975 1727 intemeratae
3024 1671 3355 1744 integritatis
3407 1673 3554 1744 pium

1957 1760 2175 1816 Christo
2221 1763 2475 1817 vexillum
2520 1765 2717 1819 erexit.
2757 1765 2824 1818 Et
2856 1774 3037 1820 tamen
3081 1779 3203 1820 cum
3249 1779 3442 1821 omnes
3485 1765 3553 1820 ad

255 1843 438 1913 parias
478 1843 621 1898 ﬁlios
662 1859 768 1899 non
811 1846 864 1898 in
912 1844 1130 1900 tristitia
1157 1887 1171 1912 ,
1213 1846 1308 1900 sed
1349 1846 1401 1902 in
1442 1848 1847 1904 exsultatione:
1880 1851 1928 1910 B
1956 1854 2161 1909 cultum
2193 1854 2518 1924 virginitatis
2549 1865 2751 1910 sanctae
2785 1855 2964 1912 Maria:
2993 1857 3327 1912 advocentur
3356 1872 3544 1912 exem-

255 1951 363 1992 non
403 1937 456 1991 in
500 1952 760 2002 maerore,
812 1937 907 1992 sed
942 1938 1074 1993 risu.
1111 1939 1258 1994 Isaac
1289 1939 1382 1994 tibi
1430 1941 1711 2012 multiplex
1752 1957 1851 1996 na-

254 2039 459 2086 scetur.
491 2030 626 2085 Veni
661 2033 882 2096 iterum,
912 2031 1047 2098 Eva,
1075 2032 1186 2102 jam
1217 2031 1369 2099 Sara,
1406 2032 1474 2088 de
1504 2050 1606 2104 qua
1639 2033 1855 2090 dicatur

253 2125 410 2179 viro:
444 2124 580 2178 Audi
613 2124 770 2179 Sarni
801 2141 1010 2180 uxorem
1042 2136 1185 2179 tuam
1218 2124 1390 2196 (Gen.
1425 2142 1524 2180 xxi
1548 2169 1562 2193 ,
1599 2126 1666 2180 12
1691 2127 1730 2198 ).
1763 2126 1852 2182 Sis

254 2227 310 2272 tu
342 2217 470 2272 licet
499 2219 616 2273 viro
642 2217 852 2274 subdita
876 2262 890 2286 ,
920 2219 1045 2290 quia
1070 2233 1192 2276 esse
1221 2229 1271 2276 te
1297 2220 1492 2284 decet;
1526 2220 1637 2276 cito
1669 2230 1847 2276 tamen

251 2310 461 2365 solvisti
492 2313 821 2366 sententiam
841 2354 855 2377 ,
890 2321 947 2366 ut
978 2312 1060 2367 vir
1093 2322 1144 2368 te
1175 2314 1364 2368 audire
1391 2316 1668 2383 jnheatur.

327 2405 487 2478 257
512 2405 602 2460 55.
628 2405 686 2460 Si
710 2417 730 2443 ε
748 2415 933 2477 typum
951 2407 1150 2462 Christi
1172 2408 1259 2462 illa
1282 2408 1543 2478 pariendo
1560 2425 1587 2462 a
1605 2409 1721 2463 viro
1737 2425 1851 2463 mc-

251 2509 405 2556 retnr
435 2501 645 2567 audiri,
671 2511 933 2572 quantum
960 2502 1176 2573 proﬁcit
1197 2520 1361 2559 sexus
1401 2505 1492 2574 qui
1531 2503 1808 2559 Christum
1833 2548 1846 2570 ,

250 2596 404 2652 salva
437 2606 616 2652 tamen
648 2598 956 2668 virginitate
977 2642 992 2666 ,
1020 2602 1295 2670 generavit
1322 2604 1334 2655 !
1364 2601 1500 2657 Veni
1533 2617 1683 2673 ergo,
1715 2603 1846 2669 Eva,

246 2688 358 2760 jam
391 2689 557 2745 Maria
580 2731 594 2754 ,
625 2706 743 2760 quae
773 2691 931 2746 nobis
959 2707 1062 2746 non
1090 2693 1268 2749 solum
1301 2695 1631 2766 virginitatis
1659 2696 1845 2752 inccn—

251 2785 423 2840 tivum
462 2785 679 2852 attnlit,
721 2787 816 2842 sed
856 2789 1019 2842 etiam
1065 2788 1231 2843 Deum
1274 2789 1474 2844 intulit.
1515 2789 1664 2846 Unde
1695 2791 1850 2847 la‘tus

249 2888 306 2936 et
343 2881 626 2936 exsultans
667 2891 818 2938 tanto
857 2898 1083 2939 munere
1128 2885 1258 2939 dicit
1288 2885 1511 2941 Esaias:
1545 2884 1679 2942 Ecce
1707 2887 1850 2958 virgo

249 2973 303 3027 in
336 2984 481 3028 utero
511 2975 760 3045 accipiet,
789 2985 838 3030 et
867 2977 1029 3045 pariet
1057 2977 1258 3046 filium,
1302 2987 1348 3032 et
1378 2979 1641 3033 vocabitur
1666 2997 1848 3034 nomen

249 3071 366 3142 ejus
399 3067 708 3124 Emmanuel
737 3070 920 3142 (Esai.
955 3087 1062 3136 vn,
1095 3072 1229 3144 14),
1264 3075 1404 3144 quod
1446 3085 1524 3130 est
1583 3076 1851 3147 interpre-

250 3170 421 3217 tatum
445 3204 458 3226 ,
494 3163 759 3217 nobiscum
820 3163 957 3220 Deus
1004 3166 1244 3240 (Matth.
1281 3184 1326 3234 ι,
1357 3168 1428 3224 25
1455 3175 1492 3237 ).
1539 3169 1696 3226 Unde
1740 3171 1840 3226 hoc

1959 1949 2078 2020 pio,
2124 1949 2341 2005 fuerunt
2385 1950 2472 2020 qui
2504 1967 2623 2006 eam
2674 1962 2935 2022 negarent
2978 1953 3241 2023 virginem
3291 1968 3548 2023 perseve-

1955 2060 2125 2100 rasse.
2153 2045 2264 2100 lloe
2295 2054 2497 2100 tantum
2526 2047 2869 2118 sacrilegium
2901 2046 3066 2102 silere
3087 2047 3408 2118 jamdudum
3436 2064 3551 2102 ma-

1955 2139 2192 2195 luimus:
2225 2139 2318 2194 sed
2365 2141 2489 2212 quia
2529 2156 2691 2196 causa
2732 2141 2947 2197 vocavit
2987 2143 3038 2196 in
3073 2141 3346 2208 medium,
3382 2142 3452 2197 ita
3486 2151 3545 2196 ιιι

1953 2231 2069 2301 ejus
2102 2233 2462 2302 prolapsionis
2503 2234 2666 2287 etiam
2703 2230 2720 2270 τ
2758 2233 3059 2304 Episc0pus
3095 2244 3436 2305 argueretur,
3475 2234 3563 2288 in-

1953 2325 2266 2382 demnatum
2299 2341 2402 2380 non
2437 2336 2689 2396 putamus
2731 2326 3146 2396 relinquendum
3177 2345 3192 2394 ;
3227 2335 3284 2382 et
3315 2329 3549 2385 maxime

1952 2421 2076 2490 quia
2120 2431 2174 2476 et
2223 2421 2506 2476 mulierem
2551 2437 2668 2476 eam
2713 2421 2976 2493 legimus,
3028 2421 3169 2477 sicut
3197 2424 3288 2494 qui
3321 2423 3375 2478 in
3403 2423 3550 2479 Cana

1952 2513 2192 2570 Galil-.ete
2234 2514 2350 2584 ipse
2393 2513 2654 2568 Dominus
2694 2515 2769 2568 ait
2807 2514 3008 2570 dicenti
3043 2515 3185 2571 sibi:
3227 2513 3422 2570 Vinum
3451 2533 3556 2570 non

1951 2607 2137 2662 habent
2163 2651 2176 2674 ,
2202 2609 2282 2677 [ili
2307 2651 2320 2673 ,
2348 2608 2628 2678 respondit
2655 2627 2666 2661 :
2697 2609 2838 2673 Quid
2869 2609 2994 2662 mihi
3026 2619 3073 2662 et
3105 2609 3198 2663 tibi
3225 2618 3300 2664 est
3324 2651 3338 2675 ,
3374 2610 3560 2664 mulier

1954 2701 2132 2775 (Joan.
2166 2719 2238 2769 ιι,
2268 2703 2332 2767 5,
2362 2703 2418 2776 5)
2440 2706 2463 2758 ?
2496 2703 2562 2758 Et
2593 2704 2719 2760 alibi
2751 2704 2983 2774 legimus
3009 2703 3156 2776 quod
3189 2704 3386 2760 dixerit
3418 2703 3556 2759 Mat-

1955 2797 2127 2852 tltceus
2159 2797 2226 2852 de
2273 2796 2477 2868 Joseph
2525 2807 2579 2853 et
2627 2797 2791 2852 Maria
2841 2817 2854 2853 :
2907 2797 3123 2852 Inventa
3167 2808 3240 2853 est
3283 2807 3555 2869 antequam

1953 2893 2312 2960 convenirent,
2340 2894 2392 2946 in
2420 2902 2564 2947 utero
2595 2894 2783 2949 habens
2813 2894 2876 2948 de
2901 2894 3103 2964 Spiritu
3128 2903 3308 2949 sancto
3331 2891 3554 2966 (Matth.

1954 3001 2004 3050 ι,
2035 2987 2102 3042 18
2125 2985 2165 3055 ).
2213 2986 2279 3040 Εῑ
2320 2985 2458 3041 infra
2490 3004 2502 3040 :
2537 2985 2658 3041 Non
2690 2988 2923 3058 cognovit
2955 3005 3104 3055 eam,
3150 2988 3313 3042 donec
3357 2988 3558 3060 peperit

1954 3076 2144 3150 (Ibid.,
2167 3079 2279 3146 19).
2300 3079 2364 3135 Ει
2386 3081 2582 3135 iterum
2608 3081 2672 3136 de
2694 3080 2893 3151 .loscph
2918 3099 2929 3134 :
2957 3080 3140 3136 Noluit
3161 3098 3272 3136 eam
3287 3083 3559 3137 traducere

1955 3173 1974 3244 (
2002 3173 2188 3228 Matth.
2213 3191 2313 3241 xu,
2344 3173 2412 3228 47
2437 3174 2476 3246 ).
2521 3175 2584 3230 Et
2619 3175 2813 3230 fratres
2841 3175 3053 3230 Domini
3100 3176 3356 3230 videntur
3385 3177 3553 3246 signi-

253 3260 496 3314 munus?
524 3258 640 3314 Non
672 3261 739 3316 de
767 3269 910 3316 terra
946 3262 1132 3332 utique
1155 3304 1168 3326 ,
1199 3263 1295 3318 sed
1326 3265 1396 3318 de
1423 3265 1567 3319 caelo
1600 3281 1693 3319 vas
1739 3266 1842 3320 sibi
1872 3251 1915 3312 C
1951 3267 2114 3322 licare
2137 3309 2150 3330 ,
2184 3267 2325 3336 quod
2365 3267 2434 3323 de
2475 3268 2638 3322 Maria
2679 3268 2917 3336 suscepti
2964 3268 3094 3322 sint.
3143 3267 3209 3322 Et
3251 3269 3548 3336 Apostolus

258 3351 364 3407 hoc
396 3370 487 3422 per
515 3355 654 3425 quod
687 3355 1043 3412 descenderet
1073 3357 1322 3412 Christus
1353 3358 1553 3429 elegit,
1588 3369 1640 3414 et
1667 3374 1848 3414 sacra-

255 3447 337 3502 vit
367 3450 615 3519 templnm
645 3451 885 3521 pudoris.
911 3451 1016 3506 Per
1046 3468 1205 3507 unam
1232 3453 1550 3521 descendit,
1581 3453 1676 3509 sed
1707 3455 1850 3510 mul-

328 3597 356 3661 ξι
393 3588 538 3644 Edit.
570 3598 624 3645 et
647 3590 865 3660 quidam
901 3606 1057 3654 mss.,
1083 3592 1343 3661 jejunium
1382 3593 1554 3646 solvit.

324 3657 352 3698 ι’
397 3661 490 3715 llis
531 3657 678 3729 ipsis
704 3664 881 3718 verbis
914 3657 1262 3718 Ambrosium
1295 3662 1560 3719 adversus
1589 3664 1843 3720 Theodo-

244 3731 432 3795 sium,
478 3731 604 3787 dum
657 3735 829 3803 ipsum
879 3746 995 3801 post
1043 3737 1244 3789 eccdem
1293 3734 1843 3790 Thessalonicensem

246 3803 514 3877 Ecclesia
541 3805 684 3859 aditu
713 3805 1054 3876 prohiberet,
1087 3823 1239 3860 nsum
1270 3808 1321 3860 in
1351 3807 1467 3876 ejus
1495 3810 1600 3861 vita
1629 3809 1846 3877 scripsit

244 3875 552 3940 Paulinus;
585 3875 744 3944 quam
787 3889 964 3933 tamen
1005 3881 1329 3933 sententiam
1373 3875 1424 3933 in
1467 3875 1845 3934 Ambrosianis

243 3946 515 4020 operibus;
534 3963 795 4020 nusquam
828 3951 954 4004 alibi
989 3952 1228 4020 reperire
1254 3958 1356 4005 est.

330 4030 352 4058 ε
400 4017 456 4071 In
499 4017 1104 4091 Isaac'adsaeriﬁciuin
1143 4034 1361 4091 paterna
1417 4023 1695 4076 voluntate
1751 4022 1846 4077 de-

247 4091 463 4165 stinato
493 4092 717 4162 ﬁguram
748 4090 948 4148 Christi
977 4090 1254 4149 exstitisse
1279 4094 1456 4149 notius
1485 4107 1566 4149 est
1599 4109 1759 4165 quam
1796 4103 1854 4150 ut

248 4163 577 4234 probatione
607 4165 866 4234 indigeat.

324 4231 352 4270 ά
394 4235 512 4290 Νοιι
552 4231 840 4292 admodum
891 4237 1013 4292 felix
1061 4238 1307 4293 vocabuli
1357 4235 1526 4291 Maria
1577 4237 1849 4308 interpre-

247 4308 432 4381 tatio:
465 4308 558 4362 sed
591 4325 711 4362 cum
744 4309 912 4362 moris
940 4321 1083 4362 esset
1111 4353 1123 4371 ,
1157 4320 1211 4364 ut
1241 4326 1384 4381 szrpe
1415 4309 1645 4362 vidimus
1671 4352 1684 4373 ,
1721 4316 1847 4364 Am-

245 4379 440 4433 brosio
481 4389 670 4434 nostro
707 4382 974 4436 sermonis
1009 4381 1243 4436 hebraici
1277 4379 1481 4450 peritos
1510 4381 1560 4434 in
1595 4397 1653 4435 re
1683 4383 1846 4437 simili

245 4451 586 4519 consulere,
629 4453 702 4507 illi
744 4469 772 4506 a
813 4453 983 4506 scioln
1023 4453 1202 4523 aliquo
1240 4469 1402 4522 quem
1447 4452 1579 4506 falso
1625 4452 1844 4508 doctum

245 4523 630 4589 existimarat,
672 4526 987 4593 impositum
1031 4540 1152 4579 esse
1191 4524 1524 4580 credendum
1567 4534 1670 4578 est.
1713 4526 1846 4592 Quae

249 4609 390 4668 vero
418 4595 658 4665 ejusdem
684 4596 935 4652 dictionis
959 4595 1286 4668 etymologia
1315 4596 1559 4668 proxime
1583 4599 1846 4666 sequitur,

249 4667 436 4737 potior
475 4675 578 4722 est.

333 4742 597 4812 {Omnes
646 4739 805 4806 edit.,
854 4743 972 4812 fons
1025 4738 1220 4804 Mara;
1270 4738 1524 4793 nimirum
1582 4753 1705 4793 cum
1767 4741 1854 4794 he-

247 4808 443 4865 braieo
489 4817 672 4878 textu,
718 4823 774 4866 et
813 4808 1154 4866 versionibus
1193 4812 1450 4866 omnibus
1492 4822 1852 4878 pra-terqnam

251 4880 425 4958 LXX.
457 4881 621 4958 Iuliis
641 4884 837 4954 quippe
867 4885 935 4936 ita
969 4885 1198 4958 legimus
1224 4902 1237 4938 :
1270 4881 1446 4958 ῖιιλθον
1475 4881 1528 4937 δέ
1559 4886 1629 4943 εἰς
1655 4885 1850 4958 Μερρᾶ,

249 4956 344 5008 καὶ
373 4957 464 5030 οιῇκ
491 4953 746 5030 sanam
764 4965 897 5030 πιεῖν
923 4959 976 5011 ἐκ
995 4953 1217 5030 Μίερρᾶς.
1240 4955 1344 5030 ΑΙ)
1382 4957 1474 5030 ei_s_
1501 4968 1681 5030 autem
1717 4953 1849 5030 mss.

251 5028 428 5080 nostri
472 5028 604 5081 nihil
635 5028 942 5093 dissident,
973 5024 1076 5082 nisi
1101 5024 1249 5094 'quod
1281 5043 1378 5098 pro
1422 5024 1636 5080 Merrhu
1677 5029 1852 5097 scrip-

250 5107 437 5152 tomm
467 5100 735 5166 imperitia
763 5100 1021 5155 exhibent
1053 5099 1235 5152 Mirra.

335 5169 352 5208 ί
401 5171 560 5224 Extra
603 5173 1029 5227 controversiam
1069 5180 1153 5226 est
1193 5170 1507 5241 episcopum
1550 5170 1712 5241 tacito
1747 5184 1851 5241 llO-

251 5242 405 5298 miuc
439 5242 526 5296 hic
557 5243 850 5297 indicatum
903 5244 1170 5297 Bonosnm
1201 5240 1354 5304 eSse,
1387 5241 1544 5307 cujus
1585 5240 1851 5308 judicium

251 5315 323 5368 ad
353 5315 560 5370 vicinos
587 5316 850 5385 prmsules
879 5319 1156 5371 remiserat
1182 5314 1422 5386 synodus
1449 5314 1724 5386 Capuana.
1757 5314 1854 5367 \‘e—

255 5403 377 5440 rum
419 5403 541 5448 qua:
581 5387 739 5440 sedes
778 5387 1102 5455 episcopalis
1141 5385 1312 5457 ipSius
1338 5385 1491 5439 fuerit
1519 5427 1534 5446 ,
1567 5385 1852 5438 obscurius

253 5469 360 5512 est.
401 5457 702 5513 Garnerius
741 5459 792 5512 iu
835 5459 946 5513 suis
984 5458 1048 5512 ad
1090 5457 1157 5512 Μ.
1193 5459 1544 5512 Mercatorem
1576 5472 1852 5512 commen-

255 5532 412 5584 tariis
453 5532 651 5585 iterum
693 5545 756 5584 ac
797 5531 989 5595 tertio,
1031 5546 1227 5600 nempe
1267 5545 1388 5599 pag.
1438 5527 1567 5590 115,
1613 5544 1726 5600 par.
1771 5545 1848 5595 ιι,

257 5618 378 5672 pag.
419 5603 541 5664 150,
584 5613 638 5655 et
681 5601 902 5656 Dissert.
939 5605 960 5656 l
1005 5603 1072 5656 de
1115 5599 1316 5655 llicresi
1351 5610 1408 5656 et
1435 5600 1588 5656 libris
1619 5599 1848 5655 Nestorii

255 5675 285 5745 §
317 5675 381 5738 6,
418 5676 467 5728 id
499 5675 601 5728 sibi
632 5673 779 5728 ducit
812 5675 1128 5742 palmarium
1155 5715 1168 5739 ,
1198 5687 1358 5743 qnam
1400 5688 1513 5726 rem
1557 5672 1750 5745 Baron.
1784 5673 1850 5727 ad

254 5743 348 5816 an.
381 5745 515 5811 589,
550 5746 805 5800 Petavius
835 5755 965 5799 tom.
997 5761 1049 5799 ιν
1084 5745 1593 5816 Ecclesiastieormn
1624 5743 1850 5813 dogma-

255 5815 373 5872 tum
399 5818 496 5872 lib’.
525 5827 619 5871 xlv
642 5859 656 5882 ,
682 5817 882 5886 aliique
904 5817 1081 5890 magni
1113 5815 1355 5890 nominis
1377 5815 1672 5890 scriptores
1702 5819 1847 5883 igno-

257 5897 371 5943 tam
402 5890 504 5946 sibi
535 5902 660 5947 esse
701 5882 1086 5957 conﬁteantur,
1133 5882 1253 5944 eam
1302 5882 1426 5942 libri
1476 5882 1504 5941 ti
1554 5882 1850 5942 Mercatore

1956 3364 2071 3417 ait:
2122 3361 2400 3429 Postquam
2443 3365 2576 3415 venit
2619 3362 2885 3431 plenitudo
2927 3362 3202 3433 temporis,
3246 3362 3385 3416 misit
3419 3360 3558 3417 Deus

1965 3453 2159 3509 Filium
2185 3471 2335 3509 suum
2359 3457 2551 3526 factum
2575 3470 2637 3508 ex
2661 3455 2824 3526 258
2846 3455 3082 3520 muliere,
3113 3458 3304 3526 factum
3329 3454 3422 3508 sub
3449 3457 3559 3527 lege

1952 3591 2260 3657 luenbrati,
2304 3591 2404 3644 abs
2442 3606 2502 3645 se
2540 3601 2721 3645 autem
2759 3591 2989 3658 primum
3020 3589 3258 3660 evulgati
3289 3591 3558 3647 beneﬁcio

1952 3664 2318 3727 innotescere,
2349 3663 2551 3718 scilicet
2585 3661 2897 3717 Sardiccnsi
2932 3663 3216 3730 meti-npoli
3251 3663 3554 3732 maduisse.

1951 3734 2110 3791 Certe
2149 3735 2368 3804 quidem
2410 3733 2676 3790 Garnerio
2717 3733 2897 3792 favet.
2939 3733 3083 3801 quod
3125 3733 3396 3788 Bonosum
3429 3749 3557 3790 cau-

1948 3823 2090 3874 sam,
2119 3817 2337 3876 pr0pter
2364 3822 2606 3861 canones
2629 3806 2985 3876 suffraganeis
3011 3805 3063 3859 in
3086 3807 3372 3874 primatem
3397 3821 3556 3860 suum

1945 3879 2221 3949 judicandi
2258 3879 2346 3948 jus
2386 3894 2490 3933 non
2533 3879 2931 3947 permittentes,
2962 3877 3169 3948 Anysio
3207 3877 3561 3933 Thessaloni-

1948 3951 2098 4006 censi
2127 3968 2188 4005 ac
2219 3950 2600 4005 Macedonibus
2625 3951 2900 4018 episcopis
2934 3959 3206 4019 tamquam
3238 3950 3428 4005 vicinis
3457 3951 3555 4003 de-

1950 4023 2259 4078 mamlatam
2325 4024 2542 4077 asserit.
2586 4021 2948 4075 Nihilominus
2990 4032 3172 4076 tamen
3234 4021 3366 4077 Luc.
3430 4020 3556 4076 1101-

1951 4096 2159 4150 Sinnius
2191 4096 2240 4148 in
2275 4096 2476 4148 Annot.
2498 4093 2697 4161 Gcogr.
2726 4093 3187 4148 dcl’atriarchatn
3219 4094 3400 4157 llom.,
3430 4109 3554 4164 pag.

1953 4167 2058 4220 1‘22
2083 4177 2132 4221 et
2167 4167 2294 4232 1‘25,
2321 4165 2495 4220 Naissi
2520 4208 2532 4226 ,
2563 4182 2722 4234 quam
2754 4165 2946 4218 urbem
2979 4165 3065 4219 hic
3094 4174 3149 4218 et
3177 4165 3229 4220 in
3257 4165 3458 4219 Annot.
3489 4167 3555 4220 ad

1953 4237 2274 4293 l-lortellium
2308 4240 2359 4292 in
2391 4238 2550 4292 Dacia
2585 4241 2760 4298 locat,
2807 4236 3047 4290 afﬁrmat
3089 4236 3360 4291 Bonosum
3403 4236 3557 4292 illum

1953 4311 2135 4364 sedcen
2172 4309 2434 4364 tenuisse.
2468 4309 2536 4364 Δι
2565 4308 2711 4363 enim
2739 4308 2901 4376 olijici
2932 4317 3116 4378 posset
3140 4309 3313 4363 eidem
3343 4308 3559 4364 Holste-

1957 4383 2064 4443 nio,
2091 4382 2388 4442 Bonosum,
2421 4380 2686 4450 siquidem
2723 4380 3040 4448 metropolis
3074 4381 3415 4436 Snrdicensis
3445 4383 3558 4435 sui.

1957 4453 2244 4524 l'raganens
2272 4463 2419 4516 erat,
2450 4468 2477 4505 a
2506 4451 2883 4519 Capuensibus
2913 4452 3163 4508 Patrihus
3191 4470 3255 4508 ex
3284 4467 3556 4508 canonum

1961 4528 2283 4595 prtescripto
2313 4525 2702 4579 remittendum
2747 4524 2912 4578 fuisse
2942 4525 3008 4578 ad
3043 4524 3326 4593 primatem
3361 4540 3554 4589 suum;

1961 4599 2064 4650 nisi
2121 4596 2410 4650 admodum
2465 4595 2733 4650 credibile
2788 4595 3067 4649 videretur
3121 4598 3269 4651 illum
3321 4597 3434 4666 jam
3489 4600 3559 4650 ab

1961 4669 2153 4722 eodem
2215 4669 2448 4738 primale
2499 4670 2922 4721 eondetnnatum
2977 4683 3304 4738 provocasse
3336 4711 3351 4733 ,
3403 4669 3559 4738 cujus

1887 4761 1933 4820 υ
1963 4741 2368 4820 provocationis
2407 4739 2779 4820 cognitionem
2814 4738 3198 4820 Macedonibus
3224 4740 3558 4820 commiserit

1961 4813 2253 4880 Capuanus
2308 4826 2626 4866 consessus.
2674 4809 2888 4863 Etenim
2942 4811 3253 4878 gravissimi
3297 4813 3558 4866 momenti

1961 4898 2082 4938 esse
2121 4883 2286 4938 debet
2323 4884 2391 4937 ab
2432 4881 2714 4936 liolstenio
2744 4883 2908 4953 citata
2942 4882 3243 4938 Innocentii
3282 4883 3554 4953 epistola;

1962 4955 2013 5010 in
2047 4971 2108 5009 ea
2137 4957 2338 5024 quippe
2369 4955 2639 5008 asserilur
2670 4952 2954 5006 ordinatos
2993 4969 3022 5008 a
3064 4955 3283 5009 Bonoso
3316 4952 3366 5008 in
3399 4953 3556 5008 Nais-

1960 5027 2134 5080 sitana
2180 5024 2418 5081 Ecclesia
2463 5024 2628 5079 fuisse
2673 5025 3024 5094 presbyteros
3062 5036 3227 5097 atque
3259 5027 3556 5090 diaconos,

1959 5100 2102 5168 quod
2144 5099 2245 5152 soli
2289 5098 2509 5167 proprio
2549 5097 2840 5168 episcopo,
2873 5113 2979 5151 non
3011 5108 3188 5151 autem
3223 5098 3437 5166 primati
3468 5112 3558 5150 ca-

1961 5166 2132 5224 nones
2186 5166 2588 5224 concedebant.
2645 5166 3054 5222 Crediderimus
3102 5170 3264 5240 igitur
3318 5169 3369 5222 in
3422 5183 3554 5222 mss.

1959 5241 2313 5296 Garneria’nis
2364 5251 2486 5311 post
2533 5255 2723 5294 vocem
2774 5241 3100 5294 Sardicensis
3146 5241 3407 5294 ttittiSstlm
3455 5240 3555 5293 ali-

1958 5315 2101 5381 quod
2146 5315 2406 5379 verbum,
2453 5322 2578 5382 puta
2623 5312 2914 5381 provincia-
2938 5353 2950 5373 ,
2985 5324 3073 5366 aut
3105 5312 3250 5365 aliud
3281 5313 3328 5364 ci
3358 5326 3559 5380 cogna-

1959 5392 2092 5439 tum.
2131 5384 2240 5439 Hae
2268 5387 2335 5438 de
2365 5400 2424 5439 re
2453 5383 2667 5439 consuli
2697 5383 2859 5438 etiam
2893 5394 3102 5452 potest,
3137 5384 3227 5451 qui
3258 5395 3311 5436 et
3343 5383 3560 5436 llolste-

1957 5457 2103 5512 nium
2148 5468 2368 5512 secutus
2407 5467 2526 5521 est,
2591 5456 2661 5510 cl.
2728 5454 3073 5508 Hermannus
3127 5455 3384 5508 Ambros.
3416 5455 3556 5510 Vitae

1956 5529 2050 5584 lib.
2081 5545 2186 5597 vn,
2215 5545 2334 5598 cap.
2366 5531 2416 5583 7.
2445 5529 2561 5582 Non
2585 5537 2668 5580 est
2692 5537 2869 5580 autem
2897 5526 3422 5598 prastermittemlum
3447 5528 3556 5582 Att-

1953 5603 2172 5672 gustino
2210 5597 2479 5670 cognitam
2514 5616 2618 5653 non
2653 5599 2821 5651 videri
2855 5612 2972 5672 eam
3017 5597 3264 5650 Ineresim
3289 5640 3302 5662 ,
3337 5599 3556 5669 quaqu

1961 5669 2160 5728 nullam
2195 5669 2338 5726 illius
2371 5674 2421 5725 in
2451 5672 2713 5739 (Iatalogo
2742 5683 2841 5721 suo
2871 5669 2995 5721 facit
3027 5674 3391 5736 intentionem;
3423 5673 3553 5739 quin

1959 5744 2126 5799 immo
2171 5744 2242 5798 de
2289 5743 2596 5803 Joviniani,
2652 5740 2806 5805 cuius
2858 5739 3102 5796 Bonosus
3149 5742 3249 5796 fuit
3294 5755 3555 5809 sectatur,

1959 5815 2155 5870 lu-resi
2173 5830 2360 5883 agens,
2383 5813 2724 5882 negatullum
2757 5812 3183 5886 episcopumqni
3211 5814 3403 5871 eadem
3435 5830 3559 5871 sese

1958 5887 2102 5942 inﬁci
2136 5901 2325 5956 ptiBSttS
2354 5891 2534 5953 esset,
2567 5885 2793 5953 usquam
2835 5884 3141 5941 inventum.

3461 325 3570 386 5l4
3637 387 3640 390 .
