4054 6306
434 256 544 316 Sili

1783 257 2028 320 SANCTI
2065 259 2390 320 AMBROSII

3624 267 3727 324 διε

436 375 598 448 (Gal.
626 390 706 442 tv,
741 375 835 448 ι).
881 375 1012 448 Qute
1055 376 1272 450 singula
1311 385 1338 415 λ
1370 375 1665 438 enodanda
1701 377 1862 436 nobis
1907 386 2036 438 sunt
2061 379 2434 447 Aversiculi:
2463 378 2654 438 Tollite
2694 390 2902 450 portas,
2932 380 3098 456 ’⁵ο
3131 391 3154 424 ε
3184 381 3482 456 principes.
3507 397 3731 453 uestras,

430 480 490 524 ut
530 470 621 541 qui
669 470 759 524 illa
801 470 971 542 legit,
1016 470 1292 527 sermonis
1332 470 1647 542 huiusmodi
1677 473 1896 532 vinculo
1926 486 2036 530 non

431 561 705 633 alligetur.
750 561 1202 637 Respondcamus
1242 565 1425 638 itaque
1463 577 1564 622 suo
1603 563 1828 624 ordine.

507 655 599 712 56.
634 655 712 712 De
741 656 985 716 mulieris
1015 657 1238 714 nomine
1265 655 1392 730 quid
1431 657 1797 718 moveamur?
1833 657 1916 717 Ad
1945 673 2035 717 se-

439 765 567 806 xum
597 750 822 816 retulit;
854 766 960 806 non
988 751 1132 810 enim
1159 751 1490 822 corruptela:
1509 793 1526 818 ,
1557 750 1652 808 sed
1681 765 1849 809 sexus
1874 766 2040 808 voca.

436 844 620 900 bulum
653 854 757 900 est.
794 839 954 918 Vulgi
991 860 1121 901 usus
1152 859 1258 902 non
1303 843 1623 918 prtejudicat
1652 845 1892 902 veritati.
1927 845 2044 902 De-

436 937 602 1010 nique
631 937 917 1010 virginitas
945 937 1180 1010 primum
1223 938 1326 996 hoc
1366 953 1564 996 nomen
1608 940 1862 1010 accepit;
1909 955 2042 1000 nam

434 1051 562 1091 cum
611 1037 939 1108 sumpsisset
974 1038 1114 1093 Deus
1143 1052 1304 1092 unam
1329 1035 1399 1094 de
1423 1036 1594 1093 costis
1625 1035 1789 1103 Adae,
1821 1040 1880 1092 et
1909 1050 2038 1106 sup-

435 1131 696 1203 plevisset
735 1148 955 1189 carnem
1004 1133 1057 1187 iu
1104 1131 1280 1188 locum
1323 1128 1540 1201 ipsius:
1569 1127 1914 1200 Ediﬁcavit,
1956 1129 2038 1184 in-

436 1225 587 1298 quit,
623 1243 737 1282 eam
763 1226 818 1282 in
847 1225 1115 1280 mulierem
1159 1221 1313 1298 (Gen.
1347 1239 1422 1291 ll,
1453 1220 1576 1292 22).
1622 1221 1818 1291 Utique
1860 1219 2039 1278 adhuc

435 1319 616 1376 virum
665 1334 771 1375 non
813 1325 1177 1390 cognoverat,
1223 1323 1280 1373 et
1317 1316 1429 1387 jam
1472 1315 1671 1370 mulier
1714 1313 2032 1370 vocabatur.

439 1413 722 1469 Rationem
755 1426 972 1484 quoque
1005 1410 1244 1465 nominis
1276 1409 1438 1480 liuius
1481 1407 1762 1480 Scriptura
1810 1422 1917 1467 non
1958 1416 2040 1463 ta-

433 1506 549 1564 cuit
583 1506 806 1562 dicens:
849 1505 986 1576 Quia
1029 1504 1162 1560 dixit
1199 1503 1366 1558 Adam
1389 1521 1408 1560 :
1443 1501 1522 1562 0s,
1545 1503 1610 1558 de
1635 1503 1836 1560 ossibus
1873 1503 2036 1568 meis,

433 1611 480 1657 et
517 1617 640 1656 caro
667 1599 730 1658 de
759 1616 914 1658 carne
943 1616 1072 1655 mea.
1105 1597 1236 1654 Han:
1264 1598 1528 1654 vocabitur
1557 1598 1764 1666 mulier,
1797 1597 2041 1669 quoniam

431 1697 496 1754 de
523 1699 632 1753 viro
661 1713 755 1752 suo
784 1705 989 1763 sumpto
1015 1703 1090 1750 est
1119 1693 1319 1768 (lbid.,
1347 1691 1474 1767 25).
1505 1692 1644 1764 Quia
1671 1702 1885 1764 sumpta
1914 1700 2036 1758 est,

2138 481 2186 524 et
2213 472 2484 528 elevamini
2508 483 2671 540 porta
2693 474 2984 542 eternal“,
3021 485 3069 532 et
3107 474 3340 532 introibit
3387 476 3500 534 Res
3535 479 3734 550 glorior.

2141 566 2269 638 Quis
2286 577 2360 624 est
2380 569 2476 623 iste
2495 567 2606 626 Re:
2629 569 2813 645 gloria
2837 568 3014 640 (Psal.
3035 585 3193 634 mu.
3211 571 3377 640 7,8)?
3400 571 3744 644 Interrogans

2137 661 2289 732 quasi
2314 661 2597 732 ignorent;
2630 673 2684 718 et
2710 662 2800 718 alii
2830 663 3206 734 respondent:
3236 662 3498 720 Dominus
3521 668 3672 738 {tntis
3692 677 3744 726 et

2137 765 2340 826 potens,
2373 753 2629 812 Dominus
2649 766 2830 828 potens
2853 759 2910 812 in
2937 757 3142 826 prdie,
3174 759 3288 828 ipse
3309 769 3383 814 est
3411 757 3521 814 Rea:
3541 761 3738 832 gloria.

2141 848 2208 906 Et
2245 849 2499 922 repetivit
2536 849 2816 924 Propheta
2840 850 3068 910 eosdem
3092 852 3422 918 versiculos,
3447 863 3510 910 et.
3547 851 3744 910 nihilo»

2137 943 2323 1001 minus
2349 942 2424 998 illi
2456 944 2618 1015 quasi
2645 944 2968 1016 ignorantes
2993 944 3192 1004 iterum
3227 946 3738 1016 interrogaverunt;

2139 1037 2218 1092 sic
2243 1037 2393 1094 enim
2417 1037 2688 1106 scriptum
2713 1046 2798 1094 est
2825 1053 2842 1092 ε
2872 1036 3066 1094 Tollite
3089 1048 3292 1110 portus,
3319 1039 3606 1108 principes,
3631 1055 3744 1102 uss-

2141 1140 2269 1198 tras,
2292 1140 2344 1186 et
2363 1130 2642 1188 elevamini
2659 1141 2828 1201 parta
2851 1133 3144 1198 eternal“,
3165 1141 3212 1188 et
3238 1131 3473 1190 introibit
3501 1131 3616 1190 Rea:
3637 1133 3748 1204 glo—

2137 1226 2254 1286 rite.
2289 1225 2418 1298 Quis
2442 1236 2518 1283 est
2545 1227 2640 1286 iste
2671 1225 2786 1286 Ra:
2808 1227 2993 1300 gloria
3019 1224 3192 1300 (Ibid.
3215 1241 3274 1296 9.
3300 1225 3432 1298 10)?
3461 1225 3746 1296 Quomodo

2139 1333 2270 1391 ergo
2296 1319 2462 1376 homo
2491 1320 2667 1390 potuit
2692 1319 2937 1376 divinum
2967 1321 3110 1380 scire
3137 1330 3416 1378 secretum
3433 1360 3456 1388 ,
3481 1319 3631 1390 quod.
3655 1335 3750 1378 an-

2139 1413 2244 1490 geli
2287 1413 2650 1470 nesciebant?
2691 1413 2763 1470 Et
2802 1414 2854 1468 in
2898 1413 3073 1470 Esaia:
3105 1413 3247 1470 libro
3275 1412 3488 1470 babes:
3521 1413 3656 1480 Quis
3677 1424 3750 1468 est

2139 1507 2236 1561 iste
2253 1547 2274 1574 ,
2309 1507 2397 1578 qui
2433 1507 2640 1564 aduenit
2664 1524 2730 1565 e1:
2759 1506 2971 1574 Edam;
2997 1507 3158 1564 rubor
3186 1507 3612 1564 uestimentorum
3637 1511 3757 1583 ejus

2140 1621 2206 1660 ea:
2231 1603 2399 1662 Bosor
2419 1603 2594 1676 (Esoi.
2621 1621 2783 1672 unt,
2804 1604 2894 1676 1)?
2921 1603 2988 1662 Et
3008 1605 3198 1676 utith
3225 1605 3405 1662 minus
3432 1612 3556 1662 erat
3576 1603 3754 1660 homin

2143 1714 2270 1756 nem
2289 1699 2681 1763 resurrcttisse,
2701 1713 2864 1770 quam
2889 1698 3166 1768 virginem
3183 1697 3506 1770 parauisse.
3532 1695 3754 1752 Etenim

433 1793 642 1864 inquit,
676 1793 744 1849 de
773 1792 891 1847 viro
917 1805 1050 1856 suo,
1085 1806 1196 1848 non
1221 1791 1345 1862 quia
1380 1791 1556 1847 virum
1583 1799 1828 1862 experta.
1858 1787 2050 1860 Itaque
2079 1779 2130 1842 Β
2149 1792 2262 1863 jam
2290 1791 2427 1848 Elian
2453 1791 2732 1863 precibus,
2757 1789 2940 1850 Elismi
2963 1789 3308 1848 orationibus
3335 1789 3542 1848 mortui
3568 1804 3755 1848 resur-

430 1885 690 1958 qnatndiu
729 1885 782 1940 in
813 1883 1066 1957 paradiso
1097 1883 1197 1940 fuit
1218 1925 1233 1950 ,
1267 1882 1466 1940 mulier
1493 1892 1681 1940 vocata
1720 1891 1834 1949 est,
1865 1890 1919 1939 et
1949 1895 2043 1936 co-

428 1981 574 2053 gnita
606 1979 724 2035 viro
752 1995 860 2034 non
893 1986 1053 2036 erat:
1095 1978 1185 2034 ubi
1224 1987 1406 2036 autem
1445 1977 1620 2050 ejecta
1656 1987 1739 2034 est
1778 1976 1846 2033 de
1885 1989 2042 2047 para-

431 2075 588 2143 diso,
620 2081 752 2130 tunc
783 2073 977 2146 legitur
1004 2073 1128 2143 quia
1162 2071 1334 2131 Adam
1363 2072 1620 2144 cognovit
1651 2071 1816 2126 Evam
1844 2069 2040 2124 mulie-

435 2183 550 2224 rem
583 2181 738 2224 suam
762 2207 777 2232 ,
812 2175 868 2222 et
896 2174 1026 2222 tunc
1053 2165 1309 2238 concepit
1346 2173 1402 2223 et
1432 2164 1645 2236 peperit
1671 2164 1837 2222 lilium
1867 2160 2038 2238 (Gen.

438 2277 526 2328 tv,
559 2259 638 2334 1).
679 2261 895 2319 Primus
925 2261 1088 2332 igitur
1117 2261 1328 2318 solutus
1356 2269 1441 2322 eSt
1472 2260 1668 2316 nodus.

509 2356 602 2412 '57.
643 2353 890 2411 Secunda
934 2355 1204 2426 quaestio,
1251 2355 1376 2427 quia
1423 2355 1688 2427 scriptum
1727 2362 1856 2419 est,
1884 2354 2043 2410 Ante-

438 2465 594 2522 quam
621 2449 984 2511 convenirent,
1012 2448 1218 2504 inventa
1245 2458 1321 2504 est
1347 2449 1402 2504 in
1429 2459 1573 2506 utero
1606 2448 1797 2504 habens
1825 2447 2040 2521 (Matth.

441 2559 494 2610 ι,
526 2541 654 2616 18).
685 2541 1038 2600 Consuetudo
1063 2551 1246 2598 autem
1275 2541 1476 2598 divina:
1500 2541 1798 2613 Scriptum
1824 2555 1890 2598 ea
1917 2553 2003 2598 est
2023 2583 2044 2616 ε

441 2647 502 2696 ιιι
535 2653 758 2698 causam
789 2653 912 2710 quae
942 2645 1197 2710 suscepta
1225 2645 1312 2694 est
1335 2679 1350 2705 ,
1381 2646 1628 2706 astruat,
1657 2635 1685 2676 ι’
1711 2637 2040 2702 incidentem

441 2730 678 2790 diderat.

513 2825 604 2884 58.
633 2825 749 2894 Quo
775 2823 1008 2882 solvitur
1035 2825 1200 2882 etiam
1230 2825 1388 2884 tertia
1416 2825 1648 2898 quaestio
1667 2869 1682 2894 ,
1705 2842 1812 2900 qua
1837 2827 2048 2890 dictum

439 2925 560 2974 est:
597 2916 719 2972 Non
749 2919 987 2990 cognouit
1015 2935 1148 2984 eam,
1181 2919 1344 2974 donec
1373 2919 1573 2990 peperit
1605 2915 1804 2976 Filium
1838 2918 2040 2990 (lbid.,

443 3009 558 3083 19).
593 3010 732 3080 Quid
762 3011 940 3084 ergo?
966 3011 1162 3072 Postea
1193 3013 1498 3083 cognovit?
1525 3013 1770 3074 Minime.
1803 3013 2046 3086 Denique

439 3103 611 3160 habes
635 3105 935 3174 scriptum:
971 3101 1086 3178 Ego
1115 3121 1230 3161 sum
1261 3103 1435 3172 Deus,
1460 3115 1508 3161 et
1537 3104 1700 3166 donec
1725 3106 2040 3174 senescatis,

2143 1896 2402 1944 rexerant
2432 1885 2524 1959 (lll
2555 1886 2683 1958 Reg.
2715 1901 2868 1953 χιιι,
2893 1883 3032 1955 22):
3061 1899 3360 1952 numquam
3386 1893 3574 1942 autem
3599 1892 3758 1952 ante.

2143 1996 2438 2052 numquam
2472 1991 2657 2051 postea
2691 1979 2846 2051 virgo
2875 1979 3154 2050 generavit
3185 1977 3277 2050 (IV
3311 1977 3444 2050 Reg.
3472 1992 3553 2042 ιιι,
3584 1977 3703 2048 1η..

2214 2075 2308 2132 δυ.
2351 2075 2463 2132 Hoc
2493 2082 2674 2130 autem
2705 2073 2964 2144 opimius
2986 2081 3070 2129 est
3094 2071 3238 2142 quod
3281 2070 3596 2129 traduceret
3630 2085 3756 2128 eam

2141 2169 2294 2240 quasi
2324 2183 2498 2232 ream,
2527 2177 2818 2238 antequam
2850 2164 2921 2223 ab
2954 2163 3150 2236 angelo
3185 2173 3501 2222 moneretur
3533 2161 3755 2236 (Matth.

2143 2276 2183 2326 ι,
2218 2260 2311 2332 2d)
2343 2279 2355 2315 :
2399 2269 2594 2331 postea
2615 2268 2800 2316 autem
2837 2259 2998 2330 quasi
3026 2255 3203 2316 ﬁdelis
3226 2271 3330 2316 nec
3352 2255 3556 2316 dubius
3585 2256 3758 2330 virgi~

2145 2353 2340 2412 uitatis
2360 2353 2480 2426 ejus
2515 2351 2758 2410 servavit
2783 2351 3085 2409 oraculum.

2769 2486 3000 2545 CAPUT
3036 2487 3128 2544 Vi.

2146 2586 2350 2645 Salutis
2379 2586 2500 2642 aliis
2529 2586 2731 2642 duabus
2765 2585 2904 2640 circa
2939 2583 3167 2638 eamdem
3207 2597 3316 2638 rem
3359 2582 3754 2657 objectionibns,

2214 2679 2428 2735 additur
2453 2677 2735 2734 absurdum
2769 2677 2901 2732 illud
2941 2678 3180 2750 futurum
3206 2676 3370 2749 fuisse
3390 2719 3407 2746 ,
3443 2677 3490 2732 si
3517 2676 3758 2733 Christus

2215 2781 2430 2828 matrem
2468 2773 2524 2827 in
2561 2771 2854 2844 virginitate
2879 2787 2980 2825 non
3012 2780 3458 2842 perseveraturum
3496 2771 3751 2842 elegisset,

2217 2877 2308 2924 aut
2336 2869 2384 2924 ei
2411 2867 2811 2942 praclarissima
2840 2866 3156 2940 virginitatis
3180 2881 3400 2920 munera
3427 2865 3753 2939 denegasset.

2217 3011 2308 3074 41.
2329 3011 2443 3068 Nec
2474 3009 2606 3066 illud
2639 3016 2878 3072 moveat,
2900 3006 3045 3078 quod
3065 3007 3169 3062 ait:
3189 3005 3324 3072 Quia
3335 3005 3534 3079 Ioseph
3554 3007 3759 3077 accepit

2146 3105 2417 3180 conjugem
2451 3121 2623 3168 suam,
2654 3113 2701 3160 et
2735 3104 3006 3174 profectus
3029 3110 3102 3158 est
3127 3103 3184 3156 in
3208 3099 3502 3174 IEgyptum
3534 3099 3763 3171 (Matth.

439 3215 532 3271 ego
557 3215 674 3254 sum
705 3196 878 3268 (Esai.
907 3213 1071 3263 XLVI,
1100 3197 1190 3271 4).
1225 3197 1496 3270 Numquid
1544 3199 1709 3270 igitur
1755 3209 2047 3270 postquam
2071 3182 2116 3247 C
2149 3215 2188 3265 ι,
2219 3199 2351 3271 24);
2389 3199 2716 3269 desponsata
2757 3199 2904 3254 enim
2939 3197 3058 3253 viro
3085 3197 3330 3269 conjugis
3367 3212 3566 3253 nomen
3593 3211 3760 3252 acce-

437 3303 773 3360 scnuerunt,
801 3293 1000 3366 quibus
1027 3294 1190 3350 donec
1212 3293 1415 3352 dictum
1445 3303 1594 3361 erat,
1626 3293 1768 3351 Deus
1795 3309 1920 3356 esse
1947 3293 2043 3350 de-
2153 3293 2253 3366 pit.
2295 3291 2430 3348 Cum
2470 3293 2622 3348 enim
2667 3290 2913 3348 initiatur
2957 3289 3268 3362 coniugium
3301 3289 3416 3357 (27,
3447 3306 3501 3360 q.
3538 3289 3598 3358 2,
3626 3287 3766 3345 Cum

440 3388 606 3444 sivit?
635 3388 772 3446 Item
807 3389 860 3444 in
905 3388 1191 3460 prophetia
1230 3387 1406 3448 David
1443 3389 1714 3462 legimus:
1750 3389 1897 3446 Dixit
1926 3386 2041 3450 Dea
2148 3389 2420 3454 initiatur,
2452 3389 2475 3443 l
2511 3396 2560 3442 et
2593 3387 2680 3455 2),
2725 3396 2854 3444 tunc
2887 3387 3121 3458 conjugii
3159 3400 3358 3442 nomen
3398 3383 3764 3450 adsciscitur;

439 3483 608 3537 minus
631 3480 857 3538 Domino
881 3499 1028 3539 meo:
1051 3483 1186 3540 Sede
1211 3501 1243 3538 a
1265 3483 1462 3538 dextris
1483 3485 1630 3552 meis,
1662 3485 1824 3540 donec
1851 3501 2042 3556 ponam
2150 3478 2176 3519 ά
2208 3497 2314 3538 non
2329 3482 2472 3536 enim
2505 3478 2793 3535 deﬂoratin
2808 3478 3136 3551 virginitatis
3163 3477 3290 3534 facit
3310 3474 3762 3548 conjugittm,sed

441 3575 680 3630 inimicos
709 3584 824 3631 tuos
849 3576 1130 3632 srabellntn
1155 3579 1344 3650 pedum
1373 3589 1577 3634 tuorum
1603 3577 1779 3652 (Psal.
1805 3593 1894 3635 clx
1918 3623 1932 3648 ,
1963 3580 2039 3652 l).

440 3665 715 3737 Numquid
743 3667 1007 3740 subjectis
1035 3670 1248 3740 populis
1281 3670 1562 3726 nationum
1580 3713 1600 3736 ι
1625 3672 1718 3744 qui
1743 3682 1870 3729 ante
1899 3669 2050 3732 vide-

443 3758 646 3814 bantur
676 3759 914 3825 inimici,
949 3775 1075 3817 cum
1103 3761 1300 3818 salutis
1329 3773 1616 3823 auctorem
1647 3775 1943 3834 negarent,
1974 3765 2050 3821 si-

442 3851 696 3906 mulacris
723 3853 1026 3919 servirent,
1053 3853 1122 3910 ad
1143 3852 1424 3912 dexteram
1454 3857 1634 3912 Patris
1657 3857 1826 3914 Filius
1853 3858 2048 3916 sedere

441 3942 674 4012 desivit,
703 3955 797 4000 aut
827 3943 881 4000 itt
914 3955 1235 4017 perpetuum
1266 3963 1374 4004 non
1399 3946 1660 4006 sedebit?

512 4035 602 4094 59.
629 4036 772 4107 Quid
792 4048 977 4096 autem
999 4039 1319 4112 praeiudicat
1341 4041 1526 4098 Mariis
1541 4085 1556 4108 ,
1583 4041 1628 4098 si
1652 4042 1900 4102 caelestis
1915 4058 2048 4100 con-

439 4129 548 4186 silii
575 4131 896 4204 mysterium
921 4132 1126 4204 .loseph
1155 4149 1262 4189 non
1293 4135 1602 4202 intellexit,
1621 4146 1680 4192 et
1706 4139 1915 4208 putavit
1939 4138 2047 4194 vir-

440 4222 625 4295 ginem
655 4240 762 4280 non
788 4238 948 4293 esse,
975 4240 1138 4297 quam
1166 4237 1536 4298 praegnantem
1565 4228 1818 4286 videret?
1843 4229 2048 4286 Resur-

444 4321 742 4379 rectionem
765 4320 884 4394 ejus
907 4324 1084 4395 angeli
1115 4323 1502 4395 ignoraveruut
1519 4363 1536 4392 ,
1566 4325 1714 4396 quod
1739 4325 2051 4398 signiﬁcant

2152 3575 2330 3646 pactio
2358 3574 2682 3646 coniugalis.
2711 3571 2966 3643 Denique
2985 3585 3108 3627 cum
3129 3569 3376 3642 jungitur
3397 3569 3599 3640 puella,
3626 3583 3763 3625 con-

2143 3668 2354 3741 jugium
2381 3678 2457 3726 cst
2485 3709 2500 3734 ,
2535 3681 2642 3724 non
2671 3681 2794 3722 cum
2833 3664 2976 3720 virili
3013 3663 3350 3720 admixtione
3379 3663 3759 3732 cognoscitur.

2221 3762 2314 3823 42.
2353 3761 2513 3830 Quod
2536 3767 2720 3820 autem
2756 3758 2858 3816 fuit
2884 3757 3214 3829 desponsata
3241 3756 3540 3820 connubio,
3570 3767 3595 3796 ε
3631 3757 3766 3816 licet

2149 3857 2278 3914 alibi
2305 3859 2522 3930 plenius
2541 3855 2862 3920 dixerimus,
2895 3854 3066 3910 libare
3095 3867 3241 3908 nunc
3265 3853 3396 3908 satis
3425 3859 3512 3907 est
3535 3865 3764 3907 causam

2149 3951 2391 4018 caelestis
2422 3951 2666 4025 mysterii
2695 3965 2710 4016 ;
2749 3959 2808 4004 ut
2833 3947 2903 4002 ab
2931 3947 3017 4003 his
3043 3947 3136 4018 qui
3169 3945 3386 4000 Mariam
3419 3943 3572 4016 gravi
3603 3953 3767 4002 utero

2153 4053 2447 4102 cernerent
2469 4085 2488 4112 ,
2521 4059 2626 4100 non
2655 4041 2980 4100 adulterium
3013 4039 3367 4111 virginitatis,
3395 4039 3494 4094 sed
3523 4037 3767 4110 despon-

2153 4151 2285 4196 satae
2317 4149 2502 4210 partus
2533 4137 2806 4210 legitimus
2835 4135 3169 4192 crederetur.
3199 4133 3390 4190 Maluit
3407 4134 3559 4190 enim
3581 4134 3767 4189 Domi-

2155 4248 2257 4290 nus
2287 4233 2502 4304 aliquos
2531 4231 2600 4288 de
2629 4245 2723 4288 sua
2749 4229 3124 4302 generatione,
3153 4243 3314 4301 quam
3345 4225 3414 4284 de
3440 4227 3629 4284 matris
3657 4241 3766 4300 pu-

2154 4328 2289 4386 dore
2317 4325 2594 4386 dubitare.

519 4469 546 4498 ει
584 4459 772 4536 Edit.,_
779 4461 1008 4536 notanda
1028 4463 1178 4536 nobis
1203 4473 1360 4530 sunt;
1389 4479 1522 4522 mss.
1551 4465 1746 4524 melius
1769 4509 1786 4535 ,
1807 4467 2036 4526 euodan-
2063 4471 2118 4534 D
2143 4467 2322 4526 locum
2355 4464 2650 4534 Angelicus
2677 4463 2868 4521 doctor
2897 4462 2998 4518 sibi
3021 4459 3208 4530 objicit
3237 4469 3292 4518 et
3313 4458 3496 4536 solvit.
3533 4477 3550 4518 ι
3576 4473 3768 4536 parte,

445 4532 550 4598 da,
591 4543 698 4588 etc.
743 4533 915 4589 Pcrro
951 4534 1290 4604 obiectiones
1328 4535 1436 4592 illae
1473 4553 1596 4608 quae
1637 4539 1724 4596 hic
1761 4532 2038 4598 collectim

441 4613 933 4674 repraesentantur,
969 4621 1125 4664 noue
1155 4622 1260 4664 non
1284 4621 1464 4676 erant,
1495 4625 1596 4667 nec
1625 4610 2046 4668 bononistarum

446 4677 682 4744 propriae
707 4693 722 4740 ;
747 4687 802 4732 ιιι
827 4678 1130 4747 intelligere
1151 4691 1322 4738 estex
1347 4681 1570 4744 Hieron.
1601 4681 1868 4741 adversus
1892 4683 2044 4740 iielv.

449 4755 506 4804 et
535 4748 738 4818 Epiph.
769 4747 892 4805 adv.
926 4751 1257 4808 Autidicom.

520 4819 546 4859 δ
586 4821 839 4898 Incideus
865 4837 1028 4898 causa
1066 4825 1183 4880 sive
1209 4825 1444 4896 quaestio
1470 4826 1856 4888 secundarium
1885 4835 2051 4898 caput

449 4899 532 4949 est
559 4901 616 4967 et
645 4892 836 4967 minus,
856 4895 1208 4967 praecipuum.

521 4976 544 5005 ο
573 4965 744 5042 _Bom.
777 4965 910 5042 edit.
948 4965 1034 5024 ex‘
1059 4984 1166 5042 uno
1193 4968 1315 5042 eod.
1354 4968 1473 5025 Vat.
1497 5011 1514 5038 ,
1556 4971 2002 5042 principesvestri
2032 4988 2052 5028 :

445 5037 588 5112 quod
633 5037 966 5112 Augustinus
1003 5041 1162 5096 etiam
1205 5041 1361 5112 legit.
1394 5037 1520 5099 cum
1548 5037 1688 5100 LXX
1718 5037 1964 5108 Scilicet,
1993 5043 2056 5108 in

447 5109 669 5179 quibus,
715 5107 762 5166 oi
787 5107 1046 5189 ἆρχρντες
1259 5107 1612 5169 Ἁιιιιιιόεἰαιιὶ
1644 5124 1824 5189 tamen
1855 5107 2054 5189 reliqui

449 5196 586 5256 mss.
615 5195 680 5237 ac
708 5181 983 5256 vetfedit:
1018 5181 1274 5256 principes
1305 5195 1497 5256 vestras
1525 5201 1544 5240 :
1577 5185 1849 5256 quomodo
1887 5181 2054 5248 etiam

449 5251 743 5321 praeferunt
771 5269 912 5309 vers.
940 5251 1096 5320 Vulg.
1122 5251 1365 5310 et‘Arab.
1389 5251 1798 5314 Textus'autem
1821 5256 2050 5316 Hebrai-

446 5338 546 5379 cus
586 5333 643 5378 at
690 5335 905 5399 metere:
953 5324 1274 5399 versiones,
1326 5324 1560 5382 Attollite
1585 5371 1605 5394 ,
1641 5339 1841 5398 portae,
1881 5330 2057 5399 capita

449 5406 631 5450 vestra.
681 5396 834 5466 Quod
875 5406 1056 5466 autem
1101 5397 1431 5453 Dominicam
1472 5396 2056 5456 resurrectionem‘di-

449 5479 644 5542 cuntur
675 5465 955 5542 ignorasse
983 5465 1177 5540 Angeli
1202 5509 1217 5532 ,
1253 5471 1355 5526 hoc
1387 5470 1560 5542 ipsum
1589 5471 1909 5531 Ambrosius
1937 5471 2056 5542 jam

449 5537 715 5620 docuerat
731 5540 833 5620 _l_i_b.
863 5555 901 5595 ιι
942 5541 996 5620 in
1026 5537 1156 5620 line.
1206 5557 1355 5597 num.
1512 5537 2052 5620 _Quam__doctrir'tat_n

451 5609 703 5685 similiter
731 5612 821 5668 lib.
863 5629 914 5667 tv
953 5612 1022 5668 de
1047 5613 1206 5680 Fide,
1235 5629 1360 5685 cap.
1396 5615 1448 5682 1,
1479 5609 1622 5672 sicut
1649 5627 1704 5672 et
1725 5615 1820 5671 lib.
1846 5616 1916 5674 de
1943 5615 2052 5672 lni-

455 5681 652 5738 tiaudis
694 5699 814 5755 cap.
849 5686 882 5740 7
931 5687 1170 5755 reperies
1211 5681 1521 5744 elocutione
1555 5687 1845 5744 admodum
1889 5687 2056 5747 simili

456 5756 781 5826 expositam.
815 5758 1073 5814 Eamdem
1117 5773 1250 5816 vero
1278 5760 1452 5817 iusius
1482 5761 1732 5818 enucleat
1767 5773 1958 5818 auctor
1993 5761 2056 5816 Ii-

455 5829 676 5886 brorum
725 5829 794 5888 de
845 5830 1056 5890 ccclein
1097 5829 1409 5895 Hierarcbia
1447 5848 1569 5908 cap.
1617 5835 1647 5888 7
1669 5876 1684 5902 ,
1721 5832 1750 5911 ς
1787 5833 1858 5903 3,
1899 5833 2056 5906 cujus

2153 4548 2346 4614 quaest.
2379 4533 2482 4596 107
2504 4579 2518 4602 ,
2545 4546 2650 4596 art.
2680 4537 2744 4604 ι,
2777 4536 2844 4592 ad
2874 4536 2940 4602 4,
2965 4550 3124 4605 quem
3153 4533 3394 4590 consule.
3580 4533 3594 4536 ‘

2223 4609 2250 4648 ἀ
2269 4611 2492 4667 Planum
2516 4608 2577 4664 lit
2595 4625 2660 4665 ex
2689 4607 2790 4663 boc
2810 4608 2931 4664 loco
2944 4623 3051 4661 non
3077 4607 3128 4660 in
3151 4606 3647 4672 consummatione,
3663 4607 3767 4668 sed

2153 4683 2205 4737 in
2231 4695 2418 4740 mutuo
2435 4679 3234 4750 cousettsu,ronjugiinaturam
3249 4680 3501 4750 constitui
3533 4679 3602 4750 ab
3624 4679 3764 4750 Am-

2155 4755 2360 4811 brosio.
2396 4753 2510 4822 Qua
2533 4753 2752 4824 quidem
2789 4749 2850 4806 in
2867 4766 2924 4806 re
2950 4765 3076 4824 cum
3105 4764 3170 4824 eo
3195 4749 3544 4810 consentiunt
3566 4749 3769 4824 lliero.

2157 4821 2756 4900 nymus,_Augtistinus
2797 4833 2864 4900 ct_
2888 4821 3070 4877 cmteri
3111 4821 3359 4900 Patres;
3395 4836 3532 4900 quos
3563 4822 3616 4900 in
3660 4824 3768 4900 line

2156 4891 2677 4968 postea'Grat'ianus
2718 4896 2772 4954 in
2821 4894 3104 4968 ﬂccreto,
3151 4892 3271 4954 Pet.
3315 4891 3654 4968 Lombardus
3705 4895 3768 4952 in

2156 4965 2256 5025 lib.
2288 4986 2339 5026 tv
2372 4969 2620 5032 Seuten..
2653 4968 2781 5026 dist.
2813 4965 2906 5032 27,
2937 4973 2993 5024 et
3015 4965 3103 5021 alii
3149 4967 3448 5022 canonistaz
3493 4965 3770 5039 theologi-

2153 5057 2260 5112 que
2291 5045 2464 5098 secuti
2499 5050 2642 5096 sunt.

2231 5123 2254 5152 °
2293 5112 2450 5170 Rom.
2483 5113 2614 5170 edit.
2643 5113 2758 5170 sola
2789 5127 2904 5166 cum
2927 5109 3074 5178 alibi,
3100 5120 3234 5176 etc.;
3261 5123 3448 5168 verum
3473 5107 3766 5166 retinenda

2155 5201 2260 5242 vos
2290 5186 2406 5242 licet
2433 5185 2658 5240 aliarum
2687 5199 2748 5240 ac
2776 5197 2906 5238 mss.
2933 5183 3288 5248 auctoritate;
3333 5182 3451 5246 plus
3480 5181 3630 5236 enim
3658 5183 3769 5242 hoc

2157 5257 2278 5313 loco
2305 5257 2654 5328 signiﬁcatur
2675 5271 2836 5326 quam
2875 5253 3197 5324 exprimitur
3225 5271 3246 5328 :_
3271 5261 3433 5324 atque
3469 5252 3608 5328 adeo
3639 5264 3770 5328 post

2158 5344 2320 5386 voces
2340 5323 2586 5400 {plenius
2622 5323 2905 5400 dixerimus
2924 5323 3148 5400 ,imente
3176 5323 3359 5400 utique
3392 5323 3766 5400 supplendum

2158 5344 2320 5386 voces
2340 5370 2355 5394 ,
2383 5339 2586 5400 plenius
2622 5339 2905 5382 dixerimus
2924 5368 2939 5392 ,
2967 5339 3148 5382 mente
3176 5339 3359 5395 ultque
3392 5339 3766 5451 supftcnuum

2157 5401 2392 5474 videtur,
2421 5417 2484 5456 ac
2513 5401 2728 5474 proinde
2749 5397 2904 5474 facile
2917 5409 3046 5474 esset
3070 5396 3224 5474 plura
3247 5397 3433 5474 dicere.
3518 5397 3565 5452 ic
3594 5412 3768 5474 porro

2158 5473 2427 5542 indicatur
2455 5467 2819 5542 espositiouis
2846 5471 2907 5542 in
2936 5470 3143 5542 Luc:th
3165 5469 3261 5542 Lit
3279 5509 3297 5534 ,
3325 5467 3414 5542 ubi
3441 5481 3546 5521 non
3578 5469 3768 5528 solum

2161 5541 2310 5608 huic,
2341 5545 2436 5600 sed
2464 5539 2769 5614 et'reliquis
2805 5541 2921 5612 ejus
2951 5540 3348 5610 objectionibus
3380 5539 3496 5614 l'us_e
3530 5554 3768 5608 reSpon-

2157 5615 2337 5672 detur.
2365 5618 2425 5672 Et
2453 5617 2574 5671 hinc
2594 5611 2758 5672 etiam
2787 5611 2934 5682 patet
2954 5616 3128 5668 virum
3153 5622 3416 5675 sanctum,
3443 5611 3570 5666 dum
3595 5626 3766 5682 supra

2159 5689 2333 5762 dixit,
2373 5689 2524 5762 silere
2550 5686 2866 5762 jamdudum
2909 5685 3186 5762 maluimus
3207 5727 3224 5748 ,
3247 5699 3370 5762 non
3401 5684 3469 5738 de
3494 5683 3766 5762 doctrina

2162 5753 2426 5831 ipsa,'sed
2468 5753 2770 5831 tan'tumde
2812 5757 3054 5831 personis
3081 5770 3216 5828 quas
3247 5755 3358 5810 illic
3397 5769 3462 5816 es
3491 5753 3768 5816 industria

2161 5827 2270 5892 non
2300 5831 2653 5900 indicaverat,
2685 5827 3108 5903 intelligendum.
