4054 6306
513 244 620 305 519

1869 246 2115 306 SANCTI
2154 247 2482 308 AMBROSII

3717 257 3826 317 3‘20

513 365 678 438 pendi
717 372 950 423 mortem
991 363 1090 422 lilii
1131 373 1405 434 noverat,
1445 363 1861 438 praestolabatur
1901 364 1950 421 si
1980 363 2122 422 forte
2147 366 2195 426 Δ
2224 367 2338 438 ejus
2375 367 2530 423 exibit
2580 367 2796 440 (Ezech.
2829 385 2996 438 xuv,
3029 369 3055 426 i
3104 379 3153 428 et
3187 369 3346 446 seq.).
3396 373 3534 443 Quae
3577 383 3663 434 est
3706 374 3824 432 base

515 463 684 521 etiam
732 477 830 519 sua
870 471 1048 520 morte
1079 461 1297 534 publico
1335 462 1546 518 muneri
1576 459 1776 533 aliquid
1802 459 2116 518 adderetur.

516 556 628 614 Sed
667 553 866 614 Christi
914 553 1100 628 passio
1133 554 1406 626 adiutorio
1440 567 1548 609 non
1591 553 1780 624 eguit,
1834 551 1975 608 sicut
2003 551 2123 622 ipse

521 650 787 708 Dominus
818 651 981 722 longe
1008 657 1136 706 ante
1163 647 1447 722 prmdixit:
1475 645 1544 702 Et
1565 646 1788 719 respexi,
1816 655 1864 702 et
1889 661 1993 700 non
2014 652 2122 700 erat

519 743 808 801 auxiliator
834 759 855 800 :
881 751 930 800 et
957 742 1173 808 attendi,
1205 751 1254 798 et
1278 757 1426 796 nemo
1454 737 1795 812 suscipiebat;
1823 746 1871 794 et
1896 736 2122 793 liberabo

522 853 609 895 eos
637 837 850 894 brachio
875 852 991 894 meo
1016 835 1191 910 (Esai.
1221 851 1370 904 mu,
1399 833 1480 906 5).

597 929 689 988 50.
741 928 1028 1000 Quomodo
1074 943 1203 1000 ergo
1255 927 1567 1000 extorqueri
1619 925 1795 1000 potuit
1837 924 2124 998 integritas

524 1019 730 1089 Mariae,
757 1035 881 1092 qua:
909 1018 1239 1092 fugientibus
1264 1019 1550 1090 apostolis,
1579 1018 1842 1090 supplicia
1872 1033 1980 1073 non
2013 1033 2127 1074 me-

521 1112 734 1182 tuebat,
758 1114 856 1171 sed
893 1114 1010 1186 ipsa
1046 1127 1110 1172 se
1145 1112 1410 1171 ob‘erebat
1451 1113 1748 1185 periculis?
1782 1110 1951 1184 Cujus
1975 1121 2126 1170 tanta

523 1208 723 1280 gratia,
745 1219 804 1266 ut
829 1226 937 1267 non
963 1211 1138 1268 solum
1163 1211 1216 1268 in
1244 1227 1304 1268 se
1333 1212 1659 1284 virginitatis
1685 1211 1914 1284 gratiam
1943 1226 2124 1268 reser-

523 1313 683 1362 varet
704 1347 720 1374 ,
749 1305 844 1363 sed
867 1307 1030 1363 etiam
1055 1306 1140 1364 his
1161 1323 1299 1378 quos
1325 1308 1548 1374 viseret,
1569 1306 1898 1378 integritatis
1919 1306 2128 1379 insigne

524 1397 821 1456 conferret.
868 1399 1121 1457 Visitavit
1145 1400 1413 1458 Joannem
1442 1400 1740 1471 Baptistam
1761 1441 1778 1468 ,
1806 1401 1940 1457 etin
1971 1411 2128 1458 utero

525 1493 718 1550 matris
747 1494 1062 1568 priusquam
1113 1506 1453 1564 nasceretur,
1484 1495 1722 1552 exsilivit
1748 1493 1904 1568 (Luc.
1936 1511 1978 1563 ι,
2008 1493 2125 1568 bi).

524 1587 611 1648 Ad
640 1589 804 1662 262
836 1605 1024 1648 vocem
1065 1591 1251 1648 Mariae
1279 1591 1570 1648 exsultavit
1607 1589 1902 1646 infantulus
1922 1629 1938 1654 ,
1969 1588 2129 1646 obse-

524 1691 685 1738 cutus
711 1693 1004 1756 antequam
1029 1684 1268 1756 genitus.
1316 1683 1429 1741 Nec
1456 1683 1730 1740 immerito
1753 1681 1954 1738 mansit
1983 1681 2127 1738 inte-

2223 466 2404 528 porta,
2439 460 2540 516 nisi
2584 460 2784 529 Maria;
2833 461 2956 519 ideo
2989 463 3201 529 clausa,
3247 466 3374 537 quia
3417 467 3619 538 virgo?
3663 467 3822 525 Porta

2223 549 2387 622 igitur
2423 550 2630 622 Maria,
2673 568 2770 624 per
2811 569 2972 626 quam
3017 552 3271 613 Christus
3313 557 3541 615 intravit
3583 560 3638 616 in
3682 559 3824 616 hunc

2222 645 2484 702 mundum
2509 689 2524 714 ,
2551 646 2766 718 quando
2794 646 3046 720 virginali
3079 648 3234 706 fusus
3265 659 3352 708 est
3389 661 3572 722 partu,
3600 649 3628 689 ά
3651 662 3704 708 et
3727 667 3824 724 ge-

2225 739 2418 796 nitalia
2458 741 2788 813 virginitatis
2815 743 3050 799 claustra
3083 759 3191 801 non
3239 745 3422 802 solvit.
3471 746 3665 804 Hausit
3690 747 3830 804 inte-

2225 843 2492 890 meratum
2535 843 2752 906 septum
2799 836 3058 907 pudoris.
3100 847 3157 894 et
3198 838 3461 896 inviolata
3507 840 3830 913 integritatis

2225 929 2491 986 duravere
2522 931 2833 1002 signacula;
2865 947 2986 988 cum
3009 934 3188 992 exiret
3214 950 3283 993 ex
3305 934 3540 1008 virgine,
3565 935 3716 1008 cujus
3745 935 3829 992 al-

2226 1023 2513 1080 titudinem
2538 1023 2768 1081 mundus
2795 1026 3068 1084 sustinere
3096 1042 3200 1083 non
3231 1037 3438 1100 posset.

2299 1116 2391 1172 55.
2435 1115 2584 1184 Ηωσ,
2611 1117 2802 1189 inquit,
2833 1129 2982 1192 porta
3007 1119 3189 1176 clausa
3213 1122 3330 1188 erit,
3354 1131 3402 1177 et
3423 1137 3528 1177 non
3552 1121 3829 1193 aperietur.

2228 1210 2375 1266 Bona
2409 1223 2562 1282 porta
2605 1211 2773 1268 Maria
2799 1254 2815 1280 ,
2846 1229 2970 1284 quze
2998 1214 3183 1270 clausa
3219 1223 3367 1282 erat,
3395 1224 3454 1272 et
3483 1231 3595 1272 non
3622 1215 3835 1288 aperie-

2228 1309 2413 1367 batur.
2453 1309 2730 1366 Transivit
2757 1326 2856 1382 per
2879 1326 2999 1368 eam
3038 1310 3307 1380 Christus,
3335 1311 3433 1370 sed
3467 1327 3575 1368 non
3599 1313 3834 1385 aperuit.

2302 1402 2392 1459 54.
2441 1402 2512 1458 Et
2562 1412 2621 1458 ut
2671 1402 2968 1462 doceamus
3013 1405 3140 1477 quia
3183 1414 3396 1477 portam
3445 1405 3614 1464 habet
3654 1407 3836 1464 omnis

2229 1499 2393 1573 263
2426 1499 2613 1566 homo,
2644 1515 2742 1572 per
2774 1516 2936 1572 quam
2977 1499 3226 1558 Christus
3253 1502 3554 1574 ingreditur
3580 1519 3594 1557 ε
3624 1501 3836 1570 Tollite,

2230 1593 2425 1666 inquit,
2471 1603 2669 1665 portas,
2715 1595 2993 1668 principes,
3029 1607 3255 1662 uestras,
3286 1607 3334 1652 et
3368 1597 3637 1653 elesamini
3668 1606 3840 1669 parte

2231 1688 2534 1756 wternales,
2574 1698 2622 1744 et
2659 1689 2890 1744 introibit
2937 1689 3047 1745 Rea:
3093 1690 3278 1765 gloria:
3331 1689 3504 1764 (Psal.
3551 1706 3715 1758 xxtn,
3748 1690 3835 1762 7).

523 1789 624 1846 ger
647 1789 904 1848 corpore,
929 1790 1089 1848 quem
1117 1776 1291 1833 tribus
1315 1776 1596 1834 mensibus
1616 1775 1738 1832 oleo
1759 1775 1990 1848 quodam
2015 1789 2131 1830 suae
2158 1771 2209 1834 B
2235 1780 2450 1850 Quanto
2478 1781 2649 1853 magis
2675 1797 2806 1854 ergo
2833 1791 2988 1854 porta
3016 1792 3134 1839 erat
3157 1782 3215 1838 in
3239 1782 3408 1839 Maria
3435 1826 3452 1850 ,
3479 1783 3535 1840 in
3564 1799 3666 1856 qua
3691 1783 3841 1840 sedit

527 1869 837 1942 prmsentias
885 1879 940 1927 et
983 1870 1314 1944 integritatis
1359 1878 1634 1942 unguento
1677 1868 1892 1926 Domini
1949 1876 2130 1925 mater

397 1999 416 2016 .
525 1963 796 2021 exercuit.
853 1963 1163 2036 Eademque
1199 1975 1384 2036 postea
1428 1963 1626 2022 Joauni
1660 1961 2018 2035 Evangelistaa
2047 1970 2133 2018 est

527 2055 724 2112 tradita
775 2056 1086 2129 conjugiqu
1136 2058 1426 2115 nescienti.
1466 2056 1624 2114 Unde
1664 2071 1773 2112 non
1818 2055 1990 2112 miror
2018 2069 2131 2126 pra:

528 2147 742 2204 caeteris
784 2147 1028 2206 locutum
1072 2150 1333 2222 mysteria
1378 2148 1598 2218 divina,
1639 2148 1726 2205 cui
1773 2155 1977 2220 praesto
2015 2154 2133 2203 erat

529 2243 656 2300 aula
681 2243 985 2302 caelestium
1015 2253 1506 2301 sacramentorum.

1130 2359 1365 2418 CAPUT
1402 2357 1541 2414 VIII.

533 2456 821 2514 Ezechielis
872 2455 1164 2513 testimonia
1187 2497 1203 2524 ,
1246 2464 1293 2510 et
1328 2454 1655 2528 potissimum
1692 2454 1829 2525 quod
1874 2452 2024 2509 habet
2070 2451 2137 2508 de

605 2561 760 2624 porta
787 2567 892 2606 non
922 2549 1202 2620 aperienda
1227 2591 1241 2616 ,
1271 2550 1327 2605 in
1370 2547 1597 2604 Mariam
1630 2547 1928 2619 quadrare;
1962 2556 2138 2620 utpote

605 2661 699 2716 per
723 2660 879 2713 quam
925 2653 1328 2716 nonjeseratam
1379 2642 1640 2698 transierit
1686 2640 1830 2697 solus
1880 2639 2138 2708 Christus,

605 2738 780 2808 sicque
801 2737 947 2792 illam
976 2735 1364 2808 confortauerit,
1397 2743 1455 2790 ut
1480 2743 1656 2807 postea
1681 2749 1744 2789 ne
1765 2732 1994 2806 Joscpho
2019 2734 2136 2802 qui-

606 2829 725 2885 dent
753 2830 1013 2902 patefacta
1035 2829 1124 2886 sit.

606 2992 697 3048 51.
729 2989 884 3048 Nune
907 2990 1040 3046 mihi
1067 2991 1250 3048 dicant
1271 2990 1360 3062 qui
1389 2989 1528 3046 hanc
1548 2988 1903 3062 quaestionem
1929 2996 2138 3056 serunt,

2231 1874 2509 1944 Christus,
2536 1884 2593 1932 et
2614 1877 2826 1933 exivit?
2868 1877 2968 1934 Est
2991 1878 3136 1934 enim
3163 1887 3219 1934 et
3243 1887 3400 1949 porta
3429 1878 3652 1936 ventris.
3678 1877 3842 1936 Unde

2231 1969 2307 2025 ait
2335 1969 2437 2026 Job
2463 1977 2683 2026 sanctus
2712 1986 2728 2024 :
2761 1967 3182 2026 Intenebrescant
3201 2011 3218 2040 ,
3247 1971 3462 2042 inquit,
3489 1970 3652 2028 stella
3674 1973 3840 2026 noctis

2231 2063 2417 2138 illius;
2469 2065 2590 2135 quia
2627 2079 2730 2118 non
2771 2063 3024 2120 conclusit
3062 2071 3238 2136 portas
3279 2064 3470 2120 uentris
3506 2064 3681 2120 matris
3707 2079 3842 2120 mete

2235 2152 2378 2226 (Job.
2409 2171 2490 2224 Ill,
2521 2154 2577 2222 9,
2612 2154 2726 2228 10).

2309 2249 2398 2306 55.
2431 2250 2528 2306 Est
2566 2265 2698 2322 ergo
2725 2261 2776 2308 et
2813 2260 2968 2324 porta
3013 2250 3262 2320 ventris,
3309 2261 3334 2290 ε
3367 2252 3468 2310 sed
3507 2266 3616 2308 non
3657 2251 3843 2309 clausa

2235 2359 2493 2414 semper:
2537 2359 2723 2400 verum
2757 2359 2860 2400 una
2897 2343 3014 2400 sola
3046 2345 3220 2414 potuit
3249 2359 3477 2402 manere
3500 2345 3708 2409 clausa,
3741 2360 3844 2416 per

2237 2453 2397 2510 quam
2422 2436 2541 2493 sine
2569 2435 2859 2508 dispendio
2880 2436 3241 2493 claustrorum
3267 2437 3586 2510 genitalium
3615 2436 3845 2508 virginis

2239 2539 2430 2602 partus
2463 2529 2648 2586 exivit.
2700 2529 2828 2586 Ideo
2873 2531 2950 2584 ait
3003 2529 3273 2602 propheta
3306 2527 3527 2602 (Βασὰ.
3581 2529 3842 2600 ιυν,Ξ);

2240 2624 2406 2680 Porta
2433 2625 2542 2680 hare
2559 2624 2738 2679 clausa
2769 2623 2868 2679 erit
2893 2639 2914 2679 .'
2937 2639 3042 2678 non
3065 2624 3350 2696 aperietur,
3369 2632 3418 2680 et
3441 2639 3589 2680 nemo
3613 2622 3845 2678 transth

2240 2737 2333 2793 per
2353 2736 2490 2787 eam,
2524 2719 2628 2774 hoc
2653 2729 2755 2782 est,
2779 2733 2941 2774 nemo
2967 2717 3284 2784 hominum;
3310 2717 3555 2790 quoniam
3571 2715 3838 2783 Dominus,

2242 2813 2438 2885 inquit,
2468 2810 2607 2866 Deus
2640 2809 2810 2866 Israel
2843 2810 3080 2866 transibit
3111 2826 3206 2880 per
3233 2827 3370 2866 eam.
3407 2809 3620 2882 Eritque
3646 2809 3840 2876 clausa,

2243 2906 2296 2966 id
2325 2915 2431 2975 est,
2458 2913 2590 2960 ante
2614 2912 2670 2960 et
2701 2913 2822 2975 post
2846 2904 3137 2960 transitum
3166 2903 3385 2959 Domini
3407 2904 3515 2960 erit
3537 2903 3714 2960 clausa
3739 2920 3755 2957 :
3787 2914 3842 2959 ct

2245 3013 2353 3055 non
2403 2997 2678 3070 aperietur
2705 3011 2733 3051 a
2765 3011 3060 3068 quoquam,
3093 3009 3198 3051 nec
3226 3002 3417 3065 aperta
3443 3005 3564 3062 est;
3593 2995 3838 3066 quoniam

532 3085 664 3158 quid
709 3093 796 3142 cst
830 3084 979 3154 quod
1013 3083 1093 3140 ait
1127 3085 1387 3142 Dominus
1428 3100 1526 3156 per
1563 3083 1882 3154 prophetam
1927 3101 1942 3138 :
1986 3081 2137 3138 Nunc

2248 3094 2438 3151 habuit
2454 3111 2674 3168 semper
2688 3097 3085 3167 januamsuam
3109 3093 3406 3162 Christum,
3430 3094 3521 3166 qui
3547 3093 3683 3150 dixit
3699 3110 3714 3148 :
3729 3091 3840 3166 Ego

531 3181 778 3239 reuocabo
807 3181 1152 3254 captivitatem
1179 3177 1367 3246 Jacob,
1388 3188 1440 3236 et
1461 3176 1736 3233 miserebor
1764 3175 1936 3232 adhuc
1957 3177 2137 3232 domus

2248 3206 2361 3246 sum
2393 3191 2564 3263 janua
2599 3188 2785 3264 (Joan.
2833 3205 2904 3258 x,
2953 3191 3033 3261 7),
3063 3203 3226 3261 quam
3277 3201 3442 3244 nemo
3473 3187 3541 3244 ab
3580 3201 3645 3244 ea
3675 3185 3840 3259 potuit

531 3274 704 3332 Israel
749 3274 970 3347 (Ezech.
1019 3288 1217 3340 xxxix,
1257 3271 1376 3344 25).
1420 3273 1488 3328 Et
1529 3270 1690 3339 infra,
1723 3280 1749 3309 τι
1779 3268 2140 3344 Congregabo,

531 3369 740 3440 inquit,
771 3370 836 3425 de
862 3367 1096 3441 gentibus
1123 3383 1242 3436 eos,
1280 3375 1330 3422 et
1363 3365 1686 3439 congregabo
1721 3364 1841 3419 illos
1875 3363 1941 3419 de
1968 3364 2142 3436 regio.

531 3465 683 3521 nibus
721 3465 992 3520 nationum
1014 3505 1031 3531 ,
1069 3472 1118 3518 et
1153 3460 1518 3532 sanctiﬁcabor
1557 3461 1613 3532 in
1662 3461 1741 3515 bis
1773 3461 1832 3516 in
1867 3468 2143 3533 conspectu

533 3559 763 3632 gentium
789 3575 810 3616 :
839 3568 888 3614 et
921 3559 1085 3614 scient
1113 3556 1253 3628 quod
1279 3573 1374 3629 ego
1399 3573 1517 3612 sum
1548 3555 1803 3610 Dominus
1834 3553 1974 3610 Deus
2003 3555 2145 3626 ipso-

533 3671 672 3720 rum,
701 3654 824 3708 dum
852 3651 1112 3726 apparebo
1138 3651 1245 3706 illis
1267 3652 1403 3706 inter
1423 3651 1696 3717 nationes;
1719 3659 1767 3706 et
1791 3667 1893 3706 non
1917 3658 2142 3706 avertam

533 3748 758 3820 amplius
781 3746 964 3818 {aciem
995 3762 1164 3801 meam
1189 3745 1252 3800 ab
1278 3746 1384 3810 eis,
1420 3761 1516 3814 pro
1546 3761 1604 3800 eo
1638 3743 1776 3814 quod
1810 3741 1970 3812 e/fudi
2008 3743 2142 3798 iram

537 3857 703 3898 meum
737 3841 792 3896 in
837 3837 1046 3895 domum
1090 3837 1298 3908 Israel,
1344 3837 1472 3894 dicit
1510 3837 1762 3894 Dominus
1815 3834 1982 3909 (Ibid.
2012 3877 2027 3903 ,
2068 3834 2140 3890 27

533 3947 584 3994 et
609 3933 769 4008 seq.).

606 4030 698 4088 52.
741 4029 808 4085 Et
828 4027 967 4084 infra
992 4025 1127 4084 dicit
1152 4023 1410 4098 propheta
1437 4023 1641 4081 vidisse
1660 4023 1799 4081 sein
1823 4031 2010 4078 monte
2027 4021 2142 4078 alto

535 4125 700 4184 nimis
733 4121 1152 4180 aediﬁcationem
1183 4119 1420 4176 civitatis
1451 4115 1681 4188 (Ezech.
1712 4133 1803 4180 ιι,
1832 4115 1870 4172 2
1897 4125 1946 4171 et
1972 4115 2140 4189 seq.),

533 4217 690 4290 cuius
712 4226 884 4290 portat
905 4216 1155 4286 plurima:
1175 4213 1554 4282 signiﬁcantur
1575 4229 1592 4278 ;
1621 4226 1730 4267 una
1755 4221 1938 4266 tamen
1957 4210 2142 4267 clausa

535 4313 867 4370 describitur
887 4353 905 4379 ,
943 4311 1014 4368 de
1045 4326 1150 4382 qua
1188 4311 1270 4366 sic
1295 4309 1372 4364 ait
1403 4305 1472 4364 τι)
1503 4309 1573 4364 Et
1600 4307 1823 4363 conuerti
1846 4322 1927 4362 me
1955 4323 2142 4362 secun-

537 4407 662 4463 dum
685 4407 822 4462 uiam
848 4414 1012 4480 porta:
1035 4413 1330 4459 sanctorum
1359 4401 1630 4457 exterioris
1649 4443 1664 4467 ,
1694 4417 1810 4473 qua:
1835 4401 2045 4472 respicit
2073 4401 2144 4458 ad

539 4501 804 4558 Orientem
823 4543 840 4568 ,
871 4509 918 4556 et
947 4502 1058 4556 bare
1082 4507 1193 4554 erat
1218 4496 1416 4552 clausa.
1453 4495 1520 4550 Et
1544 4497 1616 4552 ait
1640 4495 1710 4550 ad
1739 4511 1820 4550 me
1838 4493 2093 4552 Dominus
2122 4513 2142 4554 :

2246 3283 2506 3344 avellere.

2319 3377 2411 3434 56.
2456 3375 2586 3432 Rrec
2629 3384 2784 3448 porta
2815 3374 2883 3432 ad
2923 3376 3192 3432 orientem
3237 3373 3566 3446 aspiciebat;
3595 3371 3835 3444 quoniam

2247 3485 2436 3526 verum
2463 3469 2648 3526 lumen
2670 3467 2879 3535 effudit,
2909 3483 3030 3540 qua:
3051 3467 3334 3540 generavit
3357 3466 3660 3532 Orientem,
3687 3480 3836 3536 pepe—

2247 3563 2427 3635 ritque
2467 3562 2648 3620 Solem
2702 3561 2954 3634 iustitiae.
2999 3561 3242 3616 Audiant
3272 3574 3406 3632 ergo
3435 3559 3838 3632 imprudentes:

2246 3655 2443 3713 Clausa
2474 3699 2488 3724 ,
2519 3656 2696 3728 inquit
2720 3698 2736 3723 ,
2765 3655 2871 3711 erit
2914 3653 3032 3710 haec
3063 3663 3218 3726 porta
3245 3695 3261 3721 ,
3289 3668 3412 3725 qua:
3442 3653 3618 3710 solum
3657 3651 3840 3720 recipit

2249 3751 2418 3808 Deum
2449 3751 2638 3807 Israel.
2679 3750 2730 3806 ls
2754 3749 2920 3820 igitur
2948 3748 3017 3805 de
3050 3763 3160 3821 quo
3185 3747 3392 3805 dictum
3422 3757 3509 3804 est
3549 3747 3613 3803 ad
3661 3746 3842 3803 Eccle-

2246 3846 2384 3902 siam
2415 3865 2430 3902 :
2479 3845 2741 3914 Quoniam
2780 3843 3091 3915 confortauit
3137 3858 3281 3898 seras
3325 3849 3601 3915 portarum
3643 3850 3840 3894 tuarum

2250 3937 2370 4010 (Ps.
2399 3952 2594 4004 xcmt,
2615 3936 2725 4008 l5),
2749 3951 2902 3991 suam
2930 3944 3142 4006 portam
3181 3933 3496 3990 confortare
3517 3949 3622 3988 non
3641 3931 3845 4005 potuit?

2248 4032 2357 4092 Sed
2383 4031 2730 4089 conﬁrmavit
2760 4031 3005 4101 profecto
3023 4071 3040 4098 ,
3063 4038 3121 4087 et
3159 4029 3402 4086 servavit
3428 4027 3708 4086 intactam.
3738 4026 3844 4084 De-

2247 4127 2412 4199 nique
2435 4142 2543 4184 non
2573 4136 2659 4184 est
2681 4135 2898 4196 aperta.

2319 4224 2410 4280 57.
2453 4222 2696 4278 Audiant
2715 4221 2880 4293 igitur
2905 4220 3226 4293 prophetam
3246 4219 3558 4277 dicentem:
3588 4217 3710 4275 Non
3729 4235 3848 4289 ape-

2245 4317 2410 4373 rietur
2429 4357 2446 4385 ,
2475 4316 2670 4388 eritque
2697 4315 2880 4370 clausa
2902 4357 2918 4383 ,
2949 4315 3052 4370 hoc
3080 4324 3187 4382 est,
3220 4327 3332 4370 non
3364 4313 3640 4385 aperietur
3663 4312 3734 4368 ab
3780 4326 3848 4368 eo

2246 4409 2334 4466 cui
2358 4407 2812 4479 desponsabitur;
2841 4423 2949 4464 non
2973 4405 3322 4462 licebitenim
3349 4416 3410 4462 ut
3429 4405 3730 4478 aperiatur,
3753 4421 3848 4474 per

2248 4517 2410 4575 quam
2443 4501 2708 4558 Dominus
2734 4499 3012 4557 transibit.
3041 4498 3114 4554 Et
3144 4505 3272 4570 post
3311 4513 3438 4554 eum
3462 4539 3478 4567 ,
3513 4497 3718 4569 inquit,
3745 4500 3849 4554 erit

540 4594 707 4650 Porta
731 4595 840 4650 hac
863 4594 1040 4650 clausa
1069 4591 1184 4660 erit,
1209 4601 1384 4646 etnon
1415 4591 1694 4661 aperietur,
1726 4600 1776 4645 et
1803 4606 1952 4645 nemo
1977 4598 2148 4646 trans-
2169 4579 2225 4640 D
2249 4597 2433 4653 clausa
2452 4636 2468 4664 ,
2497 4594 2602 4651 hoe
2624 4602 2738 4656 est.
2766 4609 2876 4650 non
2921 4593 3128 4666 aperiet
3156 4607 3277 4648 eam
3327 4593 3571 4663 Joseph;
3600 4592 3848 4663 quoniam

533 4692 629 4748 ibit
659 4707 750 4764 per
776 4707 930 4760 eam;
971 4689 1215 4762 quoniam
1252 4687 1505 4745 Dominus
1539 4687 1676 4744 Dens
1705 4686 1877 4744 Israel
1904 4689 2141 4745 transibit

535 4802 630 4860 per
653 4800 783 4840 eam.
837 4783 1048 4855 Eritque
1073 4782 1283 4850 clausa,
1321 4783 1566 4852 quoniam
1609 4782 1722 4838 dua:
1757 4781 1842 4837 hic
1869 4781 2060 4838 sedebit
2091 4783 2150 4849 in

535 4896 630 4946 ea,
666 4889 722 4934 ut
757 4878 1033 4934 manducet
1059 4894 1244 4952 panem
1268 4879 1324 4933 in
1354 4885 1632 4946 conspectu
1663 4866 1894 4933 Domini.
1943 4877 2148 4932 Secun-

535 4974 664 5031 dum
691 4973 824 5030 uiam
855 4983 878 5014 ε
911 4971 1096 5029 ditem
1122 4981 1287 5046 porta:
1321 4971 1572 5039 intrabit,
1610 4980 1662 5028 et
1691 4970 1973 5028 secundum
2010 4970 2146 5024 uiam

609 5101 637 5130 ει
679 5091 758 5148 Ita
780 5106 886 5150 vet.
913 5093 1046 5150 edit.
1069 5108 1134 5150 ac
1159 5109 1292 5150 mss.
1315 5093 1514 5166 quibus
1532 5091 1680 5166 (favet
1700 5092 1882 5166 versio
1901 5091 2146 5166 Syriaca.

537 5164 699 5222 Rom.
730 5175 912 5222 autem
941 5166 1077 5223 edit.
1110 5182 1232 5222 cum
1267 5164 1414 5221 testu
1446 5165 1610 5221 Hehr.
1639 5173 1695 5220 et
1723 5164 1948 5236 reliquis
1977 5177 2148 5228 vers.,

533 5236 800 5316 reducgm.
837 5236 1005 5316 LXX,
1037 5238 1118 5295 Ἐν
1144 5247 1220 5314 τῷ
1245 5237 1578 5316 ἁποᾳίτρέψαι
1597 5257 1684 5311 με,
1713 5245 1822 5316 etc.

606 5309 635 5349 ι’
684 5310 840 5366 ηοω.
869 5310 1004 5366 edit.
1035 5325 1158 5366 cum
1189 5305 1336 5366 iextu
1363 5305 1526 5364 usus.
1557 5305 1612 5364 ei
1641 5306 1897 5363 omnibus
1927 5305 2151 5360 omnino

534 5397 709 5450 vers.,
742 5381 810 5438 Et
847 5385 1098 5439 conuertit
1133 5399 1216 5438 me
1259 5399 1280 5437 :
1327 5388 1436 5434 vet.
1486 5389 1670 5434 autem
1718 5377 1854 5433 edit.
1888 5391 1952 5431 ac
1990 5391 2146 5450 mss.,

537 5451 607 5507 Et
626 5447 854 5526 conuerti
880 5472 980 5510 me.
1013 5454 1179 5526 Forte
1221 5469 1290 5508 an
1321 5449 1644 5526 Ambrosius
1666 5447 2073 5526 proteris-epes}:
2097 5447 2151 5501 in

536 5525 661 5581 cod.
684 5527 1016 5604 suolegerit
1045 5524 1342 5604 ἐπέστρεψα
1365 5567 1380 5587 ,
1423 5521 1916 5604 [acilimutatioue

613 5605 637 5634 ε
683 5592 985 5654 Βίειίοιῖθιιι
1016 5592 1219 5654 ιΕΙσινί
1245 5592 1367 5668 qua:
1398 5597 1592 5668 aberat
1623 5607 1652 5646 a
1677 5593 1896 5668 eunetis
1923 5592 2151 5668 edit._ex

539 5680 673 5722 mss.
697 5671 1056 5727 restituimus.
1082 5670 1234 5726 Hauc
1259 5663 1426 5724 etiam
1451 5665 1655 5721 habent
1677 5663 1822 5718 LXX
1841 5678 2005 5734 quam
2033 5663 2153 5734 aliae

537 5738 823 5820 versionos
867 5741 1304 5814 interpretantur
1353 5757 1366 5794 :
1406 5737 1544 5794 uiam
1580 5739 1746 5806 portae
1781 5733 2035 5802 uestibuli,
2068 5733 2153 5790 vel

543 5816 811 5880 porticus.

2249 4689 2466 4747 dicetur
2497 4689 2548 4744 ei
2579 4705 2594 4744 :
2625 4686 2756 4742 Noli
2801 4689 2980 4742 timere
3032 4687 3271 4758 accipere
3309 4684 3538 4742 Mariam
3588 4686 3852 4760 coniugem

2248 4793 2430 4848 tuam;
2457 4782 2600 4852 quod
2627 4779 2765 4834 enim
2791 4795 2857 4835 ea:
2885 4795 2946 4834 ea
2971 4788 3234 4848 nascetur,
3265 4779 3330 4834 de
3355 4777 3562 4852 Spiritu
3584 4787 3758 4836 sancto
3780 4787 3854 4835 est

2249 4873 2472 4948 (Matth.
2501 4889 2557 4941 ι,
2587 4875 2704 4946 9.0).

2323 5086 2349 5126 ά
2383 5087 2564 5145 Locus
2589 5088 2678 5146 hic
2705 5089 3082 5146 difﬁcultatem
3112 5087 3340 5144 alterius
3367 5101 3398 5144 e
3429 5084 3572 5142 libro
3597 5100 3633 5140 ιι
3655 5082 3853 5152 Expos.

2251 5162 2306 5217 in
2335 5161 2562 5226 Lucam,
2587 5177 2695 5232 quo
2725 5170 3030 5217 maternam
3061 5159 3589 5232 vulvamiaperuis‘se
3613 5153 3859 5232 Christus

2252 5233 2475 5300 dicitur,
2499 5227 2716 5302 penitus
2736 5234 2920 5289 solvit.
2947 5231 3198 5290 Ostendit
3217 5231 3362 5286 enim
3383 5229 3500 5286 illic
3517 5227 3856 5302 Ambrosium

2253 5318 2322 5360 eo
2346 5299 2509 5360 modo
2537 5319 2645 5360 non
2673 5305 2744 5360 oh
2769 5304 2918 5360 aliud
2945 5305 3184 5362 locutum
3205 5345 3222 5370 ,
3253 5317 3414 5370 quam
3442 5311 3502 5356 ut
3528 5299 3729 5372 Moysis
3748 5299 3860 5372 elo-

2255 5377 2458 5434 cutioni
2498 5391 2651 5432 suam
2683 5376 3123 5432 accommodaret
3155 5392 3167 5428 :
3199 5374 3333 5429 nihil
3372 5382 3555 5428 autem
3602 5370 3664 5427 ea
3689 5370 3856 5442 signi-

2259 5447 2474 5502 ﬁcatum
2497 5447 2760 5514 voluisse,
2789 5447 2873 5503 nis
2901 5449 3074 5503 solum
3097 5445 3299 5502 Christi
3327 5446 3557 5510 exitum,
3613 5441 3706 5497 sed
3754 5441 3858 5498 vir-

2255 5519 2498 5591 ginitatis
2523 5521 2695 5589 septis
2716 5533 2779 5574 ac
2807 5519 2998 5590 signis,
3029 5519 3207 5588 qualia
3235 5518 3450 5574 fuerant
3471 5525 3602 5591 ante
3625 5523 3856 5591 partum,

2255 5585 2312 5646 in
2342 5591 2460 5660 ipso
2489 5585 2644 5660 partu
2675 5599 2729 5646 et
2769 5585 2956 5659 postea
2997 5585 3169 5653 usque
3198 5587 3696 5660 perseverantibus.
3731 5585 3858 5642 Vide

2256 5657 2377 5732 (ιιιαέ
2401 5657 2566 5734 citato
2596 5661 2738 5718 libro
2763 5657 2968 5734 Expos.
3001 5663 3058 5718 in
3087 5657 3286 5718 Lucam
3310 5701 3327 5728 ,
3359 5659 3468 5717 col.
3510 5657 3676 5728 1500,
3707 5672 3854 5715 num;

2257 5733 2351 5802 57,
2381 5733 2814 5806 subnotavitnus.
2976 5803 2987 5806 _
3074 5772 3089 5806 ._
3429 5769 3436 5779 .

2337 5816 2358 5832 ’⁸
2396 5802 2566 5866 Edim
2601 5802 2690 5859 scd
2718 5802 2818 5861 non
2847 5803 3015 5863 omnis
3041 5802 3221 5862 clausa
3247 5807 3468 5876 sentth
