4054 6306
167 279 254 340 521

750 383 975 443 CAPUT
1032 381 1126 440 IX.

172 483 426 556 Quomodo
442 481 598 534 variis
627 479 871 551 symbolis
892 479 1159 550 virginitas
1189 477 1532 550 signiﬁcetur,
1563 474 1745 547 quidve

229 594 288 633 ea:
313 589 485 630 eorum
513 572 732 645 singulis
763 571 959 626 discere
979 570 1191 624 debeant
1222 586 1386 624 sacra:
1416 568 1676 640 virgines}

1075 266 1165 324 DE
1203 263 1686 324 INSTITUTIONE
1731 261 2029 322 VIRGI‘NIS
2069 261 2274 319 LIBER
2316 260 2520 319 UNUS.

3342 262 3452 322 52%

1768 383 1820 442 Λ
1848 396 1981 433 unus
2007 389 2079 432 est
2113 377 2348 432 Christus
2379 374 2598 448 (Matth.
2630 389 2786 440 χχιιι,
2823 374 2954 446 10)?
2994 375 3144 431 Unus
3173 386 3278 444 est,
3323 379 3452 449 quia

1849 474 2158 543 nnigenitus
2203 472 2294 528 Dei
2330 471 2470 526 (ilius
2500 486 2513 524 :
2548 469 2672 541 quia
2718 467 2867 524 solus
2893 511 2907 534 ,
2938 479 2996 524 ut
3023 469 3286 541 scriptum
3319 481 3404 526 est
3436 488 3451 525 :

1852 567 1988 634 Quia
2017 566 2264 637 expandit
2305 563 2489 619 caelum
2528 561 2695 630 solus,
2735 570 2783 616 et
2811 561 3042 617 ambulat
3073 564 3207 618 sicut
3236 564 3288 618 in
3319 573 3459 619 terra

228 669 312 726 58.
339 667 496 722 Porta
516 679 648 736 ergo
673 663 856 718 clausa
877 663 1153 734 virginitas
1175 675 1288 718 eSt:
1314 673 1369 718 et
1392 661 1582 717 hortus
1602 659 1749 715 clau-
1849 678 2004 734 super
2046 677 2188 714 mare
2218 660 2236 731 (
2267 657 2386 714 Job.
2424 674 2507 723 lx,
2549 655 2630 727 8).
2680 655 2777 711 Hie
2811 671 2942 728 ergo
2994 672 3102 712 non
3145 659 3457 726 secundus,

162 783 244 823 sus
271 760 548 833 virginitas
579 770 670 816 :et
694 758 812 814 fons
838 759 1080 829 signatus
1108 757 1414 828 virginitas.
1446 755 1618 820 Audi,
1643 754 1750 810 vir-

165 877 226 932 go
249 901 264 927 ,
292 852 602 926 diligentius
633 852 832 922 apertis
875 851 1097 907 auribus
1118 893 1134 918 ,
1164 863 1219 906 et
1266 851 1456 906 clauso
1496 848 1708 920 pudore
1733 887 1748 913 ,

161 949 300 1020 aperi
326 960 537 1013 manus,
567 956 625 1000 ut
659 954 712 1000 te
741 959 943 1015 pauper
967 953 1221 1014 agnoscat
1245 960 1258 996 :
1284 941 1480 997 claude
1509 940 1748 1005 ostium,

164 1063 225 1102 ne
250 1049 538 1098 temerator
578 1040 780 1109 irrepat
819 1054 832 1092 :
874 1037 1024 1108 aperi
1053 1045 1325 1101 mentem,
1360 1048 1518 1090 serva
1567 1033 1753 1104 signa-

162 1137 360 1193 culum.

229 1229 316 1286 59.
350 1226 506 1297 Virga
539 1239 756 1296 quoque
784 1240 814 1280 a
847 1223 1035 1280 radice
1061 1223 1345 1294 virginitas
1375 1231 1480 1289 est,
1506 1220 1587 1277 sic
1609 1219 1757 1276 enim

160 1321 411 1390 scriptum
434 1325 521 1373 est
549 1335 564 1373 :
599 1316 754 1372 Exiet
779 1317 923 1390 virga
958 1334 991 1370 a
1013 1317 1188 1371 radice
1213 1313 1384 1381 Jessc,
1416 1325 1460 1369 et
1491 1315 1588 1384 ﬂos
1615 1330 1647 1367 a
1673 1329 1760 1366 ra-

161 1415 268 1469 dice
295 1413 406 1476 eius
435 1409 683 1466 ascendet
715 1408 889 1480 (Esai.
920 1425 970 1464 ιι
991 1452 1006 1476 ,
1040 1410 1116 1479 1).
1150 1409 1267 1464 Νοιι
1301 1417 1489 1464 cavata
1516 1416 1605 1464 est
1644 1407 1762 1462 hate

161 1510 300 1578 virga
326 1548 340 1572 ,
367 1503 465 1561 sed
504 1503 703 1559 solida.
737 1502 905 1559 Nemo
935 1518 1068 1574 ergo
1095 1502 1290 1557 adurat
1323 1503 1527 1574 virgam
1573 1509 1717 1555 tuam
1744 1539 1761 1567 ,

161 1612 215 1658 ut
242 1602 426 1656 ﬂorem
454 1608 608 1653 tuum
631 1597 928 1653 custodias.
957 1596 1122 1667 Virga
1137 1612 1218 1666 es,
1245 1612 1279 1652 ο
1304 1597 1476 1668 virgo,
1496 1613 1604 1651 non
1636 1611 1764 1650 cur-

161 1695 319 1757 veris.
350 1709 456 1748 non
488 1691 788 1748 inﬂectaris
816 1690 870 1746 in
895 1700 1120 1758 terram,
1149 1701 1212 1745 ιιι
1239 1690 1290 1745 in
1324 1699 1375 1745 te
1397 1689 1497 1745 llos
1525 1699 1768 1760 paterna:

163 1789 353 1846 radicis
376 1787 666 1843 ascendat.

233 1883 318 1937 60.
354 1881 560 1936 Hortus
583 1878 801 1934 clausus
827 1892 889 1934 es
915 1919 929 1943 ,
963 1878 1117 1949 virgo
1139 1921 1152 1944 ,
1179 1891 1335 1932 serva
1370 1874 1576 1930 fructus
1603 1881 1762 1928 tuos:

1851 755 1975 826 quia
2009 755 2215 825 primus
2245 762 2328 808 est
2354 770 2368 808 :
2398 767 2506 808 non
2548 759 2635 808 est
2662 750 2968 821 secundus,
2999 752 3123 823 quia
3167 767 3308 808 unus
3337 761 3460 809 est:

1857 848 2005 905 Unus
2038 847 2172 901 Deus
2200 855 2368 916 pater,
2393 861 2458 900 ea:
2482 861 2583 916 quo
2605 845 2803 912 omnia,
2833 855 2878 900 et
2905 862 2996 900 nos
3018 845 3071 899 in
3101 845 3194 901 illo
3215 862 3234 900 :
3256 857 3303 901 et
3331 862 3465 902 unus

1853 941 2112 997 Dominus
2135 938 2287 993 Iesus
2321 937 2556 993 Christus
2577 980 2592 1004 ,
2631 955 2722 1005 per
2748 955 2898 1008 quem
2926 939 3097 994 omnia
3121 981 3136 1009 ,
3167 949 3217 995 et
3250 957 3342 996 nos
3373 957 3464 1013 per

1856 1034 2026 1100 ipsum
2057 1032 2096 1101 (l
2124 1031 2244 1086 Cor.
2278 1032 2407 1098 vm,
2437 1030 2518 1102 6).
2561 1030 2716 1090 Unus
2756 1031 2895 1087 Deus
2927 1031 3119 1099 Pater,
3160 1041 3186 1069 ⁸
3217 1042 3273 1088 ει
3325 1047 3468 1088 unus

1863 1126 2006 1181 Deus
2025 1123 2219 1190 Filius,
2244 1134 2299 1180 et
2327 1140 2465 1180 unus
2498 1123 2734 1194 Spiritus
2765 1134 3005 1192 sanctus,
3034 1125 3175 1182 sicut
3198 1128 3465 1199 scriptum

1861 1227 1949 1275 est
1973 1235 1985 1272 :
2024 1217 2150 1273 Htec
2181 1228 2351 1272 autem
2371 1218 2547 1272 omnia
2572 1229 2815 1289 operatur
2845 1235 2977 1274 unus
3006 1229 3155 1292 atque
3183 1220 3318 1276 idem
3342 1221 3470 1292 Spi-

1861 1315 2028 1378 ritus',
2073 1311 2309 1367 dividens
2343 1311 2566 1382 singulis
2605 1321 2757 1383 prout
2801 1313 2908 1367 vult
2954 1312 3011 1384 (Ι
3040 1313 3159 1368 Cor.
3192 1329 3299 1382 xu,
3338 1315 3397 1369 Η
3422 1314 3470 1386 ).

1865 1406 2039 1474 Unus,
2069 1405 2264 1477 inquit,
2291 1406 2416 1477 quia
2432 1421 2570 1460 unus
2604 1404 2765 1461 Deus.
2797 1405 2985 1462 Nullus
3012 1407 3318 1474 secundus;
3347 1408 3474 1478 quia

1867 1502 2009 1573 quod
2043 1501 2158 1557 vult
2182 1499 2338 1568 facit,
2373 1515 2479 1555 non
2507 1500 2652 1572 quod
2683 1504 3003 1572 imperatur.
3039 1501 3187 1559 Unus
3215 1518 3345 1574 ergo
3372 1503 3473 1558 Pa-

1869 1604 1952 1652 ter
2001 1596 2166 1664 Deus,
2223 1603 2279 1650 et
2331 1610 2469 1649 unus
2504 1594 2597 1649 Dei
2641 1593 2832 1650 Filius.
2875 1594 3023 1651 Unus
3053 1605 3108 1651 et
3142 1611 3318 1662 unus,
3350 1597 3476 1667 quia

1872 1708 1978 1748 non
2010 1700 2138 1748 sunt
2169 1690 2275 1745 duo
2301 1689 2401 1745 dii.
2429 1689 2580 1746 Unus
2606 1689 2810 1757 Filius;
2833 1691 2957 1760 quia
2983 1707 3102 1748 cum
3132 1691 3291 1750 Patre
3306 1709 3476 1750 unum

1796 1795 1996 1857 Best,
2038 1785 2179 1839 sicut
2227 1783 2345 1853 ipse
2391 1781 2530 1838 dixit
2571 1798 2590 1835 :
2635 1781 2752 1855 Ego
2799 1793 2845 1837 et
2894 1782 3052 1839 Pater
3088 1801 3249 1840 unum
3292 1803 3477 1842 sumus

1871 1878 2050 1952 (Joan.
2077 1893 2132 1942 χ,
2159 1874 2276 1947 29).
2309 1875 2373 1930 Ει
2403 1892 2542 1930 unus
2568 1875 2824 1947 Spiritus,
2851 1876 2973 1947 quia
2998 1880 3177 1933 unitas
3198 1878 3478 1936 Trinitatis

165 1973 320 2046 265.
349 1988 456 2028 non
497 1969 802 2028 ascendant
846 1971 899 2025 in
930 1980 981 2026 te
1008 1973 1181 2040 spina:
1204 2011 1219 2037 ,
1250 1967 1344 2024 sed
1375 1984 1492 2023 uvae
1535 1976 1640 2021 tum
1671 1965 1770 2021 Ποο
1870 1981 1976 2038 εει,
2009 1985 2116 2026 non
2150 1970 2343 2026 ordine
2371 1969 2626 2024 distincta
2649 2009 2664 2035 ,
2696 1984 2796 2025 nee
2825 1978 3088 2041 tempore.

167 2079 338 2124 ream.
373 2064 584 2121 Hortus
615 2065 834 2119 clausus
859 2077 941 2129 es,
976 2062 1084 2116 lilia
1111 2103 1126 2128 ,
1157 2076 1317 2116 nemo
1344 2061 1553 2116 auferat
1581 2072 1766 2128 sepem

166 2160 236 2214 tui
259 2157 516 2230 pudoris:
548 2157 957 2229 quiascriptum
990 2163 1109 2211 est:
1142 2155 1206 2209 Et
1229 2155 1571 2210 destruentem
1600 2168 1770 2223 sepem

169 2257 410 2312 mordebit
423 2272 641 2326 serpens
659 2253 884 2326 (Eccles.
900 2270 956 2321 ιι,
974 2251 1050 2325 8).
1069 2251 1176 2308 Sed
1193 2251 1337 2306 illam
1357 2251 1467 2306 sola
1477 2267 1525 2304 ιιι
1541 2249 1772 2316 auferat,

168 2351 342 2418 dequa
361 2349 572 2404 dictttm
589 2357 670 2403 est
697 2365 709 2403 :
741 2346 880 2414 Quid
911 2347 1074 2401 incisa
1105 2354 1178 2399 est
1207 2345 1342 2414 scpis
1367 2342 1523 2415 (Gen.
1545 2358 1774 2410 xxxvttt,

169 2443 294 2514 29)?
327 2441 500 2498 Nemo
534 2442 803 2512 parietem
833 2450 979 2496 tuum
1010 2440 1255 2495 destruat
1280 2480 1294 2502 ,
1345 2453 1413 2493 ne
1453 2437 1528 2492 sis
1559 2438 1612 2491 in
1643 2451 1778 2492 con-

169 2534 552 2590 culcationem.
589 2533 881 2588 Paradisus
905 2547 998 2599 es,
1033 2532 1182 2603 virgo
1204 2573 1218 2597 ,
1253 2531 1418 2586 Evam
1449 2545 1601 2585 eave.

239 2629 330 2684 6|.
360 2627 510 2683 Fons
565 2626 810 2698 signatus
839 2642 898 2682 es
918 2669 933 2694 ,
966 2627 1120 2697 virgo
1148 2668 1163 2691 ,
1195 2640 1356 2680 nemo
1395 2640 1587 2696 aquam
1639 2632 1782 2679 tuam

174 2721 394 2792 polluat,
425 2736 600 2778 nemo
627 2723 948 2789 conturbet;
979 2730 1038 2777 ut
1063 2721 1357 2793 imaginem
1388 2729 1533 2776 tuam
1565 2722 1616 2776 in
1637 2719 1786 2776 fonte

178 2823 265 2869 tuo
285 2828 504 2884 semper
525 2815 804 2870 attendas.

245 2909 334 2962 62.
365 2908 531 2964 Porta
566 2909 754 2964 clausa
781 2923 841 2964 es
863 2951 877 2976 ,
904 2908 1090 2980 virgo,
1137 2923 1299 2964 nemo
1334 2909 1541 2980 aperiat
1565 2909 1786 2979 januam

181 3011 346 3070 tuam,
375 3019 542 3074 quam
578 3003 749 3059 semel
775 3002 976 3060 clausit
997 3004 1230 3058 Sanctus
1256 3013 1310 3059 et
1344 3003 1537 3068 Verus,
1574 3005 1661 3073 qui
1691 3003 1787 3058 ha-

180 3095 269 3151 bet
298 3097 497 3152 elavim
529 3095 726 3164 David,
759 3099 850 3168 qui
875 3097 1073 3170 aperit,
1099 3109 1153 3153 et
1179 3114 1343 3154 nemo
1373 3099 1574 3153 claudit
1601 3117 1612 3151 :
1643 3099 1791 3153 elau-

1944 2065 2034 2121 65.
2075 2063 2183 2121 Sed
2210 2062 2237 2101 δ
2266 2063 2456 2118 dicunt
2488 2063 2686 2132 [cetum
2720 2081 2733 2117 :
2767 2063 2848 2119 Ite
2870 2107 2884 2131 ,
2931 2066 3183 2137 baptizata
3209 2075 3381 2140 gentes
3425 2068 3482 2123 in

1874 2160 2079 2214 nomine
2099 2158 2274 2214 Patris
2301 2167 2349 2214 et
2375 2157 2503 2213 Filii
2525 2169 2572 2212 et
2596 2159 2826 2230 Spiritus
2851 2161 3020 2214 sancti
3041 2160 3260 2234 (Matth.
3286 2177 3480 2232 xxvm,

1879 2251 1991 2323 19);
2019 2263 2074 2307 et
2104 2253 2387 2321 objiciunt,
2422 2252 2548 2323 quia
2580 2253 2757 2324 primo
2787 2253 3001 2308 Patrem
3036 2255 3363 2322 nominavit,
3395 2272 3484 2313 se-

1877 2346 2059 2402 cundo
2088 2346 2305 2411 Filium,
2333 2345 2494 2401 tertio
2523 2345 2783 2415 Spiritum
2809 2356 3076 2401 sanctum.
3104 2347 3372 2420 Numquid
3395 2365 3486 2404 er-

1881 2439 2117 2510 go,'quia
2145 2439 2276 2494 dicit
2299 2438 2650 2509 Evangelium
2684 2457 2696 2492 :
2728 2437 2794 2494 In
2812 2439 3072 2510 principio
3095 2451 3205 2495 erat
3242 2440 3484 2511 Verbum,

1883 2541 1930 2587 et
1962 2530 2184 2588 Verbum
2207 2542 2316 2586 erat
2339 2532 2484 2604 apud
2518 2531 2681 2587 Deum
2704 2531 2889 2603 (Joan.
2913 2549 2953 2600 ι,
2985 2535 3059 2604 1),
3081 2534 3390 2592 inferiorem
3414 2536 3490 2594 si-

1884 2625 2159 2696 gnificavit
2188 2625 2442 2694 Patrem;
2482 2627 2605 2697 quia
2641 2626 2814 2697 primo
2848 2626 3083 2682 Verbum
3117 2629 3277 2702 265
3308 2631 3401 2686 Dei
3433 2631 3490 2688 in

1889 2719 2153 2790 principio
2181 2735 2399 2790 seraper
2417 2734 2540 2775 esse
2561 2734 2624 2774 ac
2652 2719 2816 2775 fuisse
2841 2723 3204 2778 memoravit?
3233 2725 3341 2780 Aut
3365 2739 3491 2782 cum

1887 2813 2024 2869 dixit
2052 2813 2347 2885 Apostolus
2372 2830 2385 2868 :
2418 2812 2483 2868 In
2503 2830 2660 2888 regno
2679 2813 2871 2870 Christi
2891 2824 2937 2868 et
2965 2812 3066 2870 Dei
3090 2814 3306 2889 (Ephes.
3330 2833 3380 2884 v,
3408 2816 3492 2889 5),

1887 2909 2136 2964 ordinem
2167 2908 2341 2965 fecit?
2373 2909 2481 2964 Aut
2515 2924 2637 2966 cum
2686 2910 2815 2966 dicit
2848 2911 2963 2981 ipse
2996 2911 3257 2968 Dominus
3285 2913 3447 2970 Jesus
3476 2933 3491 2970 :

1892 3002 2122 3074 Spiritus
2161 3001 2371 3057 Domini
2410 3019 2564 3074 super
2614 3019 2732 3071 me,
2773 3015 2983 3075 propter
3007 3007 3144 3073 quod
3181 3007 3329 3061 unxit
3380 3024 3492 3076 me,

1892 3097 2242 3167 et'angelizare
2258 3097 2571 3168 pauperibus
2593 3098 2732 3152 misit
2754 3114 2854 3166 me,
2875 3100 3162 3171 prtedicare
3174 3102 3388 3173 captivis
3414 3119 3498 3158 re-

182 3187 514 3246 ditetnemo
537 3192 720 3261 aperit
740 3191 930 3264 (Apoc.
956 3206 1036 3259 ιιι,
1067 3189 1144 3263 7).
1171 3192 1393 3263 Aperuit
1425 3193 1518 3247 tibi
1543 3191 1790 3263 Scriptu-
1820 3190 1866 3255 C
1896 3191 2185 3245 missionem
2212 3189 2364 3257 (Luc.
2394 3205 2470 3259 tv,
2504 3189 2615 3262 18),
2645 3192 3060 3249 eminentiorem
3090 3192 3226 3249 Filio
3255 3194 3348 3251 Dei
3374 3195 3500 3267 Spi-

185 3295 294 3345 ras,
317 3299 479 3339 nemo
504 3299 603 3340 eas
623 3285 844 3341 claudat
872 3302 887 3341 :
917 3284 1109 3341 clausit
1136 3285 1399 3357 pudorem
1430 3295 1600 3352 tuum,
1631 3301 1791 3343 nemo

189 3373 402 3443 aperiat
429 3391 580 3431 eum.

829 3469 1056 3526 CAPUT
1097 3469 1164 3524 Χ.

185 3557 443 3614 lunuitur
472 3561 822 3634 virginitatem
845 3579 1091 3617 coronam
1127 3578 1238 3617 esse
1277 3563 1330 3618 in
1365 3581 1519 3620 manu
1553 3565 1795 3637 Domini,

252 3671 407 3722 quem
432 3672 600 3709 unum
619 3673 720 3710 non
741 3656 1024 3712 secundum
1048 3657 1260 3727 perinde
1285 3675 1346 3711 ac
1377 3657 1588 3713 Patrem
1613 3669 1658 3714 et
1678 3661 1801 3730 Spi-

257 3749 416 3801 ritum
445 3749 681 3820 produnt
707 3750 1019 3820 Scriptum.
1046 3748 1111 3804 In
1135 3752 1230 3804 ltoc
1261 3751 1512 3822 objiciunt
1536 3753 1802 3826 Evangelii

256 3852 461 3898 textum
491 3845 729 3899 hceretici
751 3886 765 3913 ,
795 3854 848 3899 at
878 3846 970 3898 illo
1011 3862 1100 3916 per
1128 3846 1230 3899 alia
1259 3847 1552 3900 testimonia
1595 3849 1766 3904 soluto
1787 3891 1802 3918 ,

257 3936 388 4004 ﬁdes
417 3937 688 3992 catholica
716 3937 781 3991 de
814 3936 1065 3992 Trinitate
1095 3939 1452 4008 conﬁrmatur.

259 4027 349 4082 65.
394 4027 592 4096 Venio,
629 4027 824 4099 inquit,
851 4030 970 4095 cito,
994 4041 1105 4082 tene
1127 4031 1264 4100 quod
1291 4031 1479 4088 habes:
1504 4022 1650 4089 nemo
1671 4036 1809 4089 acci-

191 4120 296 4191 piat
345 4139 608 4177 coronam
653 4133 791 4177 tuam
838 4122 1027 4194 (Apoc.
1065 4140 1162 4190 ιιι,
1190 4125 1301 4196 Η).
1337 4127 1468 4194 Qua:
1497 4140 1579 4182 est
1609 4145 1808 4185 corona

192 4223 301 4281 tua,
336 4216 444 4270 nisi
476 4215 576 4270 illa
606 4215 677 4272 de
704 4231 808 4287 qua
832 4215 1034 4271 dictum
1063 4227 1146 4272 est
1171 4235 1184 4272 :
1217 4217 1287 4273 Et
1313 4221 1414 4275 eris
1442 4237 1632 4277 corona
1663 4223 1813 4278 deco-

191 4306 262 4361 ris
283 4308 337 4361 in
368 4326 538 4364 manu
577 4307 793 4363 Domini
815 4308 988 4381 (Esai.
1022 4326 1188 4375 Lxxu,
1215 4310 1314 4376 '5)?

261 4397 352 4456 6i.
383 4401 670 4469 QuiS’hOC
695 4401 844 4468 dicit,
875 4403 977 4459 nisi
1011 4404 1099 4458 ille
1123 4403 1191 4459 de
1217 4420 1324 4476 quo
1368 4406 1504 4462 dixit
1549 4408 1816 4464 Ecclesia-

193 4501 305 4549 stes
330 4515 344 4547 :
375 4493 478 4549 Est
500 4511 644 4549 unus
669 4504 715 4549 et
743 4505 934 4552 nonest
961 4497 1212 4552 secundus
1234 4497 1462 4570 (Eccles.
1482 4500 1659 4573 m8)?
1689 4502 1820 4569 Quis

194 4602 276 4647 εει
301 4591 411 4648 ἱειε
432 4632 448 4658 ,
482 4591 598 4647 nisi
637 4590 729 4648 ille
751 4591 819 4647 de
847 4608 956 4664 quo
983 4591 1186 4648 dictum
1219 4605 1301 4651 est
1328 4613 1341 4652 :
1376 4596 1627 4668 Magister
1659 4608 1824 4652 vester

1897 3284 2059 3337 ritum
2089 3299 2210 3338 esse
2241 3292 2468 3339 testatus
2495 3284 2610 3338 est?

1969 3375 2060 3431 66.
2086 3376 2360 3445 Advertis,
2393 3377 2566 3448 virgo,
2591 3377 3046 3448 quemadmodum
3070 3379 3172 3436 ista
3197 3381 3499 3440 solvantur.

1900 3470 2065 3547 Aperi
2095 3469 2159 3525 ad
2188 3469 2305 3526 hare
2343 3485 2502 3526 aures
2538 3482 2679 3539 tuas,
2711 3487 2773 3527 os
2799 3482 2947 3528 tuum
2971 3473 3186 3529 claude.
3219 3477 3384 3547 Aperi
3407 3492 3506 3534 au-

1901 3580 1992 3620 res
2017 3607 2031 3632 ,
2063 3573 2122 3619 ut
2164 3563 2550 3636 ﬁdem‘audias
2583 3583 2596 3620 :
2629 3565 2819 3624 claude
2847 3582 2909 3624 os
2933 3610 2948 3636 ,
2979 3578 3036 3624 ut
3069 3578 3253 3628 teneas
3289 3581 3508 3644 ἤγετε-

1902 3660 2178 3714 cundiam.

1979 3751 2069 3807 67.
2101 3751 2313 3807 Deinde
2343 3751 2470 3806 illttd
2501 3752 2706 3824 legunt,
2735 3755 2857 3824 quia
2885 3753 3058 3810 dixit:
3089 3753 3156 3810 In
3177 3760 3380 3814 nomine
3401 3757 3512 3815 Pa-

1909 3848 2000 3900 tris
2030 3855 2075 3899 et
2105 3843 2235 3899 Filii
2257 3854 2307 3899 et
2338 3845 2569 3916 Spiritus
2596 3847 2784 3913 sancti;
2805 3855 2860 3902 et
2890 3861 2998 3902 non
3027 3845 3341 3921 intelligunt
3367 3852 3513 3922 quod

1909 3950 2036 3995 ante
2068 3937 2392 4010 praemiserit
2422 3956 2434 3992 :
2467 3937 2534 3992 In
2575 3940 2799 4004 nomine,
2847 3939 3041 4010 inquit.
3084 3940 3219 3998 Tres
3251 3959 3516 4014 personas

1911 4033 2129 4103 quidem
2170 4030 2496 4102 signiﬁcavit
2518 4073 2533 4100 ,
2567 4031 2662 4088 sed
2695 4047 2858 4088 ttnum
2881 4032 3164 4091 Trinitatis
3195 4051 3392 4093 nomen
3420 4053 3513 4096 as-

1914 4128 2105 4184 seruit.

1989 4221 2078 4276 68.
2105 4219 2255 4277 Unus
2280 4220 2460 4292 itaque
2488 4221 2652 4289 Deus,
2678 4237 2844 4277 unum
2867 4238 3085 4291 nomen,
3111 4241 3213 4281 una
3237 4226 3517 4298 divinitas,

1919 4333 2021 4371 una
2047 4315 2322 4387 majestas.
2343 4314 2535 4371 Nullus
2557 4331 2686 4388 ergo
2707 4319 3006 4373 secundus:
3036 4321 3157 4390 quia
3189 4320 3518 4394 principium

1920 4411 2163 4465 omnium
2211 4409 2453 4465 Trinitas
2497 4418 2610 4478 est,
2643 4419 2698 4465 et
2739 4409 3019 4469 Trinitatis
3058 4413 3321 4484 primatus
3355 4429 3522 4486 super

1924 4503 2104 4557 omnia
2134 4513 2234 4559 est.
2263 4503 2405 4572 Ergo
2424 4518 2564 4558 unus
2591 4512 2642 4558 et
2677 4519 2784 4558 non
2809 4513 2893 4560 est
2919 4506 3211 4562 secundus.
3238 4508 3391 4566 Unus
3411 4520 3517 4584 est,

1927 4598 2015 4669 qui
2050 4597 2349 4653 secundum
2403 4612 2512 4652 non
2560 4597 2753 4665 habet;
2807 4599 2936 4671 quia
2974 4601 3166 4659 unicus
3214 4603 3362 4662 solus
3402 4606 3525 4666 sine

269 4771 296 4797 ει
326 4761 508 4826 Edit.,
537 4768 592 4814 et
619 4775 754 4814 unus
784 4758 878 4814 Dei
911 4757 1114 4826 Filius;
1141 4774 1297 4827 mss.,
1326 4770 1372 4815 et
1402 4777 1534 4814 unus
1565 4758 1703 4816 Deus
1727 4757 1825 4815 Fi-
1847 4759 1904 4822 D
1931 4767 2189 4831 perpetua
2223 4767 2371 4831 recte
2417 4756 2638 4813 sentiat.
2668 4756 2842 4831 Porro
2885 4773 2998 4831 non
3025 4759 3217 4829 injuria
3262 4763 3366 4821 hoc
3405 4768 3529 4826 loco

198 4833 319 4888 lius.
352 4833 533 4901 Magis
567 4831 877 4887 commode.

271 4905 297 4943 ι’
331 4905 586 4960 Duhium
624 4903 710 4958 hic
740 4902 981 4958 incidere
1024 4911 1203 4972 potest
1239 4910 1416 4957 utrum
1463 4902 1516 4957 in
1547 4905 1714 4960 verbo
1744 4905 1826 4958 di-

201 4986 322 5031 cunt
347 4975 706 5046 intelligendi
731 4976 839 5030 sint
860 4971 1193 5029 Bonosiani?
1221 4971 1382 5030 Certe
1405 4975 1621 5045 quidem
1651 4991 1826 5047 neque

201 5047 541 5103 Ambrosius
562 5061 729 5115 supra
742 5061 791 5101 c.
812 5047 864 5113 5,
883 5062 1058 5115 neque
1071 5047 1336 5102 Bonosius
1351 5047 1401 5100 in
1427 5063 1487 5102 ea
1501 5062 1589 5116 ep.
1610 5062 1716 5117 qua
1741 5049 1825 5102 sui

196 5118 472 5188 judicium
505 5118 581 5174 ad
626 5118 949 5175 Macedones
979 5120 1267 5188 episcopos
1298 5119 1546 5179 remittit.
1587 5119 1723 5174 hanc
1747 5121 1828 5175 eis

203 5192 467 5248 haeresim
501 5191 778 5247 attribuit.
811 5189 919 5246 Sed
948 5190 1279 5260 respondere
1309 5206 1414 5245 non
1450 5190 1670 5246 diltieile
1699 5200 1784 5246 est
1809 5231 1824 5257 ,

203 5263 260 5318 in
289 5279 468 5333 Opere
504 5261 662 5334 quod
692 5261 1040 5334 inStituenda:
1069 5261 1292 5334 virginis
1321 5277 1483 5318 causa
1515 5272 1827 5332 susceptum

205 5332 378 5401 esset,
408 5332 545 5391 curri
573 5348 818 5389 errorem
841 5332 935 5405 qui
962 5349 1028 5388 ex
1054 5332 1321 5389 diametro
1343 5335 1638 5402 virginitati
1661 5349 1829 5403 oppo-

205 5406 397 5472 nitur,
445 5405 809 5476 anteiomnia
843 5405 1183 5460 refutandum
1229 5405 1434 5460 fuisse:
1476 5407 1527 5460 in
1559 5405 1828 5476 Capuensi

208 5487 394 5550 autem
432 5475 660 5550 synodo
696 5494 802 5550 non
834 5477 1100 5550 agendum
1131 5477 1232 5532 nisi
1250 5477 1323 5550 Vde
1349 5477 1600 5549 dogmate
1628 5475 1834 5533 eisdem

210 5549 501 5607 hterctici’s
539 5549 797 5620 proprio;
821 5563 942 5604 cum
969 5549 1095 5604 illud
1121 5549 1260 5620 quod
1286 5550 1416 5620 ipsis
1439 5559 1600 5621 atque
1620 5550 1836 5606 Arianis

211 5634 334 5680 erat
364 5636 708 5693 commune,
735 5622 867 5678 satis
889 5636 1161 5693 (superque
1189 5621 1300 5692 jam
1320 5622 1573 5678 Ecclesiae
1603 5623 1839 5678 auctori-

215 5703 300 5750 tas
345 5692 724 5750 confodisset.

748 5692 899 5763 Quod
928 5692 1106 5748 tamen
1139 5694 1315 5748 obiter
1348 5695 1434 5749 hic
1459 5693 1712 5749 refellere
1739 5694 1838 5748 mi-

215 5768 369 5824 nime
399 5763 646 5836 negligit
670 5765 808 5820 idem
843 5765 1070 5836 prtesul.
1101 5766 1221 5836 quia
1250 5768 1337 5836 qui
1368 5765 1567 5822 Christi
1598 5780 1835 5836 negave-

215 5839 292 5898 rit
335 5839 734 5907 divinitatem,
764 5837 854 5894 vix
883 5852 1138 5910 umquam
1181 5839 1247 5895 de
1291 5839 1472 5896 Mariae
1530 5838 1838 5912 virginitate

1933 4828 2218 4904 designari
2237 4830 2576 4904 Bonosianos
2605 4828 2850 4904 velhinc
2882 4828 3185 4904 intelligas,
3216 4836 3358 4904 quod
3400 4853 3525 4894 cmn

1932 4903 2042 4960 illis
2067 4902 2398 4964 Photiniani,
2430 4916 2569 4972 quos
2591 4901 2795 4972 Christi
2821 4901 3113 4959 aeternitati
3138 4901 3323 4962 hostes
3347 4909 3527 4965 infen-

1933 4976 2180 5032 sissimos
2226 4989 2290 5047 eg
2332 4971 2534 5047 Ariana
2586 4971 2781 5047 hatresi
2825 4975 3120 5042 pullulasse
3167 4987 3419 5047 constat,
3453 4981 3529 5038 ita

1935 5058 2124 5120 postea
2151 5043 2359 5120 confusi
2393 5044 2776 5120 fuerint,_ut_hi
2801 5047 3002 5120 amisso
3042 5051 3262 5120 proprio
3283 5043 3528 5120 nomine,

1935 5119 1987 5174 in
2014 5118 2436 5194 Bonosiacorum
2465 5115 3532 5194 trtinsietfintappellationem,quemad-1

1936 5191 2154 5265 modum
2183 5187 2620 5265 Gennadiuslib.
2661 5187 2729 5265 de
2762 5188 3032 5265 Scriptor.
3074 5187 3429 5265 Ecclesfeap.
3463 5197 3531 5252 ﬂ

1935 5262 2274 5316 testiﬁcatur.
2308 5259 2610 5316 Concilium
2651 5260 2816 5315 etiam
2866 5259 3072 5316 Arelat.
3112 5278 3191 5328 ιι,
3223 5278 3346 5319 can.
3377 5259 3449 5322 '16
3479 5279 3536 5326 et

1938 5334 2036 5398 17,
2059 5333 2220 5388 docet
2249 5348 2312 5387 ex
2346 5331 2797 5386 Photinianorum
2829 5346 3020 5387 errore
3051 5335 3235 5390 venire
3267 5335 3533 5394 Bonosia-

1939 5420 2055 5471 eos,
2093 5405 2220 5460 licet
2263 5418 2380 5474 quae
2401 5402 2468 5458 de
2495 5413 2849 5472 utrorumque
2871 5403 3140 5474 baptismo
3175 5405 3284 5462 illic
3307 5409 3534 5467 tradun-

1939 5473 2309 5540 tur,indicent
2329 5476 2380 5528 in
2409 5489 2598 5530 eorum
2627 5474 2877 5529 doctrina
2907 5473 3110 5544 aliquid
3131 5477 3404 5536 exstitisse
3424 5482 3539 5540 dis-

1942 5548 2216 5624 criminis.
2238 5546 2340 5624 Adi
2368 5544 2806 5624 quoq_ue_Gelasi.i
2822 5544 3134 5624 _decretum_
3156 5547 3225 5603 de
3274 5550 3372 5624 lib.
3405 5569 3537 5624 pro-

1944 5619 2254 5686 hibitis,uhi
2269 5615 2520 5690 conjungi
2550 5617 2714 5690 ab_eo
2744 5615 3014 5690 videntur
3033 5618 3249 5690 utrique
3273 5615 3540 5685 haeretici.

2021 5704 2042 5729 ο
2077 5692 2207 5748 Mss.
2235 5686 2593 5747 verecundiam
2618 5687 2737 5742 Dei.
2774 5686 2853 5742 De
2878 5686 2972 5743 illo
2995 5686 3196 5760 legunt,
3226 5701 3334 5752 etc.
3366 5696 3543 5762 Minus

1945 5780 2232 5822 COHCIIIIIC.
