4054 6306
537 288 648 348 327

1888 281 2131 339 SANCTI
2171 278 2502 340 AMBROSII

3727 286 3820 346 διε

530 408 600 465 sti
625 416 779 464 ortus
803 419 869 462 ex
897 403 1302 477 Virgine,sicut
1319 403 1563 462 victores
1583 402 1762 458 solent
1788 400 2135 458 smenlarium
2164 404 2216 467 Α
2245 398 2527 457 Benedices
2546 414 2791 455 coronam
2837 398 2963 456 anni
2985 399 3310 474 benignitatis
3352 409 3471 467 ture,
3497 413 3548 458 et
3572 403 3737 467 campi
3758 407 3822 460 tui

536 501 876 573 praeliorum,
909 510 1258 556 strenuorum
1302 498 1545 556 virorum
1574 497 1740 570 269
1767 496 1985 551 donatis
2026 506 2141 550 tor-

533 597 738 669 quibus
757 595 1037 652 honorare
1060 594 1303 652 cervices
1331 610 1347 661 ;
1379 592 1450 649 ita
1481 592 1668 664 jugum
1702 601 1943 647 nostrum
1987 589 2136 645 leva-

538 691 635 759 vit,
664 700 724 748 ut
751 689 992 747 lidelium
1017 690 1158 747 colla
1184 688 1400 745 virtutis
1420 686 1729 759 insignibus
1753 694 2065 742 coronaret.

613 784 705 841 90.
737 783 878 840 Vere
908 791 1090 840 autem
1115 784 1266 838 alvus
1296 781 1387 838 ille
1428 782 1614 837 Maria:
1642 789 1821 837 crater
1849 778 2140 846 tornatilis,

541 880 598 937 in
623 894 736 951 quo
765 889 885 936 erat
913 876 1221 951 Sapientia,
1250 892 1373 949 quae
1399 876 1616 932 miscuit
1636 876 1693 932 in
1719 884 1932 931 cratere
1954 874 2140 929 vinum

539 990 724 1043 suum,
757 973 1163 1031 indelicientem
1202 970 1531 1043 cognitionis
1558 970 1661 1042 pia:
1688 971 1917 1042 gratiam
1941 967 2145 1025 divini-

536 1069 667 1124 tatis
691 1082 805 1124 sute
836 1066 1175 1139 plenitudine
1195 1063 1612 1121 subministrans
1633 1062 1817 1137 (Prov.
1850 1078 1926 1129 Ix,
1952 1060 2033 1135 2).

615 1161 792 1220 91.1η
833 1177 942 1232 quo
974 1160 1200 1232 virginis
1231 1166 1388 1216 utero
1418 1157 1583 1216 simul
1613 1172 1843 1214 acervus
1870 1156 2061 1223 tritici,
2091 1164 2147 1212 et

540 1258 643 1316 lilii
696 1256 847 1314 ﬂoris
874 1253 1051 1326 gratia
1087 1251 1752 1325 germinabat;quoniam
1806 1258 1863 1305 et
1909 1263 2143 1321 granum

542 1354 710 1413 tritici
757 1351 1078 1426 generabat,
1127 1357 1186 1405 et
1214 1348 1405 1405 lilium.
1448 1346 1689 1404 Granum
1739 1345 1905 1400 tritici
1953 1358 2148 1401 secun-

539 1450 667 1506 dum
689 1446 833 1521 quod
860 1444 1126 1515 scriptum
1158 1450 1244 1500 est
1266 1456 1283 1496 :
1309 1442 1498 1507 Amen,
1526 1454 1677 1493 amen
1703 1437 1823 1492 dico
1856 1436 2018 1504 vobis,
2046 1435 2150 1490 nisi

541 1558 762 1618 granum
806 1539 965 1595 tritici
1012 1535 1202 1592 cadens
1249 1536 1304 1590 in
1355 1543 1586 1601 terram,
1639 1542 1899 1588 mortuum
1967 1530 2146 1602 fuerit,

541 1636 715 1706 ipsum
741 1633 914 1689 solum
950 1639 1122 1687 manet
1151 1629 1336 1703 (loan.
1360 1644 1459 1695 xu,
1497 1624 1619 1697 24).
1669 1625 1776 1683 Sed
1798 1626 1921 1698 quia
1946 1624 2013 1682 de
2042 1638 2151 1681 uno

541 1742 716 1802 grano
745 1726 910 1783 tritici
950 1737 1181 1781 acervus
1209 1729 1297 1779 est
1322 1721 1523 1785 lactus,
1545 1720 1875 1790 completum
1902 1726 1986 1774 est
2017 1716 2149 1774 illud

2241 491 2579 562 replebuntnr
2596 492 2842 548 ubertate.
2872 492 3218 566 Pinguescent
3234 495 3397 568 27o
3410 496 3542 566 ﬁnes
3562 497 3762 565 deserti,
3786 509 3825 554 et

2240 587 2586 642 exsultatione
2633 586 2789 643 colles
2857 587 3209 663 accingentur.
3255 588 3440 645 lnduti
3479 600 3607 645 sunt
3661 591 3826 648 arietes

2242 680 2438 747 ovium,
2464 690 2514 736 et
2539 681 2797 736 convalles
2817 682 3082 738 abundant
3103 685 3363 754 frumento
3386 700 3406 752 ;
3439 684 3629 740 etenim
3653 686 3827 741 clama-

2243 773 2392 843 bunt,
2411 785 2459 830 et
2488 776 2735 849 hymnum
2766 776 2933 832 dicent
2957 776 3079 851 (Ps.
3109 794 3255 846 utv,
3289 778 3360 835 12
3377 789 3427 835 et
3454 779 3617 853 seq.).

2316 867 2406 925 95.
2429 867 2563 936 Quis
2588 878 2675 925 est
2697 885 2875 926 annus
2901 870 3196 927 Dominicat
3235 871 3519 940 bonitatis,
3539 873 3641 929 nisi
3662 873 3749 931 ille
3770 875 3829 932 de

2244 975 2354 1031 quo
2400 961 2603 1017 dictum
2656 973 2739 1018 est
2780 980 2795 1017 :
2825 962 3078 1035 Tempore
3104 974 3311 1039 acceplo
3337 967 3582 1022 exaudivi
3602 976 3669 1035 te,
3698 977 3744 1023 et
3784 968 3830 1025 in

2245 1054 2331 1109 die
2357 1056 2541 1111 salutis
2568 1055 2750 1126 adjuvi
2777 1066 2826 1113 te
2853 1056 3029 1130 (Esai.
3064 1073 3213 1124 ms,
3242 1057 3340 1132 8);
3370 1058 3594 1130 quando
3624 1060 3829 1132 populo-

2246 1165 2367 1206 rum
2392 1151 2499 1207 tide
2526 1148 2555 1189 δ
2583 1151 2824 1208 Ecclesia
2845 1151 3162 1218 abundavit,
3179 1152 3446 1224 justitiam
3473 1153 3653 1209 induit
3671 1169 3831 1210 sacer-

2247 1242 2448 1298 dotes?
2474 1242 2630 1301 Unde
2675 1253 2732 1300 et
2767 1244 3067 1316 Apostolus
3102 1244 3236 1301 dicit
3264 1263 3279 1300 :
3306 1245 3441 1302 Ecce
3466 1263 3610 1302 nunc
3657 1256 3834 1317 tempus

2248 1336 2565 1408 acceptabile
2589 1378 2605 1405 ,
2646 1354 2763 1394 ecce
2812 1354 2951 1393 nunc
2990 1338 3100 1395 dies
3137 1338 3324 1395 salutis
3372 1339 3441 1413 (ll
3470 1339 3598 1396 Cor.
3626 1356 3701 1408 vr,
3748 1342 3830 1413 2);

2250 1429 2471 1500 quando
2503 1430 2657 1486 venit
2680 1429 2944 1488 Dominus
2972 1432 3270 1502 praedicare
3299 1448 3503 1490 annum
3535 1434 3745 1491 Domini
3761 1448 3835 1490 ac-

2251 1530 2494 1594 ceptum,
2520 1531 2575 1578 et
2598 1522 2744 1579 diem
2774 1525 3174 1595 retributionis,
3197 1526 3406 1584 sicutin
3435 1527 3735 1601 Evangelio
3752 1543 3835 1586 suo

2254 1613 2371 1684 ipse
2397 1616 2723 1671 memoravit
2774 1616 2999 1673 dicens:
3033 1618 3266 1687 Spiritus
3311 1619 3527 1677 Domini
3567 1638 3723 1694 super
3747 1638 3835 1689 me,

2258 1716 2466 1778 propter
2493 1708 2629 1773 quod
2655 1709 2804 1764 unxit
2830 1726 2931 1776 me,
2962 1719 3068 1766 etc.
3096 1709 3250 1782 (Luc.
3280 1727 3355 1782 tv,
3390 1713 3505 1786 18).

542 1798 919 1895 propheticum
950 1836 963 1873 :
994 1815 1068 1872 Et
1087 1815 1347 1872 convalles
1374 1812 1710 1869 abundabunt
1741 1808 2138 1883 frumento(Ps.
2172 1798 2222 1860 B
2319 1801 2409 1858 96.
2434 1803 2587 1859 Tunc
2610 1818 2746 1876 ergo
2790 1804 3052 1860 Dominus
3067 1807 3327 1877 operibus
3353 1808 3470 1863 suis
3507 1818 3566 1865 et
3613 1809 3775 1881 gloria
3794 1818 3838 1865 et

541 1909 846 1982 um“),
888 1911 1014 1981 quia
1060 1924 1290 1981 granum
1322 1904 1457 1961 illud
1505 1912 1800 1969 mortuum,
1851 1902 2143 1974 plurimum

543 2008 780 2064 fructum
806 2003 1010 2061 attulit.
1034 2002 1149 2059 Hoc
1177 2001 1362 2073 itaque
1389 2015 1621 2073 granum
1647 2011 1842 2055 omnes
1895 1995 2145 2052 homines

543 2108 809 2175 perpetua
838 2096 1147 2155 caelestium
1197 2108 1485 2151 munerum
1515 2106 1640 2148 esca
1690 2090 2148 2147 saturavitzcon-

544 2202 989 2264 summatumque
1034 2198 1121 2247 est
1166 2189 1299 2245 illud
1333 2187 1637 2258 prophetici
1691 2187 1800 2242 oris
1847 2184 2143 2256 eloquium,

546 2288 766 2345 dicente
792 2285 984 2343 eodem
1019 2282 1232 2339 David:
1258 2281 1454 2338 Cibavit
1480 2297 1567 2336 eos
1611 2297 1674 2336 ex
1710 2279 1861 2352 adipe
1881 2279 2148 2350 frumenti,

549 2382 683 2439 etde
709 2388 857 2451 petra
884 2377 1036 2433 melle
1063 2375 1312 2432 saturavit
1333 2391 1419 2430 eos
1444 2372 1565 2445 (Ps.
1582 2388 1750 2440 Lxxx,
1776 2373 1892 2443 17).

619 2471 711 2530 92.
749 2472 812 2528 ln
833 2470 937 2529 hoc
957 2483 1130 2542 grano
1152 2482 1275 2525 esse
1300 2468 1466 2524 etiam
1518 2466 1690 2522 lilium
1722 2464 1906 2521 divina
1948 2472 2151 2521 testano

551 2576 642 2625 tur
674 2565 936 2632 oracula;
968 2562 1093 2636 quia
1114 2563 1379 2634 scriptum
1410 2570 1534 2618 est:
1564 2558 1678 2633 Ego
1694 2576 1809 2615 sum
1830 2561 1929 2631 ﬂos
1956 2559 2149 2631 campi,

545 2672 595 2719 et
618 2663 789 2718 lilium
817 2659 1131 2717 convallium
1155 2675 1176 2715 :
1200 2661 1335 2714 sicut
1380 2657 1549 2713 lilium
1588 2658 1643 2711 in
1663 2656 1831 2712 medio
1880 2656 2152 2727 spinarum

543 2757 720 2828 (Cant.
741 2773 807 2826 ιι,
829 2756 903 2829 1).
937 2754 1187 2812 Christus
1209 2759 1331 2809 erat
1358 2750 1531 2807 lilium
1560 2750 1614 2806 in
1640 2747 1822 2808 medio
1842 2748 2150 2823 spinarum,

546 2849 772 2925 quando
795 2857 915 2907 erat
940 2848 996 2905 in
1017 2845 1202 2904 medio
1240 2844 1575 2903 Judaeorum.

1155 2963 1384 3021 CAPUT
1424 2962 1541 3020 XV.

558 3058 801 3134 Virgines
821 3057 1048 3132 quodam
1091 3056 1348 3130 singulari
1377 3056 1531 3113 modo
1565 3057 1670 3113 dici
1694 3072 1842 3129 posse
1869 3055 1980 3112 lilia
2005 3055 2158 3111 Chri-

621 3155 690 3209 sti
712 3172 733 3223 ;
759 3152 1021 3211 Christum
1050 3168 1169 3208 vero
1198 3153 1371 3224 ipsum
1423 3160 1562 3207 recte
1589 3167 1679 3223 per
1723 3167 1960 3207 acervum
1996 3149 2158 3205 tritici

620 3248 748 3305 liliis
771 3247 1148 3305 circumdatum
1174 3246 1478 3303 adumbrari
1502 3261 1525 3313 ;
1553 3247 1740 3321 quippe
1766 3245 1856 3315 qui
1882 3255 1929 3300 et
1965 3242 2150 3299 Eccle-

618 3348 751 3403 siam
790 3346 1165 3419 fecundaverit,
1196 3354 1243 3401 et
1291 3344 1614 3400 diversorum
1664 3342 1896 3399 retulerit
1936 3356 2155 3398 coronas

619 3439 983 3496 certaminum.

623 3555 715 3614 95.
741 3555 904 3622 Audi,
933 3555 1111 3626 virgo,
1141 3554 1272 3625 quid
1322 3553 1467 3610 dicat
1499 3566 1513 3604 :
1546 3551 1766 3621 Litium,
1807 3550 2002 3624 inquit,
2032 3567 2154 3607 con-

550 3648 767 3705 vallium
786 3648 1059 3714 Christus,
1083 3646 1137 3702 id
1164 3654 1270 3713 est,
1307 3644 1595 3702 humilium
1640 3646 1945 3702 animarum
1973 3655 2028 3700 et
2054 3645 2157 3699 mi-

550 3743 711 3798 tium.
745 3741 875 3797 Esto
895 3756 1026 3814 ergo
1062 3740 1231 3807 mitis,
1263 3739 1508 3808 humilis,
1538 3750 1701 3812 atque
1739 3749 2021 3797 mansueta
2048 3780 2065 3809 ,
2095 3748 2155 3796 ut

550 3835 609 3892 in
632 3842 686 3891 te
707 3833 849 3890 sicut
870 3832 1040 3889 lilium
1079 3832 1349 3905 germinet
1373 3831 1644 3889 Christus.
1675 3833 1751 3888 De
1780 3847 1889 3904 quo
1941 3842 1997 3888 et
2022 3831 2153 3887 alibi

553 3929 765 3989 habes:
797 3928 961 3985 Labia
1010 3929 1124 3997 eius
1172 3928 1284 3984 lilia
1307 3936 1334 3964 ⁸
1362 3927 1619 3983 stillantia
1637 3926 1903 3997 myrrham
1935 3926 2154 4000 primam

552 4021 732 4096 (Cant.
763 4037 817 4093 v,
852 4021 948 4093 15)
971 4036 988 4088 ;
1013 4019 1066 4077 id
1090 4028 1195 4088 est,
1229 4020 1321 4092 qui
1351 4020 1556 4078 Christi
1581 4020 1891 4091 passionem
1920 4018 2155 4092 loquun-

552 4124 644 4173 tur
673 4125 729 4173 et
767 4129 869 4172 suo
891 4130 986 4171 ore
1011 4114 1417 4182 concelebrant,
1448 4129 1512 4170 ac
1535 4113 2009 4171 mortiﬁcationem
2037 4113 2154 4186 ejus

552 4208 610 4267 in
634 4224 738 4266 suo
762 4207 1153 4266 circumierunt
1180 4222 1436 4279 corpore,
1467 4205 1671 4263 Christi
1693 4207 1805 4262 lilia
1833 4215 1991 4272 sunt;
2030 4220 2154 4276 spe-

551 4301 766 4360 cialiter
789 4315 963 4357 sacrm
992 4300 1252 4372 virgines,
1283 4315 1514 4371 quantm
1546 4308 1632 4355 est
1656 4296 1939 4369 splendida
1963 4306 2019 4353 et
2054 4297 2154 4353 im-

554 4395 821 4452 maculata
867 4394 1170 4465 virginitas.
1224 4392 1378 4451 Unde
1408 4392 1655 4464 plerique
1707 4391 1981 4462 accipiunt
2006 4391 2153 4463 quod

556 4487 804 4545 Ecclesia
826 4485 1081 4543 videatur
1109 4485 1295 4543 dicere
1323 4503 1336 4540 :
1378 4484 1494 4560 Ego
1523 4500 1637 4539 sum
1673 4485 1771 4556 ﬂos
1793 4485 1980 4557 campi,
2005 4494 2056 4540 et
2083 4484 2151 4539 li-

555 4581 686 4638 lium
710 4580 1021 4637 convallium
1045 4595 1066 4636 :
1094 4595 1214 4652 quae
1245 4580 1300 4635 in
1344 4578 1447 4636 hac
1472 4577 1719 4635 convalle
1757 4578 1915 4634 istius
1966 4577 2151 4634 mundi
2180 4596 2232 4658 ι)

554 4676 785 4750 gratiam
842 4674 972 4731 boni
1023 4674 1210 4731 odoris
1251 4673 1511 4741 exhalat,
1563 4672 1772 4729 sedulae
1811 4672 2154 4729 confessione

555 4770 799 4842 pietatis.
830 4768 1071 4841 Denique
1092 4777 1146 4825 et
1175 4767 1305 4824 alibi
1334 4766 1497 4823 dicit:
1518 4765 1707 4821 Frater
1729 4782 1867 4821 meus
1890 4765 2157 4822 descendit

553 4861 610 4919 in
637 4864 845 4917 hortum
862 4876 1036 4930 suum,
1065 4861 1117 4916 in
1144 4859 1350 4933 phialas
1369 4860 1638 4927 aromatis,
1655 4874 1866 4929 pascere
1886 4858 1940 4911 in
1968 4856 2153 4923 hortis,

552 4964 601 5013 et
626 4953 871 5027 colligere
894 4952 1031 5009 lilia.
1064 4951 1177 5026 Ego
1205 4951 1360 5024 fratri
1402 4967 1536 5018 meo,
1567 4959 1611 5006 et
1642 4954 1804 5022 frater
1832 4966 1975 5007 meus
2002 4949 2154 5017 mihi,

550 5048 639 5121 qui
667 5047 837 5121 pascit
862 5045 994 5102 inter
1018 5044 1134 5101 lilia
1156 5044 1331 5118 (Cant.
1362 5058 1441 5113 v1,
1466 5045 1519 5111 1,
1550 5043 1633 5116 2).
1693 5064 1710 5082 ο

625 5141 720 5198 94.
743 5141 825 5198 Ex
852 5140 949 5198 illo
991 5155 1123 5212 ergo
1151 5147 1309 5196 utero
1340 5137 1526 5196 Mariae
1551 5137 1783 5195 ditiusus
1820 5147 1905 5194 est
1928 5137 1981 5194 in
2013 5136 2160 5193 hunc

552 5234 818 5294 mundum
861 5249 1094 5293 acervus
1137 5233 1304 5290 tritici
1354 5233 1545 5290 muniti
1576 5231 1723 5289 inter
1766 5231 2158 5303 lilia;quando

550 5341 714 5390 natus
743 5339 829 5389 est
866 5345 935 5388 ex
964 5344 1032 5388 ea
1061 5328 1334 5399 Christus,
1366 5327 1452 5386 cui
1481 5328 1612 5385 dicit
1651 5327 1921 5400 propheta
1953 5327 2152 5383 David:

546 5469 605 5529 Si
625 5471 749 5545 quis
776 5478 960 5545 tamen
995 5468 1165 5545 plura
1196 5466 1493 5545 desideret,
1544 5466 1705 5545 adeat
1734 5465 2143 5545 Yegetiumlib.

544 5536 771 5612 xxfcap.
798 5543 894 5609 27,
917 5551 977 5599 et
995 5536 1239 5612 Lipsium
1268 5540 1338 5596 de
1370 5536 1524 5612 Milit.
1552 5540 1737 5605 Bonn,
1758 5536 1913 5612 lib.v,
1935 5553 1986 5608 p.
2016 5536 2147 5612 909,

546 5608 641 5670 ubi
668 5608 737 5670 ad
766 5608 892 5671 eum
942 5608 1150 5669 morem
1180 5627 1322 5668 nunc
1350 5611 1583 5668 usitatos
1615 5611 1954 5681 equestrium
2003 5608 2152 5666 ordi-

545 5695 935 5757 numtorques
949 5692 1208 5757 acceptos
1226 5682 1414 5741 relert.

617 5751 828 5827 SEdit.
902 5751 1223 5827 pistillantia
1273 5755 1549 5827 myrrham
1586 5753 1789 5824 plenam
1813 5769 1830 5815 ;
1889 5752 1965 5806 sic
2007 5751 2151 5827 enim

546 5826 717 5899 LXX,
746 5825 1005 5896 σταζόντα
1031 5830 1262 5909 σμύρναν
1282 5824 1472 5905 πλήρη.
1503 5825 1634 5883 Mss.
1653 5835 1856 5892 tamen,
1875 5834 1929 5880 et
1945 5824 2156 5896 vulgata

2246 1894 2457 1954 honore
2486 1898 2569 1954 sui
2601 1906 2817 1970 tempus
2853 1899 3135 1955 coronavit
3180 1900 3481 1969 adventus;
3541 1911 3687 1959 totus
3714 1904 3837 1959 enim

2250 1988 2345 2044 ille
2369 2004 2549 2046 annus
2572 1992 3006 2047 conversationis
3024 1992 3142 2063 ejus
3168 1992 3221 2048 in
3245 1991 3350 2051 hoc
3379 1994 3591 2051 mundo
3619 1995 3836 2052 diversa-

2248 2097 2369 2139 rum
2424 2084 2613 2141 habuit
2650 2086 2947 2142 certamina
2996 2090 3333 2160 passionum.
3390 2090 3538 2147 Vicit
3591 2090 3836 2148 Herodem

2249 2177 2514 2248 parvulus
2554 2178 2771 2251 (Matth.
2801 2181 3001 2253 ".16).
3048 2181 3116 2239 de
3153 2199 3259 2253 quo
3290 2184 3344 2239 in
3388 2184 3651 2256 passione
3692 2185 3839 2240 inlan-

2251 2271 2386 2327 tium
2409 2272 2783 2344 triumphavit.
2804 2274 3059 2343 Esurivit,
3093 2277 3286 2341 sitivit.
3312 2292 3414 2350 pro
3441 2278 3607 2335 nobis
3638 2276 3838 2349 vapula-

2251 2366 2375 2433 vit,
2430 2382 2529 2438 pro
2577 2368 2736 2425 nobis
2780 2370 3235 2428 contumeliarum
3291 2372 3517 2446 indigna
3566 2372 3837 2440 toleravit,

2251 2474 2470 2518 crucem
2517 2461 2788 2533 ascendit,
2816 2474 3065 2521 mortuus
3087 2474 3174 2522 est
3217 2481 3319 2538 pro
3366 2466 3552 2524 nobis.

2897 2627 3126 2686 CAPUT
3167 2628 3309 2686 XVI.

2262 2741 2562 2815 Virginibus
2591 2745 2879 2800 exeundum
2908 2746 3111 2801 obviam
3134 2744 3362 2819 Christo,
3394 2757 3445 2803 et
3489 2765 3599 2820 qua
3642 2749 3838 2805 ratione.

2333 2833 2490 2890 Hunc
2505 2836 2713 2905 quidem
2754 2852 2785 2891 a
2811 2847 2974 2893 matre
3016 2851 3322 2895 coronatum
3364 2857 3475 2897 esse
3498 2859 3525 2910 ;
3554 2842 3648 2897 sed
3696 2851 3840 2895 tamen

2329 2930 2391 2985 de
2419 2932 2585 3001 ipsius
2624 2932 2890 2988 divinitate
2942 2949 3048 2989 non
3099 2934 3482 3009 ambigendum.
3547 2935 3840 2992 Sumenda»:

2329 3026 2502 3096 itaque
2524 3028 2805 3099 perfectam
2834 3028 2991 3100 ﬁdem
3016 3030 3072 3085 in
3096 3047 3210 3085 esca
3236 3032 3331 3087 illa
3356 3048 3518 3103 quam
3546 3032 3742 3103 paravit
3762 3028 3839 3084 la-

2330 3118 2445 3188 cob,
2476 3128 2521 3174 et
2548 3121 2601 3174 in
2628 3120 2763 3176 stola
2779 3138 2937 3193 quam
2965 3122 3193 3193 prudens
3216 3123 3400 3179 mulier
3418 3125 3709 3192 contexuit,
3729 3137 3841 3194 pra:-

2184 3196 2230 3261 C
2330 3214 2613 3286 ﬁguratam
2641 3232 2661 3283 ;
2688 3226 2744 3271 ut
2770 3217 2917 3288 virgo
2967 3216 3346 3272 benedictiones
3372 3233 3407 3271 a
3449 3215 3665 3274 Christo
3687 3231 3841 3273 come.

2327 3319 2469 3375 cura,
2492 3308 2550 3365 in
2577 3309 2783 3365 homine
2830 3307 2999 3365 Deum
3024 3310 3216 3376 videat,
3246 3310 3406 3366 immo
3449 3326 3582 3367 vero
3608 3310 3840 3368 Christum

2326 3401 2534 3471 induat,
2567 3403 2821 3474 simulque
2842 3404 3073 3459 omnium
3089 3415 3391 3461 ornamenta
3415 3404 3689 3462 virtutum.

2278 3594 2284 3599 ,
2327 3537 2417 3596 97.
2476 3538 2641 3597 Vides
2684 3549 2884 3613 quanta
2916 3552 2939 3582 ο
2983 3541 3323 3599 certamina!
3367 3541 3478 3600 Sed
3524 3555 3707 3600 tamen
3752 3557 3839 3598 non

2254 3647 2453 3689 avarus
2472 3643 2697 3691 exactor
2727 3635 2956 3706 praemii.
2984 3636 3071 3692 cui
3122 3635 3416 3693 abundavit
3457 3652 3575 3693 una
3629 3633 3841 3694 emicatis

2255 3743 2460 3785 corona
2480 3731 2716 3786 virtutis.
2767 3729 2926 3789 Unde
2951 3730 3294 3803 egredimini,
3327 3732 3452 3789 tilia:
3491 3732 3837 3798 Hierusalem,

2255 3823 2397 3879 sicut
2420 3837 2518 3878 vos
2540 3823 2787 3879 hortatur
2809 3822 3094 3895 Scriptura
3120 3823 3300 3880 divina
3323 3825 3377 3880 in
3407 3823 3659 3882 Canticis
3685 3821 3838 3881 canti-

2255 3932 2443 3974 corum
2475 3917 2841 3991 :Egredimini
2889 3928 2938 3974 et
2990 3919 3156 3974 videte
3206 3935 3379 3991 regem
3424 3919 3758 3976 Salomonem
3794 3916 3840 3970 in

2254 4029 2470 4079 corona,
2503 4028 2608 4085 qua
2653 4013 2920 4069 coronavit
2947 4029 3064 4069 eum
3092 4023 3255 4070 mater
3305 4015 3417 4081 eius
3445 4015 3504 4070 in
3534 4016 3624 4070 die
3646 4028 3840 4085 sponsa-

2256 4105 2383 4160 lium
2409 4108 2524 4180 ejus
2549 4149 2565 4174 ,
2597 4116 2646 4161 et
2670 4106 2727 4161 in
2752 4105 2838 4161 die
2858 4107 3205 4178 jucunditatis
3232 4106 3405 4162 cordis
3430 4110 3549 4182 ejus
3577 4107 3747 4183 (Cant.
3772 4119 3838 4172 tn,

2258 4198 2383 4269 ll);
2414 4199 2536 4270 quia
2559 4199 2682 4271 fecit
2726 4198 2848 4266 sibi,
2875 4197 3072 4270 inquit,
3097 4199 3402 4255 charitatem
3428 4217 3463 4255 a
3487 4200 3701 4271 ﬁliabus
3722 4198 3837 4253 Hic-

2254 4292 2501 4359 rusalem,
2546 4291 2650 4348 hoc
2677 4300 2769 4349 est
2796 4308 2810 4348 :
2842 4292 3178 4373 Egredimini
3233 4308 3301 4350 ex
3355 4292 3442 4350 his
3496 4294 3756 4367 angustiis
3795 4296 3841 4345 et

2255 4384 2717 4442 sollicitudinibus
2745 4386 3141 4457 corporalibus,
3181 4384 3505 4456 egredimini
3535 4402 3604 4443 ex
3647 4386 3744 4441 hac
3761 4383 3839 4438 de-

2256 4477 2555 4537 lectatione
2586 4479 2819 4548 carnali,
2848 4488 2905 4536 et
2947 4479 3375 4553 peregrinamini
3410 4480 3482 4538 de
3525 4495 3771 4553 corpore,
3794 4484 3841 4531 ut

2257 4571 2456 4629 adesse
2501 4572 2732 4629 Domino
2779 4570 3003 4644 possitis
3050 4588 3066 4639 ;
3118 4573 3376 4643 quoniam
3439 4574 3534 4645 qui
3593 4575 3649 4629 in
3699 4582 3841 4628 came

2258 4676 2411 4737 sunt,
2442 4668 2672 4725 Domino
2692 4682 2795 4725 suo
2830 4668 3049 4740 placere
3071 4683 3178 4725 non
3208 4676 3460 4740 possunt.
3492 4668 3703 4724 Dicitur
3725 4677 3839 4734 ergo

2256 4765 2413 4821 vobis
2436 4764 2559 4836 quia
2593 4779 2700 4819 non
2728 4766 2861 4820 estis
2902 4763 2957 4818 in
2981 4778 3167 4831 carne,
3194 4762 3291 4819 sed
3335 4763 3390 4818 in
3438 4762 3634 4833 spiritu
3680 4758 3838 4831 (Rom.

2262 4873 2381 4925 vni,
2413 4857 2470 4925 8,
2494 4857 2578 4929 9),
2606 4857 2652 4913 si
2699 4856 2986 4928 potueritis
3031 4853 3502 4927 comprehendere
3554 4849 3839 4912 Salomonis

2261 4955 2374 5010 veri
2407 4953 2551 5010 illius
2596 4952 2807 5025 paciﬁci
2835 4950 3187 5019 charitatem,
3214 4965 3378 5023 quam
3427 4949 3559 5007 fecit
3582 4947 3685 5006 sibi
3705 4947 3836 5018 ipse;

2260 5056 2316 5104 et
2339 5045 2464 5104 ideo
2492 5060 2749 5103 coronam
2781 5044 2992 5116 accepit
3020 5059 3052 5100 a
3096 5053 3290 5100 matre.

2331 5138 2422 5196 98.
2455 5139 2621 5195 Beata
2652 5148 2827 5195 mater
2852 5136 3212 5204 Hierusalem,
3239 5135 3433 5193 beatus
3453 5144 3511 5193 et
3535 5132 3721 5190 Mariae
3739 5136 3841 5185 ute-

2260 5250 2375 5303 rus,
2400 5235 2495 5308 qui
2518 5243 2727 5291 tantum
2754 5234 3042 5291 Dominum
3070 5233 3381 5290 coronavit.
3413 5230 3707 5289 Coronavit
3730 5239 3836 5285 eum

2258 5326 2478 5397 quando
2504 5325 2800 5383 formavit:
2829 5324 3115 5383 coronavit
3158 5341 3316 5395 eum,
3369 5323 3587 5397 quando
3630 5330 3839 5395 genera-

2249 5465 2430 5521 versio
2487 5463 2740 5519 stillantia
2791 5465 3060 5537 myrrham
3110 5465 3332 5538 primam
3374 5480 3399 5531 ,°
3443 5469 3627 5520 textus
3685 5456 3836 5515 Ηειπ.

2253 5539 2520 5591 murrham
2549 5545 2918 5591 transeuntem.

2253 5545 2520 5609 myrrham
2549 5545 2918 5593 transeuntem.

2261 5678 2305 5681 η
2328 5608 2353 5647 ¹³
2382 5608 2585 5665 Omnes
2614 5608 2772 5681 edit.,
2799 5606 3093 5665 Ecclesium
3135 5606 3471 5680 fwcundavit,
3487 5602 3718 5681 justitia,
3740 5605 3834 5658 etc.

2256 5678 2384 5736 Mss.
2411 5689 2592 5737 autem
2621 5689 2681 5736 ut
2710 5680 2763 5735 in
2810 5692 3095 5737 contextu.

2335 5734 2528 5808 ἐγσέί
2567 5734 3281 5818 cei'tamina,edi‘taaddunt
3338 5766 3518 5824 passus
3571 5734 3835 5816 est:un

2261 5822 2559 5894 elegantius
2584 5824 3013 5898 subintelligitur
3036 5826 3088 5881 in
3118 5838 3250 5880 mss.
