4054 6306
460 273 561 334 531

1825 260 2074 320 SANCTI
2112 259 2442 318 AMBROSII
3671 260 3772 317 E52

457 399 582 446 vota
613 394 900 452 converto,
948 383 1107 455 cujus
1160 379 1345 452 pietati
1391 373 1819 435 innumerabiles
1866 374 2069 446 gratias
2094 375 2146 437 Α
2174 376 2296 430 riat.
2321 373 2426 432 Sed
2450 383 2513 430 ut
2541 375 2640 429 ista
2672 373 2974 444 procedere
3003 375 3176 444 possit
3207 374 3528 430 meritorum
3579 375 3771 444 gratia,

461 487 700 558 agimus,
730 480 874 554 quod
907 480 960 536 in
1008 476 1308 549 virginibus
1341 473 1516 530 sacris
1541 470 1858 542 angelorum
1901 469 2068 524 vitam

462 578 714 637 videmus
762 575 817 630 in
845 572 1028 639 terris,
1071 583 1231 643 quam
1265 570 1317 624 in
1351 565 1604 639 paradiso
1636 563 1906 635 quondam
1934 563 2070 618 ami-

463 687 738 732 seramus.
789 667 931 738 Quid
976 668 1121 724 enim
1166 665 1254 723 vel
1300 673 1326 702 ι
1369 662 1437 718 ad
1492 659 1750 717 imitanda
1797 661 2067 729 virginum

465 767 672 835 studia,
705 761 1250 831 confirmandamque
1279 759 1556 822 virtutem,
1586 756 1668 811 vel
1715 755 1782 810 ad
1811 753 2068 810 concele.

465 861 728 919 brandam
761 858 1090 932 virginitatis
1114 854 1342 928 gloriam
1389 852 1512 924 plus
1538 850 1793 907 conferre
1819 848 2068 921 potuisti,

462 973 624 1031 quam
649 967 706 1014 ut
735 956 880 1012 Deus
903 969 972 1010 ex
998 953 1208 1024 virgine
1237 947 1600 1005 nasceretur?
1631 945 1658 984 δ
1690 945 1945 1016 Amplius
1969 959 2069 998 no-

465 1053 548 1110 bis
579 1049 782 1124 profuit
814 1048 999 1120 culpa,
1039 1059 1204 1118 quam
1254 1043 1439 1099 nocuit
1472 1041 1566 1098 :in
1607 1055 1718 1112 quo
1764 1037 2072 1110 redemptio

465 1145 688 1218 quidem
719 1151 905 1200 nostra
943 1140 1188 1197 divinum
1221 1149 1419 1193 munus
1445 1134 1674 1190 invenit.

538 1239 664 1296 105.
709 1235 818 1294 Sed
841 1236 960 1307 ipse
985 1245 1207 1306 quoque
1236 1229 1547 1302 unigenitus
1574 1226 1750 1283 Filius
1776 1235 1904 1280 tuus
1943 1239 2072 1280 ven-

461 1343 616 1390 turus
643 1331 698 1388 itt
743 1339 916 1388 terras
945 1328 1231 1398 suscipere
1257 1323 1406 1396 quod
1453 1323 1717 1378 amissum
1749 1330 1856 1385 est,
1887 1319 2073 1391 purio-

465 1441 580 1484 rem
611 1423 795 1482 carnis
825 1435 942 1478 sum
989 1419 1401 1492 generationem
1434 1415 1679 1487 reperire
1718 1428 1827 1470 non
1875 1412 2070 1484 potuit,

463 1537 625 1594 quam
657 1530 716 1575 ut
737 1517 1061 1574 habitationi
1081 1513 1316 1586 propriae
1344 1511 1590 1568 caelestis
1616 1508 1796 1564 aulam
1849 1506 2074 1578 virginis

466 1614 778 1679 dedicaret;
829 1613 884 1667 ιιι
927 1623 1034 1680 qua
1079 1617 1227 1664 esset
1271 1615 1327 1662 et
1370 1602 1738 1660 immaculata
1803 1599 2074 1657 castitatis

465 1708 790 1774 sacrarium,
829 1713 890 1761 et
915 1704 1016 1760 Dei
1041 1701 1330 1773 templum.

2173 478 2252 537 tu,
2277 468 2420 524 Deus
2445 469 2601 524 Pater
2625 468 2991 539 omnipotens,
3015 467 3268 540 sulfragia
3290 467 3776 524 commendationis

2174 561 2441 633 adjunge;
2489 577 2594 616 non
2625 561 2771 616 enim
2815 561 3062 617 solitaria
3102 562 3204 617 dos
3243 561 3470 632 pudoris
3505 571 3611 617 est.
3641 561 3779 618 Suc-

2173 653 2404 728 cingatd
2439 672 2612 712 sacrae
2649 657 2973 728 virginitatis
3013 658 3220 712 crinem
3244 655 3539 723 modestia,
3569 655 3780 712 sobrie-

2176 757 2281 817 tas,
2337 749 2710 817 continentia;
2761 758 2820 805 ut
2877 750 3137 805 virtutqu
3194 747 3440 804 accincta
3491 749 3778 812 comitatu,

2173 857 2448 914 purpureo
2471 843 2738 899 Dominici
2761 842 2976 898 cruoris
2999 840 3254 897 redimita
3279 840 3573 908 velamine,
3591 841 3785 896 morti—

2173 937 2481 993 ficationem
2533 937 2747 992 Domini
2775 935 2904 992 Jesu
2954 936 3008 990 in
3041 949 3138 991 sua
3175 947 3346 990 carne
3391 934 3780 1000 circumferat;

2175 1029 2292 1086 haec
2326 1042 2456 1086 sunt
2498 1031 2646 1086 enim
2687 1031 2917 1087 meliora
2962 1030 3255 1099 velamina,
3285 1044 3410 1102 quas
3450 1037 3579 1085 sunt
3623 1027 3786 1082 ind-

2186 1133 2367 1178 ntenta
2397 1124 2680 1189 virtutum,
2712 1124 2908 1196 quibus
2942 1123 3100 1195 culpa
3131 1125 3426 1190 obtexitur,
3471 1124 3784 1180 innocentia

2175 1216 2473 1273 reveletur.

2245 1309 2369 1366 “0.
2412 1309 2508 1366 His
2540 1311 2703 1381 igitur
2730 1310 2990 1367 famulam
3026 1319 3172 1367 tuam
3203 1309 3369 1366 indtte
3412 1310 3786 1376 vestimentis,

2174 1419 2295 1474 qua:
2337 1404 2392 1458 in
2420 1404 2570 1458 omni
2603 1413 2851 1476 tempore
2886 1405 3090 1461 munda
3144 1405 3286 1472 sint;
3317 1405 3583 1461 mundum
3635 1404 3786 1459 enim

2175 1507 2379 1564 manet,
2411 1495 2669 1568 quidquid
2697 1497 2840 1554 nulla
2869 1499 3244 1554 interveniens
3263 1499 3426 1567 culpa
3458 1498 3784 1564 fuscaverit,

2177 1598 2236 1644 ut
2267 1589 2316 1645 ei
2357 1589 2481 1660 jure
2528 1590 2786 1646 dicatur:
2835 1591 3093 1654 Quoniam
3143 1593 3448 1664 placuerunt
3497 1590 3610 1646 Deo
3643 1595 3789 1662 facta

2177 1693 2265 1737 tua
2303 1682 2488 1752 (Eccl.
2513 1684 2764 1755 tx,7,8).
2789 1685 2845 1739 lu
2868 1688 3015 1740 omni
3043 1696 3288 1756 tempore
3311 1685 3424 1740 sint
3452 1686 3786 1740 vestimenta

532 1802 658 1860 106»
697 1798 839 1870 Quid
859 1806 1042 1854 autem
1073 1795 1206 1850 illttd
1247 1802 1513 1858 attexam,
1553 1789 1702 1861 quod
1751 1788 1934 1844 divino
1973 1796 2065 1843 tuo

2177 1784 2265 1830 tua
2295 1775 2551 1844 candida,
2576 1787 2632 1832 et
2652 1777 2833 1833 oleum
2865 1778 2917 1832 in
2943 1777 3119 1848 capite
3148 1793 3257 1832 non
3284 1778 3454 1844 desit,
3495 1793 3609 1848 quo
3639 1777 3793 1833 faces

463 1907 696 1953 munere
720 1909 846 1950 cum
871 1890 1078 1947 sanctis
1107 1890 1292 1961 Moyse
1314 1898 1370 1944 et
1409 1887 1591 1942 Aaron
1622 1883 1823 1958 (Exod.
1859 1898 1948 1952 xv,
1973 1882 2068 1952 20)

457 1992 610 2062 virgo
636 1989 803 2046 Maria
823 1985 991 2058 pedes
1015 2001 1113 2057 per
1131 1983 1333 2039 ﬂuetus
1351 1981 1508 2036 duxit
1533 1981 1888 2036 Hebraeorum
1909 1993 2070 2034 exer—

457 2085 670 2143 citum?
706 2082 977 2152 Relinquo
1023 2088 1206 2136 vett-ra
1227 2117 1242 2144 ,
1292 2077 1504 2147 privata
1529 2089 1644 2130 non
1673 2087 1859 2144 quiem
1889 2089 1901 2125 :
1931 2071 2071 2126 satis

454 2187 539 2236 est
563 2177 670 2233 ista
701 2175 957 2230 nobilitas
985 2171 1208 2227 famitiae
1245 2167 1522 2240 virginali.

525 2268 652 2325 Ni.
680 2267 960 2337 'l‘equtcso
987 2274 1047 2319 ut
1075 2261 1276 2318 tuearis
1305 2262 1445 2315 hanc
1467 2258 1725 2314 famulam
1753 2264 1922 2322 tuam,
1947 2269 2070 2326 quat

455 2361 556 2418 tibi
585 2360 813 2426 servire,
847 2359 944 2414 tibi
973 2357 1214 2412 animam
1241 2365 1420 2419 suam,
1463 2352 1565 2407 tibi
1603 2348 1930 2420 integritatis
1957 2363 2070 2404 sua

453 2455 693 2511 studium
724 2452 908 2508 dicare
933 2449 1304 2522 prmsumpsit.
1335 2448 1512 2516 Quam
1541 2445 1709 2518 373
1737 2442 2069 2501 sacerdotali

457 2561 690 2604 mortem
713 2545 907 2609 offero,
939 2543 1138 2599 alfectu
1180 2541 1356 2612 patrio
1385 2539 1744 2602 commendo;
1789 2546 1850 2590 ut
1887 2537 2072 2608 propi-

454 2639 564 2697 tius
588 2647 648 2695 et
682 2638 890 2711 praisul
919 2635 1174 2694 conferas
1217 2634 1266 2690 ei
1303 2634 1558 2704 gratiam,
1611 2647 1720 2702 quo
1762 2631 2069 2688 caelestium

448 2736 814 2793 thalamorum
839 2735 1224 2790 tremor-antem
1255 2729 1434 2802 adytis
1471 2728 1754 2800 Sponsum
1801 2727 2065 2795 excutiat,

454 2838 733 2886 mereatur
759 2827 971 2892 videre,
1009 2821 1393 2880 introdueatur
1422 2823 1480 2878 in
1501 2822 1816 2878 cubiculum
1848 2821 1944 2876 Dei
1983 2819 2073 2877 sui

455 2921 600 2992 regis
631 2938 648 2974 .-
678 2929 955 2976 mereatur
979 2917 1178 2974 audire
1205 2916 1486 2972 dicentem
1533 2915 1638 2970 sibi
1667 2929 1684 2969 :
1733 2914 1868 2969 Ades
1907 2912 2072 2968 lutea

455 3013 679 3076 bich
709 3015 941 3087 Sponsa,
969 3011 1096 3066 ades
1115 3009 1218 3064 huc
1257 3027 1290 3062 a
1329 3009 1564 3077 Libano;
1593 3006 1836 3062 transibis
1863 3016 1910 3061 et
1953 3021 2072 3077 per-

452 3107 751 3164 transibisa
773 3105 1034 3180 principio
1083 3103 1208 3176 ﬁdei
1254 3101 1548 3176 (Gantdv,
1592 3101 1694 3173 8);
1729 3109 1794 3156 ut
1826 3108 2072 3156 transeat

455 3201 742 3264 saeclum,
775 3198 843 3254 ad
867 3197 970 3254 illa
1007 3207 1212 3254 :eterna
1248 3204 1614 3266 pertranseat.

529 3297 654 3355 108.
693 3295 919 3352 Intende
957 3295 1149 3365 igitur,
1180 3292 1368 3359 Pater,
1424 3292 1479 3346 in
1519 3299 1668 3344 tuum
1711 3301 1930 3354 munus,
1975 3287 2064 3342 cui

457 3388 847 3447 sanctiﬁcando
864 3386 1077 3442 nullius
1101 3385 1394 3441 consilium
1416 3382 1659 3454 tjuzrsisti
1679 3399 1695 3437 :
1714 3381 1816 3437 sed
1845 3381 1926 3436 illi
1947 3380 2066 3436 sine

457 3485 570 3540 ullo
595 3483 828 3554 petitore
851 3492 1014 3552 atque
1042 3479 1252 3535 arbitro
1277 3489 1490 3533 tantam
1511 3476 1790 3532 eontiisti
1803 3475 2061 3548 gratiam,

451 3584 712 3646 quantam
756 3582 884 3628 ante
919 3573 1145 3626 oracula
1189 3570 1378 3624 divina
1411 3569 1639 3625 credere
1669 3585 1830 3626 nemo
1853 3569 2067 3640 potuis-

457 3681 563 3733 set,
595 3676 655 3722 ιιι
681 3668 738 3722 in
767 3681 867 3722 suo
887 3673 1042 3720 utero
1065 3663 1235 3718 Deam
1262 3665 1418 3734 virgo
1436 3672 1708 3734 portaret.
1733 3664 1900 3734 Cujus
1928 3679 2064 3734 prte-

456 3759 705 3832 rogativa
739 3756 983 3812 muneris
1003 3762 1306 3826 pmvocata
1347 3754 1708 3812 crebrescunt
1749 3755 1926 3810 studia
1956 3756 2069 3810 vir-

453 3853 718 3926 ginitatis,
741 3860 806 3907 et
827 3864 1009 3906 sacrae
1039 3849 1374 3920 integritatis
1409 3849 1682 3919 exempla.
1711 3848 1924 3917 Quibus
1950 3848 2066 3904 haec

459 3960 679 4019 quoque
715 3944 916 4000 famula
962 3952 1056 3998 tua
1096 3941 1163 3996 ad
1191 3941 1524 4012 “huiusmodi
1570 3941 1787 3998 Virtutis
1825 3943 2067 4013 gratiam

459 4038 736 4102 lacessita,
771 4037 876 4092 tuis
899 4035 1124 4092 assistat
1161 4034 1448 4102 aiter-ibus,
1479 4045 1501 4075 ο
1545 4051 1653 4091 non
1684 4036 1924 4092 rutilanti
1961 4053 2069 4092 etc-

461 4137 605 4192 sarie
623 4131 832 4189 ﬂavum
853 4129 1124 4188 deferens
1147 4131 1360 4186 crinem
1387 4129 1645 4186 ﬂanuneo
1673 4130 1904 4202 nuptiali
1921 4131 2070 4186 dica-

459 4239 573 4286 tum
608 4246 621 4282 :
651 4227 754 4284 sed
785 4228 943 4282 illum
983 4225 1203 4280 crinem
1249 4239 1356 4295 quo
1393 4226 1707 4296 evangelica
1751 4227 1838 4281 illa
1867 4226 2068 4282 mulier

459 4332 646 4380 amicta
676 4321 842 4378 Iaria
889 4319 1057 4390 pedes
1098 4318 1300 4374 Christi
1346 4318 1538 4374 sedula
1566 4319 1775 4390 pietate
1813 4321 2066 4388 detersit,

463 4428 519 4474 et
560 4417 782 4471 dim
823 4423 1001 4468 totum
1045 4411 1227 4469 effuso
1267 4411 1517 4484 inplevit
1569 4423 1865 4484 uttgnetno,
1907 4429 2071 4469 sacro

464 4510 702 4568 oﬂerens
726 4505 998 4562 velamine
1011 4505 1450 4560 consecrandum
1482 4503 1674 4574 (locu.
1703 4521 1799 4572 stt,
1833 4506 1922 4578 5)..

2172 1883 2298 1924 suas
2361 1871 2620 1942 mystieas
2667 1871 2839 1940 possit
2899 1872 3230 1937 accendere;
3283 1881 3346 1927 ut
3395 1887 3519 1927 cum
3573 1872 3793 1928 venerit

2170 1963 2434 2034 Sponsus,
2459 1964 2603 2019 inter
2619 1964 2738 2020 illas
2755 1965 3029 2037 sapientes
3048 1965 3286 2038 virgines
3301 1967 3323 2039 (
3345 1965 3535 2022 Matth.
3549 1983 3675 2032 xxv,
3695 1964 3790 2038 to)

2171 2056 2388 2112 caelesti
2439 2059 2679 2112 thalamo
2725 2058 2886 2130 digna
2925 2068 3262 2125 numeretur,
3308 2073 3433 2130 quas
3477 2059 3794 2115 devotionis

2171 2163 2236 2206 ac
2266 2150 2390 2206 fidei
2419 2166 2558 2219 suae,
2581 2151 2973 2224 gravitatisque
3001 2153 3206 2209 lumine
3231 2167 3428 2209 munus
3451 2167 3626 2210 sacrae
3659 2168 3794 2226 pro-

2174 2243 2431 2300 fessionis
2461 2245 2750 2302 illuminet.

2245 2339 2368 2394 ili.
2412 2337 2590 2394 Tuere
2612 2339 2776 2411 igitur
2795 2339 3053 2396 ancillam
3074 2349 3246 2408 tuam,
3261 2351 3290 2379 θ
3304 2339 3476 2397 Pater
3492 2340 3786 2397 charitatis

2170 2441 2226 2489 et
2257 2432 2467 2504 gloriae,
2503 2444 2564 2489 ut
2591 2437 2746 2505 quasi
2779 2435 2834 2490 in
2883 2435 3040 2490 horto
3079 2435 3270 2490 clauso
3297 2443 3354 2491 et
3379 2435 3533 2491 fonte
3568 2435 3796 2507 signato

2173 2537 2354 2583 teneat
2371 2529 2608 2584 claustra
2641 2529 2939 2599 pudicitiae,
2967 2530 3246 2601 signacula
3275 2530 3549 2585 veritatis.
3581 2531 3793 2600 Agrum

2172 2635 2328 2677 suum
2368 2622 2553 2678 coiere
2592 2621 2852 2679 noverit‘
2878 2639 3038 2694 quem
3069 2623 3286 2679 colebat
3325 2635 3553 2680 sanctus
3582 2622 3794 2690 Jacob;

2173 2726 2226 2770 et
2247 2717 2618 2786 sexagesimos
2638 2729 2706 2772 ex
2733 2729 2802 2772 eo
2823 2717 3266 2788 centesimosque
3279 2716 3492 2771 fmetns
3511 2726 3793 2786 capesset.

2174 2806 2229 2865 In
2259 2810 2422 2881 hujus
2449 2813 2746 2868 virtutibus
2789 2822 2843 2869 et
2884 2812 3295 2869 fortitudinibus
3331 2810 3499 2884 274
3541 2811 3658 2884 agri
3699 2827 3800 2866 su-

2174 2905 2341 2961 scites
2381 2907 2436 2961 in
2466 2923 2529 2963 ea
2553 2910 2809 2978 gratiam,
2839 2918 2898 2964 et
2925 2909 3219 2964 resnscitcs
3249 2908 3597 2964 charitatem.
3631 2905 3800 2966 Inve-

2174 3000 2290 3053 niat
2317 3016 2479 3071 quem
2527 3002 2749 3072 dilexit,
2777 3012 2963 3060 teneat
3007 3019 3156 3071 eum,
3201 3017 3302 3060 nec
3332 3003 3574 3060 dimittat
3619 3020 3793 3071 eum;

2171 3093 2348 3151 donec
2388 3095 2527 3151 bona
2583 3097 2673 3152 illa
2733 3100 2963 3154 vulnera
3016 3099 3301 3155 ebaritatis
3349 3100 3613 3171 excipiat,
3664 3114 3795 3172 qua

2094 3181 2144 3246 C
2171 3191 2374 3246 osculis
2389 3191 2778 3261 praeferuntur.
2791 3192 3028 3263 Semper
3045 3201 3230 3264 parata
3251 3193 3507 3249 noctibus
3525 3201 3583 3248 et
3597 3193 3798 3250 diebus

2171 3295 2284 3342 toto
2307 3287 2506 3358 spiritu
2539 3289 2740 3344 mentis
2771 3287 3014 3358 invigilet
3043 3287 3293 3362 (Cant.v,
3316 3287 3404 3360 7),
3431 3302 3500 3342 ne
3521 3303 3785 3360 umquam

2171 3380 2405 3436 Verbum
2433 3395 2558 3437 eam
2583 3383 2824 3439 inveniat
2849 3383 3236 3439 dormientem.
3269 3381 3340 3437 Et
3365 3379 3628 3452 quoniam
3660 3381 3785 3436 vult

2169 3491 2231 3530 se
2263 3475 2497 3531 dilectus
2513 3476 2636 3546 ejus
2657 3475 2862 3546 szepius
2889 3477 3086 3548 qmeri,
3117 3484 3179 3530 ut
3200 3477 3447 3546 expiaret
3483 3473 3788 3539 aﬂ‘ectum;

2169 3579 2545 3625 restituentem
2579 3579 2860 3640 sequatur,
2902 3577 3059 3624 exeat
3102 3565 3238 3623 lides
3265 3580 3322 3624 ct
3339 3569 3519 3624 anima
3565 3567 3688 3640 ejus
3729 3569 3786 3624 in

2172 3663 2396 3718 verbum
2429 3671 2582 3718 tuum
2635 3663 3022 3733 peregrinetur
3050 3675 3077 3716 a
3103 3675 3361 3732 corpore,
3391 3671 3449 3716 ut
3474 3661 3618 3715 adsit
3635 3659 3756 3716 Deo
3774 3678 3792 3715 :

2169 3756 2360 3827 vigilet
2396 3771 2494 3811 cor
2513 3756 2662 3828 ejus,
2703 3771 2833 3813 caro
2865 3757 3118 3824 dormiat,
3153 3771 3222 3813 ne
3249 3756 3394 3813 male
3433 3755 3665 3826 incipiat
3701 3755 3788 3810 vi-

2169 3851 2346 3922 gilare
2377 3853 2640 3921 peccatis.

2245 3948 2373 4004 ιιι.
2405 3948 2510 4016 Τιι,
2541 3948 2791 4014 Domine,
2823 3947 3059 4020 adjunge
3085 3948 3222 4003 alios
3249 3959 3420 4003 sacra
3448 3945 3793 4018 virginitatis

2173 4051 2422 4108 ornatus,
2481 4039 2718 4110 adiunge
2763 4041 2985 4096 sedatos
3033 4041 3151 4111 pios
3195 4041 3406 4106 cultus;
3459 4048 3520 4093 ut
3571 4039 3803 4094 noverit

2173 4135 2462 4209 possidere
2490 4150 2587 4190 vas
2625 4151 2807 4200 suum,
2837 4134 3054 4190 noverit
3085 4133 3359 4189 humiliari
3385 4151 3404 4189 ς
3431 4132 3792 4190 dilectionem

2174 4241 2379 4295 teneat,
2415 4230 2669 4285 veritatis
2697 4245 2932 4294 nrumm,
2961 4228 3188 4301 pudoris
3218 4235 3454 4300 septum.
3488 4239 3515 4278 8
3544 4227 3669 4284 Non
3705 4231 3795 4301 pi-

2175 4337 2295 4379 neas
2315 4321 2566 4377 velamen
2593 4321 2742 4391 ejus,
2774 4335 2882 4376 non
2913 4323 3135 4376 vincant
3165 4321 3436 4392 cupressi,
3461 4320 3792 4390 pudicitiam

2171 4417 2292 4488 ejus
2330 4430 2438 4470 non
2484 4423 2748 4480 turtures,
2800 4414 3206 4485 simplicitatem
3253 4414 3370 4486 ejus
3416 4431 3526 4470 non
3556 4415 3794 4471 vincant

2173 4510 2466 4568 columine.
2489 4508 2578 4564 Sit
2601 4511 2656 4564 in
2687 4509 2854 4564 corde
2883 4509 3231 4582 simplicitas,
3263 4509 3318 4564 in
3339 4509 3524 4565 verbis
3555 4511 3784 4578 modus,

539 4601 664 4658 109.
708 4597 876 4654 Adest
911 4599 1120 4668 :pnella,
1167 4608 1332 4668 quam
1385 4611 1494 4652 non
1543 4597 1851 4667 nuptiarum
1903 4596 2066 4665 festa,
2095 4581 2302 4676 Det-g3
2345 4617 2539 4658 omnes
2581 4601 2780 4672 pudor,
2825 4581 3005 4674 pietas
3039 4618 3168 4675 erga
3221 4603 3580 4674 propinquos,
3637 4604 3790 4661 circa

463 4711 574 4754 non
609 4691 858 4764 gummis,
891 4705 1000 4746 non
1047 4690 1271 4746 morati
1297 4689 1521 4762 .pondus
1550 4689 1715 4753 uteri,
1741 4691 1928 4746 votivo
1971 4707 2074 4746 nu-

464 4790 638 4864 pturis
665 4787 854 4844 dolore
884 4784 1178 4841 sollicitent
1209 4802 1222 4838 :
1255 4785 1351 4841 sed
1383 4799 1506 4855 qua:
1536 4783 1912 4840 immaculalos
1965 4783 2068 4838 sibi

461 4881 587 4942 ﬁdei
623 4889 808 4952 partus
833 4889 888 4935 et
920 4879 1133 4950 pietatis
1153 4885 1442 4949 exposcat;
1477 4883 1534 4930 ut
1563 4877 1616 4930 in
1649 4883 1806 4931 utero
1824 4876 2069 4947 accipiat

463 4979 530 5036 de
561 4973 1004 5047 Spiritutsancto,
1025 4980 1082 5026 et
1111 4970 1361 5042 spiritum
1391 4969 1586 5025 salutis
1615 4971 1727 5026 Deo
1753 4969 1859 5026 feta
1881 4981 2065 5041 pertu-

527 5131 556 5160 ει
596 5117 722 5175 Mss.
759 5114 886 5178 duo,
907 5113 985 5167 ad
1013 5113 1281 5167 incitanda
1310 5111 1566 5182 uirginum
1592 5111 1788 5166 studia.

519 5193 548 5232 ιδ
589 5189 796 5246 Eodem
819 5201 979 5240 sensu
1007 5187 1096 5238 lib.
1121 5184 1190 5238 tle
1211 5181 1480 5246 Jacoh,-et
1505 5181 1611 5237 vita
1635 5187 1810 5248 beata,
1837 5199 1957 5252 cap.
1983 5186 2042 5253 6,

453 5282 604 5323 num.
627 5263 690 5317 ει
717 5277 730 5314 :
757 5257 1018 5314 Facta-est
1040 5257 1168 5310 milii
1187 5259 1358 5323 culpa
1385 5271 1495 5308 mea
1523 5271 1710 5310 merces
1727 5255 2046 5326 redemptio-

450 5340 574 5398 nis;
611 5349 706 5402 per
753 5328 1073 5402 quant-milii
1118 5327 1350 5402 Christus
1389 5327 1618 5402 advenit,
1663 5337 1768 5381 etc.
1807 5328 1938 5382 Item
1991 5330 2044 5402 in

378 5443 385 5450 -
441 5397 588 5480 psal.
618 5397 983 5480 xxitxtuutu.
1019 5399 1086 5480 ιιι)
1114 5417 1124 5451 :
1155 5397 1309 5480 Εειέω
1340 5401 1512 5480 ruina,
1546 5415 1661 5480 quin
1688 5409 1963 5480 reparatur
1992 5401 2046 5454 in

451 5470 654 5536 melius.
685 5476 754 5530 Et
777 5475 904 5529 alibi
941 5475 1138 5541 passim
1183 5471 1451 5526 habentur
1477 5487 1582 5524 non
1615 5470 1902 5525 ubsimilia.

521 5564 550 5592 ι
598 5551 674 5604 De
699 5545 1204 5600 vat-iistnubeutiutu
1229 5544 1588 5606 m'namentis,
1609 5541 2052 5610 nuptialibusque

452 5618 951 5680 ritibusimuita-nec
975 5615 1195 5684 indigna
1217 5615 1356 5669 scitu
1375 5615 1570 5669 habent
1593 5613 1818 5684 Baron.,
1845 5613 2053 5666 Brisso-

453 5699 594 5753 nius.
643 5687 1054 5744 Ant.etFuaue.
1074 5683 1389 5750 linttnanni,
1411 5685 1525 5742 los.
1548 5683 1874 5740 Laurentius
1893 5684 2053 5755 Poly-

453 5765 671 5821 nmtbiac
701 5759 794 5814 lib.
827 5773 908 5818 ιιι,
940 5760 1159 5830 syuopsi
1193 5763 1244 5825 8,
1271 5767 1336 5813 (te
1366 5755 1716 5830 Sponsaiibus
1756 5765 1801 5830 et
1825 5758 2051 5830 “nuptiis

449 5840 825 5907 antiquorum:
853 5824 1329 5903 necnon-synopsi
1366 5824 1464 5896 15,
1499 5829 1565 5882 de
1609 5824 2049 5895 Nuptialibus-fc-

2171 4713 2374 4768 egenos
2399 4703 2460 4751 et
2486 4711 2756 4768 pan-pares
2807 4697 3220 4754 misericordia:
3262 4695 3406 4768 quod
3439 4695 3646 4751 bonum
3703 4706 3795 4754 est

2173 4799 2376 4852 teneat,
2405 4789 2474 4844 ab
2501 4791 2646 4845 omni
2671 4791 2857 4861 specie
2883 4792 3154 4848 abStineat
3184 4791 3321 4846 mala
3359 4810 3372 4848 :
3405 4791 3595 4846 veniat
3616 4805 3795 4862 super

2171 4898 2290 4940 eam
2345 4881 2662 4938 benedictio
2713 4882 2986 4954 morituri,
3040 4893 3096 4940 et
3141 4899 3208 4940 os
3258 4882 3436 4940 viduas
3483 4882 3793 4942 benedicat

2171 4991 2290 5033 eam
2317 4974 2458 5048 .(lob
2491 4991 2649 5042 xxttt,
2685 4975 2810 5047 15).

2152 5115 2325 5188 gibus,
2361 5123 2473 5169 etc.

2223 5184 2252 5224 ιι
2292 5189 2414 5262 ptio
2447 5200 2609 5240 mss..
2635 5201 2800 5262 aegra:
2829 5187 3044 5262 uirginis
3069 5190 3284 5242 crinem.

2226 5268 2250 5336 ξ
2289 5257 2458 5336 [idem
2490 5271 2656 5320 mss.,
2688 5256 2847 5314 Pater
2873 5256 3130 5336 destitutis
3160 5271 3207 5313 et
3234 5261 3435 5336 glorias.

2229 5329 2248 5368 ί
2297 5330 2440 5383 Edit.
2476 5345 2644 5390 -rum..
2671 5346 2824 5399 quem
2849 5334 3053 5388 colebat
3091 5329 3302 5389 manus
3337 5332 3508 5387 Isaac.

2228 5413 2252 5448 ις
2294 5401 2364 5474 Is.
2417 5399 2808 5468 Casaubonus,
2881 5405 3032 5459 Notis
3078 5409 3134 5460 in
3205 5407 3367 5462 Trrb.
3433 5403 3786 5474 Pollionem,

2157 5489 2277 5542 pag.
2313 5473 2440 5535 ἑοῖ,
2467 5487 2629 5526 num.
2665 5475 2752 5534 l2.
2799 5476 2866 5528 de
2889 5478 3216 5544 quilmsdam
3261 5476 3496 5531 Gallieni
3529 5477 3788 5531 (Ia-saris

2161 5546 2408 5599 versibus
2437 5546 2620 5597 minus
2651 5547 2860 5609 pudicis
2886 5563 3076 5614 agens,
3110 5549 3254 5604 hunc
3282 5546 3554 5601 Ambrosii
3591 5549 3786 5603 iocum

2160 5616 2312 5680 citat,
2332 5617 2421 5670 cui
2457 5626 2509 5669 et
2541 5615 2820 5687 subiungit
2845 5635 2863 5671 :
2898 5619 3019 5674 Non
3047 5623 3224 5674 dubito
3252 5621 3415 5673 virum
3444 5631 3696 5672 sanctum
3731 5629 3788 5674 et

2159 5687 2440 5756 facundum
2465 5689 2721 5742 imitatum
2747 5707 2855 5745 esse
2878 5693 3014 5746 hunc
3033 5692 3260 5747 Gallioni
3277 5692 3466 5751 lornm,
3491 5699 3536 5742 rt
3557 5705 3589 5743 (ι
3615 5707 3790 5747 seu-stt

2160 5759 2329 5814 ntinus
2353 5758 2665 5814 itanest
2691 5764 2964 5818 honestum
2991 5781 3055 5820 ac
3084 5766 3224 5834 pium
3258 5760 3569 5817 traduxisse.
