4054 6306
343 212 456 276 335

338 433 473 497 ejus,
511 444 565 489 ut
593 438 918 508 signaculum
960 444 1010 497 in
1062 443 1271 500 brachio
1318 449 1430 519 ejus
1459 446 1641 518 (Cant.
1678 464 1788 515 rm,
1836 450 1934 522 6);

337 535 397 578 ut
442 526 496 579 in
549 531 804 587 omnibus
842 535 1090 592 sensibus
1120 547 1168 592 et
1212 540 1470 609 operibus
1515 541 1629 610 ejus
1683 541 1938 600 Christus

333 620 572 689 eluceat,
591 624 865 683 Christum
894 630 1161 697 intendat,
1180 633 1455 689 Christum
1476 636 1746 706 loquatur.
1782 638 1935 708 Aqua

331 715 505 768 multa
531 717 649 786 ejus
680 735 787 774 non
832 724 1000 790 possit
1028 733 1052 762 α
1082 728 1430 797 exstinguere
1454 729 1801 797 elnritatem,
1834 747 1933 789 nec

329 811 729 875 persecutionis
751 813 986 883 gladius,
1014 834 1113 875 nec
1137 822 1435 890 periculum
1462 824 1588 879 :sed
1610 827 1930 882 conﬁrmata

327 901 380 953 in
411 903 565 958 omni
595 919 761 973 opere
794 907 938 963 liono
976 921 1137 980 atque
1169 913 1356 977 verbo,
1388 916 1619 986 gloriam
1664 926 1810 972 tuam
1842 919 1934 974 in-

1274 231 1725 296 EXHORTATIO
1766 238 2243 305 VlRGlNl'I'ATlS.
2289 248 2689 311 ADMONITIO.

416 342 542 398 H5.
590 341 739 399 Pons
781 354 836 399 ut
880 349 1201 420 signaculum
1250 352 1460 407 verbum
1503 362 1647 409 tuum
1689 355 1745 410 in
1786 357 1940 411 corde
1965 366 2016 427 Α

3544 268 3653 331 534

2117 361 2241 419 tu.
2284 362 2558 436 Egredere
2614 368 2795 439 itaque
2840 375 2917 436 tu,
2964 370 3192 433 Domine
3235 374 3387 446 Jesu,
3443 380 3501 437 in
3554 369 3645 439 di’c

2042 456 2379 526 sponsalium
2408 469 2621 516 tuorum
2644 503 2657 528 ,
2684 464 2901 532 suscipe
2922 465 3241 537 jamdudum
3272 470 3525 529 devotam
3548 477 3644 533 tibi

2038 549 2252 619 spiritu,
2283 566 2427 606 nunc
2449 553 2612 610 etiam
2642 554 3003 627 professione;
3037 560 3205 632 imple
3236 565 3517 635 agnitione
3542 583 3642 622 vo-

2038 644 2262 703 luntatis
2283 655 2419 711 tute;
2452 661 2670 707 assume
2702 650 2770 705 ab
2798 652 2953 707 initio
2985 654 3037 708 in
3066 655 3322 726 salutem,
3350 658 3400 712 in
3435 661 3641 717 sancti-

2039 739 2289 797 ﬁcatione
2327 739 2554 812 Spiritus
2589 754 2642 800 et
2688 743 2791 801 [ide
2830 746 3093 813 veritatis,
3141 760 3198 803 ut
3245 749 3393 805 dicat
3434 751 3634 807 famula

2034 841 2163 889 tua:
2198 834 2430 892 Tcnuisti
2482 855 2694 894 manum
2735 838 3002 893 dexteram
3055 856 3240 908 meam,
3289 843 3417 897 etin
3456 846 3639 899 volun-

2034 934 2136 983 tate
2175 936 2266 982 tua
2316 928 2576 985 deduxisti
2619 946 2720 997 me,
2774 940 2820 985 et
2865 930 2918 985 in
2964 931 3134 1004 gloria
3184 936 3512 1006 assumpsisti
3559 952 3639 992 me

321 993 475 1064 ditat,
508 1007 563 1051 ct
596 998 646 1051 in
698 1010 785 1053 tua
832 1003 1001 1071 gratia
1053 1015 1413 1062 conversetur
1464 1009 1514 1063 in
1549 1009 1651 1065 hoc
1702 1011 1926 1069 mundo.

321 1087 649 1144 Sanctitices
675 1106 796 1147 eam
824 1094 875 1147 in
911 1096 1165 1163 veritate,
1197 1099 1251 1153 in
1279 1099 1482 1156 virtute
1511 1102 1830 1170 conﬁrmes,
1876 1106 1928 1160 in

315 1180 587 1239 charitate
632 1198 953 1253 connectas,
981 1199 1145 1258 atiue
1180 1191 1247 1247 ad
1281 1194 1423 1248 illam
1456 1195 1725 1265 pudicitiae
1762 1207 1814 1252 et
1846 1197 1928 1253 iu-

314 1275 592 1344 tegritalis
616 1280 900 1335 caelestem
923 1283 1178 1352 gloriam,
1208 1300 1465 1345 coronam
1496 1287 1780 1357 illibatam,
1825 1289 1927 1343 im-

310 1368 762 1442 maculatamqne
789 1373 975 1430 divino
1004 1385 1096 1430 tuo
1138 1377 1322 1434 favore
1364 1380 1662 1449 perducas;
1716 1390 1775 1435 ut
1817 1381 1929 1437 illic

308 1461 454 1532 Λευὶ
503 1475 762 1535 sequatur
803 1471 1056 1540 vestigia,
1102 1481 1159 1531 et
1185 1475 1236 1529 in
1269 1474 1574 1531 meridiano
1604 1486 1814 1548 pascat,
1868 1478 1920 1533 in

305 1557 621 1614 meridiano
648 1573 887 1629 maneat,
915 1563 941 1602 δ
966 1581 1067 1621 nec
1092 1567 1144 1622 in
1173 1583 1341 1639 grege
1366 1568 1640 1625 sodalium
1671 1570 1919 1627 incedat:
2026 1584 2111 1641 cui
2133 1594 2216 1641 ρει
2239 1557 2435 1650 hanc“
2458 1584 2651 1656 gloria,
2679 1587 3033 1656 perpetuitas,
3053 1557 3354 1655 itan-ibeo,
3378 1600 3427 1646 et
3463 1590 3625 1658 Filio,

302 1652 408 1706 sed
427 1653 580 1723 agnis
607 1656 682 1711 tui
704 1656 971 1727 admixta,
999 1661 1119 1717 sine
1141 1660 1444 1720 offensione
1467 1674 1714 1721 versetur
1734 1679 1923 1723 comes
2027 1686 2081 1735 οι
2109 1677 2330 1749 spiritui
2359 1652 2572 1745 saneto,
2605 1694 2633 1732 a
2658 1679 2899 1749 saeculis,
2930 1688 2983 1735 et
3011 1696 3179 1749 nunc,
3208 1690 3266 1738 et
3289 1698 3507 1754 semper
3532 1725 3546 1750 ,
3575 1694 3633 1741 et

304 1744 603 1817 virginum,
682 1749 1007 1823 pedissequa
1082 1754 1371 1813 Mariarum
1446 1757 1644 1838 (Apoc.
1698 1774 1808 1825 xiv,
1852 1758 1918 1825 4;

2040 1790 2080 1831 .n
2111 1775 2293 1831 omnia
2317 1773 2514 1829 saecula
2544 1773 2898 1842 saeculorum,
2935 1778 3125 1831 Amen.

298 1839 461 1897 Cant.
495 1859 532 1909 t,
567 1842 662 1914 6).

2034 1018 2217 1087 (Psal.
2267 1038 2430 1087 LXUI,
2480 1022 2616 1093 “24).
2666 1023 2830 1094 Aperi
2875 1039 3095 1079 manuni
3148 1034 3316 1091 tuam,
3361 1038 3415 1084 et
3467 1029 3638 1100 imple
3680 1088 3687 1097 ,

2032 1113 2267 1167 ultimam
2299 1114 2416 1184 ejus
2439 1114 2824 1171 benedictione
2861 1115 3042 1186 (Psol.
3066 1132 3245 1184 cxuv,
3275 1120 3412 1193 16);
3447 1131 3505 1176 ut
3528 1123 3640 1179 sal-

2030 1219 2152 1259 vam
2184 1202 2349 1261 facias
2376 1214 2688 1277 sperantem
2720 1206 2774 1262 in
2807 1217 2857 1263 te
2886 1207 3068 1280 (Psal.
3096 1228 3298 1277 Lxxxv,
3330 1213 3417 1283 2),
3454 1225 3508 1269 et
3541 1216 3637 1271 liat

2030 1314 2124 1355 vas
2164 1300 2217 1355 in
2266 1300 2532 1356 honorem
2572 1303 2966 1359 sanctiﬁcatum
2997 1346 3011 1371 ,
3051 1305 3182 1360 utile
3219 1306 3463 1374 Domino,
3513 1320 3533 1347 ε
3564 1310 3633 1365 ad

2028 1408 2190 1450 omne
2220 1408 2356 1464 Opus
2378 1394 2577 1450 bonum
2606 1396 2891 1466 probatum
2919 1412 3049 1468 :per
3078 1398 3222 1454 illam
3246 1402 3626 1458 teternabilem

2027 1503 2266 1556 crucem,
2301 1504 2400 1560 per
2428 1489 2580 1547 illam
2640 1492 3007 1548 venerabilem
3053 1493 3279 1563 gloriam
3322 1494 3626 1562 Trinitatis,

2010 1962 2172 2019 cidat.
2204 1961 2428 2017 Minime
2457 1959 2623 2023 male.

379 1963 405 1992 ι
443 1956 648 2012 Omnes
696 1959 856 2026 edit.,
908 1963 1177 2019 excludere
1229 1965 1557 2031 charitatcm,
1589 1982 1686 2021 nec
1733 1981 1906 2036 persc-
2010 1962 2172 2019 cidat.
2204 1961 2428 2017 Minime
2457 1959 2623 2044 male.
2808 1972 2815 1975 ‘

379 2028 462 2109 tio,
497 2046 588 2084 nec
615 2032 842 2109 gladius.
2090 2046 2111 2075 ε
2152 2034 2358 2091 Omnes
2388 2032 2543 2102 edit.,
2582 2032 2652 2087 ad
2678 2049 2830 2089 onme
2856 2050 2986 2108 opus
3014 2036 3205 2092 bonum
3233 2049 3474 2109 paratum

2509 2074 2543 2102 ο,
2582 2074 2650 2087 ww
2678 2074 2829 2089 νηιιιν
2856 2074 2986 2102 vf“.
3014 2074 3205 2092 ννσιιθηῡ
3233 2074 3316 2102 μαι
3330 2074 3497 2093 usus".

294 2028 462 2099 cutio,
497 2046 588 2084 nec
615 2032 842 2099 gladius.

374 2097 401 2137 b
441 2098 520 2156 lta
548 2097 706 2170 mss;
740 2106 873 2160 edit.
907 2118 1112 2175 autem,
1145 2126 1235 2164 nec
1257 2110 1310 2165 in
1332 2127 1509 2182 greges
1539 2109 1795 2165 sodalium
1823 2110 1915 2165 in-

330 2223 394 2232 ι..-

2578 2223 2955 2239 ’.κο-θα.-

400 2221 609 2231 ...-

620 2222 736 2232 ———

515 2332 637 2415 IN
712 2334 1589 2421 EXHORTATION
1608 2337 1768 2419 ΕΜ
1840 2336 1935 2421 Vi

2040 2328 2649 2419 .GINITATIS
2729 2329 3409 2421 ADMONITIO
3435 2391 3458 2417 .

1769 2493 2092 2509 ————-

359 2589 530 2647 Deum
586 2601 693 2665 opt.
740 2610 880 2649 max.
928 2603 983 2649 ut
1030 2596 1108 2650 sui
1158 2594 1478 2659 divexentur,
1533 2595 1634 2649 nisi
1682 2597 1750 2647 ad
1802 2594 2051 2665 majorem
2098 2591 2261 2665 ipsius
2307 2591 2551 2664 gloriam,
2582 2601 2627 2647 et
2680 2592 2892 2649 illorum
2933 2592 3282 2667 Ecclesia’que
3319 2598 3615 2668 utilitatem,

286 2706 572 2759 numquam
629 2690 953 2759 permittere,
1002 2707 1065 2746 ex
1111 2690 1452 2745 Ambrosiano
1502 2690 1592 2744 illo
1638 2691 1822 2745 itinere
1869 2699 2189 2759 coMpertum
2236 2688 2503 2755 redditur,
2546 2690 2685 2761 quod
2735 2690 2853 2744 huic
2894 2692 3040 2762 operi
3087 2693 3228 2747 dedit
3269 2697 3613 2751 occasionem.

284 2782 543 2841 Audierat
588 2784 665 2839 vir
708 2793 915 2838 sanctus
959 2783 1250 2856 Eugenium
1295 2794 1572 2854 tyrannum
1606 2783 1656 2835 in
1688 2781 1903 2837 Italiam
1928 2780 2083 2852 atque
2110 2780 2237 2834 adeo
2269 2779 2652 2847 Mediolanum,
2686 2792 2739 2836 ut
2771 2781 3034 2839 Paulinus
3077 2785 3169 2859 (In
3208 2788 3311 2841 vita
3345 2786 3616 2861 Ambros.)

283 2888 463 2930 auctor
502 2887 611 2942 est,
656 2893 978 2945 properare:
1007 2879 1164 2949 igitur
1201 2877 1459 2931 hominem
1504 2878 1594 2947 qui
1638 2877 1731 2930 sub
1776 2860 2073 2930 cltiistiana:
2111 2874 2374 2949 religionis
2413 2874 2618 2933 obtentu
2642 2877 2993 2933 idololatrian:
3015 2896 3257 2936 revocare
3282 2883 3611 2953 moliebatur,

281 2987 384 3024 non
437 2970 851 3038 exspectandum
901 2982 1077 3037 ratus,
1132 2970 1423 3025 Bononiam
1472 2972 1626 3025 venit.
1679 2969 1765 3023 Ibi
1815 2972 2008 3025 interea
2055 2970 2178 3023 dum
2228 2982 2551 3037 moraretur,
2598 2991 2874 3042 corporum
2920 2975 3111 3031 Vitalis
3157 2986 3311 3049 atque
3357 2980 3616 3051 Agricola:

281 3077 573 3138 martyrum
632 3085 745 3137 quia
793 3068 1038 3122 divinitus
1088 3069 1188 3137 ipsi
1236 3068 1463 3123 revelata
1514 3085 1623 3123 esse
1669 3068 1873 3122 videtur
1924 3084 1956 3122 a
2006 3067 2230 3123 Paulino
2282 3066 2498 3140 (Ibid.)
2540 3069 2851 3140 signiﬁcari,
2900 3072 3293 3129 translationem
3333 3076 3613 3131 solemnem

282 3163 577 3219 celebravit.
630 3162 745 3217 Hoc
790 3161 1086 3217 Florentini
1132 3179 1246 3216 eum
1294 3163 1634 3227 didicissent,
1684 3179 1798 3217 eum
1852 3163 2048 3232 ingenti
2095 3163 2392 3216 animorum
2440 3163 2626 3216 ardore
2673 3164 3042 3230 inritaverant,
3090 3174 3143 3219 ut
3184 3183 3239 3220 se
3284 3168 3500 3221 invisere
3538 3169 3609 3222 ad

286 3258 627 3313 dedicandam
656 3275 838 3312 novam
873 3257 1160 3313 Ecclesium
1193 3276 1255 3313 ne
1283 3268 1601 3329 gravaretur.
1635 3256 1834 3311 Annuit
1860 3271 2044 3313 eorum
2075 3256 2265 3325 optatis
2293 3265 2501 3309 sanctus
2530 3254 2755 3311 Antistes
2774 3297 2788 3321 ,
2825 3257 3032 3311 tametsi
3067 3258 3174 3313 alio
3211 3259 3470 3313 statuisset
3499 3276 3609 3315 sese

288 3357 517 3421 conferre
548 3352 702 3424 (Cap.
745 3353 795 3415 1,
829 3370 969 3405 unm.
1010 3352 1062 3416 1,
1105 3362 1152 3405 et
1186 3350 1401 3405 Panlin.
1436 3351 1491 3404 in
1533 3348 1636 3402 i'it.
1667 3348 1899 3418 Ambr.).
1928 3346 2159 3418 Cumque
2187 3348 2393 3417 aliquas
2419 3345 2824 3404 Bononiensium
2850 3359 3135 3421 martyrum
3163 3351 3407 3424 reliquias
3432 3368 3610 3407 secum

282 3451 575 3513 attulisset,
605 3465 687 3502 eas
712 3448 949 3519 deposuit
988 3448 1042 3501 in
1075 3447 1167 3500 illa
1199 3445 1433 3499 Ecclesia
1453 3486 1466 3506 ,
1500 3460 1653 3514 quam
1688 3443 1880 3497 ibidem
1906 3443 2094 3498 celebri
2121 3459 2312 3514 pompa
2350 3442 2464 3511 ipse
2490 3441 2823 3496 consecravit.
2856 3441 2973 3507 Qua
3002 3442 3156 3497 etiam
3185 3444 3237 3498 in
3278 3444 3606 3501 solemnitate

278 3541 452 3595 ltabuit
477 3557 588 3594 eam
620 3557 683 3595 ea:
712 3557 813 3602 qua
840 3541 922 3593 ltic
952 3539 1078 3593 liber
1107 3549 1330 3602 constat,
1366 3538 1677 3592 orationem.

354 3635 479 3690 Haec
506 3636 562 3689 in
589 3635 758 3703 aperis
786 3632 1001 3689 exordio
1030 3633 1141 3701 ipse
1168 3631 1399 3685 declarat
1427 3629 1583 3703 (Cap.
1612 3632 1667 3697 1,
1698 3646 1843 3684 num.
1876 3629 1950 3697 'l).
1985 3629 2092 3685 Sub
2113 3644 2228 3699 qua:
2259 3627 2555 3699 Martyrum
2576 3629 2842 3700 supplicio
2872 3641 2918 3684 et
2945 3631 3239 3687 earumdem
3266 3634 3603 3705 reliquiarum

275 3730 640 3786 exltuinatione
667 3728 886 3787 strictim
918 3726 1192 3799 descriptis
1231 3724 1421 3795 (Nam.
1457 3726 1491 3779 ἐξ
1527 3734 1574 3779 et
1612 3722 1771 3795 seq.),
1812 3723 1959 3778 addit
2004 3724 2239 3794 ipsarum
2278 3733 2475 3795 partem
2522 3724 2746 3799 propriis
2788 3726 3029 3783 manibus
3066 3744 3098 3782 a
3140 3743 3193 3782 sc
3230 3728 3497 3785 collectam
3528 3733 3599 3785 ad

274 3843 359 3881 eos
390 3825 650 3889 attulisse,
681 3824 926 3877 nimirum
965 3822 1178 3888 clavos,
1212 3820 1530 3892 sanguiqu
1564 3819 1950 3888 triumphalem
1983 3828 2034 3875 et
2063 3820 2243 3875 crucis
2272 3819 2475 3888 lignum
2513 3818 2668 3888 (Cap.
2697 3821 2755 3886 2,
2784 3836 2927 3879 num.
2958 3820 3034 3887 9).
3068 3819 3241 3897 Negat
3269 3826 3404 3879 enim
3430 3824 3595 3893 (Ibid.

273 3941 323 3978 η,
359 3920 449 3992 10)
479 3937 682 3990 (equum
710 3921 867 3990 fuisse
893 3928 946 3973 ut
970 3918 1227 3990 repulsam
1259 3935 1289 3970 a
1314 3933 1367 3970 se
1392 3925 1653 3986 pateretur
1682 3913 1904 3968 Iuliana
1934 3913 2115 3977 vidua,
2139 3929 2255 3984 qua:
2282 3928 2488 3967 sacram
2517 3913 2700 3979 aedem,
2730 3933 2762 3968 a
2790 3913 3019 3969 Paulino
3057 3914 3147 3986 (In
3182 3916 3300 3970 Vita
3326 3918 3598 3993 Ambros.)

271 4028 545 4089 propterea
584 4014 722 4086 quod
761 4030 874 4066 eam
913 4012 1239 4082 inauguravit
1282 4009 1415 4063 idem
1460 4009 1796 4071 Ambrosius.
1831 4006 2248 4065 Ambrosianum
2282 4005 2506 4071 didam,
2553 4016 2935 4062 εοηδιναίιῖεναε·
2979 4005 3106 4062 (Ῐιιηι
3152 4020 3323 4063 autem
3367 4012 3458 4077 Ρία
3500 4013 3598 4067 illa

269 4122 434 4167 mater
477 4127 540 4163 ac
582 4125 696 4164 vere
735 4108 1020 4161 christiana
1060 4105 1334 4176 facultates
1379 4120 1502 4157 suas
1544 4103 1595 4155 in
1641 4101 1911 4154 condenda
1954 4098 2112 4153 nobili
2152 4098 2367 4152 basilica
2409 4095 2617 4153 Christo
2648 4116 2974 4154 consecrasse
3003 4116 3105 4154 non
3155 4112 3392 4159 contenta
3438 4116 3592 4173 esset,

264 4209 483 4275 insuper
513 4220 566 4258 se
604 4204 766 4272 ipsam
810 4216 929 4255 cum
970 4209 1075 4255 tota
1110 4200 1313 4269 [urnilia
1350 4198 1428 4251 illi
1470 4198 1710 4250 devovere
1747 4195 1889 4265 apud
1933 4211 1986 4249 sc
2022 4193 2223 4249 statuit.
2268 4191 2391 4247 lam
2428 4192 2636 4265 quidem
2674 4196 2782 4250 viro
2818 4195 3097 4250 etiamnum
3139 4197 3193 4250 in
3225 4198 3351 4253 vivis
3382 4211 3586 4270 agente,

264 4299 514 4370 sacriﬁcii
540 4297 619 4352 sui
660 4296 912 4367 primitias
943 4293 1093 4363 quasi
1125 4293 1389 4345 libaverat.
1427 4288 1631 4343 Etenim
1665 4306 1780 4342 cum
1819 4292 1863 4342 is
1906 4289 2113 4360 pietatis
2160 4287 2316 4343 laude
2351 4304 2452 4342 non
2493 4289 2689 4344 cederet
2720 4290 2889 4355 uxori,
2924 4307 3028 4345 non
3057 4292 3218 4347 multo
3246 4303 3365 4348 ante
3393 4295 3587 4352 obitum

258 4410 525 4449 annorum
566 4408 809 4457 numero,
862 4391 978 4443 licet
1029 4403 1189 4443 onera
1239 4385 1557 4440 matrimonii
1604 4384 1732 4437 satis
1775 4382 1954 4453 gravia
2005 4383 2314 4444 sustineret,
2364 4382 2611 4437 nimirum
2662 4383 2761 4452 ﬁlii
2806 4384 2961 4437 unius
3015 4400 3077 4443 ac
3117 4385 3352 4455 ﬁliarum
3392 4391 3585 4459 trium;

263 4500 433 4543 tamen
486 4484 863 4540 Ecclesiasticce
910 4483 1151 4537 utilitatis
1196 4479 1645 4551 comtemplatione
1693 4476 1856 4531 sacris
1896 4475 2161 4530 ordinibus
2204 4476 2403 4531 initiari
2445 4477 2510 4531 de
2552 4478 2792 4552 conjugis
2832 4493 3086 4534 consensu
3136 4497 3237 4536 non
3281 4484 3587 4541 detrectavit

262 4580 417 4653 (Cap.
444 4578 502 4645 2,
530 4596 672 4632 num.
701 4578 811 4647 12).
852 4575 978 4630 lltcc
1000 4576 1160 4647 igitur
1178 4577 1295 4645 jam
1317 4583 1422 4625 tum
1450 4569 1780 4625 continentia:
1807 4577 2050 4640 posuerat
2082 4569 2423 4639 tyrocinium;
2452 4570 2543 4625 sed
2571 4581 2842 4643 postquam
2869 4573 3077 4628 mortali
3103 4586 3241 4630 sorte
3272 4580 3577 4649 perfunctus

262 4683 390 4729 esset
441 4675 552 4746 ejus
603 4671 855 4735 maritus,
905 4666 1243 4734 colapltonem
1290 4665 1434 4736 aperi
1476 4680 1568 4718 suo
1612 4662 1775 4715 voluit
1820 4661 2103 4730 imponere.
2160 4661 2488 4732 Quapropter
2532 4671 2586 4716 ut
2651 4662 2836 4718 liberos
2880 4681 3003 4719 suos
3049 4668 3118 4721 ad
3164 4669 3576 4741 amplectendam

261 4767 588 4822 continentite
633 4764 1009 4836 professionem
1053 4759 1383 4823 accenderet,
1429 4773 1516 4811 eos
1560 4755 1654 4809 illa
1697 4754 2052 4809 exstimulavit
2095 4754 2363 4820 oratione,
2397 4771 2551 4823 quam
2591 4766 2803 4811 sanctus
2851 4757 3051 4815 Doctor
3094 4764 3308 4834 proprio
3351 4767 3484 4837 stylo
3528 4778 3576 4823 et

260 4865 548 4937 eloquentia
577 4872 877 4918 exornatam
898 4860 1134 4915 omnibus
1165 4858 1251 4925 qui
1281 4872 1339 4910 eo
1370 4855 1757 4924 conﬂuxerant,
1793 4851 2035 4921 proponit
2063 4852 2113 4903 in
2140 4853 2277 4903 hunc
2307 4865 2510 4903 sensum
2540 4847 2698 4922 (Cap.
2731 4850 2766 4904 5
2792 4860 2841 4905 ct
2869 4856 3024 4926 seq.).

328 4957 601 5028 Principio
640 4955 805 5026 ﬁlium
845 4951 1060 5006 necdum
1100 4949 1333 5021 pueritia:
1378 4962 1542 4999 annos
1585 4958 1850 5017 egressum
1895 4941 2148 5007 allocuta,
2199 4940 2245 4994 ci
2282 4949 2560 5012 prapterca
2595 4958 2781 4997 nomen
2827 4942 3112 5001 Laurentio
3153 4954 3350 5020 factum
3389 4955 3578 5010 asserit

259 5051 413 5125 (Cap.
446 5051 503 5117 5,
531 5067 676 5104 num.
714 5045 779 5104 14
808 5057 854 5101 et
884 5045 1037 5118 seq.),
1065 5044 1203 5115 quod
1228 5058 1343 5096 cum
1375 5049 1613 5109 parentes
1635 5040 1753 5111 jam
1784 5037 2118 5108 desperarent
2140 5035 2203 5090 de
2229 5036 2458 5090 mascula
2480 5035 2653 5090 sobole
2684 5039 3059 5110 pragignenda,
3084 5043 3255 5114 ipsum
3283 5048 3576 5115 patrocinio

257 5146 382 5199 tanti
420 5145 663 5215 martyris
703 5142 1059 5196 obtinuissent.
1111 5136 1265 5192 Illius
1313 5152 1422 5190 esse
1466 5150 1528 5188 ea:
1572 5133 1669 5186 ltoc
1716 5132 1948 5203 colligit,
1997 5130 2207 5201 quando
2249 5129 2483 5183 eumdem
2524 5147 2627 5184 ιιοη
2671 5148 2818 5186 ηεαδ
2854 5150 2916 5187 αι’
2945 5136 3093 5189 Amm
3133 5136 3429 5194 Samttelem
3460 5139 3573 5197 Deo

256 5241 463 5305 vovcrit,
492 5239 633 5308 apud
672 5238 834 5309 ipsius
871 5251 1059 5290 numen
1102 5232 1369 5301 promissis
1401 5242 1618 5284 matrem
1652 5225 1939 5282 absolvere.
1974 5224 2108 5279 Tum
2143 5239 2428 5278 sermonem
2462 5224 2529 5276 ad
2558 5225 2700 5293 filias
2730 5236 3026 5281 convertens
3058 5228 3206 5302 (Cap.
3240 5231 3291 5297 '5,
3327 5249 3468 5286 num.
3510 5234 3571 5289 I7

256 5345 304 5389 et
352 5338 530 5405 seq.),
583 5350 670 5387 eas
722 5331 953 5404 conjugii
1004 5326 1342 5383 incommodis
1390 5325 1755 5393 ctelibatusque
1804 5319 2116 5377 utilitatibus
2170 5318 2387 5373 invicem
2442 5320 2733 5389 appositis,
2790 5320 2858 5373 ad
2913 5322 3316 5377 consecrandam
3368 5321 3573 5382 Christo

255 5430 553 5498 pudt-cium"
601 5436 765 5499 “,ch
818 5425 1050 5496 υθηξίμιε
1099 5421 1247 5495 (Cap.
1292 5420 1347 5487 4,
1395 5436 1535 5474 num.
1580 5415 1651 5473 ‘25
1692 5427 1737 5471 et
1777 5415 1907 5489 seq.)
1950 5415 2100 5469 modo
2142 5413 2211 5467 ad
2250 5412 2455 5481 ﬁlium,
2488 5412 2645 5468 modo
2687 5415 2754 5466 ad
2800 5414 2936 5483 filias
2974 5415 3125 5468 verba
3154 5417 3381 5486 faciens,
3418 5420 3570 5477 modo

254 5524 403 5578 αείαηι
453 5522 522 5577 ad
576 5537 753 5577 οιηηεε
807 5520 1001 5584 simul,
1059 5516 1189 5571 nihil
1240 5517 1551 5570 intentatum
1605 5510 1887 5581 relinquit,
1945 5518 1999 5561 ut
2055 5523 2137 5560 eos
2192 5504 2259 5558 ad
2316 5504 2579 5573 implenda
2615 5520 2745 5608 .qna:
2798 5513 3037 5608 parentes
3087 5506 3315 5578 ipsorum
3367 5514 3572 5568 nomine

254 5624 671 5689 nuncupaverunt
699 5624 834 5678 vota,
866 5613 1149 5666 induceret.
1186 5609 1296 5664 Nec
1327 5613 1523 5680 frustra
1553 5606 1650 5677 fuit
1684 5604 1826 5674 pium
1853 5601 1989 5655 illud
2018 5599 2201 5657 matris
2231 5598 2568 5652 desiderium.
2604 5596 2916 5653 Laurentius
2940 5598 3271 5689 inlectorum
3299 5620 3572 5663 numerum

254 5686 513 5779 coaptdtus
550 5718 623 5763 est
664 5706 814 5779 (Cap.
847 5708 879 5762 8
902 5748 915 5773 ,
950 5722 1091 5760 num.
1133 5700 1259 5775 Si);
1293 5706 1402 5773 ejus
1444 5715 1562 5755 vero
1596 5711 1798 5753 sorores
1836 5709 1976 5750 more
2011 5692 2229 5748 solemni
2276 5689 2637 5743 castimoniam
2668 5692 2918 5759 professa
2943 5686 3099 5762 (Cap.
3134 5692 3234 5761 M,
3273 5712 3417 5753 num.
3453 5699 3568 5774 95),

256 5800 396 5855 illam
424 5803 475 5855 in
506 5800 754 5856 maternis
779 5798 977 5855 aedibus
1008 5805 1361 5855 servaverunt.
