4054 6306
319 339 425 395 337

1245 330 1694 391 EXIIOR'I‘ATIO
1738 329 2225 389 VIRGINI’I‘ATIS.
2268 331 2475 390 LIBER
2517 333 2720 395 UNUS.

3523 338 3642 397 338

319 457 504 529 phalia
544 468 705 521 sunt;
737 453 940 511 Christi
973 455 1116 509 enim
1158 451 1328 507 nostri
1369 449 1630 522 principis
1663 447 1924 516 triumphi
1951 455 2002 515 Α
2031 464 2260 522 corpore
2287 449 2406 521 ejus
2441 452 2561 508 sine
2603 453 2828 508 vulnere
2858 452 3037 520 locus,
3067 455 3368 511 oralionem
3401 455 3538 511 ludit
3573 457 3641 512 ad

319 559 450 606 sunt
508 559 810 622 martyrum
866 549 1080 620 palmze.
1134 544 1242 601 Nec
1284 560 1415 600 vero
1469 544 1574 598 huc
1621 541 1924 610 dirigebam

317 643 464 700 iter:
493 643 590 698 sed
640 643 764 714 quia
818 643 1016 712 petitus
1061 654 1090 694 a
1139 637 1292 692 vobis
1332 653 1474 696 sum.
1513 634 1673 690 debui
1715 648 1924 688 mecum

319 735 544 792 deferre
576 751 697 806 qua:
729 735 852 789 aliis
885 734 1235 805 parabantur,
1268 747 1337 786 ne
1361 731 1537 785 minor
1556 729 1622 782 ad
1654 743 1748 782 vos
1773 728 1923 782 veni-

318 847 436 887 rem
461 847 476 894 ;
506 840 562 884 ut
589 831 733 898 quod
762 830 812 884 iu
843 845 931 884 me
958 830 1137 884 minus
1159 836 1263 893 est,
1288 841 1447 898 quam
1474 824 1922 897 przcsumebatur,

317 924 371 979 in
402 932 646 995 martyre
680 923 801 992 plus
830 922 1191 978 inveniretur.

389 1017 448 1072 2.
493 1017 715 1090 Martyri
752 1033 950 1072 nomen
980 1018 1228 1089 Agricola
1258 1027 1373 1082 est,
1416 1015 1500 1071 cui
1535 1013 1726 1071 Vitalis
1751 1024 1776 1050 κ
1805 1027 1923 1068 ser—

317 1127 416 1166 vus
451 1115 548 1168 fuit
569 1126 719 1177 ante,
748 1129 890 1168 nunc
917 1127 1144 1169 consors
1165 1122 1216 1168 et
1241 1113 1447 1181 collega
1479 1110 1746 1182 martyrii.
1774 1109 1924 1164 I’ra'c-

315 1209 483 1264 cessit
511 1223 708 1265 servus
728 1251 742 1270 ,
777 1217 835 1264 ut
864 1209 1176 1276 provideret
1211 1208 1388 1262 locum
1416 1224 1430 1269 ;
1462 1221 1684 1261 secutus
1708 1215 1793 1259 est
1821 1205 1922 1258 do-

317 1301 519 1366 minus,
553 1316 778 1357 securus
803 1301 944 1369 quod
974 1301 1078 1356 [ide
1105 1302 1303 1355 servuli
1333 1299 1621 1373 278jatn
1657 1298 1926 1352 inveniret

315 1402 588 1465 paratum.
635 1394 752 1449 Non
803 1395 978 1450 aliena
1027 1395 1343 1458 laudamus;
1380 1395 1557 1462 passio
1589 1394 1733 1446 enim
1780 1392 1923 1446 servi

315 1489 526 1546 domini
575 1491 866 1560 diseiplina
909 1499 1015 1548 est.
1071 1491 1166 1546 llic
1211 1492 1476 1552 inStiluit,
1522 1490 1611 1546 ille
1659 1488 1922 1558 implevit.

314 1583 461 1638 Nihil
501 1585 579 1640 illi
621 1585 957 1656 decerpitur.
1004 1584 1290 1654 Quomodo
1325 1585 1471 1639 enim
1514 1583 1679 1638 minui
1724 1591 1922 1651 potest,

315 1678 460 1748 quod
492 1676 742 1733 Christus
786 1679 1050 1733 donavit?
1100 1678 1329 1748 Egregie
1360 1689 1413 1731 et
1455 1677 1542 1732 ille
1577 1676 1794 1747 quidem
1828 1674 1925 1729 ho-

317 1771 450 1825 mini
492 1772 781 1826 serviendo
826 1771 1017 1826 didicit
1062 1773 1341 1841 quanto-lo
1379 1769 1601 1826 Christo
1633 1773 1876 1840 placeret
1909 1786 1920 1822 :

2032 545 2354 608 Dominmn,
2405 547 2595 602 dicens
2629 564 2641 602 :
2689 547 2918 603 Domine
2952 547 3078 604 Jesu
3110 547 3358 618 Christe,
3392 550 3644 608 Salvator

2029 658 2203 699 meus.
2237 653 2290 698 et
2322 643 2462 698 Deus
2499 659 2672 710 tuens,
2710 644 2841 715 jube
2879 644 3083 713 suscipi
3121 646 3370 714 spiritum
3414 660 3636 711 meum;

2028 736 2154 806 quia
2177 736 2287 805 jam
2318 737 2572 792 desidero
2599 751 2650 792 ιιι
2685 738 2945 809 accipiam
2973 754 3258 802 coronam,
3287 755 3446 809 quam
3473 753 3643 810 auge-

2028 830 2112 885 lus
2148 842 2272 886 tuus
2293 844 2512 887 sanctus
2535 831 2663 887 tuihi
2684 832 2945 889 ostendit.
2977 832 3046 888 Et
3073 833 3342 904 completa
3363 833 3634 898 oratione,

2027 927 2212 981 emisit
2242 927 2516 995 Spiriluut.

2186 1020 2416 1076 Sanctus
2447 1021 2700 1091 Agrictila
2735 1021 2916 1076 mitior
2946 1021 3248 1076 habebatur
3278 1020 3545 1083 moribus,
3578 1030 3637 1074 ut

2025 1113 2096 1168 ab
2128 1114 2257 1181 ipsis
2297 1119 2460 1170 etiam
2503 1114 2742 1170 inimicis
2770 1114 3108 1184 diligeretur.
3145 1114 3382 1183 Ideoque
3417 1111 3640 1168 diﬂ‘ere-

2026 1207 2159 1262 bant
2185 1207 2302 1276 ejus
2332 1207 2661 1275 passionem.
2697 1206 2802 1263 Sed
2834 1207 2952 1262 haec
2978 1217 3385 1276 persecutorum
3411 1205 3637 1259 honori-

2029 1297 2242 1353 ﬁcentia
2275 1300 2418 1354 omni
2457 1308 2576 1353 erat
2603 1300 2942 1353 immanitate
2968 1299 3214 1353 acerbior
3238 1341 3252 1364 ,
3282 1314 3402 1368 qum
3427 1297 3634 1353 invide-

2027 1391 2118 1446 bat
2157 1393 2501 1464 martyrium.
2540 1393 2784 1463 Denique
2823 1392 2913 1447 ubi
2951 1407 3057 1446 non
3101 1392 3366 1462 acquievit
3411 1399 3634 1447 sanctus

2027 1486 2302 1557 Agricola,
2336 1487 2630 1542 cruciﬁxus
2653 1498 2736 1542 est
2762 1504 2776 1554 ;
2813 1501 2866 1539 ut
2897 1486 3244 1542 advertamus
3273 1486 3392 1541 illas
3417 1484 3634 1541 blandi-

2029 1582 2129 1637 tias
2159 1597 2345 1638 corum
2378 1599 2483 1637 non
2514 1583 2825 1639 sedulitatis
2853 1583 3021 1636 fuisse
3042 1623 3058 1648 ,
3097 1581 3191 1636 sed
3232 1579 3454 1635 fraudis.
3488 1580 3634 1650 Sup-

2029 1676 2190 1746 plicio
2225 1676 2368 1730 servi
2409 1676 2688 1731 dominum
2721 1687 2926 1731 terrere
2956 1673 3267 1728 voluerunt.
3313 1673 3486 1729 Vertit
3529 1672 3634 1728 hoc

2029 1769 2279 1824 Christus
2307 1770 2359 1825 in
2390 1772 2644 1841 gratiam,
2679 1781 2702 1806 θ
2749 1779 2804 1824 ιιι
2832 1769 3151 1841 martyrium
3196 1769 3339 1824 servi
3378 1767 3636 1824 dominus

318 1859 405 1914 hic
447 1870 625 1915 tamen
668 1861 937 1930 geminam
985 1859 1196 1914 laudem
1238 1859 1557 1929 acquisivit,
1594 1860 1645 1912 in
1678 1857 1768 1910 illo
1801 1871 1916 1911 tna-
1953 1860 1996 1920 Β
2027 1867 2352 1922 imitaretur,

313 1950 548 2021 gisterii,
582 1949 634 2004 in
666 1966 725 2006 se
761 1953 1032 2024 martyrii.
1072 1951 1435 2007 Certaverunt
1475 1961 1653 2005 tamen
1692 1951 1832 2005 inter
1860 1964 1920 2005 se

318 2045 550 2101 invicem
589 2046 900 2112 beneliciis,
931 2057 1219 2119 postquam
1265 2045 1504 2117 aequales
1542 2061 1664 2101 esse
1707 2059 1920 2099 merue-

315 2151 466 2195 runt.
503 2141 599 2196 llic
645 2139 798 2196 illum
834 2141 900 2197 ad
933 2143 1262 2215 martyrium
1293 2140 1591 2211 pra-misit,
1625 2137 1717 2194 ille
1755 2138 1917 2194 istum

317 2236 629 2290 accersivit.

387 2329 442 2384 5.
485 2329 701 2386 Nullum
724 2346 854 2402 ergo
881 2332 946 2385 ad
971 2331 1498 2387 commendationem
1529 2327 1764 2383 hominis
1789 2342 1921 2381 con-

316 2416 454 2473 ditio
503 2418 660 2475 all'ert
704 2419 1151 2490 impedimentum
1186 2439 1198 2474 :
1234 2437 1334 2475 nec
1374 2417 1608 2490 dignitas
1653 2415 1920 2487 prosapia:

319 2513 611 2580 meritum,
656 2514 749 2568 sed
784 2516 915 2570 lides
945 2514 1127 2570 all'ert.
1169 2515 1296 2568 Sive
1341 2529 1566 2577 servus,
1605 2513 1719 2567 sive
1760 2510 1916 2574 liber,

318 2619 512 2660 omnes
536 2606 587 2660 in
611 2605 832 2661 Christo
857 2621 1020 2658 unmn
1049 2621 1234 2659 sumus
1260 2622 1271 2656 :
1303 2603 1365 2658 Et
1392 2603 1736 2672 unusquisque
1756 2598 1918 2670 quod-

319 2713 541 2768 cumque
568 2699 740 2770 [ecerit
768 2697 975 2762 bonum,
1007 2702 1101 2752 hoc
1125 2698 1333 2766 recipiet
1357 2714 1386 2749 u
1413 2694 1640 2748 Domino
1671 2693 1915 2766 (Ephes,

322 2805 396 2855 vt,
437 2791 517 2862 8).
561 2791 668 2846 Nec
705 2793 945 2847 servitus
987 2792 1250 2862 derogat,
1283 2806 1382 2846 nec
1421 2790 1642 2845 libertas
1679 2789 1916 2856 adjuvat.

328 2883 460 2939 Vide
489 2885 554 2938 ad
586 2899 707 2941 eam
741 2902 852 2940 rem
885 2901 1044 2956 quam
1075 2884 1206 2939 nihil
1243 2887 1294 2938 in
1323 2883 1632 2938 conditione
1661 2878 1920 2936 momenti

319 2981 413 3036 sit.
455 2983 668 3043 Servus,
696 2983 888 3050 inquit,
913 2991 1119 3036 vocatus
1160 2980 1253 3036 es?
1285 2978 1407 3034 Non
1448 2979 1512 3033 sit
1554 2977 1642 3031 tibi
1683 2991 1914 3029 cum...

318 3075 408 3144 qui
455 3077 592 3128 enim
645 3085 850 3130 vocatus
891 3085 963 3130 est
996 3075 1051 3129 in
1096 3073 1315 3127 Domino
1350 3089 1555 3138 servus,
1597 3069 1806 3125 libertus
1847 3078 1920 3123 est

321 3165 554 3222 Domini.
599 3166 848 3224 Similiter
888 3181 933 3223 et
973 3169 1062 3239 qui
1105 3169 1233 3222 liber
1272 3179 1478 3220 vocatus
1505 3177 1610 3229 est,
1642 3180 1820 3218 seri-us
1847 3172 1919 3216 est

2097 1958 2149 2011 6.
2189 1957 2481 2028 UtrinSque
2503 1974 2700 2015 nomen
2727 1969 2910 2029 aptum
2947 1960 3248 2028 martyrio;
3283 1966 3340 2012 ut
3367 1955 3634 2027 designati

2023 2053 2089 2108 ad
2126 2055 2443 2127 martyrium
2478 2054 2609 2125 ipsis
2641 2055 2916 2109 vocabulis
2947 2055 3288 2108 viderentur.
3319 2053 3414 2109 Ille
3441 2052 3636 2108 Vitalis

2023 2147 2200 2204 dictus
2216 2149 2487 2218 e~t,quasi
2513 2150 2602 2219 qui
2622 2155 2940 2218 cOntemptn
2964 2148 3118 2202 istius
3141 2147 3264 2202 vita:
3285 2163 3466 2201 veram
3483 2146 3632 2201 illam

2027 2244 2192 2298 vitam
2216 2253 2474 2298 aeternam
2516 2243 2620 2298 sibi
2655 2243 2882 2297 haberet
2906 2242 3190 2313 acquirere
3225 2257 3238 2294 :
3275 2241 3377 2294 i~te
3409 2240 3635 2309 Agrico-

2023 2335 2070 2391 la
2092 2377 2106 2401 ,
2146 2335 2235 2407 qui
2271 2337 2439 2390 honos
2469 2333 2677 2390 fructus
2707 2334 2970 2404 Spit-italis
3000 2335 3189 2404 gratia:
3217 2335 3541 2398 seminaret,
3577 2339 3635 2386 et

2024 2433 2164 2486 sacri
2204 2431 2488 2501 sanguinis
2528 2430 2830 2496 cllusioue,
2891 2430 3206 2485 meritorum
3245 2441 3466 2484 suorum
3513 2439 3633 2480 om—

2025 2526 2280 2597 niumque
2309 2526 2563 2579 virtutum
2592 2526 2790 2596 rigaret
2823 2522 3112 2594 plantaria.

2096 2623 2150 2676 7.
2193 2621 2400 2690 Sepulti
2447 2634 2627 2674 autem
2659 2628 2817 2674 erant
2863 2618 2914 2673 in
2947 2616 3259 2672 Jutlarorum
3290 2615 3440 2678 solo,
3488 2612 3626 2667 inter

2025 2716 2262 2786 ipsorum
2294 2716 2563 2784 sepulcra.
2593 2713 2916 2768 Atnbieruut
2941 2711 3112 2767 Judaei
3137 2726 3259 2765 eum
3288 2709 3518 2765 servulis
3543 2722 3633 2761 se-

2024 2810 2254 2878 pulturm
2284 2807 2484 2861 habere
2507 2806 2866 2864 Consortium.
2892 2820 3121 2874 quorum
3148 2803 3434 2858 Dominmn
3467 2813 3632 2870 nega-

2025 2911 2238 2956 verunt.
2259 2900 2348 2954 Sic
2370 2910 2421 2952 et
2453 2897 2746 2964 aliquando
2771 2896 2991 2952 Balaam
3021 2895 3157 2950 dixit
3183 2911 3196 2948 :
3227 2893 3484 2948 Moriatur
3507 2893 3629 2946 ani-

2022 3013 2105 3049 ma
2137 3011 2246 3048 mea
2273 2995 2327 3047 in
2359 2994 2542 3046 animis
2561 2993 2828 3063 justorum
2860 2988 3055 3059 (Num.
3092 3004 3246 3052 “ut,
3287 2989 3372 3056 l0)
3399 3003 3413 3051 ;
3445 2995 3624 3040 tamen

2025 3103 2131 3143 n0n
2176 3086 2600 3154 communicavit
2647 3102 2836 3139 eorum
2879 3083 3173 3151 operibus,
3219 3097 3340 3136 cum
3394 3083 3624 3146 viveret,

2021 3199 2249 3251 quorum
2273 3181 2326 3236 in
2355 3181 2549 3236 animis
2575 3179 2828 3250 cupiebat
2851 3179 3009 3232 mori.
3039 3178 3101 3232 Et
3129 3177 3262 3231 istos
3282 3190 3418 3243 quos
3439 3175 3627 3228 viven-

321 3258 514 3314 Christi
557 3260 600 3332 (Ι
642 3260 762 3315 Cor.
797 3277 899 3328 vn,
939 3260 1041 3328 2i,
1087 3259 1205 3327 22).
1239 3261 1269 3302 1ο
1313 3259 1477 3325 Vide,
1519 3258 1769 3327 inquam,
1811 3255 1914 3308 vim

2029 3285 2106 3331 les
2146 3275 2414 3344 persecuti
2447 3286 2573 3328 sunt
2595 3315 2609 3336 ,
2643 3282 2886 3327 mortuos
2919 3269 3280 3324 honorabant.
3313 3267 3427 3322 Illic
3463 3265 3629 3336 igitur

326 3356 590 3424 Apostoli.
623 3356 750 3412 Plus
787 3367 1005 3427 putatur
1030 3356 1246 3410 dedisse
1267 3355 1316 3409 ei
1357 3360 1448 3426 qui
1491 3369 1706 3420 servus,
1753 3369 1913 3424 quam

323 3448 373 3501 ei
422 3449 514 3518 qui
553 3449 684 3505 liber
733 3461 959 3504 vocatus
996 3459 1106 3516 est;
1157 3461 1177 3487 ε
1217 3465 1286 3504 ex
1317 3463 1476 3504 servo
1518 3447 1659 3502 enim
1691 3447 1918 3502 libet-tus

316 3539 523 3596 Christi
573 3542 658 3604 lit,
687 3559 752 3598 ex
787 3543 962 3598 libero
991 3557 1206 3598 servus.
1251 3541 1358 3596 Sed
1395 3541 1524 3594 nulli
1569 3541 1688 3609 plus
1734 3538 1912 3605 dedit,

315 3651 508 3692 verum
550 3637 794 3707 utriSque
820 3637 1014 3707 a-quali
1048 3650 1302 3691 mensura
1329 3634 1533 3688 divisit.
1580 3631 1735 3700 Apud
1758 3629 1914 3688 Chri-

312 3739 461 3786 stum
517 3733 660 3787 enitn
714 3734 950 3788 servitus
985 3741 1042 3787 et
1091 3731 1313 3787 libertas
1367 3744 1520 3800 a-qua
1571 3729 1725 3783 lance
1781 3743 1913 3798 pen-

310 3827 543 3892 duntur,
593 3841 694 3881 nee
748 3827 860 3881 ullo
911 3824 1280 3881 discerniculo
1324 3825 1479 3878 bonie
1534 3822 1814 3877 servitutis
1861 3829 1914 3875 et

312 3919 589 3975 libertatis
630 3919 826 3974 merita
869 3919 1218 3984 dividuntur;
1259 3918 1384 3988 quia
1425 3915 1569 3969 nulla
1615 3913 1788 3983 major
1831 3922 1916 3967 est

309 4015 555 4086 dignitas
591 4030 752 4081 quam
789 4014 994 4070 servire
1021 4012 1260 4068 Christo.
1289 4013 1534 4079 Denique
1565 4009 1765 4064 Paulus
1798 4024 1914 4063 ser-

306 4122 410 4162 vus
457 4105 665 4162 Christi
707 4105 834 4162 Jesu
872 4105 1050 4179 (liam.
1102 4121 1141 4169 ι,
1184 4103 1273 4176 I);
1325 4103 1441 4157 ha’c
1481 4104 1624 4157 enim
1671 4100 1914 4156 servitus

305 4201 550 4272 gloriosa
579 4210 687 4264 est,
722 4201 772 4254 iu
803 4217 906 4268 qua
935 4200 1202 4270 gloriatur
1233 4209 1286 4253 el
1315 4197 1628 4268 Apostolus.
1676 4197 1756 4251 Au
1804 4209 1911 4249 non

305 4310 519 4351 summa
545 4295 715 4366 gloria
741 4305 842 4355 est,
871 4295 1088 4366 quamlo
1113 4295 1204 4348 tali
1232 4297 1405 4363 pretio
1425 4293 1676 4347 :cstimali
1701 4307 1908 4358 sumus,

310 4401 370 4445 ιιι
414 4391 680 4459 sanguine
719 4389 880 4461 279
918 4387 1131 4443 Domini
1176 4387 1614 4443 redimeremur?
1657 4386 1762 4442 Sed
1799 4386 1908 4456 jam

307 4499 606 4557 pergamus
639 4484 704 4537 ad
739 4491 957 4538 ca-tera.

380 4580 436 4634 4.
487 4577 515 4618 «ι
551 4577 795 4648 Cumque
837 4586 1057 4632 sanctus
1097 4575 1289 4630 Vitalis
1325 4583 1613 4645 cogeretur
1648 4591 1675 4629 a
1722 4588 1910 4645 perse-

2023 3370 2278 3440 martyris
2309 3367 2534 3422 exuvias
2567 3365 3002 3436 requirebamus,
3036 3371 3308 3432 tamquam
3341 3359 3484 3414 inter
3510 3360 3626 3428 t-pi-

2019 3480 2115 3519 nas
2148 3477 2324 3516 rosam
2355 3464 2615 3532 legentes.

2087 3558 2143 3612 8.
2183 3555 2764 3611 Ctreutnlundebamur
2805 3569 2834 3608 a
2873 3551 3077 3608 Judazis
3099 3593 3115 3618 ,
3145 3565 3268 3606 cum
3295 3563 3468 3604 sacrm
3496 3549 3631 3604 reli-

2017 3650 2158 3718 quiae
2204 3650 2616 3705 eveherentur:
2666 3646 2856 3701 aderat
2904 3645 3137 3715 populus
3188 3643 3446 3698 Ecclesiae
3497 3658 3621 3698 eum

2019 3742 2210 3813 plausu
2242 3751 2298 3797 et
2345 3739 2554 3794 Iustitia.
2591 3739 2855 3794 Dicebant
2883 3737 3098 3794 .Ittda-i:
3134 3734 3321 3791 Flore:
3368 3735 3463 3790 visi
3503 3745 3625 3789 sunt

2017 3853 2068 3906 in
2097 3846 2228 3890 terra
2259 3833 2432 3907 (Cant.
2465 3849 2522 3899 ll,
2561 3833 2683 3901 19.),
2713 3847 2836 3887 cum
2867 3831 3111 3885 viderent
3143 3838 3432 3901 martyres.
3469 3827 3626 3882 Dice-

2019 3929 2146 3982 bant
2175 3926 2468 3982 Christiani
2498 3944 2512 3982 :
2549 3925 2769 3994 Tempus
2790 3925 3057 3979 incisionis
3085 3925 3230 3976 adest
3255 3919 3471 3993 (Ibid.).
3501 3918 3620 3974 Jatn

2015 4031 2063 4076 et
2082 4022 2170 4093 qui
2199 4022 2361 4088 metit,
2394 4021 2677 4075 mercedem
2699 4020 2883 4091 accipit
2917 4016 3097 4088 (Joan.
3131 4031 3214 4080 tv,
3239 4013 3333 4085 56)
3392 4013 3500 4070 Alti
3531 4027 3620 4068 se-

2017 4116 2380 4179 minaverunt,
2411 4124 2464 4168 et
2492 4130 2590 4168 nos
2614 4114 2870 4168 metimus
2909 4120 3204 4181 martyrum
3246 4111 3472 4164 fructus.
3516 4105 3622 4163 Ite-

2016 4225 2136 4264 rum
2171 4209 2456 4264 audientes
2481 4208 2653 4263 Jttdari
2685 4222 2846 4260 Voces
2876 4204 3182 4274 plaudentis
3215 4203 3473 4259 Ecclesia:
3493 4244 3508 4265 ,
3538 4201 3624 4257 di-

2014 4301 2211 4356 cebant
2246 4301 2388 4356 inter
2415 4315 2514 4356 se:
2554 4299 2669 4354 νοω
2699 4299 2914 4352 turturis
2948 4301 3129 4352 audita
3163 4309 3236 4352 est
3265 4297 3317 4350 in
3351 4305 3489 4350 terra
3521 4311 3621 4350 no-

2015 4404 2120 4450 stra
2151 4393 2323 4465 (Cant.
2369 4410 2428 4456 n,
2467 4391 2577 4463 12).
2611 4391 2764 4448 Unde
2810 4392 2951 4447 bene
2980 4393 3175 4447 lectum
3208 4399 3295 4447 est
3322 4407 3336 4445 :
3366 4387 3490 4444 Dies
3517 4388 3623 4444 diei

2016 4498 2210 4541 eructat
2256 4488 2496 4551 verbum,
2533 4495 2582 4540 et
2614 4501 2718 4539 nox
2759 4485 2895 4538 nocti
2937 4484 3136 4538 iudicat
3172 4484 3461 4539 scientiam.
3494 4477 3622 4537 Dies

2018 4581 2118 4636 diei
2147 4580 2318 4650 (Psal.
2349 4597 2492 4642 svnt.
2510 4581 2590 4650 5),
2609 4580 2957 4634 Christianus
2973 4578 3314 4633 Christiano:
3337 4593 3442 4630 nox
3459 4576 3622 4642 nocti,

303 4676 605 4748 quentibus
632 4686 688 4729 ut
708 4674 985 4730 Christum
1017 4682 1258 4742 negaret,
1286 4682 1336 4725 et
1373 4671 1468 4726 ille
1497 4670 1730 4740 amplius
1753 4669 1912 4740 proli-
1938 4661 1992 4721 1)
2015 4672 2234 4728 Judieus
2254 4673 2464 4728 .Iudteo.
2492 4671 2808 4728 lndieabant
2837 4688 2966 4742 ergo
2987 4671 3156 4728 Juda'i
3179 4671 3323 4743 quod
3357 4672 3626 4726 haberent

307 4781 519 4825 teretur
551 4768 837 4823 Dominum
881 4766 1065 4821 Jesum
1096 4764 1374 4820 Christum
1402 4807 1418 4832 ,
1451 4767 1632 4820 Omnia
1676 4774 1913 4820 tormen-

308 4875 490 4920 torum
522 4877 722 4933 genera
769 4861 822 4916 iu
869 4876 990 4914 eum
1027 4869 1386 4925 exercentes,
1422 4868 1480 4913 ut
1523 4875 1628 4914 non
1669 4867 1814 4913 esset
1856 4857 1910 4912 in

309 4985 440 5037 bum
481 4980 578 5036 lib.
622 4995 711 5035 χιχ
753 4977 1045 5035 Adversar.
1088 4993 1209 5044 cap.
1241 4975 1334 5039 25,
1365 4975 1608 5036 Lipsium
1639 4977 1732 5032 lih.
1765 4995 1777 5033 I
1811 4977 1909 5034 Sa-

311 5067 456 5108 turn.
492 5069 614 5122 cap.
651 5053 735 5113 16,
774 5051 1100 5104 Ιζιιεινειιιιιηι
1134 5051 1185 5102 itt
1214 5048 1365 5103 Notis
1392 5049 1457 5102 ad
1487 5051 1646 5122 epist.
1679 5051 1712 5104 5
1736 5050 1909 5106 sancti

308 5125 546 5189 Paulini,
579 5122 841 5193 Cangiutn
871 5123 922 5175 itt
947 5123 1134 5176 eadem
1166 5136 1319 5182 voce,
1351 5130 1514 5190 atque
1539 5121 1696 5174 alios.

383 5210 408 5234 ἰ
427 5197 502 5253 Ita
525 5197 654 5251 edit.
675 5212 736 5249 ac
763 5195 917 5265 pauci
943 5209 1096 5256 mss;
1121 5193 1211 5246 alii
1233 5199 1411 5246 atttcttt
1438 5207 1634 5261 magno
1658 5209 1908 5258 numero,

310 5287 488 5324 servus
520 5270 638 5340 luit.
671 5269 805 5322 Ante
831 5268 964 5319 Itum:
984 5281 1198 5340 consors
1223 5277 1267 5317 ct
1295 5265 1492 5333 collega
1518 5266 1754 5335 martyrii
1781 5281 1914 5340 pific—

309 5344 460 5394 cessit
489 5337 685 5394 servus.
719 5340 937 5394 Minime
968 5338 1128 5390 male.
1162 5337 1271 5390 llos
1307 5352 1479 5409 porro
1515 5351 1784 5409 martyres
1815 5338 1918 5392 Bo-

311 5415 607 5469 nonienses
656 5410 1046 5481 imperantibus
1092 5408 1525 5481 ΙὶίοοΙρΙίιιιοηρι
1580 5408 1907 5464 Maximiano

309 5499 608 5540 coronatos
652 5480 776 5541 esse
819 5483 885 5536 ad
931 5496 1018 5534 an.
1064 5481 1172 5537 303
1219 5481 1388 5534 tradit
1437 5480 1726 5548 Baronius,
1754 5482 1909 5551 cujus

311 5558 631 5625 OpiniOtn-m
662 5557 1007 5611 llermannus
1030 5553 1152 5608 licet
1184 5553 1414 5625 epistola
1447 5568 1552 5604 non
1585 5553 1745 5608 dubie
1783 5569 1912 5622 sup-

315 5624 580 5700 ptrsititia,
608 5638 666 5683 ιιι
697 5629 811 5696 ipse
840 5629 1116 5700 agnoscit,
1148 5624 1409 5700 nitentem
1435 5627 1802 5700 ampli-mitur.

387 5700 574 5755 1thlss.
619 5718 724 5754 non
773 5702 960 5768 pauci,
1004 5696 1216 5761 Videte,
1266 5696 1461 5767 inquit,
1511 5699 1613 5750 vim
1658 5697 1911 5769 Apostoli.

316 5771 452 5828 Plus
483 5785 692 5839 putatur
731 5772 1054 5839 depressisse,
1085 5781 1192 5824 etc.

396 5857 417 5882 ε
452 5846 580 5901 Mss.
613 5846 843 5914 aliquot,
873 5858 936 5895 ea:
960 5858 1061 5909 quo
1103 5841 1238 5896 enim
1273 5839 1484 5895 libertus
1509 5839 1726 5902 Christi,
1757 5840 1816 5908 ﬁt
1854 5850 1916 5894 ex

320 5917 484 5972 liber‘o
512 5931 701 5969 servus.

2015 4765 2306 4822 scientiam
2351 4778 2647 4839 martyrum
2671 4809 2684 4830 ,
2731 4765 2826 4821 sed
2873 4781 2977 4820 non
3011 4765 3296 4822 scientiam
3329 4764 3535 4828 Verbi;
3571 4763 3626 4818 id

2019 4867 2126 4926 est,
2162 4875 2267 4915 non
2299 4861 2599 4916 secundum
2632 4859 2778 4914 illam
2803 4860 2973 4916 solius
3001 4859 3150 4926 boui,
3179 4870 3234 4916 et
3261 4859 3432 4914 solius
3458 4857 3624 4930 280

2083 4977 2108 5016 ά
2141 4978 2224 5034 Ab
2252 4979 2402 5034 hisee
2431 4978 2611 5033 verbis
2633 5022 2647 5044 ,
2684 4978 2914 5050 Cumque
2942 4987 3150 5032 sanctus
3198 4975 3416 5050 Vitalis,
3449 4988 3624 5044 usque

2015 5052 2080 5107 ad
2115 5052 2229 5114 illa,
2262 5052 2431 5106 emisit
2461 5052 2725 5122 spiritum,
2752 5048 3010 5116 quidquid
3037 5050 3368 5122 eontinetur,
3403 5048 3452 5098 in
3483 5059 3624 5102 mss.

2015 5124 2184 5178 ferme
2211 5125 2464 5177 omnibus
2486 5119 2855 5178 desideratur.
2887 5123 3070 5190 Neque
3097 5136 3227 5174 vero
3258 5119 3306 5172 id
3333 5127 3498 5190 totum
3524 5134 3624 5190 tto-

2018 5196 2102 5250 bis
2135 5194 2487 5249 inediocriti-r
2517 5205 2832 5260 Suspectum
2867 5187 2993 5251 est.'
3016 5192 3254 5246 maxime
3284 5189 3424 5254 quod
3458 5187 3621 5243 verba

2017 5267 2130 5332 illa,
2155 5268 2328 5340 omnia
2355 5277 2721 5340 tormentorum
2743 5265 3002 5340 generein
3027 5279 3144 5317 eum
3162 5271 3471 5323 exercentes,
3496 5275 3622 5314 eum

2017 5339 2472 5393 antecedentibus
2495 5353 2557 5392 ac
2588 5336 3055 5407 Subsequentilnisr
3078 5349 3264 5403 parum
3293 5341 3618 5407 congruant.

2022 5410 2223 5466 llorum
2260 5420 2438 5464 tamen
2483 5411 2602 5462 loco
2635 5411 2686 5462 in
2728 5403 2959 5476 epistola
2989 5405 3094 5470 55,
3128 5419 3287 5476 quam
3335 5403 3626 5476 Ambrosio

2018 5483 2176 5538 Ilotn.
2206 5481 2340 5535 edit.
2365 5496 2495 5534 mss.
2517 5475 3060 5550 aliquutam-toritate
3081 5475 3380 5539 subStituit,
3406 5475 3627 5550 eoticin-

2016 5559 2138 5607 nius
2160 5553 2386 5623 legitur,
2418 5551 2548 5606 adeo
2569 5547 2708 5606 omni
2738 5560 3104 5623 tormentorum
3127 5547 3622 5623 genereeruciatns.

2016 5627 2190 5681 Pmro
2221 5620 2353 5680 cum
2397 5639 2527 5678 mss.
2573 5639 2673 5678 nos
2699 5623 2952 5677 deliciam
2973 5660 2988 5685 ,
3021 5621 3074 5674 in
3105 5621 3240 5677 edit.
3273 5620 3408 5676 nihil
3451 5627 3626 5674 muta-

2015 5714 2156 5753 mus.

2091 5780 2115 5806 ε
2148 5768 2354 5824 Omnes
2383 5767 2513 5822 edit.
2545 5781 2608 5819 ac
2630 5778 2761 5835 mss.
2796 5759 3075 5835 nonnulli,
3106 5771 3166 5828 ut
3197 5764 3447 5835 martyrio
3486 5762 3624 5817 servi

2017 5842 2260 5896 dominus
2297 5840 2627 5896 invitaretur:
2669 5834 2765 5889 alii
2794 5833 2952 5898 longe
2992 5833 3232 5902 plurimi,
3281 5833 3417 5890 utin
3448 5840 3618 5888 ιεκιιν.
