4054 6306
436 347 544 404 55)

1765 341 2012 400 SANCTI
2052 339 2376 401 AMBROSII

3628 335 3736 390 5i0

433 466 549 522 veri
576 465 864 522 scientiam
893 484 906 521 :
939 464 1246 538 lgnorantes
1275 464 1412 519 enim
1443 460 1537 518 Dei
1557 460 1840 536 justitiam,
1873 469 1922 516 et
1948 475 2037 515 vo.
2067 467 2115 524 Α
2145 458 2402 532 praesidio
2453 464 2602 513 esset
2654 453 2836 510 mariti
2889 450 3102 506 viduata
3157 458 3212 504 et
3261 449 3491 514 solatio;
3553 462 3735 505 tamen

437 561 597 617 lentes
641 577 696 617 se
736 559 1076 636 justiﬂcare,
1115 561 1380 636 justitiam
1434 557 1533 614 Dei
1585 573 1686 614 non
1739 567 2042 629 receperunt

439 655 617 732 (Rom.
648 671 704 727 κ,
737 656 816 730 5).

1068 747 1298 806 CAPUT
1334 747 1400 802 ll.

438 847 620 919 Primo
649 863 987 936 reliquiarum
1014 863 1233 935 pretium
1278 857 1586 933 ampliﬁcat,
1639 858 1824 914 deinde
1866 857 2041 914 Julia-

507 975 628 1012 nam
662 958 902 1022 viduam,
933 973 1050 1028 qua:
1090 957 1195 1011 illis
1223 955 1501 1009 donaretur
1525 997 1539 1022 ,
1573 954 1783 1025 dignam
1817 951 2042 1018 asserit;

511 1051 646 1106 hanc
685 1049 823 1106 enim
869 1067 984 1106 cum
1023 1047 1380 1104 honorandum
1421 1063 1484 1103 ea:
1528 1043 1800 1118 Apostolo,
1835 1055 1940 1100 tum
1981 1061 2040 1099 eo

503 1143 893 1216 praedicandam
934 1142 1072 1216 quod
1104 1139 1348 1198 Ecclesia:
1377 1141 1573 1196 damna
1618 1157 1774 1210 quam
1825 1137 2042 1212 propria

506 1255 601 1294 sua
630 1237 794 1312 magis
825 1237 1037 1294 doleret.

505 1400 558 1457 9.
621 1399 799 1456 Detuli
867 1409 1002 1470 ergo
1057 1395 1216 1452 vobis
1281 1405 1510 1450 munera
1575 1407 1697 1465 quia
1753 1393 1889 1450 meis
1933 1393 2041 1464 legi

435 1493 709 1562 manibus,
736 1489 788 1550 id
815 1503 918 1562 est,
945 1492 1126 1550 crucis
1151 1501 1379 1562 tropaea,
1405 1489 1560 1559 cujus
1580 1489 1807 1560 gratiam
1833 1489 1886 1544 in
1912 1504 2039 1560 ope-

431 1589 584 1644 ribus
613 1585 937 1661 agnoscitis.
969 1587 1134 1643 Certe
1159 1591 1214 1640 et
1244 1583 1348 1654 ipsi
1376 1581 1658 1638 daemones
1685 1581 2038 1638 conﬁtentur.

429 1677 680 1736 Condant
721 1679 814 1735 alii
846 1690 1042 1734 nurum
1083 1685 1247 1748 atque
1277 1681 1586 1744 argentum,
1619 1689 1682 1729 ac
1712 1673 1781 1730 de
1823 1673 2051 1730 latenti:

429 1776 530 1833 bus
555 1783 753 1832 eruant
797 1775 988 1840 venis;
1021 1773 1204 1844 legant
1248 1772 1491 1843 pretiosa
1541 1770 1826 1824 monilium
1857 1779 2035 1836 serta;

2143 553 2286 624 apud
2347 551 2490 624 piam
2547 558 2784 604 mentem
2838 560 3002 602 causa
3061 543 3317 600 Ecclesia:
3358 541 3740 614 praepondera-

2143 645 2258 701 ba"
2668 715 2830 788 εει
2870 709 3098 768 carm
3137 708 3226 765 Ill.

2142 811 2375 868 Iuliana:
2420 813 2488 867 ad
2533 811 2721 865 liberos
2760 807 3072 863 exhortatio.
3124 802 3247 858 Illic
3289 801 3545 876 principio
3577 800 3746 871 ﬁlium

2215 917 2384 962 mouet
2411 923 2525 962 eum
2553 922 2656 959 non
2685 915 2868 958 temere
2899 901 3068 956 vocari
3109 899 3462 964 Laurentium,
3493 898 3582 952 sed
3608 895 3750 968 quod

2220 1000 2469 1072 Martyris
2495 997 2816 1069 cognominis
2845 995 3134 1068 patrocinio
3155 1001 3426 1062 conceptus
3457 990 3629 1062 fuerit,
3664 997 3746 1043 at.

2214 1110 2311 1166 qua
2346 1092 2512 1148 eidem
2550 1091 2856 1161 promissus.
2888 1086 3068 1142 Solvat
3111 1085 3271 1157 igitur
3301 1093 3573 1154 parentum
3603 1093 3744 1138 vota.

2219 1185 2372 1240 Nihil
2419 1186 2518 1257 ipsi
2548 1199 2656 1239 esse
2691 1199 2791 1252 quo
2827 1179 3149 1243 retardetur;
3191 1195 3307 1231 cum
3350 1177 3551 1231 ueteris
3593 1183 3748 1231 rebus

2215 1283 2446 1337 divinant
2489 1280 2750 1334 servitium
2786 1277 3113 1348 prtestantius
3141 1273 3240 1340 sit,
3274 1273 3538 1328 hominum
3575 1284 3750 1328 autem

2215 1377 2316 1430 vita
2348 1374 2637 1428 miserrima
2663 1387 2682 1426 :
2715 1381 2885 1441 patere
2915 1382 3085 1424 tamen
3112 1369 3305 1424 exitum
3336 1383 3400 1421 ea:
3424 1368 3538 1438 ejus
3568 1367 3749 1435 malis,

2216 1467 2370 1522 modo
2397 1467 2683 1520 castitatem
2711 1464 2788 1518 illi
2809 1463 3022 1534 eligant,
3051 1461 3133 1516 cui
3160 1460 3391 1533 conjugii
3419 1460 3637 1516 seruitus
3665 1459 3754 1513 hic

2214 1563 2507 1634 opponitur.

2218 1680 2306 1734 15.
2349 1676 2633 1734 Succinxit
2660 1675 2843 1745 itaque
2871 1673 3069 1728 mentis
3095 1673 3327 1736 viscera,
3358 1681 3414 1727 et
3450 1671 3752 1727 circumfu-

2143 1788 2260 1828 sam
2288 1788 2348 1829 se
2375 1771 2566 1827 videns
2597 1785 2826 1825 numero
2857 1767 3090 1822 ﬁliarum
3132 1767 3318 1832 trium,
3347 1773 3402 1821 et
3436 1767 3596 1822 unius
3621 1766 3746 1834 ﬁlii,

431 1867 752 1938 temporalis
795 1867 889 1922 ille
920 1867 1214 1921 thesaurus
1257 1871 1365 1932 est,
1413 1871 1468 1919 et
1516 1878 1663 1933 Saepe
1707 1861 2039 1921 habentibus
2071 1867 2116 1929 Β
2143 1884 2252 1940 quo
2273 1869 2452 1923 solent
2475 1867 2666 1922 terreri
2692 1875 2931 1931 caeteras,
2959 1863 3061 1918 hoc
3083 1862 3274 1917 fortior
3296 1862 3457 1931 iacta,
3482 1863 3576 1917 tali
3603 1864 3750 1918 ﬁlios

429 1961 778 2031 perniciosus
804 1975 818 2014 :
853 1974 952 2014 nos
977 1957 1210 2028 legimus
1232 1956 1493 2029 martyris
1518 1957 1727 2023 clavos,
1754 1967 1809 2012 et
1840 1957 2038 2012 multos

429 2053 676 2125 quidem,
729 2061 789 2106 ιιι
839 2051 994 2122 plura
1043 2049 1246 2106 iuerint
1277 2049 1508 2104 vulnera
1556 2063 1718 2119 quam
1767 2049 2034 2106 membra.

431 2149 685 2204 Clamare
744 2156 1040 2219 martyrem
1101 2145 1319 2201 diceres
1374 2143 1441 2198 ad
1503 2143 1760 2213 popttlum
1819 2141 2037 2198 Judaeu-

430 2255 592 2304 rum.
643 2253 767 2295 cum
801 2240 988 2294 clavos
1027 2237 1147 2307 ejus
1192 2236 1575 2306 colligeremus
1607 2252 1620 2288 :
1665 2232 1813 2288 Mitte
1854 2250 2040 2290 manus

434 2341 548 2386 tuas
575 2332 629 2386 in
656 2333 795 2387 latus
818 2345 1015 2396 meum,
1045 2340 1092 2384 et
1118 2328 1228 2382 noli
1251 2344 1361 2382 esse
1395 2325 1728 2394 incredulus,
1757 2327 1850 2381 sed
1871 2327 2040 2397 ﬁdelis

435 2424 619 2498 (Joan.
654 2439 746 2493 xx,
777 2422 894 2494 27).
923 2422 1250 2494 Colligimus
1274 2421 1599 2493 sanguinem
1631 2419 2036 2491 triumphalem,

433 2530 488 2576 et
513 2520 695 2576 crucis
723 2520 950 2592 lignum.

506 2613 596 2670 10.
633 2614 762 2669 Haec
790 2622 994 2669 sancta:
1026 2612 1204 2667 viduas
1239 2625 1439 2682 negare
1469 2626 1574 2666 non
1620 2610 1892 2681 potuimus
1939 2627 2037 2682 po-

431 2707 677 2762 stulanti.
721 2706 945 2762 Munera
984 2707 1166 2775 itaque
1199 2703 1399 2760 salutis
1439 2705 1693 2774 accipite,
1726 2720 1849 2776 quae
1895 2721 2039 2763 nunc

431 2798 534 2854 sub
569 2801 741 2855 sacris
779 2798 1048 2854 altaribus
1095 2798 1490 2854 reconduntur.
1543 2799 1619 2854 Ea
1669 2797 1834 2870 igitur
1875 2799 2038 2856 vidua

435 2900 461 2928 ι
475 2900 662 2948 sancta
685 2903 767 2948 est
792 2887 1032 2960 Juliana,
1049 2908 1171 2963 qua:
1187 2892 1290 2947 hoc
1307 2893 1538 2948 Domino
1554 2893 1812 2964 templum
1828 2896 2041 2964 paravit

431 2997 595 3060 atque
643 2989 876 3055 obtulit,
917 2987 1061 3060 quod
1111 2983 1276 3044 hodie
1317 2988 1680 3044 dedicamus:
1730 2989 1891 3060 digna
1945 2991 2037 3046 tali

433 3081 736 3146 oblatione,
761 3093 882 3153 quae
905 3081 958 3136 in
984 3081 1175 3136 sobole
1195 3095 1290 3134 sua
1323 3081 1520 3152 templa
1546 3083 1656 3151 jam
1684 3083 1913 3136 Domino
1942 3099 2039 3154 pu-

431 3175 632 3232 dicitia:
689 3189 852 3246 atque
905 3176 1234 3248 integritatis
1279 3177 1537 3234 sacravit.
1588 3179 1721 3234 Dum
1763 3179 2034 3236 Julianam

2143 1963 2384 2033 alloquio
2411 1960 2666 2016 convenit
2693 1977 2705 2014 :
2739 1959 2898 2022 Filii,
2930 1955 3191 2012 amisistis
3235 1966 3483 2027 patrem,
3514 1965 3750 2011 matrem

2146 2054 2382 2110 habetis.
2422 2053 2614 2109 Melior
2655 2053 2874 2122 quidem
2905 2050 3095 2106 luisset
3137 2050 3227 2104 illa
3269 2050 3624 2105 commutatio
3651 2091 3669 2116 ,
3704 2050 3753 2106 si

2145 2157 2301 2220 pater
2325 2150 2559 2212 viveret,
2591 2155 2767 2202 mater
2792 2147 3027 2202 deesset.
3056 2144 3260 2202 Tamen
3285 2146 3507 2202 inﬁrma
3540 2146 3672 2201 licet
3695 2155 3756 2202 et

2144 2242 2387 2298 desolata
2427 2241 2656 2297 ostendo
2691 2241 2866 2306 vobis,
2899 2240 2944 2293 si
2976 2239 3140 2294 vultis
3170 2239 3348 2310 sequi,
3380 2255 3490 2310 quo
3517 2239 3757 2294 arbitre-

2146 2335 2281 2392 mini
2306 2344 2514 2406 patrem
2540 2335 2694 2390 vobis
2716 2350 2827 2389 nou
2857 2331 3198 2400 decessisse;
3227 2333 3444 2388 habetis
3466 2333 3612 2389 enim
3636 2349 3758 2390 me-

2145 2431 2337 2487 liorem
2370 2431 2437 2487 de
2458 2431 2599 2486 cwlo
2622 2441 2927 2501 parentem.
2957 2429 3053 2486 Ille
3074 2441 3154 2485 est
3184 2431 3275 2500 qui
3305 2440 3360 2486 et
3389 2430 3490 2485 hos
3513 2429 3758 2486 snﬁ’ulsit

2149 2533 2350 2593 patres.
2379 2523 2516 2591 Quid
2548 2525 2691 2578 enim
2717 2523 2858 2577 aliud
2884 2522 2998 2592 jam
3023 2533 3272 2592 superest
3296 2522 3412 2594 spei
3429 2522 3454 2576 ἲ
3474 2522 3635 2578 Pater
3656 2538 3759 2576 vo-

2147 2616 2231 2672 bis
2257 2616 2357 2670 luit
2386 2616 2540 2672 dives
2570 2616 2742 2686 gratia
2765 2656 2780 2681 ,
2821 2629 2927 2670 non
2959 2617 3230 2682 pecunia:
3263 2616 3560 2686 cpnlentus
3591 2617 3760 2672 mini-

2145 2710 2334 2775 sterio,
2363 2726 2470 2765 non
2495 2710 2822 2780 patrimonio
2847 2727 2860 2762 :
2884 2711 3042 2780 cujus
3066 2709 3355 2766 hereditas
3385 2710 3521 2766 ﬁdes
3543 2721 3648 2777 εει,
3673 2710 3758 2764 Ιο-

2145 2805 2330 2872 cuples
2381 2803 2518 2869 Deo,
2569 2804 2665 2858 sed
2713 2819 2884 2874 egena
2935 2804 3157 2858 sa-culo.
3207 2803 3352 2860 Satis
3399 2819 3496 2859 vos
3552 2803 3758 2860 divites

2148 2895 2390 2967 reliquit,
2439 2896 2488 2952 si
2533 2897 2870 2966 prepositum
2919 2896 3038 2967 ejus
3077 2898 3402 2966 sequamini.
3435 2897 3474 2954 S
3502 2897 3566 2952 »ιιι
3611 2897 3758 2954 ﬁdes

2146 2994 2361 3064 utrique
2393 2992 2684 3048 indiscreta
2715 2994 2896 3057 sexui,
2929 3007 3128 3048 census
3159 2993 3424 3059 virorum,
3450 2991 3478 3032 δ
3511 2992 3610 3050 dus
3643 2994 3758 3048 vir-

2143 3087 2351 3158 gittnm.

2221 3179 2308 3234 M.
2352 3181 2416 3236 Et
2467 3190 2520 3234 ttt
2563 3178 2808 3250 quidem,
2855 3178 2952 3244 ﬁli,
2996 3179 3276 3250 aliqumtto
3314 3181 3539 3250 propior
3581 3183 3752 3252 patri,

434 3267 556 3322 volo
591 3269 796 3336 dicere,
830 3269 1075 3326 .lndteam
1125 3269 1261 3325 dixi.
1303 3270 1420 3325 Non
1455 3272 1656 3326 erravit
1686 3272 1872 3343 lingua
1893 3315 1907 3338 ,
1941 3274 2035 3330 sed
2067 3275 2112 3338 C
2143 3285 2384 3344 agnosce
2413 3287 2534 3336 quae
2575 3272 2733 3326 matri
2764 3272 2986 3337 debeas,
3019 3269 3161 3342 q‘uod
3205 3272 3387 3328 domui
3419 3275 3753 3332 vocabulum

433 3363 714 3430 deﬁnivit;
744 3363 932 3419 Jttdzca
961 3366 1105 3421 enim
1138 3374 1224 3420 est
1245 3365 1427 3419 anima
1457 3381 1574 3433 quas
1599 3365 1878 3422 Christum
1906 3367 2040 3424 [τιέ-

433 3467 542 3510 tur.
579 3459 826 3528 Denique
858 3469 1012 3514 notus
1040 3459 1093 3512 itt
1124 3457 1315 3514 Juda'a
1347 3459 1487 3514 Deus
1514 3459 1698 3531 (Psol.
1729 3478 1894 3530 Luxv,
1923 3461 2034 3534 9.);

432 3545 484 3602 id
508 3558 612 3617 est,
637 3551 728 3606 ubi
759 3549 1179 3621 agnoscebatur,
1209 3568 1318 3606 non
1347 3553 1437 3607 ubi
1469 3553 1789 3623 negabatur.
1821 3555 1918 3612 Est
1952 3573 2040 3613 er-

430 3657 500 3716 go
535 3645 587 3700 in
619 3645 810 3715 spiritu
841 3645 1026 3702 Iudam
1055 3687 1068 3710 ,
1105 3647 1194 3702 ubi
1241 3647 1417 3717 major
1469 3650 1648 3718 portio
1676 3691 1690 3714 ,
1724 3649 2038 3707 intellectus

430 3737 742 3805 sinceriOr;
785 3737 920 3806 Quia
965 3739 1106 3793 salus
1145 3755 1208 3794 ea:
1252 3739 1452 3794 Juda'is
1482 3750 1555 3794 est
1597 3740 1779 3812 (Joan.
1811 3759 1884 3812 tv,
1919 3743 2032 3815 23).

433 3830 662 3903 Lingua:
707 3829 872 3902 igitur
911 3843 1068 3888 error
1110 3834 1483 3889 testimonium
1535 3836 1843 3892 sanctitatis
1883 3837 2036 3894 inve-

429 3923 528 3978 nit.

501 4007 584 4074 11.
628 4015 975 4076 Honoremus
1004 4033 1136 4090 ergo
1165 4020 1306 4076 hanc
1332 4019 1582 4085 viduam.
1614 4023 1742 4094 quia
1767 4025 2030 4097 scriptum

427 4118 512 4168 est
537 4129 551 4166 :
587 4111 786 4169 Viduas
815 4113 1038 4182 honora,
1067 4129 1186 4186 quae
1221 4129 1336 4169 uere
1362 4115 1532 4170 uidua:
1553 4129 1673 4172 sunt
1723 4117 1767 4190 (l
1810 4117 1944 4173 Tim.
1975 4136 2030 4188 v,

427 4201 509 4276 5).
541 4206 696 4263 Licet
721 4207 1011 4265 verborum
1044 4218 1354 4264 nostrorum
1378 4208 1642 4266 honorem
1671 4222 1780 4266 non
1803 4211 2029 4280 ambiat,

425 4311 549 4368 quae
575 4301 822 4370 Apostoli
847 4301 1161 4357 mandatum
1196 4301 1588 4373 adwquaverit,
1618 4304 1826 4361 habens
1849 4306 1900 4360 in
1935 4306 2031 4361 bo.

425 4389 513 4445 nis
543 4393 802 4462 aperibus
831 4394 1234 4461 testimonium,
1265 4409 1387 4466 quae
1413 4393 1556 4452 bene
1583 4397 1726 4454 liiios
1755 4398 2028 4457 educave-

425 4479 520 4548 rit,
546 4483 742 4538 melius
772 4483 1090 4540 instituerit.

495 4574 584 4628 ts.
627 4575 760 4642 Quis
792 4575 934 4632 hanc
964 4591 1072 4633 non
1121 4586 1179 4633 ut
1205 4578 1519 4636 destitutam
1553 4592 1606 4638 et
1653 4585 2020 4643 miserabilem

2141 3367 2358 3422 reddas.
2379 3366 2532 3422 Eius
2559 3375 2612 3421 te
2633 3373 2880 3430 excns:it,
2899 3365 2994 3420 sed
3019 3365 3311 3421 Inereditas
3340 3377 3516 3421 vocat.
3541 3366 3755 3423 lucrm-

2142 3459 2328 3513 dentur
2350 3501 2363 3523 ,
2395 3459 2468 3513 ﬁli
2498 3500 2512 3524 ,
2561 3469 2706 3530 pater
2735 3468 2780 3511 et
2813 3468 2974 3512 mater
2999 3459 3053 3513 in
3099 3469 3146 3513 te
3189 3457 3374 3533 (Prov.
3418 3475 3554 3515 xxm
3575 3503 3590 3526 ,
3618 3461 3749 3532 23).

2141 3551 2259 3606 Noli
2293 3559 2520 3606 matrem
2555 3562 2907 3606 contemnere
2933 3552 3084 3620 quasi
3129 3551 3551 3622 imprudentem.
3585 3553 3752 3624 lit-gis

2139 3646 2455 3713 admonitio,
2484 3645 2679 3716 inquit,
2709 3655 2731 3683 ο
2759 3659 2907 3714 quem
2930 3645 3142 3700 erudiuit
3171 3654 3334 3700 mater
3364 3661 3479 3702 sua.
3509 3647 3650 3714 Quid
3681 3653 3750 3703 ti—

2139 3740 2246 3794 lius
2297 3741 2387 3810 qui
2441 3749 2626 3794 servat
2676 3739 2947 3794 dictiones
2987 3739 3118 3794 Dei?
3174 3739 3581 3811 Primogenite,
3645 3744 3746 3800 tibi

2137 3833 2282 3901 dico,
2308 3835 2386 3889 illi
2413 3854 2426 3888 :
2458 3835 2596 3901 Quid
2623 3835 2768 3904 ﬁlius
2791 3835 2892 3888 mei
2919 3836 3108 3889 uentris
3129 3835 3155 3889 ?
3175 3836 3300 3906 quid
3321 3848 3470 3892 natus
3499 3855 3745 3896 mearum

2137 3931 2428 3983 orationum
2445 3930 2470 3982 ἶ)
2493 3927 2576 3983 Ne
2593 3927 2797 3983 dederis
2817 3929 3017 3983 mulieri
3043 3940 3183 3984 tuam
3205 3930 3518 3986 honestatem
3547 3933 3739 4004 (Prov.

2135 4039 2286 4090 χχιι,
2337 4025 2362 4081 1
2392 4034 2440 4079 et
2459 4026 2614 4096 corp).
2645 4025 2786 4080 Audi
2813 4025 2943 4096 qttid
2966 4026 3184 4098 sapiens
3211 4025 3378 4095 dicat,
3411 4028 3542 4099 quid
3587 4029 3745 4086 Scri-

2135 4126 2293 4188 ptura
2321 4125 2552 4172 asserat.

2207 4211 2294 4266 i5.
2329 4211 2623 4268 Considera
2655 4212 2778 4281 quis
2800 4221 2854 4269 te
2876 4221 2933 4267 ut
2965 4213 3292 4275 irascereris,
3313 4214 3558 4283 juverit:
3592 4216 3742 4274 ﬁlius

2134 4320 2194 4363 es
2227 4316 2478 4363 votorum
2503 4307 2674 4378 magis
2695 4323 2855 4378 quam
2882 4307 3137 4364 dolorum
3163 4324 3432 4365 meorum.
3455 4311 3744 4368 Conside-

2133 4415 2190 4454 ra
2221 4401 2310 4457 cui
2336 4409 2390 4456 te
2417 4404 2629 4456 muneri
2661 4411 2814 4472 pater
2840 4401 2935 4456 tali
2965 4403 3186 4458 nomine
3213 4402 3606 4473 designaverit,
3641 4407 3742 4476 qui

2129 4495 2342 4550 vocavit
2369 4495 2738 4551 Laurentium.
2763 4497 2790 4533 ιι
2813 4496 2894 4552 lbi
2917 4506 3039 4552 vota
3065 4498 3438 4568 deposuimus,
3463 4500 3613 4557 unde
3639 4519 3742 4558 no-

2129 4605 2252 4646 men
2293 4591 2706 4660 assnmpsimus.
2735 4590 2871 4646 Vota
2903 4591 3127 4648 allectus
3153 4605 3371 4648 secutus
3411 4602 3526 4661 est,
3559 4596 3740 4654 redde

417 4662 768 4762 deploravit,
804 4669 1022 4739 quando
1055 4670 1241 4726 amisit
1283 4671 1575 4727 maritum?
1602 4674 1673 4731 At
1715 4676 1816 4731 ista
1859 4679 2022 4734 mini-
2048 4669 2100 4731 Ι)
2128 4685 2348 4757 martyri
2377 4685 2520 4756 quod
2549 4685 2714 4743 debes
2746 4687 3106 4758 martyri.llle
3139 4699 3188 4744 te
3207 4687 3364 4743 nobis
3385 4687 3736 4762 impetravit,

414 4765 586 4813 stram
627 4760 803 4816 sacris
847 4771 1094 4833 ereptum
1141 4763 1407 4822 altaribus
1449 4769 1684 4838 amplius
1729 4771 2014 4842 ingemuit,

412 4859 574 4920 quam
617 4851 722 4908 sibi
766 4856 1078 4939 conjugem,
1127 4866 1222 4912 aut
1266 4868 1476 4930 patrem
1525 4860 1676 4920 ﬁliis.
1725 4862 1860 4920 Nam
1913 4867 2015 4923 etsi

480 5017 506 5050 α
531 5011 700 5092 Boni.
727 5007 839 5070 edit
864 5007 1004 5092 sola,
1047 5022 1228 5092 sancta
1253 5023 1325 5092 est
1355 5015 1564 5092 ludam.
1600 5013 1769 5092 Favet
1793 5017 2012 5092 quidem

401 5083 543 5167 quod
580 5085 732 5167 intra.
755 5087 997 5167 ponitttr,
1028 5085 1156 5167 dunt
1181 5085 1452 5167 lulianum
1483 5089 1596 5144 volo
1628 5087 1782 5162 (edit.
1801 5083 1827 5157 ,’
1849 5093 2012 5167 volui)

402 5151 590 5223 dicere,
621 5151 860 5214 Judtcam
883 5155 1032 5214 dixi:
1063 5159 1158 5214 sed
1185 5168 1364 5214 tamen
1391 5161 1508 5217 sine
1537 5151 1670 5217 mss.
1697 5170 1786 5218 aut
1804 5151 2008 5222 salleni

401 5239 509 5300 vet.
541 5227 676 5284 edit.
708 5226 843 5286 ttnlli
877 5227 1098 5300 ﬁdimus
1127 5231 1479 5300 ctinjecturte.
1505 5232 1646 5289 Sunt
1669 5243 1848 5290 autem
1873 5251 2004 5292 mss.

401 5298 620 5377 aliquot
646 5301 698 5377 i_n
728 5301 926 5377 quibus
957 5295 1212 5377 habetur.
1233 5295 1326 5377 ίΕα
1351 5304 1510 5376 igitur
1535 5304 1662 5377 vidit
1685 5319 1835 5377 atque
1857 5309 2006 5363 obtu-

484 5363 620 5450 quod
645 5363 814 5450 hodie,
843 5387 948 5450 etc.
981 5363 1204 5429 Interim
1238 5363 1675 5450 hicd'bservabis
1711 5363 1873 5450 quam
1907 5396 2004 5450 an-

397 5443 542 5508 tiqua
570 5445 641 5496 sit
661 5443 1090 5516 dedicandarum
1114 5461 1236 5501 cum
1265 5445 1469 5501 celebri
1503 5463 1698 5516 pompa
1729 5443 2005 5507 Ecclesia-

398 5524 524 5601 runt
568 5515 954 5601 consuetudo.‘
984 5515 1438 5601 llujusAquoque‘
1477 5515 1560 5601 rei
1613 5515 2003 5601 documentum

398 5584 600 5646 prtebet
649 5590 820 5642 Sancti
864 5583 1024 5654 huius
1065 5583 1242 5644 nostri
1285 5583 1350 5641 ad
1397 5583 1633 5642 Felicem
1677 5586 2002 5649 Comensem

395 5654 644 5734 epistola.
689 5655 956 5734 Catholici
997 5657 1244 5734 nonnulli
1285 5666 1450 5734 atque
1507 5661 1828 5734 heterodoxi
1857 5661 2003 5734 Mug-

398 5721 766 5807 deburgcnses
795 5730 846 5783 itt
885 5733 1150 5807 saeculum
1179 5745 1220 5784 tt
1252 5721 1474 5807 tradunt
1509 5728 1652 5785 hunc
1685 5731 1848 5786 ritum
1892 5721 1998 5792 min

395 5797 513 5878 nisi.
564 5801 682 5878 post
744 5797 1034 5878 imperium
1088 5801 1436 5878 Constantini
1510 5811 1817 5878 receptum
1851 5819 1995 5878 esse,

393 5875 515 5922 cum
553 5865 644 5921 alii
678 5865 928 5930 eumdem
976 5888 1008 5929 e
1044 5868 1219 5930 veteri
1265 5869 1550 5960 Synagoga
1593 5865 1656 5930 in'
1694 5865 1994 5937 Ecclesium

2127 4787 2182 4832 tu
2226 4780 2452 4834 restitue
2495 4779 2638 4850 quod
2679 4781 2748 4836 de
2790 4791 2842 4836 te
2895 4780 3210 4852 huiusmodi
3263 4782 3502 4839 nominis
3532 4787 3738 4856 appel-

2127 4871 2330 4927 latione
2392 4874 2766 4943 promisimus.

2123 5037 2438 5106 nascentcm
2473 5027 2804 5106 translatum
2839 5029 3370 5106 velint._Ulrantquc
3413 5051 3550 5093 vero
3598 5053 3736 5096 seu-

2122 5097 2344 5184 tentiam
2386 5101 2642 5184 conciliat
2678 5100 2828 5157 card.
2860 5101 3005 5157 Bona
3042 5103 3142 5162 lib.
3175 5121 3192 5160 ι
3235 5097 3438 5164 Rerum
3481 5111 3729 5184 illllt‘gic.

2118 5183 2236 5280 cap.
2267 5172 2360 5238 2t),
2393 5189 2540 5226 nunt.
2576 5174 2630 5230 3.

2249 5241 2351 5280 Περ
2399 5259 2505 5280 nmt
2537 5261 2630 5280 n-m

2245 5241 2373 5317 Mss.
2399 5259 2506 5317 non
2537 5244 2714 5313 pauci.
2746 5243 2856 5299 duo;
2889 5245 3163 5317 virginum.
3200 5247 3351 5304 llaud
3381 5251 3513 5307 satis
3549 5267 3726 5314 recte.

2157 5311 2361 5394 0°.Vet.
2395 5311 2704 5394 ’φηρὶ-(λιξῶ
2743 5326 2904 5394 ηιςιιεν
2944 5311 3061 5385 sua,
3107 5322 3196 5392 qui
3235 5323 3396 5389 ﬁlius,
3428 5325 3518 5394 qui
3550 5311 3728 5384 sereni

2112 5381 2361 5460 dictiones
2387 5385 2518 5460 Dei?
2543 5381 2668 5460 Gill.
2702 5403 2764 5460 ac
2795 5389 2950 5443 lion].
2981 5381 3129 5460 queui
3161 5381 3572 5450 erudicit'ttiater
3598 5381 3718 5456 sua.

2115 5453 2255 5520 Quid
2285 5458 2531 5542 servabis,
2559 5459 2634 5526 [ili
2647 5459 2671 5512 I’
2701 5455 2964 5542 Qictiones
2991 5453 3102 5517 'Dei
3131 5481 3150 5519 :
3185 5480 3313 5520 mss.
3351 5483 3478 5522 vero
3519 5453 3725 5542 magno

2111 5540 2380 5583 Consensu
2411 5529 2690 5585 thblSt’Utlt
2725 5529 2948 5586 faciunt.

2176 5593 2216 5679 ξι.
2239 5601 2550 5679 Agnoscunt
2574 5619 2639 5657 ex
2664 5601 2765 5679 ltoc
2789 5603 2911 5679 loco
2944 5613 3232 5679 novatores
3254 5624 3412 5679 quam
3438 5609 3510 5666 sit
3542 5617 3720 5670 muris

2105 5671 2314 5738 antiqui
2363 5682 2483 5725 vota
2531 5675 2736 5753 sit-uuis
2788 5671 3332 5753 itt_cmlttt_n_rccepiis
3370 5697 3712 5753 nuncupare.

2103 5754 2226 5828 quo,
2248 5755 2440 5828 eorum
2475 5745 2746 5817 snil‘ragiis
2776 5763 2804 5802 a
2839 5749 2946 5804 Deo
2976 5747 3162 5806 ﬁdeles
3185 5745 3494 5828 expeditius
3520 5745 3714 5826 optata

2101 5823 2532 5886 consequantur.
