4054 6306
260 333 361 389 341

1158 327 1606 387 ΕΧΗΟΒΤΑΤῙΟ
1650 327 2142 388 VIRGINITA‘I‘IS.
2182 327 2392 387 LIBER
2431 327 2639 387 UNUS.

3470 331 3580 390 543

336 450 426 503 ili.
467 446 608 517 Quid
653 456 832 505 autem
860 456 962 513 εει,
1007 445 1101 510 illi.
1128 444 1272 502 aliud
1315 455 1340 483 ι
1380 445 1523 517 quod
1549 444 1855 516 eligendum
1889 449 1932 507 Α
1966 442 2089 501 Non
2116 462 2290 500 omnes
2311 445 2524 515 capiunt
2548 442 2755 500 uerbum
2789 444 2947 512 istud,
2981 445 3072 500 sed
3093 445 3276 516 quibus
3300 446 3478 502 datum
3501 460 3578 503 est

258 552 441 614 putes,
478 544 581 599 nisi
615 545 782 601 Deum
824 551 1039 613 patrum
1068 541 1319 597 tuorum?
1360 540 1479 610 Ipse
1503 540 1649 596 enim
1673 537 1700 577 δ
1725 555 1855 608 pau-

258 650 422 707 peres
447 644 503 691 et
529 636 747 704 divites,
774 636 1004 691 humiles
1031 645 1086 691 et
1115 634 1368 691 excelsos
1398 635 1545 700 facit,
1578 633 1803 690 suscitat
1836 648 1864 686 a

1968 536 2187 611 (Matth.
2218 554 2335 606 xu,
2364 538 2582 609 10,“),
2610 539 2712 594 hoc
2729 547 2845 596 est:
2874 538 2990 594 Non
3016 540 3162 610 capit
3184 540 3290 596 hoc
3306 540 3580 596 condito-

1967 632 2051 687 nis
2084 633 2339 688 humana:
2364 632 2677 700 inﬁrmitas,
2711 640 2770 689 ut
2795 632 3052 690 omnibus
3077 641 3261 703 pateat
3290 651 3303 687 :
3336 634 3431 691 sed
3466 635 3574 690 illis

259 737 406 785 terra
438 744 755 800 pauperem,
782 737 838 786 et
865 728 934 784 de
955 740 1202 785 stercore
1228 728 1392 799 erigit
1426 728 1667 798 inopem,
1699 736 1752 783 et
1781 742 1867 781 se-
1965 724 2101 783 solis
2137 726 2301 781 facile
2332 737 2415 780 est
2448 725 2515 781 ad
2546 725 2896 795 capiendum,
2930 725 3128 796 quibus
3158 726 3341 781 divina
3376 726 3587 783 refulsit

258 822 392 878 dere
420 835 548 877 eum
579 821 712 879 facit
754 839 876 878 cunt
913 822 1227 893 potentibus
1259 822 1313 879 in
1343 821 1600 877 tribunali
1641 819 1867 877 honoris
1965 820 2169 891 gratia;
2202 829 2262 876 ut
2290 830 2538 878 castrare
2561 836 2621 877 se
2652 820 2889 892 possint,
2915 836 3025 891 quo
3048 835 3280 892 regnum
3310 821 3577 878 calorum

257 923 315 971 et
345 915 704 972 hmreditatis.
753 916 853 971 Dat
885 927 1070 972 votum
1114 917 1347 988 optanti,
1380 923 1437 971 ct
1469 914 1741 971 benedicit
1771 929 1871 968 au-

256 1022 362 1064 nos
396 1008 556 1078 justi.
583 1008 722 1077 Quid
749 1008 872 1076 hoc,
902 1009 1001 1072 tili,
1033 1009 1475 1082 prtecellentius?
1502 1016 1598 1065 aut
1626 1008 1759 1078 quid
1784 1016 1869 1063 est

256 1101 368 1158 vita
419 1101 655 1157 hominis
684 1102 738 1157 in
791 1101 892 1157 hac
923 1111 1089 1168 terra,
1124 1113 1147 1142 ο
1180 1103 1287 1157 nisi
1329 1103 1466 1157 levis
1514 1102 1753 1158 cursor?
1784 1100 1866 1158 En

260 1197 640 1262 transivimus,
673 1208 727 1253 et
776 1197 911 1253 nihil
958 1198 1212 1254 vidimus.
1268 1201 1443 1268 Atque
1474 1197 1677 1253 utinam
1724 1197 1868 1254 hunc

256 1304 545 1346 cursorem
578 1289 720 1363 (Job.
752 1306 829 1356 ιχ,
859 1291 954 1363 25)
986 1291 1363 1357 imitaremur;
1406 1301 1466 1347 ut
1493 1290 1628 1347 nihil
1657 1291 1868 1347 videre.

256 1398 414 1448 mus,
446 1394 503 1439 et
531 1384 673 1440 nulla
706 1399 876 1441 onera
904 1393 1248 1456 portaremus
1277 1385 1289 1441 ι
1324 1385 1420 1439 sed
1446 1385 1592 1456 quod
1622 1393 1707 1441 est
1748 1399 1870 1456 gra-

262 1477 405 1543 vius,
457 1479 620 1551 282
660 1493 856 1534 cursus
895 1494 1098 1534 vacuus
1120 1523 1135 1547 ,
1167 1489 1221 1535 et
1254 1496 1421 1536 onera
1451 1479 1652 1535 inania.
1683 1480 1866 1535 Inania

255 1580 388 1626 sunt
428 1571 672 1640 quidem,
719 1572 815 1629 sed
866 1586 970 1628 non
1008 1573 1186 1640 levia,
1219 1587 1399 1644 neque
1434 1572 1618 1628 delicti
1656 1587 1865 1637 vacua;

256 1664 385 1733 quia
431 1679 600 1735 grave
632 1663 791 1720 lenus
822 1663 1033 1737 peccati
1076 1674 1180 1721 est.
1218 1665 1369 1721 Unde
1401 1665 1600 1720 clamat
1648 1675 1870 1722 sanctus

255 1756 360 1813 Job
390 1776 403 1810 :
436 1756 627 1812 Nonne
652 1759 868 1813 tentatio
898 1769 970 1813 est
1002 1759 1104 1814 vita
1126 1759 1351 1813 hominis
1378 1759 1429 1811 in
1462 1768 1617 1824 terra,
1652 1766 1743 1813 aut
1765 1759 1868 1813 sic-

1968 914 2364 984 adipiscantur.

2580 1005 2814 1063 CAPUT
2855 1006 2943 1062 IV.

1970 1098 2298 1171 Integritatis
2325 1099 2578 1171 dignitate
2606 1099 2825 1155 strictim
2866 1099 3135 1171 proposita
3156 1142 3170 1169 ,
3201 1116 3318 1172 qua:
3342 1099 3412 1155 ad
3440 1101 3582 1171 ﬁlias

2041 1209 2105 1248 ea:
2130 1194 2330 1261 nuptiis
2370 1193 2566 1249 damna
2602 1192 2839 1248 reditura
2869 1194 2970 1247 sint
2996 1235 3012 1262 ,
3045 1194 3309 1264 explicat;
3337 1206 3494 1265 utque
3517 1193 3586 1248 ad

2042 1302 2103 1340 ea
2141 1286 2390 1358 fugienda
2422 1285 2543 1340 illas
2583 1286 2799 1354 excitet,
2826 1286 3063 1355 Apostoli
3099 1287 3403 1342 sententiam
3431 1296 3584 1358 atque

2043 1381 2338 1451 exemplum
2365 1383 2419 1435 in
2442 1380 2666 1436 medium
2686 1380 2857 1448 a/fert.
2888 1380 3028 1436 Hinc
3052 1382 3347 1437 memoratis
3377 1391 3424 1437 ct
3448 1398 3580 1451 quas

2043 1477 2098 1530 in
2128 1474 2459 1531 matrimonio
2485 1474 2727 1544 pertulit,
2752 1484 2803 1531 et
2842 1491 2970 1545 quas
3013 1475 3068 1529 in
3095 1474 3346 1531 viduitate
3376 1490 3585 1546 perpes-

2043 1587 2168 1626 sura
2220 1582 2295 1625 est
2345 1569 2568 1623 miseriis
2597 1609 2615 1637 ,
2673 1569 2893 1640 afﬁrmat
2941 1571 3094 1639 fore,
3146 1578 3202 1624 ut
3250 1568 3362 1625 illa
3411 1585 3585 1625 omnes

2044 1677 2224 1720 earum
2250 1662 2549 1733 virginitate
2578 1673 2908 1734 reparentur,
2938 1679 3028 1718 nec
3058 1663 3174 1733 ipsa
3205 1663 3420 1733 posthac
3449 1678 3585 1732 priv-

2045 1759 2180 1815 sidio
2202 1760 2312 1813 ullo
2340 1758 2592 1830 indigeat.

257 1860 313 1904 ut
342 1851 650 1905 mercenarii
679 1850 971 1922 quotidiani
1001 1853 1103 1906 rita
1136 1852 1286 1925 ejus?
1316 1850 1385 1906 Et
1413 1853 1546 1907 sicut
1576 1867 1751 1908 servus
1797 1854 1863 1907 ti-
1901 1867 1948 1928 Β
2048 1852 2136 1908 19.
2178 1850 2447 1916 Audistis,
2481 1847 2576 1905 lilii
2603 1891 2617 1915 ,
2651 1859 2912 1919 quantum
2946 1850 3021 1905 sit
3047 1849 3330 1921 premium
3363 1850 3588 1920 integri-

256 1961 402 2000 mens
429 1944 694 1999 dominum
717 1961 889 2011 suum,
923 1946 1011 2016 qui
1050 1946 1288 2000 umbram
1329 1946 1608 2013 invenerit,
1643 1957 1689 2002 et
1732 1947 1867 2002 sicut

258 2038 613 2092 mercenarius
642 2048 944 2109 exspectans
972 2039 1260 2093 mercedem
1289 2057 1436 2094 suam
1457 2057 1476 2106 ;
1501 2039 1575 2094 sic
1604 2056 1697 2110 ego
1720 2037 1747 2076 ιι
1778 2055 1866 2093 ea:-

255 2137 483 2204 spectavt'
522 2134 575 2187 in
605 2149 841 2197 vacuum,
875 2144 1050 2189 noctes
1090 2146 1265 2191 autem
1293 2135 1534 2190 dolorum
1573 2134 1710 2189 data:
1748 2142 1867 2189 sunt

253 2228 408 2282 mihi.
444 2226 505 2283 Si
537 2227 818 2293 dormiero,
855 2228 970 2282 dico
999 2243 1018 2282 :
1049 2226 1273 2293 Quando
1305 2228 1455 2283 dies?
1479 2226 1608 2283 Cum
1631 2241 1869 2281 surrexe-

250 2337 317 2376 ro
337 2363 351 2387 ,
379 2321 565 2376 iterum
596 2336 614 2374 :
649 2321 871 2388 Quando
899 2336 1076 2392 vesper
1091 2321 1126 2387 7,
1152 2319 1343 2376 Plettus
1371 2338 1483 2377 sunt
1511 2321 1689 2376 dolore
1716 2337 1747 2373 a
1777 2335 1863 2374 ve-

252 2431 409 2484 spere
435 2430 595 2485 usque
625 2430 791 2468 mane.
832 2412 947 2466 Vita
969 2424 1137 2468 autent
1167 2432 1279 2469 mea
1309 2416 1465 2469 levior
1483 2431 1638 2485 quam
1663 2413 1865 2483 fauilla.

256 2505 428 2561 Periit
457 2517 629 2561 autem
661 2507 711 2560 in
753 2522 883 2560 vana
914 2524 1001 2579 spe
1048 2504 1170 2578 (Job
1215 2523 1318 2570 ιιι,
1358 2508 1379 2562 Ι
1426 2519 1475 2562 et
1517 2507 1671 2577 seq.).
1724 2506 1866 2561 Nihil

251 2600 422 2671 igitur
461 2608 548 2654 est
592 2599 777 2663 homo,
809 2600 911 2655 nisi
945 2611 1022 2667 tu,
1056 2599 1308 2665 Domine,
1334 2600 1582 2655 intendas
1630 2600 1685 2655 in
1716 2616 1862 2668 eum,

253 2703 309 2749 et
330 2692 702 2748 visitationem
722 2692 839 2763 ejus
866 2692 1036 2748 facias
1055 2710 1225 2765 usque
1254 2710 1431 2759 mane,
1460 2704 1514 2749 et
1545 2694 1596 2748 in
1623 2694 1866 2765 requiem

252 2801 383 2843 eum
416 2786 669 2842 inducas.
703 2787 885 2844 Arbor
928 2788 971 2842 si
1001 2788 1301 2855 excidatur,
1333 2788 1650 2858 repullulat,
1683 2797 1738 2844 et
1764 2787 1868 2843 llo-

253 2891 345 2939 rct
371 2883 441 2938 ab
483 2898 641 2954 aquae
674 2881 879 2939 odore:
915 2881 1078 2938 homo
1100 2897 1222 2937 cum
1254 2883 1533 2950 ceciderit,
1578 2881 1716 2939 nihil
1757 2891 1865 2950 est,

260 2988 285 3015 ε
318 2978 584 3050 ingruunt
612 2992 779 3047 super
799 2993 921 3033 eum
952 2977 1191 3034 dolores.

336 3076 426 3131 i7.
469 3074 620 3130 Hanc
665 3073 834 3143 igitur
867 3074 1227 3129 tentatiouetn
1262 3082 1535 3129 tantarum
1569 3073 1870 3129 necessita-

264 3178 403 3234 tum,
432 3168 478 3223 si
511 3167 690 3235 vultis,
726 3165 851 3232 Iilii,
890 3166 1082 3234 vitare,
1112 3167 1405 3238 integritas
1430 3169 1678 3239 corporis
1702 3183 1870 3238 espe-

1972 1947 2117 2002 tatis.
2155 1945 2401 2016 Regnum
2444 1943 2782 2016 acquiritur,
2811 1953 2865 1999 et
2904 1958 3129 2014 regnum
3162 1944 3326 2016 283
3366 1942 3593 1999 caeleste

1968 2040 2137 2095 vitam
2185 2038 2515 2109 angelorum
2551 2036 2799 2092 exhibet.
2853 2035 2967 2091 lloc
2998 2036 3156 2093 vobis
3195 2038 3439 2103 suadeo,
3484 2049 3594 2106 quo

1968 2134 2103 2190 nihil
2139 2134 2456 2205 pulchrius;
2512 2141 2570 2187 ut
2620 2131 2767 2188 inter
2799 2132 3050 2188 homines
3079 2132 3257 2202 angeli
3297 2131 3420 2188 sitis
3444 2171 3460 2197 ,
3498 2131 3593 2200 qui

1971 2228 2117 2282 nulla
2149 2228 2250 2282 sibi
2284 2227 2520 2298 ligantur
2552 2226 2781 2296 nuptiali
2814 2225 3011 2295 copula
3042 2223 3262 2297 (Matth.
3292 2241 3436 2289 xxtt,
3468 2225 3588 2294 '50).

1967 2323 2237 2391 Quoniam
2262 2337 2384 2393 quae
2406 2338 2512 2377 non
2544 2321 2778 2388 nubunt,
2802 2328 2860 2376 et
2884 2321 2976 2391 qui
3004 2336 3206 2377 uxores
3228 2336 3334 2376 non
3356 2317 3589 2386 ducunt,

1968 2420 2110 2474 sicut
2141 2417 2320 2488 angeli
2352 2418 2404 2472 in
2440 2415 2607 2472 terris
2652 2423 2823 2480 sunt;
2859 2425 2918 2470 ut
2957 2414 3377 2471 tribulationem
3410 2414 3594 2469 carnis

1971 2528 2076 2567 non
2101 2511 2358 2577 sentiant,
2388 2508 2708 2565 servitutem
2740 2508 3023 2579 ignorent,
3053 2524 3083 2563 a
3110 2507 3401 2565 mundanat
3428 2507 3588 2578 cogi-

1971 2604 2192 2660 tationis
2251 2603 2579 2659 ableveutur
2620 2603 2896 2671 contagio,
2952 2600 3155 2657 divinis
3215 2601 3378 2657 rebus
3434 2615 3589 2656 nien-

1971 2706 2078 2755 tem
2133 2697 2467 2764 intendant;
2539 2706 2596 2753 ut
2655 2706 2932 2768 tamquam
2984 2696 3134 2753 exuti
3189 2695 3439 2766 corporis
3502 2696 3586 2752 in-

1971 2793 2269 2859 ﬁrmitate,
2312 2808 2420 2849 non
2461 2808 2584 2864 quae
2633 2791 2877 2849 hominis
2929 2800 3092 2859 sunt,
3144 2790 3240 2847 sed
3280 2805 3402 2862 qua:
3446 2790 3584 2856 Dei,

1971 2889 2233 2958 cogitent.

2043 2980 2133 3036 20.
2175 2979 2559 3045 Considerate,
2582 2978 2730 3044 illim,
2765 2980 2811 3035 si
2845 2977 3030 3036 velitis
3061 2976 3294 3044 nubere,
3323 2983 3587 3048 quantum

1974 3076 2129 3132 vobis
2156 3075 2325 3142 desit,
2369 3074 2569 3145 quibus
2619 3083 2772 3143 pater
2814 3072 2992 3128 deest.
3029 3071 3196 3127 Deest
3241 3069 3424 3139 Opima
3449 3067 3586 3135 dos;

1975 3168 2119 3239 quod
2171 3169 2345 3239 ipsum
2401 3177 2580 3224 tamen
2624 3167 2668 3222 si
2712 3166 3038 3233 abundaret,
3090 3162 3350 3221 emeretis
3391 3178 3589 3234 magno

264 3263 430 3317 teuda
451 3262 601 3317 vobis
631 3271 714 3317 est
758 3261 879 3332 (52,
909 3278 960 3333 q.
1014 3262 1069 3327 Ι,
1108 3277 1157 3317 c.
1194 3260 1498 3333 tutegritas)
1526 3282 1537 3317 :
1570 3277 1732 3332 quam
1765 3276 1869 3332 ego
1896 3260 1938 3323 C
1977 3263 2154 3333 pretio
2185 3263 2524 3319 servitutem.
2550 3262 2707 3318 Nunc
2733 3277 2867 3317 vero
2892 3262 3015 3333 quis
3052 3276 3159 3315 non
3199 3259 3465 3329 despiciet
3493 3258 3592 3315 de.

273 3369 376 3425 pro
430 3354 655 3409 consilio
707 3353 945 3421 suadeo,
1008 3369 1117 3409 nou
1170 3369 1269 3424 pro
1316 3354 1546 3423 imperio
1590 3354 1871 3424 praecipio.

281 3445 302 3485 ί
326 3447 455 3505 Scia
474 3459 553 3502 est
568 3449 708 3504 enim
734 3448 1020 3519 virginitas
1037 3464 1156 3518 quae
1179 3449 1392 3503 suaderi
1416 3457 1619 3519 potest,
1641 3449 1876 3519 impera-

269 3542 319 3597 ri
353 3558 459 3597 non
500 3552 692 3612 potest.
742 3543 853 3600 Res
895 3542 1069 3614 magis
1102 3543 1214 3599 voti
1260 3553 1368 3610 est,
1398 3560 1558 3614 quam
1591 3545 1876 3615 prtecepti.

267 3635 429 3702 Quod
458 3635 600 3692 enim
618 3639 809 3708 gratia:
831 3647 933 3704 est,
967 3654 1075 3692 non
1100 3636 1345 3707 jubetur,
1370 3638 1463 3693 sed
1488 3638 1874 3694 desideratur:

268 3728 668 3799 electionisqtte
697 3729 872 3800 magis
919 3742 1026 3795 εει,
1077 3746 1239 3800 quam
1290 3730 1591 3786 servitutis.
1625 3730 1782 3787 Unde
1823 3740 1878 3788 et

268 3818 575 3891 Apostolus
615 3820 750 3876 dicit
788 3839 801 3874 :
858 3820 934 3877 De
971 3823 1255 3895 virginibus
1298 3833 1613 3893 praeceptum
1668 3823 1879 3879 Domini

273 3932 380 3970 non
410 3914 573 3971 habeo
592 3958 608 3982 ,
638 3917 913 3972 consilium
954 3927 1124 3972 autent
1154 3920 1239 3984 do,
1276 3928 1539 3990 tamquam
1592 3919 1879 3975 misericor-

273 4009 419 4065 diam
464 4018 769 4065 consecutus
816 4028 849 4064 a
891 4009 1115 4065 Domino
1147 4010 1192 4085 (I
1236 4008 1358 4066 Cor.
1393 4028 1486 4079 vu,
1535 4012 1651 4084 25).
1712 4013 1884 4083 Lege—

272 4116 364 4162 rat
407 4110 554 4161 enim
594 4106 799 4162 dixisse
832 4106 1118 4162 Dominum
1150 4107 1524 4177 spadonibus:
1561 4107 1885 4179 Quicumque

274 4201 619 4257 custodierint
647 4209 904 4273 praecepta
936 4218 1066 4266 utea,
1099 4210 1148 4256 et
1172 4202 1419 4271 elegerint
1457 4218 1575 4272 quae
1611 4218 1705 4275 ego
1743 4202 1882 4266 volo,

274 4305 326 4352 et
356 4298 727 4368 amplectentur
757 4306 1113 4351 testamentum
1139 4312 1307 4350 meum
1331 4312 1349 4361 ;
1378 4296 1512 4351 dabo
1554 4296 1664 4350 illis
1702 4296 1756 4351 in
1785 4296 1885 4350 do-

276 4405 364 4444 mo
399 4405 535 4455 mea,
566 4398 618 4443 et
646 4389 701 4443 in
732 4405 882 4443 muro
908 4405 1019 4444 meo
1041 4389 1215 4443 locum
1237 4390 1589 4453 nominatum,
1624 4389 1887 4444 meliorem

277 4483 513 4553 ﬁliorum
537 4491 585 4537 et
611 4483 883 4553 ﬁliarum:
914 4499 1095 4537 nomen
1118 4492 1362 4538 reternum
1389 4483 1522 4537 dabo
1548 4483 1679 4550 illis,
1709 4491 1756 4537 et
1784 4498 1888 4537 non

279 4577 523 4646 deﬁcient
546 4575 727 4649 (Esai.
764 4591 870 4641 Lvt,
904 4575 960 4642 4,
995 4575 1070 4647 5).
1113 4576 1391 4631 Meliorem
1414 4617 1429 4641 ,
1461 4576 1671 4646 inquit,
1705 4577 1888 4632 locum

1977 3358 2195 3412 stitutas
2224 3356 2414 3426 patre?
2437 3371 2547 3427 quo
2572 3355 2937 3427 contugietis?
2960 3354 3103 3410 unde
3125 3353 3383 3409 auxilium
3407 3362 3593 3423 postu-

1980 3449 2158 3505 labilis
2202 3449 2466 3503 adversus
2516 3450 2754 3504 virorum
2809 3447 3079 3518 injurias?
3122 3457 3324 3518 quanta
3356 3446 3409 3502 in
3460 3446 3596 3518 ipsis

1978 3542 2243 3613 conjugiis
2280 3541 2623 3597 incommoda
2655 3542 2816 3597 sunt!
2851 3556 3013 3612 quam
3044 3554 3237 3612 graves
3268 3539 3590 3611 plerumque

1979 3636 2362 3693 contumeliae!
2402 3646 2606 3706 quanta
2640 3635 2853 3691 vincula
2883 3637 2896 3690 !

2050 3731 2141 3786 ΩΙ.
2186 3729 2366 3785 Primo
2411 3731 2587 3800 ipsum
2639 3729 2954 3800 conjugium
3008 3728 3286 3784 vinculum
3331 3736 3437 3794 est,
3482 3740 3593 3796 quo

1982 3826 2237 3895 alligatur
2265 3827 2384 3881 viro
2432 3834 2624 3896 nupta,
2651 3837 2706 3881 et
2733 3825 2783 3881 ei
2816 3826 2867 3879 iu
2900 3824 3297 3894 subjectioncm
3330 3821 3593 3892 astringi.

1986 3931 2093 3975 tur.
2128 3920 2334 3975 Bonum
2364 3921 2591 3990 quidem
2623 3919 2909 3974 charitatis
2934 3917 3210 3973 vinculum
3251 3926 3357 3984 est,
3389 3915 3485 3970 sed
3517 3924 3598 3970 ta-

1987 4030 2110 4070 men
2158 4014 2462 4080 vinculum,
2508 4012 2576 4069 de
2602 4028 2709 4083 quo
2740 4028 2861 4065 cunt
2915 4010 3043 4065 velit
3089 4025 3150 4066 se
3176 4023 3377 4065 exuere
3404 4015 3595 4077 nupta,

1985 4123 2091 4163 non
2144 4104 2333 4177 possit,
2371 4121 2470 4161 nec
2504 4105 2732 4160 liberum
2778 4104 2860 4158 sui
2902 4103 3106 4158 habere
3134 4100 3445 4158 arbitrium.
3488 4101 3596 4158 De-

1987 4202 2149 4272 nique
2177 4201 2473 4272 Apostolus
2503 4199 2633 4257 dicit
2660 4217 2672 4254 :
2712 4197 2904 4253 Mulier
2923 4199 3004 4252 sui
3029 4198 3266 4268 corporis
3293 4206 3596 4267 potestatem

1990 4314 2090 4352 non
2132 4296 2305 4363 habet,
2337 4297 2428 4351 sed
2464 4297 2541 4351 vir
2581 4293 2652 4367 (Ι
2683 4294 2804 4349 Cor.
2840 4309 2936 4357 vn,
2977 4294 3011 4349 4
3036 4292 3076 4363 ).
3120 4292 3191 4348 Ει
3224 4291 3354 4363 quid
3394 4292 3594 4349 mirum

1992 4392 2060 4448 de
2089 4390 2355 4456 muliere;
2387 4387 2828 4461 quandoquidem
2858 4395 2914 4441 et
2936 4386 3018 4442 vir
3034 4385 3116 4441 sui
3137 4386 3385 4455 corporis
3412 4393 3598 4455 potes-

1993 4495 2162 4543 tatem
2187 4501 2294 4541 non
2320 4484 2501 4550 habet,
2534 4484 2629 4539 sed
2660 4480 2895 4538 mulier?
2922 4480 2980 4537 Si
3021 4480 3112 4552 qui
3137 4479 3331 4535 fortior
3359 4487 3463 4545 est,
3499 4492 3594 4548 po-

1997 4590 2248 4637 testatem
2280 4580 2362 4634 sui
2410 4595 2516 4634 non
2548 4577 2734 4644 habet,
2762 4575 2791 4613 ιι
2813 4585 3016 4648 quanto
3056 4575 3238 4631 minus
3284 4572 3589 4629 inﬁrmiori

281 4673 443 4729 vobis
473 4672 641 4740 dabo,
672 4672 1012 4743 spadonibus
1042 4672 1205 4737 dicit;
1242 4674 1325 4725 his
1355 4672 1628 4740 videlicet,
1659 4683 1683 4721 Β
1714 4676 1804 4745 qui
1830 4689 1889 4730 se
1920 4660 1965 4719 Ι)
1995 4675 2109 4729 Non
2142 4689 2270 4744 ergo
2299 4673 2534 4728 absolvit
2562 4672 2847 4728 mulierem
2872 4673 3181 4727 communis
3206 4667 3464 4733 servitus,
3495 4666 3593 4723 sed

277 4776 496 4824 resecta
527 4768 755 4837 genitali
785 4776 939 4839 parte
956 4766 1313 4822 ahscidcriut.
1336 4766 1442 4835 Ipsi
1474 4776 1601 4821 sunt
1632 4783 1764 4840 ergo
1793 4768 1885 4839 qui

279 4860 488 4918 habent
516 4862 567 4916 in
591 4862 734 4917 coelo
764 4862 984 4930 prtemia
1009 4862 1223 4915 crteris
1248 4861 1645 4931 prmstantiora.

359 4956 448 5011 18.
492 4954 604 5010 llos
634 4955 685 5009 in
719 4954 1016 5024 Evangelia
1042 4969 1143 5009 suo
1175 4954 1434 5023 prmdicat
1465 4955 1556 5009 Dei
1589 4954 1780 5021 Filius,
1804 4955 1888 5010 di-

280 5049 536 5104 centibus
571 5047 718 5102 enim
760 5047 1038 5115 Apostolis
1065 5065 1077 5098 :
1123 5045 1260 5114 Quia
1294 5048 1339 5101 si
1372 5047 1444 5101 ita
1475 5057 1548 5101 est
1577 5064 1737 5102 causa
1770 5048 1887 5113 uiri,

279 5153 340 5197 ut
374 5158 476 5197 non
507 5142 661 5196 liceat
689 5141 768 5196 illi
808 5156 1022 5195 uxorem
1050 5140 1338 5206 dimittere,
1370 5141 1470 5194 nisi
1498 5156 1560 5195 ex
1594 5142 1705 5195 sola
1736 5158 1894 5196 causa

282 5236 668 5306 fornicationis,
693 5251 796 5290 non
813 5235 1018 5306 expedit
1040 5234 1264 5300 nubere;
1288 5235 1573 5305 respondit
1595 5235 1855 5290 Dominus
1878 5251 1891 5290 :

365 5409 392 5437 λ
425 5399 614 5455 Plures
642 5412 800 5462 mss.,
830 5397 968 5461 quod
995 5396 1314 5468 diligendum
1346 5406 1513 5467 putes.

364 5469 394 5509 ι)
433 5471 560 5526 Mss.
591 5473 730 5525 bene
773 5469 949 5537 multi,
979 5486 1177 5541 pauper
1205 5479 1300 5536 est,
1330 5480 1376 5523 et
1405 5469 1587 5523 divites
1615 5468 1824 5523 humilis
1853 5476 1900 5522 et

290 5544 523 5600 excelsos
552 5543 697 5612 facit.

376 5626 399 5653 ε
436 5615 575 5669 Edit.
604 5621 695 5667 vet
750 5626 812 5668 ac
845 5626 977 5666 mss.
1013 5620 1069 5665 ut
1099 5613 1150 5665 iu
1179 5619 1350 5675 textu,
1384 5612 1489 5666 nisi
1513 5613 1656 5683 qttnd
1689 5614 1743 5667 in
1770 5629 1903 5670 mss.

293 5686 576 5743 nonnullis
624 5686 857 5738 habetur
896 5684 1057 5737 levior
1085 5699 1302 5751 cursor;
1344 5694 1399 5738 at
1441 5685 1597 5738 Rom.
1628 5684 1767 5751 edit,
1809 5687 1909 5741 nisi

297 5761 465 5816 levior
494 5758 743 5811 cursore?
776 5754 1115 5810 Transierunt
1140 5768 1183 5809 et
1218 5756 1349 5809 nihil
1379 5757 1630 5810 viderunt.

391 5828 421 5867 (ι
453 5831 609 5885 Rom.
640 5830 772 5901 edit.
809 5830 945 5893 sola,
974 5828 1261 5901 exspectavi
1291 5844 1488 5901 menses
1510 5843 1717 5901 vacuos,
1752 5830 1912 5884 nimio

324 5918 448 5961 tum
479 5917 538 5959 se
581 5912 638 5957 ut
668 5900 966 5973 Scripturte
1006 5899 1174 5956 textui
1216 5914 1279 5955 ac
1329 5899 1674 5956 versionibus
1704 5915 1918 5957 accom-

1992 4769 2210 4841 gravius
2226 4767 2505 4837 astringit.

2065 4861 2157 4916 22.
2192 4860 2384 4915 Videte
2413 4860 2595 4929 itaque
2619 4858 2750 4929 quid
2780 4856 3042 4926 scriptura
3076 4853 3259 4920 dicat,
3289 4852 3420 4925 quid
3451 4852 3599 4921 Apo-

1995 4955 2168 5011 stolus
2208 4953 2454 5009 suadeat.
2488 4950 2621 5021 Quis
2658 4951 2811 5006 vobis
2840 4956 3022 5020 potest
3071 4947 3268 5004 melius
3312 4944 3600 5001 consilium

1997 5049 2151 5112 dare,
2184 5064 2346 5120 quam
2380 5047 2469 5103 ille
2500 5062 2593 5100 vas
2640 5045 2934 5101 Dominicae
2979 5042 3304 5098 electionis?
3332 5038 3471 5109 Quid
3504 5040 3604 5109 igi-

2001 5150 2091 5196 tur
2120 5142 2268 5197 dicat
2292 5142 2555 5212 percipite
2586 5139 2852 5194 auribus:
2886 5136 2901 5175 ί
2942 5137 3073 5193 Volo
3113 5146 3283 5190 autem
3307 5150 3479 5188 omnes
3506 5135 3602 5187 ho-

2003 5236 2165 5291 mines
2197 5237 2270 5292 sic
2296 5252 2407 5292 esse
2435 5236 2567 5290 sicut
2593 5246 2644 5290 et
2674 5251 2754 5289 nte
2783 5236 2958 5305 ipsum
2983 5230 3130 5305 (Cor.
3157 5245 3249 5297 vn,
3280 5229 3311 5282 7
3335 5228 3375 5296 ).
3408 5227 3475 5282 Et
3501 5225 3607 5282 ite-

2003 5397 2270 5464 modaret,
2322 5397 2375 5451 in
2426 5395 2623 5467 quibus
2662 5394 2946 5460 omnibus,
2990 5408 3186 5448 menses
3249 5404 3438 5445 uacuos
3509 5398 3600 5445 aut

2010 5485 2205 5524 menses
2229 5470 2492 5523 vanitatis.

2083 5550 2107 5580 ε
2142 5543 2277 5597 Mss.
2306 5557 2413 5596 non
2447 5540 2623 5609 pauci,
2652 5539 2705 5591 in
2734 5553 2897 5593 (cutim
2923 5551 3077 5607 super
3101 5551 3215 5609 eum
3240 5534 3462 5589 dolores.

2085 5611 2106 5650 ί
2138 5613 2194 5669 Id
2225 5623 2328 5677 est,
2362 5606 2537 5667 solum
2572 5610 2787 5665 suaderi
2834 5606 3031 5677 potest,
3064 5606 3166 5661 nisi
3215 5615 3395 5661 tamen
3425 5612 3611 5660 votum

2012 5685 2334 5741 intercedat.

2092 5767 2115 5802 κ
2152 5757 2283 5810 Vide
2311 5754 2408 5809 lih.
2439 5754 2500 5806 de
2530 5751 2737 5809 l’iduis.
2766 5764 2889 5817 cap.
2922 5750 3008 5813 ιδ,
3036 5764 3185 5803 ιιιιιιι.
3214 5748 3304 5804 76.

2095 5825 2120 5864 δ
2148 5828 2400 5894 Plerique
2423 5839 2576 5887 mss.,
2608 5823 2815 5894 quando
2836 5820 3109 5894 inﬁnitior.

2104 5900 2115 5934 ί
2162 5898 2236 5955 Ita
2265 5892 2375 5952 vet.
2410 5896 2541 5952 edit.
2579 5893 2869 5963 cunctique
2898 5905 3028 5948 mss.
3080 5892 3135 5949 in
3182 5907 3291 5967 quo
3318 5907 3442 5949 cum
3477 5899 3624 5949 textu
