4054 6306
463 313 569 372 553

460 525 507 580 si
525 524 1009 594 sicpcrmanserint,
1029 529 1163 584 sicut
1178 540 1224 584 et
1237 547 1330 603 ego
1347 531 1400 606 (Ι
1408 531 1540 598 bid.,
1557 533 1634 602 8).
1661 532 1796 588 Volo
1828 543 1924 586 vos
1942 531 2066 585 imi-

462 619 685 674 tatrices
705 634 830 676 esse
849 623 984 676 tanti
1011 620 1282 692 Apostoli,
1307 637 1365 679 ιιι
1396 627 1560 679 vitam
1587 627 1710 694 ejus
1731 624 2063 696 sequamini,

462 715 553 784 qui
573 714 811 786 conjugii
827 717 1104 772 vinculum
1125 717 1348 790 refugit,
1373 729 1435 774 ut
1459 721 1669 776 vinctus
1689 731 1835 776 esset
1858 719 2063 775 Christi

462 805 613 861 Jesu.
645 806 763 862 Non
785 809 1051 879 potuisset
1073 810 1138 864 ad
1173 823 1374 866 tantam
1399 814 1732 882 apostolatus
1761 814 1844 868 sui
1876 827 2067 882 perve-

463 903 584 960 nire
603 905 856 975 gratiam,
881 907 924 960 si
952 905 1140 962 fuisset
1159 907 1411 976 alligatus
1425 907 1656 978 conjugii
1679 909 2060 964 contubernio.

533 997 627 1053 25.
671 997 824 1066 Quod
874 999 920 1054 si
962 1000 1053 1054 ille
1082 1001 1168 1069 qui
1211 1012 1262 1055 et
1291 1001 1539 1056 doctrina
1582 1001 2065 1072 prmstantissimus

462 1104 604 1159 erat,
649 1104 705 1148 et
734 1103 940 1148 tantum
982 1094 1186 1150 Christi
1246 1095 1447 1152 donmu
1499 1097 1756 1165 habebat,
1805 1098 2068 1170 judicavit

461 1190 600 1244 tanti
631 1191 892 1245 momenti
915 1205 1058 1254 esse,
1091 1191 1134 1245 si
1163 1192 1467 1247 abstineret
1493 1192 1561 1248 ab
1586 1210 1682 1247 usu
1705 1193 1914 1264 copulae
1935 1207 2066 1248 cou-

455 1281 656 1351 jugalis
685 1298 698 1334 :
733 1291 786 1336 et
810 1281 930 1338 ideo
958 1283 1036 1338 sic
1059 1285 1280 1350 mansit,
1313 1301 1381 1340 ne
1415 1285 1707 1356 plurimmn
1729 1301 1830 1340 suo
1853 1285 2063 1342 rnuneri

457 1376 875 1444 decerneretur;
926 1377 1072 1446 quod
1108 1394 1287 1449 neque
1327 1380 1562 1436 orationi
1609 1395 1806 1436 Vacare
1847 1396 2066 1451 semper

463 1468 677 1538 liceret,
713 1485 891 1541 neque
936 1486 1158 1544 semper
1199 1473 1400 1528 divinis
1449 1474 1735 1530 intendere
1773 1475 2063 1542 mandatis,

458 1579 618 1636 quem
651 1565 889 1636 conjugii
921 1583 1049 1623 cura
1083 1577 1391 1634 revocaret,
1418 1579 1473 1624 ut
1499 1569 1716 1639 placere
1744 1569 1903 1625 uxori
1920 1581 2068 1626 esset

458 1673 684 1716 necesse
707 1678 720 1714 :
745 1660 871 1732 quid
897 1663 1082 1732 utique
1109 1676 1208 1718 vos
1231 1662 1436 1733 eligere
1459 1673 1695 1731 oportet,
1728 1665 1926 1732 quilms
1946 1664 2064 1720 sola

455 1752 740 1822 virginitas
801 1763 983 1821 potest
1035 1755 1340 1810 libertatem
1403 1755 1569 1821 dare;
1629 1757 1886 1826 quoniam
1941 1773 2062 1828 qua:

1795 317 2046 381 SANCTI
2082 313 2408 374 AMBROSU

463 447 584 487 rum
630 431 762 488 dicit
793 433 862 490 de
910 449 1018 492 non
1051 436 1235 510 nuptis
1260 447 1317 494 et
1343 439 1521 495 viduis
1556 459 1568 494 :
1601 439 1806 496 Bonum
1833 447 1909 493 est
1936 437 2064 505 illis,
2096 433 2150 496 Α

3654 317 3752 376 διε

2796 435 3030 494 CAPUT
3071 435 3133 492 V.

2181 523 2473 598 Virginibus
2500 529 2554 584 in
2600 540 2816 596 utroque
2861 529 3050 602 [aedere
3071 529 3297 600 palmam
3327 529 3548 601 publica
3584 529 3757 584 salutis

2240 622 2561 691 attributam,
2605 623 2874 694 variasque
2919 623 3255 695 mysticorum
3288 623 3544 695 virginum
3588 621 3759 678 laudes

2239 716 2518 772 celebratas
2538 733 2556 772 :
2577 717 2799 786 itemque
2825 718 3146 790 designatum
3172 718 3306 772 Itorti
3332 733 3395 769 ac
3419 717 3580 771 vincte
3597 715 3762 790 ﬁgura

2241 810 2606 881 virginitatem,
2639 827 2740 864 non
2766 827 2911 865 secus
2937 826 2999 864 ac
3039 810 3238 864 olerum
3267 818 3390 881 typo
3429 809 3762 882 conjugium;

2239 905 2375 958 unde
2403 904 2542 974 ﬁlios
2558 904 2823 972 admonet,
2852 915 2906 958 ut
2926 906 3128 978 rejectis
3151 904 3325 958 Achab
3351 914 3398 958 et
3427 901 3637 958 Iezabel
3661 919 3767 972 spt-

2238 998 2500 1064 ritalibus,
2529 1015 2703 1054 verum
2731 999 2880 1054 illum
2907 999 3119 1055 Nabotlt
3146 999 3528 1068 amplectantur
3558 1014 3651 1069 pro
3673 1013 3766 1051 no-

2237 1091 2316 1146 bis
2343 1106 2643 1146 accusatum
2693 1105 2848 1162 atque
2896 1093 3142 1148 occisum.
3193 1092 3538 1158 Quamobrem
3577 1090 3768 1146 venisse

2239 1186 2521 1257 pra'dictus
2548 1187 2616 1242 sit
2654 1203 2812 1260 super
2842 1186 3023 1242 nubem
3061 1188 3214 1242 levem
3232 1227 3248 1253 ,
3276 1197 3324 1240 et
3352 1202 3444 1240 cur
3480 1186 3635 1240 etiam
3656 1199 3768 1238 ma-

2240 1290 2366 1334 trem
2391 1298 2538 1336 suam
2565 1279 2764 1336 Joanni
2809 1280 3284 1336 commendat-erit?
3338 1279 3608 1348 Quomodo
3654 1288 3769 1333 tau-

2240 1374 2357 1428 drm
2382 1375 2466 1429 hic
2490 1375 2578 1446 qui
2606 1384 2662 1428 ut
2709 1375 2959 1446 mysticus
2998 1372 3121 1429 Levi
3151 1372 3284 1428 nihil
3311 1372 3552 1440 habebat,
3583 1371 3772 1444 legitur

2238 1485 2349 1524 eam
2376 1470 2633 1540 accepisse
2661 1471 2714 1524 in
2743 1471 2878 1524 sua?

2237 1563 2324 1620 28.
2389 1563 2585 1620 Multas
2639 1563 2868 1620 feminas
2919 1563 3204 1636 Scriptura
3243 1563 3425 1620 divina
3479 1564 3536 1620 in
3591 1563 3769 1620 lucem

2167 1661 2368 1724 ewxit,
2402 1659 2637 1730 palmam
2673 1669 2852 1715 tamen
2891 1659 3118 1730 publica!
3162 1660 3355 1715 salutis
3382 1660 3520 1716 Solis
3547 1659 3776 1730 virgini-

2169 1752 2271 1808 bus
2295 1752 2463 1810 dedit.
2497 1750 2556 1807 In
2590 1753 2760 1808 veteri
2789 1752 3140 1810 Testamento
3173 1763 3317 1809 terra
3359 1769 3424 1809 ac
3455 1754 3592 1808 tnari
3619 1757 3778 1809 clau-

458 1847 709 1915 uupserit
734 1845 802 1902 ad
824 1848 1145 1902 servitutem
1171 1849 1398 1918 pecunia
1421 1862 1517 1904 Sua
1547 1849 1834 1905 venditur?
1855 1849 2061 1906 Meliori
2093 1837 2140 1898 Β
2169 1859 2287 1899 sum
2338 1845 2688 1901 llebrmorttm
2735 1847 2988 1915 populum
3038 1847 3190 1918 virgo
3242 1863 3339 1918 per
3391 1847 3561 1902 maria
3603 1846 3776 1918 pedes

457 1938 774 1996 conditione
815 1940 1086 2012 mancipia
1123 1957 1284 2012 quam
1330 1941 1581 2014 coniugia
1626 1955 2060 2012 comparantur:

455 2032 508 2086 in
542 2033 650 2087 illis
682 2033 937 2090 meritum
961 2036 1161 2090 emitur
1181 2035 1478 2102 servitutis,
1509 2035 1568 2090 in
1589 2035 1710 2090 istis
1741 2038 1974 2106 pretium
1995 2037 2062 2092 ad

455 2125 776 2181 servitutem
831 2126 1068 2181 additur.
1130 2126 1302 2198 Nupta
1349 2127 1559 2183 venalis
1606 2143 1743 2183 auro
1782 2135 2062 2198 gravatur,

456 2235 594 2275 auro
621 2221 947 2276 mstimatnr.

528 2310 696 2384 284
729 2311 820 2366 24.
866 2314 1098 2384 Experta
1121 2328 1265 2378 sum,
1291 2313 1407 2380 lilii,
1432 2313 1652 2370 labores
1671 2315 1904 2386 c0pul:e,
1935 2329 2064 2370 con-

458 2405 590 2476 jugii
623 2406 999 2476 indignitates,
1055 2415 1110 2462 et
1130 2407 1230 2462 sub
1271 2407 1416 2462 bono
1457 2407 1710 2479 conjuge,
1745 2422 1844 2464 nec
1883 2417 2062 2464 tamen

457 2503 560 2556 sub
586 2502 733 2558 bono
775 2503 971 2556 marito
1004 2501 1172 2558 libera
1203 2501 1278 2556 fui
1307 2518 1321 2555 :
1354 2502 1659 2558 serviebam
1690 2503 1830 2568 viro,
1894 2511 1949 2558 et
1987 2503 2066 2557 Ia-

457 2597 718 2654 bOrabam
753 2607 810 2652 ut
835 2598 1130 2667 placerem.
1161 2596 1453 2653 Miseratus
1482 2607 1567 2652 est
1594 2598 1876 2662 Dominus,
1907 2608 1962 2653 et
1985 2597 2063 2653 fe-

457 2693 530 2748 cit
559 2702 584 2728 ει
613 2693 807 2748 altaris
835 2691 1168 2758 ministrum,
1203 2692 1572 2762 c0ntiuuoque
1601 2701 1656 2748 et
1678 2691 1812 2746 mihi
1834 2697 1890 2746 el.
1909 2690 2064 2747 vobis

457 2794 649 2856 raptus
677 2794 762 2840 est
787 2803 800 2838 ε
835 2793 894 2841 et
923 2785 1178 2852 fortasse,
1207 2785 1505 2841 miserante
1535 2786 1788 2852 Domino,
1817 2801 1884 2842 ne
1913 2784 2063 2842 dice—

457 2887 610 2934 retur
639 2878 890 2933 maritus.

530 2971 624 3028 25.
657 2971 890 3039 Videtis,
929 2971 1046 3036 lilii,
1072 2972 1376 3044 longtevam
1409 2981 1638 3029 matrem
1671 2972 1974 3040 doloribus,
2007 2982 2064 3030 et

453 3064 632 3120 adhuc
683 3063 708 3102 δ
757 3065 1100 3120 immaturam
1151 3065 1432 3122 viduitatis
1477 3065 1790 3136 stipendiis.
1849 3066 2063 3123 Videtis

457 3158 714 3213 amissum
776 3173 942 3214 omne
1003 3158 1318 3230 praesidium
1381 3170 1438 3216 et
1485 3171 1891 3217 ornamentum.
1947 3161 2060 3218 Nec

2168 1939 2320 1993 duxit
2342 1938 2553 2010 (Exod.
2579 1956 2668 2004 xv,
2696 1938 2798 2012 20)
2833 1958 2844 1994 :
2876 1941 2928 1995 in
2953 1939 3251 2011 Evangelia
3276 1949 3554 1996 auctorem
3583 1939 3778 1996 mundi

2167 2043 2221 2087 et
2245 2033 2643 2104 redemptorem
2687 2035 2845 2104 virgo
2867 2033 3145 2106 generavit
3172 2034 3344 2106 (an.
3379 2051 3417 2098 ι.
3447 2034 3579 2105 ετ).
3607 2033 3777 2106 Virgo

2167 2136 2248 2180 est
2272 2125 2512 2181 Ecclesia
2557 2125 2638 2198 (ll
2668 2124 2790 2180 Cor.
2819 2142 2894 2193 χι,
2915 2127 2952 2182 ‘2
2973 2126 3018 2197 ),
3049 2143 3210 2198 quam
3235 2127 3442 2184 studuit
3470 2128 3778 2200 Apostolus

2167 2221 2430 2292 virginem
2459 2228 2664 2277 castam
2711 2223 2992 2293 assignare
3032 2221 3254 2279 Christo
3289 2242 3303 2282 :
3336 2225 3490 2296 virgo
3535 2233 3622 2280 est
3663 2225 3777 2282 lilia

2165 2316 2295 2374 Sion
2315 2315 2487 2388 (Esai.
2521 2332 2738 2380 xxxv".
2767 2317 2840 2372 2:!
2860 2317 2918 2390 );
2950 2319 3102 2388 virgo
3121 2327 3206 2374 est
3229 2318 3422 2375 civitas
3451 2319 3540 2374 illa
3575 2319 3777 2378 llieru-

2166 2411 2337 2466 salem
2383 2411 2587 2484 (Apoc.
2622 2410 2871 2483 sst,27)
2921 2412 3084 2486 285
3125 2411 3326 2483 qmeiu
3373 2413 3517 2468 cmlo
3563 2423 3672 2480 est,
3718 2415 3778 2470 in

2167 2521 2328 2577 quam
2355 2505 2488 2560 nihil
2514 2520 2806 2561 commune
2828 2506 2992 2560 intrat
3021 2517 3184 2574 atque
3228 2505 3598 2562 immundum:
3619 2508 3776 2576 virgo

2165 2608 2248 2654 cst
2269 2609 2322 2654 et
2347 2599 2434 2654 illa
2468 2614 2628 2671 quam
2647 2611 2803 2656 vocat
2835 2599 3025 2664 Jesus,
3048 2599 3138 2654 cui
3169 2607 3224 2655 ct
3251 2599 3386 2654 dixit
3418 2617 3432 2653 :
3463 2598 3598 2654 Ades
3615 2600 3716 2654 huc
3739 2617 3777 2654 a

2167 2693 2383 2757 Libano,
2419 2693 2648 2764 Sponsa,
2677 2693 2800 2749 ades
2835 2695 2935 2750 huc
2962 2711 2994 2748 a
3037 2693 3235 2750 Libano
3254 2710 3274 2759 ,'
3311 2693 3552 2750 transibis
3575 2703 3624 2748 et
3654 2709 3777 2764 per-

2167 2788 2410 2845 transibis
2450 2808 2482 2843 a
2520 2790 2778 2862 principio
2831 2789 2953 2860 ﬁdei
2982 2786 3176 2860 (Cant.
3209 2803 3282 2853 tv,
3308 2788 3396 2860 8).
3427 2787 3544 2844 Non
3589 2789 3774 2844 Solum

2170 2883 2421 2938 lran~ivit
2451 2883 2626 2955 virgo,
2655 2882 2750 2940 sed
2780 2884 2943 2939 etiam
2975 2883 3362 2953 pertransivit:
3401 2899 3523 2953 qua:
3547 2882 3777 2939 festinat

2164 2974 2230 3030 ad
2279 2975 2589 3045 Sponsum,
2634 2976 2833 3030 transit
2861 2975 3158 3042 saaculum,
3201 2977 3496 3047 pertransit
3515 2972 3776 3032 adclini-

2165 3076 2308 3124 stmn
2335 3085 2351 3134 ;
2381 3068 2462 3124 vel
2507 3069 2630 3140 quia
2646 3085 2712 3124 ea
2753 3085 2878 3142 qua:
2917 3069 3137 3126 Christo
3176 3085 3236 3127 se
3280 3069 3563 3136 dicaverit,
3592 3078 3778 3126 trans-

2165 3163 2349 3219 eundo
2372 3163 2438 3218 ad
2461 3165 2730 3231 coelestia,
2757 3175 2973 3221 terrena
3001 3174 3360 3236 pertranseat.
3397 3163 3532 3222 Nam
3565 3173 3620 3220 et
3651 3165 3777 3236 ipse

457 3253 724 3308 auxilium
752 3253 853 3308 viri
880 3253 1078 3320 habeo,
1117 3270 1218 3311 nec
1247 3254 1578 3328 virginitatis
1607 3258 1858 3326 gratiam.
1890 3256 1953 3312 Et
1987 3257 2056 3312 de
2085 3231 2133 3296 (ἶ
2167 3256 2411 3326 Sponsus
2436 3257 2514 3312 sic
2540 3259 2688 3314 venit
2737 3257 2804 3312 ad
2829 3231 3096 3331 Sponsam
3125 3274 3301 3324 suam,
3335 3270 3392 3315 ut
3412 3260 3572 3316 saliat
3599 3231 3778 3332 super

455 3363 542 3404 me
573 3348 708 3404 levis
747 3365 876 3406 cura
906 3368 920 3404 :
963 3365 1060 3406 vos
1087 3367 1316 3417 maereo,
1343 3368 1438 3408 vos
1472 3353 1780 3410 considero.
1813 3352 2056 3409 Reman-

456 3452 648 3496 serunt
690 3443 819 3497 mihi
894 3459 1060 3500 onera
1114 3445 1376 3516 coniugii,
1463 3446 1650 3502 abiere
1719 3446 2052 3518 adjumeula.

455 3534 671 3604 Quanto
702 3537 918 3592 mallem
952 3549 972 3576 ο
1004 3538 1057 3592 in
1091 3537 1190 3594 bos
1218 3554 1510 3608 numquam
1539 3540 1754 3595 venisse
1783 3541 1944 3594 usus!

525 3627 620 3684 ‘26.
663 3629 900 3685 Potestis
956 3638 1138 3686 tamen
1200 3647 1466 3688 excusare
1524 3643 1758 3704 patrem,
1807 3633 2058 3689 ablevare

456 3729 720 3786 matrem;
753 3724 797 3776 si
838 3723 981 3793 quod
1015 3725 1066 3777 in
1095 3723 1250 3780 nobis
1277 3727 1536 3780 amissum
1567 3735 1671 3792 est,
1707 3727 1760 3782 in
1790 3727 1944 3783 Vobis
1972 3741 2059 3782 re-

459 3823 837 3882 pra‘sentetttr.
868 3815 978 3870 Hoc
1007 3816 1125 3871 solo
1153 3831 1250 3872 nos
1279 3817 1510 3888 conjugii
1545 3834 1650 3874 non
1681 3817 1984 3885 pmnitebit,
2013 3819 2058 3873 si

457 3907 612 3964 vobis
629 3908 783 3963 labor
811 3919 994 3966 uoster
1029 3909 1340 3978 profecerit.
1373 3910 1684 3968 Proximqu
1719 3913 1916 3984 putabo
1946 3929 2060 3968 ma-

457 4016 590 4063 trem
640 4022 763 4062 esse
803 4009 1092 4079 virginum,
1151 4024 1214 4062 ac
1257 4010 1302 4064 si
1362 4010 1724 4081 virginitatem
1787 4020 2055 4067 tenerem.

454 4101 830 4168 Considerate,
862 4103 982 4169 lilii,
1009 4119 1173 4173 quam
1192 4103 1293 4158 sibi
1315 4104 1536 4159 veniens
1559 4103 1610 4158 in
1645 4104 1740 4158 bas
1764 4114 1938 4160 terras
1961 4104 2061 4159 Do-

457 4195 634 4249 minus
651 4194 808 4250 Jesus
831 4205 1061 4250 matrem
1086 4195 1332 4266 elegerit.
1351 4195 1593 4252 Salutem
1611 4197 1814 4252 mmdo
1832 4197 2059 4252 daturus

456 4304 556 4359 per
585 4290 849 4360 virginem
880 4292 1046 4354 venit,
1076 4303 1128 4346 et
1159 4291 1404 4346 mulieris
1428 4291 1610 4362 lapsus
1649 4303 1804 4360 partu
1832 4291 2060 4362 virginis

453 4383 614 4439 solvit
642 4402 654 4438 :
682 4393 858 4438 vestra
889 4400 1107 4454 quoque
1136 4385 1418 4454 integritas
1441 4403 1592 4441 meos
1619 4387 1791 4441 solvat
1817 4401 2056 4442 errores.

526 4473 618 4528 i7.
661 4475 800 4544 Quid
829 4476 952 4530 boni
976 4478 1047 4530 sit
1077 4474 1382 4546 virginitas,
1409 4477 1777 4534 considerate.
1822 4479 2056 4534 Destitu-

446 4579 565 4624 tam
595 4584 680 4624 me
705 4585 828 4625 esse
855 4581 1066 4624 eertum
1098 4579 1202 4634 est,
1233 4557 1490 4641 praisidio
1515 4587 1677 4642 egere
1708 4589 1721 4625 :
1750 4571 1846 4627 sed
1883 4571 1930 4626 si
1958 4587 2055 4625 vo-

443 4662 664 4720 lueritis
691 4665 771 4720 sic
799 4678 1042 4732 manere,
1072 4664 1272 4720 nullius
1293 4680 1454 4736 opem
1485 4669 1780 4736 requiram,
1809 4665 2056 4721 abunda-

448 4757 532 4814 bit
557 4757 689 4813 mihi
715 4755 742 4796 ά
773 4758 838 4813 ad
859 4774 1076 4815 omnem
1103 4758 1482 4830 opitulantiam
1503 4771 1701 4816 vestra:
1731 4761 2060 4832 integritatis

450 4867 675 4908 corona.
725 4851 859 4918 Quis
909 4868 996 4908 me
1047 4868 1154 4908 non
1201 4852 1343 4909 dicet
1390 4853 1603 4908 beatam
1633 4895 1648 4920 ,
1691 4869 1854 4924 quam
1911 4869 2061 4910 nunc

440 4945 698 5002 miseram
743 4943 974 5014 putant?
1001 4943 1124 5016 quis
1165 4958 1274 4999 non
1325 4943 1617 5000 honorabit
1663 4954 1740 5000 tot
1787 4947 2060 5014 virginum

438 5035 710 5095 matrem?
763 5037 887 5107 quis
959 5052 1066 5091 non
1133 5036 1494 5092 venerabitur
1549 5036 1728 5090 aulam
1787 5037 2058 5110 pudoris?

435 5151 752 5224 Apostolico
779 5148 1370 5204 ritecnnseutiunt.At.
1400 5147 1556 5224 Rom.
1577 5149 1708 5224 edit.
1737 5164 1862 5203 eum
1893 5151 2048 5224 Yttlg.

438 5219 606 5286 νέω..
649 5221 778 5277 Volo
805 5232 975 5292 autem
999 5238 1086 5275 vos
1108 5235 1282 5274 omnes
1302 5235 1412 5292 esse
1435 5219 1566 5272 sicut
1591 5221 1870 5292 nteipsum.
1899 5219 2050 5280 Cod-

433 5297 516 5352 fer
545 5311 666 5350 cum
699 5295 791 5348 ltb.
821 5291 886 5346 de
922 5289 1164 5361 Virginit.
1197 5309 1317 5357 t'np.
1341 5291 1434 5352 ‘20,
1465 5307 1520 5344 tt.
1557 5291 1680 5346 150.

509 5377 537 5406 ἰ
581 5368 770 5421 Deerat
806 5368 854 5417 iu
881 5363 1012 5418 edit.
1047 5363 1300 5416 ointlibus
1316 5376 1417 5414 vox
1439 5362 1640 5427 altaris,
1671 5377 1829 5432 quam
1860 5373 2039 5424 tamen

437 5439 490 5494 in
516 5453 648 5493 mss.
683 5437 843 5506 longe
875 5435 1122 5502 plurimis
1155 5433 1398 5506 invenire
1447 5443 1550 5487 est.
1605 5433 1680 5487 lis
1727 5435 1829 5488 hoc
1857 5450 2039 5494 autem

435 5510 558 5565 loco
583 5503 927 5563 manufestum
979 5508 1037 5560 lit
1073 5503 1427 5559 continentia!
1463 5507 1847 5560 necessitatem
1877 5512 2041 5566 etiam

428 5580 498 5634 iis
530 5581 617 5649 qui
654 5578 925 5647 coniugati
966 5577 1032 5632 ad
1081 5575 1337 5649 ministri,
1368 5577 1468 5627 hoc
1496 5585 1600 5649 est,
1631 5574 1846 5630 diaconi
1886 5579 2038 5634 ordi-

430 5645 558 5706 nem
605 5649 782 5704 allecti
827 5645 1039 5715 essent,
1083 5648 1196 5718 jam
1247 5645 1374 5701 inde
1403 5661 1433 5700 a
1459 5646 1652 5718 primis
1699 5651 2040 5719 temporibus

431 5721 600 5776 fuisse
631 5720 959 5789 impositum.

505 5791 534 5832 δ
576 5793 824 5854 Plerique
876 5807 1034 5859 mss..
1090 5792 1420 5862 immaturam
1470 5790 1678 5845 virtutis
1715 5791 1984 5861 stipendiis
2019 5812 2039 5852 :

432 5861 627 5924 melius
679 5873 858 5920 tamen
887 5861 982 5920 alii
1008 5873 1063 5919 et
1091 5861 1284 5920 omnes
1308 5865 1464 5930 edit.,
1495 5864 1826 5920 immaturam
1859 5865 2032 5922 vidui-

2165 3359 2400 3414 montes,
2431 3351 2699 3407 transiliat
2726 3366 2894 3424 super
2916 3351 3084 3408 colles
3111 3353 3131 3426 (
3161 3349 3312 3407 Cant.
3345 3367 3406 3418 ll,
3429 3350 3518 3425 8).

2235 3444 2326 3500 29.
2369 3443 2724 3500 Additadhuc
2761 3444 2829 3499 ad
2871 3444 3086 3499 laudent
3141 3443 3470 3515 virginitatis
3512 3459 3527 3497 :
3570 3440 3776 3497 Hortus

2163 3540 2372 3594 clausus
2391 3555 2541 3594 soror
2569 3555 2679 3594 mea
2712 3540 2936 3612 Sponsa,
2970 3538 3151 3594 hortus
3186 3540 3412 3599 clausus,
3454 3542 3572 3610 fons
3592 3538 3776 3612 signa-

2164 3642 2247 3687 tus
2271 3631 2445 3700 (Cant.
2475 3649 2548 3698 tv,
2585 3633 2698 3706 1‘2);
2724 3649 2835 3703 quo
2867 3633 3124 3689 meliores
3149 3633 3340 3688 afferat
3372 3629 3580 3688 fruetus
3614 3631 3778 3686 clau-

2164 3734 2277 3780 stro
2319 3723 2540 3796 pudoris
2565 3735 2717 3795 septa
2751 3725 3048 3796 virginitas,
3083 3723 3134 3778 in
3168 3739 3273 3795 qua
3300 3726 3618 3780 intemerata
3645 3738 3775 3794 per-

2166 3830 2418 3872 maneant
2451 3817 2720 3874 castitatis
2749 3817 3052 3889 signacula.
3107 3817 3259 3871 llunc
3304 3817 3522 3872 hortum
3565 3815 3773 3871 auium

2167 3922 2386 3979 vestrm,
2418 3915 2560 3968 hunc
2592 3913 2792 3968 fontem
2824 3920 3040 3968 servate
3057 3911 3175 3981 puri
3205 3911 3451 3982 liquoris,
3480 3919 3540 3966 ut
3559 3926 3688 3966 eum
3715 3910 3772 3966 in

2165 4008 2320 4063 vobis
2345 4023 2506 4063 nemo
2536 4007 2817 4078 perturbet
2850 4047 2864 4071 ,
2898 4023 3060 4060 ιιοιιιιι
3085 4006 3537 4076 designet,quem
3560 4005 3776 4076 genita-

2164 4100 2230 4158 lis
2259 4101 2312 4156 io
2341 4101 2496 4156 vobis
2522 4102 2676 4168 origo
2701 4099 2954 4170 signavit.
2991 4097 3160 4155 Nemo
3186 4099 3399 4156 auferat
3436 4099 3634 4155 animas
3675 4115 3774 4154 ve-

2164 4203 2294 4250 stra:
2323 4194 2558 4258 vineam,
2581 4201 2636 4248 et
2657 4192 2782 4247 vilia
2813 4193 2962 4248 olera
2989 4203 3158 4249 serat.
3184 4192 3347 4248 Vinea
3371 4191 3518 4249 enim
3545 4191 3770 4262 quidam

2163 4284 2374 4342 fructus
2398 4284 2676 4355 virginalis
2700 4294 2786 4339 est
2811 4301 2825 4338 :
2848 4283 3101 4354 conjugia
3135 4285 3282 4340 velut
3307 4285 3517 4340 olerum
3553 4285 3772 4355 planta-

2165 4379 2245 4433 ria
2263 4387 2408 4436 sunt.
2442 4377 2494 4430 in
2517 4377 2710 4447 quibus
2731 4386 2754 4414 θ
2781 4375 3036 4448 frequens
3060 4376 3184 4449 gelu
3214 4386 3330 4444 est;
3371 4387 3427 4433 et
3469 4377 3597 4434 ideo
3623 4378 3774 4435 sicut

2165 4473 2319 4528 olera
2369 4471 2661 4527 herbarum
2694 4471 2802 4526 cito
2835 4470 3034 4526 cadunt
3074 4482 3237 4540 atque
3271 4484 3636 4537 marcescunt,
3665 4475 3773 4530 nisi

2167 4566 2329 4622 linem
2380 4565 2624 4635 imponat
2665 4576 2944 4633 senectus,
2993 4575 3088 4622 aut
3121 4566 3189 4623 ad
3231 4567 3528 4639 perfectum
3570 4568 3774 4626 evebat

2161 4657 2516 4714 continentia.

2235 4751 2326 4808 50.
2370 4750 2485 4808 Non
2521 4753 2708 4808 veniat
2735 4767 2866 4824 ergo
2895 4751 2947 4806 in
2991 4767 3087 4808 vos
3113 4751 3335 4816 Achab,
3365 4753 3457 4824 qui
3499 4754 3769 4824 concupi-

2164 4854 2280 4903 scat
2300 4847 2510 4902 vineam
2551 4857 2785 4901 vestram
2827 4845 3010 4902 delere
3037 4854 3093 4901 et
3123 4845 3473 4918 esSIinguere
3503 4863 3519 4902 :
3547 4862 3651 4902 nec
3672 4863 3772 4904 ve-

2164 4943 2280 4997 niat
2301 4942 2354 4996 in
2385 4941 2537 4996 vobis
2561 4939 2803 5005 Jezabel,
2852 4955 3049 4995 Vanum
3086 4939 3217 4996 illud
3246 4949 3303 4996 et
3346 4941 3610 4996 smculare
3641 4955 3771 5010 pro-

2164 5037 2416 5098 ﬂuvium;
2445 5033 2547 5089 hoc
2573 5033 2720 5090 enim
2741 5033 3083 5105 significatur
3112 5031 3398 5100 vocabulo,
3431 5047 3567 5088 vana
3591 5040 3649 5088 ct
3673 5048 3774 5088 va-

2152 5151 2274 5208 tatis
2303 5147 2594 5217 stipendiis,
2631 5145 2681 5199 id
2709 5156 2792 5201 est
2831 5145 2990 5209 forte,
3021 5144 3274 5217 (nondum
3322 5147 3767 5214 sexagenariam.

2156 5216 2386 5278 Videtur
2425 5217 2692 5290 siquidem
2709 5219 2795 5273 hic.
2817 5228 2871 5271 et
2891 5219 2983 5271 lib.
3000 5216 3070 5290 de
3093 5216 3282 5290 Viduis
3297 5231 3418 5287 cap.
3437 5217 3495 5281 2,
3529 5234 3684 5274 num.
3707 5221 3766 5281 9.

2148 5295 2284 5352 illud
2317 5289 2755 5358 aetatis'esigere,
2797 5302 2851 5344 ut
2884 5289 3074 5345 senilis
3099 5289 3337 5345 viduitas
3381 5291 3643 5346 Ecclesize
3667 5293 3770 5346 sti-

2151 5366 2310 5438 pendi
2321 5369 2364 5438 is
2379 5370 2734 5438 sustentetur.

2221 5449 2244 5478 ο
2290 5437 2418 5491 Mss.
2445 5448 2566 5517 non.
2588 5433 2765 5501 pauci,
2799 5433 2856 5488 in
2893 5433 3011 5501 Ιιοε,
3061 5431 3279 5502 quidam
3329 5431 3526 5490 melius
3555 5434 3611 5488 in
3641 5433 3764 5503 ltoc,

2142 5525 2212 5564 nu
2223 5523 2428 5576 mquam
2453 5521 2781 5560 venissemus.

2215 5578 2244 5618 ἀ
2286 5575 2494 5636 Omnes
2523 5577 2655 5630 edit.
2685 5592 2750 5631 ac
2780 5589 2912 5631 mss.
2942 5576 3214 5642 nommlli,
3239 5575 3307 5631 ad
3343 5592 3548 5630 omnem
3588 5577 3768 5646 opim.

2141 5653 2392 5706 lationem
2418 5665 2437 5704 :
2467 5648 2556 5702 alii
2590 5663 2721 5704 mss.
2769 5649 2938 5704 umlto
2967 5651 3172 5718 plures,
3207 5649 3277 5702 ad
3325 5664 3528 5704 omnem
3587 5650 3767 5720 opitu-

2139 5723 2384 5798 lantiam,
2414 5737 2548 5774 unus
2569 5721 2904 5786 apulentiam.
2941 5720 3369 5798 Haudquaquam
3395 5723 3563 5775 male.
3747 5756 3758 5798 ς

2181 5814 2185 5818 ·
2215 5805 2239 5859 _°
2273 5793 2349 5850 Ita
2375 5807 2507 5866 ιιιξε.
2541 5805 2736 5866 magno
2767 5807 2995 5866 numero
3025 5810 3052 5859 ε,
3073 5792 3296 5865 quidam
3335 5799 3542 5860 autem,
3585 5792 3758 5866 atque

2137 5858 2332 5926 omnes
2361 5858 2496 5925 edit.
2528 5858 2772 5934 frequens
2793 5863 2934 5923 solus
2963 5872 3058 5920 est.
