  <div class='ocr_page' id='page_1' title='image "/cluster/home/n/w/nwhite01/storage/ocr_20150623/16/hvd.32044015471998/178.png"; bbox 0 0 4054 6306; ppageno 0'>
   <div class='ocr_carea' id='block_1_1' title="bbox 256 307 365 363">
    <p class='ocr_par' dir='ltr' id='par_1_1' title="bbox 256 307 365 363">
     <span class='ocr_line' id='line_1_1' title="bbox 256 307 365 363; baseline 0.018 -2"><span class='ocrx_word' id='word_1_1' title='bbox 256 307 365 363; x_wconf 70' lang='grc' dir='ltr'><strong>5ιὸ</strong></span> 
     </span>
    </p>
   </div>
   <div class='ocr_carea' id='block_1_2' title="bbox 257 509 1849 585">
    <p class='ocr_par' dir='ltr' id='par_1_2' title="bbox 257 509 1849 585">
     <span class='ocr_line' id='line_1_2' title="bbox 257 509 1849 585; baseline -0.001 -18"><span class='ocrx_word' id='word_1_2' title='bbox 257 525 433 585; x_wconf 83' lang='lat' dir='ltr'><strong>patre,</strong></span> <span class='ocrx_word' id='word_1_3' title='bbox 465 512 608 569; x_wconf 90' lang='lat' dir='ltr'><strong>sicut</strong></span> <span class='ocrx_word' id='word_1_4' title='bbox 637 513 838 569; x_wconf 88' lang='lat' dir='ltr'><strong>indicat</strong></span> <span class='ocrx_word' id='word_1_5' title='bbox 869 512 1102 569; x_wconf 85' lang='lat' dir='ltr'><strong>nominis</strong></span> <span class='ocrx_word' id='word_1_6' title='bbox 1128 512 1300 581; x_wconf 85' lang='lat' dir='ltr'><strong>ipsius</strong></span> <span class='ocrx_word' id='word_1_7' title='bbox 1330 510 1728 581; x_wconf 87' lang='lat' dir='ltr'><strong>interpretatio,</strong></span> <span class='ocrx_word' id='word_1_8' title='bbox 1756 509 1849 580; x_wconf 86' lang='lat' dir='ltr'><strong>qui</strong></span> 
     </span>
    </p>
   </div>
   <div class='ocr_carea' id='block_1_3' title="bbox 255 605 1850 678">
    <p class='ocr_par' dir='ltr' id='par_1_3' title="bbox 255 605 1850 678">
     <span class='ocr_line' id='line_1_3' title="bbox 255 605 1850 678; baseline -0.003 -16"><span class='ocrx_word' id='word_1_9' title='bbox 255 608 469 662; x_wconf 85' lang='lat' dir='ltr'><strong>vineam</strong></span> <span class='ocrx_word' id='word_1_10' title='bbox 496 608 762 678; x_wconf 81' lang='lat' dir='ltr'><strong>sanguine</strong></span> <span class='ocrx_word' id='word_1_11' title='bbox 782 605 1039 661; x_wconf 72' lang='lat' dir='ltr'><strong>defendat</strong></span> <span class='ocrx_word' id='word_1_12' title='bbox 1053 619 1170 668; x_wconf 89' lang='lat' dir='ltr'><strong>suo,</strong></span> <span class='ocrx_word' id='word_1_13' title='bbox 1185 611 1241 659; x_wconf 87' lang='lat' dir='ltr'><strong>et</strong></span> <span class='ocrx_word' id='word_1_14' title='bbox 1255 617 1354 675; x_wconf 86' lang='lat' dir='ltr'><strong>pro</strong></span> <span class='ocrx_word' id='word_1_15' title='bbox 1371 617 1437 658; x_wconf 89' lang='lat' dir='ltr'><strong>ea</strong></span> <span class='ocrx_word' id='word_1_16' title='bbox 1455 613 1681 658; x_wconf 87' lang='lat' dir='ltr'><strong>mortem</strong></span> <span class='ocrx_word' id='word_1_17' title='bbox 1695 617 1850 658; x_wconf 89' lang='lat' dir='ltr'><strong>suam</strong></span> 
     </span>
    </p>
   </div>
   <div class='ocr_carea' id='block_1_4' title="bbox 255 697 1852 771">
    <p class='ocr_par' dir='ltr' id='par_1_4' title="bbox 255 697 1852 771">
     <span class='ocr_line' id='line_1_4' title="bbox 255 697 1852 771; baseline -0.003 -15"><span class='ocrx_word' id='word_1_18' title='bbox 255 701 470 756; x_wconf 71' lang='lat' dir='ltr'><strong>olferat.</strong></span> <span class='ocrx_word' id='word_1_19' title='bbox 502 700 600 757; x_wconf 87' lang='lat' dir='ltr'><strong>llic</strong></span> <span class='ocrx_word' id='word_1_20' title='bbox 621 712 703 755; x_wconf 86' lang='lat' dir='ltr'><strong>est</strong></span> <span class='ocrx_word' id='word_1_21' title='bbox 731 702 820 771; x_wconf 88' lang='lat' dir='ltr'><strong>qui</strong></span> <span class='ocrx_word' id='word_1_22' title='bbox 843 700 1105 770; x_wconf 77' lang='lat' dir='ltr'><strong>lapidatus</strong></span> <span class='ocrx_word' id='word_1_23' title='bbox 1124 714 1220 770; x_wconf 89' lang='lat' dir='ltr'><strong>pro</strong></span> <span class='ocrx_word' id='word_1_24' title='bbox 1250 698 1406 755; x_wconf 85' lang='lat' dir='ltr'><strong>nobis</strong></span> <span class='ocrx_word' id='word_1_25' title='bbox 1430 708 1533 764; x_wconf 88' lang='lat' dir='ltr'><strong>est,</strong></span> <span class='ocrx_word' id='word_1_26' title='bbox 1567 713 1665 768; x_wconf 89' lang='lat' dir='ltr'><strong>pro</strong></span> <span class='ocrx_word' id='word_1_27' title='bbox 1695 697 1852 753; x_wconf 91' lang='lat' dir='ltr'><strong>nobis</strong></span> 
     </span>
    </p>
   </div>
   <div class='ocr_carea' id='block_1_5' title="bbox 260 790 1850 864">
    <p class='ocr_par' dir='ltr' id='par_1_5' title="bbox 260 790 1850 864">
     <span class='ocr_line' id='line_1_5' title="bbox 260 790 1850 864; baseline -0.003 -15"><span class='ocrx_word' id='word_1_28' title='bbox 260 805 529 853; x_wconf 89' lang='lat' dir='ltr'><strong>tnortuus.</strong></span> <span class='ocrx_word' id='word_1_29' title='bbox 556 808 655 864; x_wconf 89' lang='lat' dir='ltr'><strong>pro</strong></span> <span class='ocrx_word' id='word_1_30' title='bbox 681 794 838 848; x_wconf 88' lang='lat' dir='ltr'><strong>nobis</strong></span> <span class='ocrx_word' id='word_1_31' title='bbox 866 792 1018 848; x_wconf 76' lang='lat' dir='ltr'><strong>falsis</strong></span> <span class='ocrx_word' id='word_1_32' title='bbox 1042 793 1315 863; x_wconf 85' lang='lat' dir='ltr'><strong>appetitus</strong></span> <span class='ocrx_word' id='word_1_33' title='bbox 1363 792 1689 847; x_wconf 82' lang='lat' dir='ltr'><strong>testimoniis</strong></span> <span class='ocrx_word' id='word_1_34' title='bbox 1722 790 1850 862; x_wconf 93' lang='lat' dir='ltr'><strong>:qui</strong></span> 
     </span>
    </p>
   </div>
   <div class='ocr_carea' id='block_1_6' title="bbox 258 887 1852 959">
    <p class='ocr_par' dir='ltr' id='par_1_6' title="bbox 258 887 1852 959">
     <span class='ocr_line' id='line_1_6' title="bbox 258 887 1852 959; baseline -0.001 -17"><span class='ocrx_word' id='word_1_35' title='bbox 258 904 466 959; x_wconf 84' lang='lat' dir='ltr'><strong>pauper</strong></span> <span class='ocrx_word' id='word_1_36' title='bbox 511 887 618 943; x_wconf 90' lang='lat' dir='ltr'><strong>huc</strong></span> <span class='ocrx_word' id='word_1_37' title='bbox 662 887 848 954; x_wconf 88' lang='lat' dir='ltr'><strong>venit,</strong></span> <span class='ocrx_word' id='word_1_38' title='bbox 890 902 1013 943; x_wconf 91' lang='lat' dir='ltr'><strong>cum</strong></span> <span class='ocrx_word' id='word_1_39' title='bbox 1042 887 1194 943; x_wconf 84' lang='lat' dir='ltr'><strong>dives</strong></span> <span class='ocrx_word' id='word_1_40' title='bbox 1248 895 1413 951; x_wconf 85' lang='lat' dir='ltr'><strong>esset,</strong></span> <span class='ocrx_word' id='word_1_41' title='bbox 1440 896 1467 924; x_wconf 72' lang='grc' dir='ltr'>ει</span> <span class='ocrx_word' id='word_1_42' title='bbox 1495 896 1551 941; x_wconf 83' lang='grc' dir='ltr'><strong>ιιι</strong></span> <span class='ocrx_word' id='word_1_43' title='bbox 1587 902 1687 942; x_wconf 86' lang='lat' dir='ltr'><strong>nos</strong></span> <span class='ocrx_word' id='word_1_44' title='bbox 1733 887 1852 958; x_wconf 77' lang='lat' dir='ltr'><strong>ejus</strong></span> 
     </span>
    </p>
   </div>
   <div class='ocr_carea' id='block_1_7' title="bbox 256 977 1854 1054">
    <p class='ocr_par' dir='ltr' id='par_1_7' title="bbox 256 977 1854 1054">
     <span class='ocr_line' id='line_1_7' title="bbox 256 977 1854 1054; baseline -0.001 -18"><span class='ocrx_word' id='word_1_45' title='bbox 256 980 437 1049; x_wconf 83' lang='lat' dir='ltr'><strong>inOpia</strong></span> <span class='ocrx_word' id='word_1_46' title='bbox 461 980 767 1035; x_wconf 82' lang='lat' dir='ltr'><strong>ditaremur</strong></span> <span class='ocrx_word' id='word_1_47' title='bbox 808 978 917 1052; x_wconf 92' lang='grc' dir='ltr'><strong>(ΙΙΙ</strong></span> <span class='ocrx_word' id='word_1_48' title='bbox 951 979 1082 1054; x_wconf 82' lang='lat' dir='ltr'><strong>Reg.</strong></span> <span class='ocrx_word' id='word_1_49' title='bbox 1117 996 1211 1046; x_wconf 83' lang='lat' dir='ltr'><strong>stt,</strong></span> <span class='ocrx_word' id='word_1_50' title='bbox 1260 984 1296 1034; x_wconf 74' lang='lat'><strong>2</strong></span> <span class='ocrx_word' id='word_1_51' title='bbox 1335 990 1386 1035; x_wconf 88' lang='lat' dir='ltr'><strong>et</strong></span> <span class='ocrx_word' id='word_1_52' title='bbox 1422 997 1525 1050; x_wconf 81' lang='lat' dir='ltr'><strong>scq.</strong></span> <span class='ocrx_word' id='word_1_53' title='bbox 1554 977 1595 1053; x_wconf 95' lang='lat'><strong>).</strong></span> <span class='ocrx_word' id='word_1_54' title='bbox 1633 979 1730 1035; x_wconf 86' lang='lat' dir='ltr'><strong>llic</strong></span> <span class='ocrx_word' id='word_1_55' title='bbox 1770 990 1854 1035; x_wconf 90' lang='lat' dir='ltr'><strong>est</strong></span> 
     </span>
    </p>
   </div>
   <div class='ocr_carea' id='block_1_8' title="bbox 258 1073 1854 1147">
    <p class='ocr_par' dir='ltr' id='par_1_8' title="bbox 258 1073 1854 1147">
     <span class='ocr_line' id='line_1_8' title="bbox 258 1073 1854 1147; baseline 0 -18"><span class='ocrx_word' id='word_1_56' title='bbox 258 1075 408 1136; x_wconf 88' lang='lat' dir='ltr'><strong>vitis,</strong></span> <span class='ocrx_word' id='word_1_57' title='bbox 433 1090 553 1143; x_wconf 83' lang='lat' dir='ltr'><strong>qu:e</strong></span> <span class='ocrx_word' id='word_1_58' title='bbox 582 1073 1008 1129; x_wconf 82' lang='lat' dir='ltr'><strong>redundantibus</strong></span> <span class='ocrx_word' id='word_1_59' title='bbox 1034 1074 1221 1146; x_wconf 72' lang='lat' dir='ltr'><strong>gratiae</strong></span> <span class='ocrx_word' id='word_1_60' title='bbox 1248 1089 1361 1128; x_wconf 85' lang='lat' dir='ltr'><strong>su.e</strong></span> <span class='ocrx_word' id='word_1_61' title='bbox 1395 1073 1658 1129; x_wconf 81' lang='lat' dir='ltr'><strong>fructibus</strong></span> <span class='ocrx_word' id='word_1_62' title='bbox 1682 1074 1854 1147; x_wconf 86' lang='lat' dir='ltr'><strong>reple-</strong></span> 
     </span>
    </p>
   </div>
   <div class='ocr_carea' id='block_1_9' title="bbox 254 1166 1857 1239">
    <p class='ocr_par' dir='ltr' id='par_1_9' title="bbox 254 1166 1857 1239">
     <span class='ocr_line' id='line_1_9' title="bbox 254 1166 1857 1239; baseline 0.002 -20"><span class='ocrx_word' id='word_1_63' title='bbox 254 1166 331 1220; x_wconf 93' lang='lat' dir='ltr'><strong>vit</strong></span> <span class='ocrx_word' id='word_1_64' title='bbox 356 1168 672 1223; x_wconf 87' lang='lat' dir='ltr'><strong>universum</strong></span> <span class='ocrx_word' id='word_1_65' title='bbox 700 1167 884 1223; x_wconf 82' lang='lat' dir='ltr'><strong>urbem</strong></span> <span class='ocrx_word' id='word_1_66' title='bbox 919 1176 1208 1222; x_wconf 78' lang='lat' dir='ltr'><strong>terrarum.</strong></span> <span class='ocrx_word' id='word_1_67' title='bbox 1232 1167 1332 1223; x_wconf 89' lang='lat' dir='ltr'><strong>llic</strong></span> <span class='ocrx_word' id='word_1_68' title='bbox 1362 1167 1413 1221; x_wconf 90' lang='lat' dir='ltr'><strong>itt</strong></span> <span class='ocrx_word' id='word_1_69' title='bbox 1446 1170 1641 1222; x_wconf 78' lang='lat' dir='ltr'><strong>vestris</strong></span> <span class='ocrx_word' id='word_1_70' title='bbox 1672 1177 1857 1239; x_wconf 88' lang='lat' dir='ltr'><strong>pecto-</strong></span> 
     </span>
    </p>
   </div>
   <div class='ocr_carea' id='block_1_10' title="bbox 252 1257 1856 1323">
    <p class='ocr_par' dir='ltr' id='par_1_10' title="bbox 252 1257 1856 1323">
     <span class='ocr_line' id='line_1_10' title="bbox 252 1257 1856 1323; baseline 0.002 -10"><span class='ocrx_word' id='word_1_71' title='bbox 252 1257 403 1313; x_wconf 62' lang='lat' dir='ltr'><strong>ribus</strong></span> <span class='ocrx_word' id='word_1_72' title='bbox 428 1257 535 1313; x_wconf 86' lang='lat' dir='ltr'><strong>alta</strong></span> <span class='ocrx_word' id='word_1_73' title='bbox 567 1268 786 1315; x_wconf 86' lang='lat' dir='ltr'><strong>maneat</strong></span> <span class='ocrx_word' id='word_1_74' title='bbox 806 1259 1017 1315; x_wconf 82' lang='lat' dir='ltr'><strong>deﬁxus</strong></span> <span class='ocrx_word' id='word_1_75' title='bbox 1040 1259 1253 1323; x_wconf 85' lang='lat' dir='ltr'><strong>radice;</strong></span> <span class='ocrx_word' id='word_1_76' title='bbox 1275 1270 1329 1314; x_wconf 91' lang='lat' dir='ltr'><strong>ot</strong></span> <span class='ocrx_word' id='word_1_77' title='bbox 1358 1267 1415 1315; x_wconf 89' lang='lat' dir='ltr'><strong>et</strong></span> <span class='ocrx_word' id='word_1_78' title='bbox 1439 1261 1645 1314; x_wconf 76' lang='lat' dir='ltr'><strong>fructos</strong></span> <span class='ocrx_word' id='word_1_79' title='bbox 1677 1269 1856 1316; x_wconf 88' lang='lat' dir='ltr'><strong>vester</strong></span> 
     </span>
    </p>
   </div>
   <div class='ocr_carea' id='block_1_11' title="bbox 254 1349 1853 1424">
    <p class='ocr_par' dir='ltr' id='par_1_11' title="bbox 254 1349 1853 1424">
     <span class='ocr_line' id='line_1_11' title="bbox 254 1349 1853 1424; baseline 0.001 -20"><span class='ocrx_word' id='word_1_80' title='bbox 254 1349 542 1414; x_wconf 79' lang='lat' dir='ltr'><strong>exuberet,</strong></span> <span class='ocrx_word' id='word_1_81' title='bbox 567 1362 619 1405; x_wconf 91' lang='lat' dir='ltr'><strong>et</strong></span> <span class='ocrx_word' id='word_1_82' title='bbox 652 1350 866 1420; x_wconf 87' lang='lat' dir='ltr'><strong>liquore</strong></span> <span class='ocrx_word' id='word_1_83' title='bbox 892 1352 1081 1422; x_wconf 67' lang='lat' dir='ltr'><strong>gratiae</strong></span> <span class='ocrx_word' id='word_1_84' title='bbox 1122 1351 1384 1422; x_wconf 78' lang='lat' dir='ltr'><strong>spiritalis</strong></span> <span class='ocrx_word' id='word_1_85' title='bbox 1405 1352 1657 1421; x_wconf 84' lang='lat' dir='ltr'><strong>corporei</strong></span> <span class='ocrx_word' id='word_1_86' title='bbox 1687 1367 1853 1424; x_wconf 85' lang='lat' dir='ltr'><strong>vapo-</strong></span> 
     </span>
    </p>
   </div>
   <div class='ocr_carea' id='block_1_12' title="bbox 254 1442 1421 1525">
    <p class='ocr_par' dir='ltr' id='par_1_12' title="bbox 254 1442 1421 1525">
     <span class='ocr_line' id='line_1_12' title="bbox 254 1442 1421 1525; baseline 0 -25"><span class='ocrx_word' id='word_1_87' title='bbox 254 1444 331 1500; x_wconf 95' lang='lat' dir='ltr'><strong>ris</strong></span> <span class='ocrx_word' id='word_1_88' title='bbox 360 1442 607 1500; x_wconf 87' lang='lat' dir='ltr'><strong>incendia</strong></span> <span class='ocrx_word' id='word_1_89' title='bbox 639 1454 1029 1515; x_wconf 83' lang='lat' dir='ltr'><strong>temperentur.</strong></span> <span class='ocrx_word' id='word_1_90' title='bbox 1416 1518 1421 1525; x_wconf 27' lang='lat'><strong>.</strong></span> 
     </span>
    </p>
   </div>
   <div class='ocr_carea' id='block_1_13' title="bbox 330 1537 1861 1611">
    <p class='ocr_par' dir='ltr' id='par_1_13' title="bbox 330 1537 1861 1611">
     <span class='ocr_line' id='line_1_13' title="bbox 330 1537 1861 1611; baseline 0.003 -19"><span class='ocrx_word' id='word_1_91' title='bbox 330 1539 424 1594; x_wconf 76' lang='grc'><strong>⁸51.</strong></span> <span class='ocrx_word' id='word_1_92' title='bbox 468 1537 562 1594; x_wconf 83' lang='lat' dir='ltr'><strong>llic</strong></span> <span class='ocrx_word' id='word_1_93' title='bbox 589 1547 678 1594; x_wconf 87' lang='lat' dir='ltr'><strong>est</strong></span> <span class='ocrx_word' id='word_1_94' title='bbox 700 1539 790 1607; x_wconf 87' lang='lat' dir='ltr'><strong>qui</strong></span> <span class='ocrx_word' id='word_1_95' title='bbox 823 1539 969 1594; x_wconf 82' lang='lat' dir='ltr'><strong>venit</strong></span> <span class='ocrx_word' id='word_1_96' title='bbox 997 1541 1048 1592; x_wconf 93' lang='lat' dir='ltr'><strong>iu</strong></span> <span class='ocrx_word' id='word_1_97' title='bbox 1074 1539 1216 1594; x_wconf 87' lang='lat' dir='ltr'><strong>nube</strong></span> <span class='ocrx_word' id='word_1_98' title='bbox 1246 1539 1377 1604; x_wconf 86' lang='lat' dir='ltr'><strong>levi,</strong></span> <span class='ocrx_word' id='word_1_99' title='bbox 1400 1540 1542 1595; x_wconf 86' lang='lat' dir='ltr'><strong>sicut</strong></span> <span class='ocrx_word' id='word_1_100' title='bbox 1568 1539 1704 1595; x_wconf 78' lang='lat' dir='ltr'><strong>dixit</strong></span> <span class='ocrx_word' id='word_1_101' title='bbox 1735 1555 1861 1611; x_wconf 86' lang='lat' dir='ltr'><strong>pro-</strong></span> 
     </span>
    </p>
   </div>
   <div class='ocr_carea' id='block_1_14' title="bbox 258 1628 1859 1702">
    <p class='ocr_par' dir='ltr' id='par_1_14' title="bbox 258 1628 1859 1702">
     <span class='ocr_line' id='line_1_14' title="bbox 258 1628 1859 1702; baseline 0.003 -21"><span class='ocrx_word' id='word_1_102' title='bbox 258 1632 423 1700; x_wconf 82' lang='lat' dir='ltr'><strong>pheta</strong></span> <span class='ocrx_word' id='word_1_103' title='bbox 454 1649 466 1684; x_wconf 92' lang='lat'>:</span> <span class='ocrx_word' id='word_1_104' title='bbox 501 1628 636 1686; x_wconf 65' lang='lat' dir='ltr'><strong>Ecce</strong></span> <span class='ocrx_word' id='word_1_105' title='bbox 662 1628 915 1686; x_wconf 91' lang='lat' dir='ltr'><strong>Dominus</strong></span> <span class='ocrx_word' id='word_1_106' title='bbox 945 1630 1084 1686; x_wconf 85' lang='lat' dir='ltr'><strong>sedet</strong></span> <span class='ocrx_word' id='word_1_107' title='bbox 1110 1648 1265 1702; x_wconf 88' lang='lat' dir='ltr'><strong>super</strong></span> <span class='ocrx_word' id='word_1_108' title='bbox 1290 1633 1473 1687; x_wconf 87' lang='lat' dir='ltr'><strong>nubem</strong></span> <span class='ocrx_word' id='word_1_109' title='bbox 1491 1634 1671 1698; x_wconf 81' lang='lat' dir='ltr'><strong>levem,</strong></span> <span class='ocrx_word' id='word_1_110' title='bbox 1700 1644 1749 1688; x_wconf 88' lang='lat' dir='ltr'><strong>et</strong></span> <span class='ocrx_word' id='word_1_111' title='bbox 1778 1648 1859 1687; x_wconf 84' lang='lat' dir='ltr'><strong>ve-</strong></span> 
     </span>
    </p>
   </div>
   <div class='ocr_carea' id='block_1_15' title="bbox 260 1721 1859 1797">
    <p class='ocr_par' dir='ltr' id='par_1_15' title="bbox 260 1721 1859 1797">
     <span class='ocr_line' id='line_1_15' title="bbox 260 1721 1859 1797; baseline 0.003 -21"><span class='ocrx_word' id='word_1_112' title='bbox 260 1723 369 1777; x_wconf 88' lang='lat' dir='ltr'><strong>niet</strong></span> <span class='ocrx_word' id='word_1_113' title='bbox 404 1724 458 1776; x_wconf 87' lang='lat' dir='ltr'><strong>in</strong></span> <span class='ocrx_word' id='word_1_114' title='bbox 510 1721 801 1795; x_wconf 56' lang='lat' dir='ltr'><strong>IEgyptum</strong></span> <span class='ocrx_word' id='word_1_115' title='bbox 840 1722 1031 1797; x_wconf 83' lang='lat' dir='ltr'><strong>(Esai.</strong></span> <span class='ocrx_word' id='word_1_116' title='bbox 1064 1740 1174 1788; x_wconf 71' lang='lat' dir='ltr'><strong>XIX.</strong></span> <span class='ocrx_word' id='word_1_117' title='bbox 1208 1726 1232 1781; x_wconf 82' lang='grc'><strong>1</strong></span> <span class='ocrx_word' id='word_1_118' title='bbox 1267 1725 1322 1796; x_wconf 89' lang='grc'><strong>);</strong></span> <span class='ocrx_word' id='word_1_119' title='bbox 1372 1725 1682 1793; x_wconf 77' lang='lat' dir='ltr'><strong>signiﬁcans</strong></span> <span class='ocrx_word' id='word_1_120' title='bbox 1715 1726 1859 1797; x_wconf 88' lang='lat' dir='ltr'><strong>quod</strong></span> 
     </span>
    </p>
   </div>
   <div class='ocr_carea' id='block_1_16' title="bbox 1156 302 2627 372">
    <p class='ocr_par' dir='ltr' id='par_1_16' title="bbox 1156 302 2627 372">
     <span class='ocr_line' id='line_1_16' title="bbox 1156 302 2627 372; baseline 0.006 -12"><span class='ocrx_word' id='word_1_121' title='bbox 1156 302 1612 360; x_wconf 78' lang='lat' dir='ltr'><strong>EXHORTATIO</strong></span> <span class='ocrx_word' id='word_1_122' title='bbox 1650 302 2136 364; x_wconf 70' lang='lat' dir='ltr'><strong>VIRGINITA&#39;IIS.</strong></span> <span class='ocrx_word' id='word_1_123' title='bbox 2182 309 2387 369; x_wconf 80' lang='lat' dir='ltr'><strong>LIBER</strong></span> <span class='ocrx_word' id='word_1_124' title='bbox 2427 310 2627 372; x_wconf 85' lang='lat' dir='ltr'><strong>UNUS.</strong></span> 
     </span>
    </p>
   </div>
   <div class='ocr_carea' id='block_1_17' title="bbox 255 414 1927 486">
    <p class='ocr_par' dir='ltr' id='par_1_17' title="bbox 255 414 1927 486">
     <span class='ocr_line' id='line_1_17' title="bbox 255 414 1927 486; baseline -0.002 -12"><span class='ocrx_word' id='word_1_125' title='bbox 255 433 360 474; x_wconf 88' lang='lat' dir='ltr'><strong>cna</strong></span> <span class='ocrx_word' id='word_1_126' title='bbox 388 416 748 474; x_wconf 85' lang='lat' dir='ltr'><strong>redundantia</strong></span> <span class='ocrx_word' id='word_1_127' title='bbox 782 434 795 471; x_wconf 89' lang='lat'><strong>:</strong></span> <span class='ocrx_word' id='word_1_128' title='bbox 826 415 920 474; x_wconf 89' lang='lat' dir='ltr'><strong>sed</strong></span> <span class='ocrx_word' id='word_1_129' title='bbox 944 417 1122 472; x_wconf 82' lang='lat' dir='ltr'><strong>veniat</strong></span> <span class='ocrx_word' id='word_1_130' title='bbox 1160 414 1432 482; x_wconf 87' lang='lat' dir='ltr'><strong>Nabutbe,</strong></span> <span class='ocrx_word' id='word_1_131' title='bbox 1478 415 1573 486; x_wconf 88' lang='lat' dir='ltr'><strong>qui</strong></span> <span class='ocrx_word' id='word_1_132' title='bbox 1619 415 1770 471; x_wconf 90' lang='lat' dir='ltr'><strong>venit</strong></span> <span class='ocrx_word' id='word_1_133' title='bbox 1816 431 1847 471; x_wconf 91' lang='lat' dir='ltr'><strong>a</strong></span> <span class='ocrx_word' id='word_1_134' title='bbox 1874 420 1927 482; x_wconf 75' lang='grc' dir='ltr'>Α</span> 
     </span>
    </p>
   </div>
   <div class='ocr_carea' id='block_1_18' title="bbox 3448 312 3557 370">
    <p class='ocr_par' dir='ltr' id='par_1_18' title="bbox 3448 312 3557 370">
     <span class='ocr_line' id='line_1_18' title="bbox 3448 312 3557 370; baseline 0.009 -1"><span class='ocrx_word' id='word_1_135' title='bbox 3448 312 3557 370; x_wconf 65' lang='grc'><strong>516</strong></span> 
     </span>
    </p>
   </div>
   <div class='ocr_carea' id='block_1_19' title="bbox 2554 425 2909 486">
    <p class='ocr_par' dir='ltr' id='par_1_19' title="bbox 2554 425 2909 486">
     <span class='ocr_line' id='line_1_19' title="bbox 2554 425 2909 486; baseline -0.003 -2"><span class='ocrx_word' id='word_1_136' title='bbox 2554 425 2783 486; x_wconf 81' lang='lat' dir='ltr'><strong>CAPUT</strong></span> <span class='ocrx_word' id='word_1_137' title='bbox 2827 428 2909 485; x_wconf 82' lang='lat' dir='ltr'><strong>Vl.</strong></span> 
     </span>
    </p>
   </div>
   <div class='ocr_carea' id='block_1_20' title="bbox 1955 518 3556 596">
    <p class='ocr_par' dir='ltr' id='par_1_20' title="bbox 1955 518 3556 596">
     <span class='ocr_line' id='line_1_20' title="bbox 1955 518 3556 596; baseline 0.004 -23"><span class='ocrx_word' id='word_1_138' title='bbox 1955 518 2178 590; x_wconf 80' lang='lat' dir='ltr'><strong>Adaptat</strong></span> <span class='ocrx_word' id='word_1_139' title='bbox 2204 522 2330 591; x_wconf 80' lang='lat' dir='ltr'><strong>ﬁliis</strong></span> <span class='ocrx_word' id='word_1_140' title='bbox 2363 521 2502 578; x_wconf 85' lang='lat' dir='ltr'><strong>dicta</strong></span> <span class='ocrx_word' id='word_1_141' title='bbox 2537 525 2796 595; x_wconf 74' lang='lat' dir='ltr'><strong>superius,</strong></span> <span class='ocrx_word' id='word_1_142' title='bbox 2845 524 2997 580; x_wconf 84' lang='lat' dir='ltr'><strong>docet</strong></span> <span class='ocrx_word' id='word_1_143' title='bbox 3042 540 3143 596; x_wconf 86' lang='lat' dir='ltr'><strong>qua</strong></span> <span class='ocrx_word' id='word_1_144' title='bbox 3199 526 3396 580; x_wconf 84' lang='lat' dir='ltr'><strong>ratione</strong></span> <span class='ocrx_word' id='word_1_145' title='bbox 3452 522 3556 595; x_wconf 88' lang='lat' dir='ltr'><strong>ipsi</strong></span> 
     </span>
    </p>
   </div>
   <div class='ocr_carea' id='block_1_21' title="bbox 2027 612 3562 691">
    <p class='ocr_par' dir='ltr' id='par_1_21' title="bbox 2027 612 3562 691">
     <span class='ocr_line' id='line_1_21' title="bbox 2027 612 3562 691; baseline 0.005 -25"><span class='ocrx_word' id='word_1_146' title='bbox 2027 612 2184 668; x_wconf 86' lang='lat' dir='ltr'><strong>nubes</strong></span> <span class='ocrx_word' id='word_1_147' title='bbox 2209 616 2341 671; x_wconf 79' lang='lat' dir='ltr'><strong>leves</strong></span> <span class='ocrx_word' id='word_1_148' title='bbox 2384 634 2494 672; x_wconf 87' lang='lat' dir='ltr'><strong>esse</strong></span> <span class='ocrx_word' id='word_1_149' title='bbox 2533 628 2720 688; x_wconf 86' lang='lat' dir='ltr'><strong>queant</strong></span> <span class='ocrx_word' id='word_1_150' title='bbox 2755 635 2847 689; x_wconf 87' lang='lat' dir='ltr'><strong>per</strong></span> <span class='ocrx_word' id='word_1_151' title='bbox 2875 619 3216 691; x_wconf 78' lang='lat' dir='ltr'><strong>virginitatem</strong></span> <span class='ocrx_word' id='word_1_152' title='bbox 3264 635 3284 673; x_wconf 92' lang='lat'><strong><em>:</em></strong></span> <span class='ocrx_word' id='word_1_153' title='bbox 3330 628 3378 674; x_wconf 87' lang='lat' dir='ltr'><strong>et</strong></span> <span class='ocrx_word' id='word_1_154' title='bbox 3429 617 3562 674; x_wconf 79' lang='lat' dir='ltr'><strong>dare</strong></span> 
     </span>
    </p>
   </div>
   <div class='ocr_carea' id='block_1_22' title="bbox 2024 705 3557 783">
    <p class='ocr_par' dir='ltr' id='par_1_22' title="bbox 2024 705 3557 783">
     <span class='ocr_line' id='line_1_22' title="bbox 2024 705 3557 783; baseline 0.005 -23"><span class='ocrx_word' id='word_1_155' title='bbox 2024 705 2150 761; x_wconf 73' lang='lat' dir='ltr'><strong>Levi</strong></span> <span class='ocrx_word' id='word_1_156' title='bbox 2178 725 2318 765; x_wconf 76' lang='lat' dir='ltr'><strong>veros</strong></span> <span class='ocrx_word' id='word_1_157' title='bbox 2349 714 2480 783; x_wconf 81' lang='lat' dir='ltr'><strong>ejus,</strong></span> <span class='ocrx_word' id='word_1_158' title='bbox 2517 713 2561 766; x_wconf 89' lang='lat' dir='ltr'><strong>si</strong></span> <span class='ocrx_word' id='word_1_159' title='bbox 2586 715 2711 767; x_wconf 83' lang='lat' dir='ltr'><strong>tales</strong></span> <span class='ocrx_word' id='word_1_160' title='bbox 2740 714 2982 768; x_wconf 83' lang='lat' dir='ltr'><strong>nimirum</strong></span> <span class='ocrx_word' id='word_1_161' title='bbox 3009 723 3356 779; x_wconf 86' lang='lat' dir='ltr'><strong>permaneant,</strong></span> <span class='ocrx_word' id='word_1_162' title='bbox 3377 711 3557 783; x_wconf 84' lang='lat' dir='ltr'><strong>quales</strong></span> 
     </span>
    </p>
   </div>
   <div class='ocr_carea' id='block_1_23' title="bbox 2028 801 3559 878">
    <p class='ocr_par' dir='ltr' id='par_1_23' title="bbox 2028 801 3559 878">
     <span class='ocr_line' id='line_1_23' title="bbox 2028 801 3559 878; baseline 0.004 -25"><span class='ocrx_word' id='word_1_163' title='bbox 2028 801 2182 873; x_wconf 84' lang='lat' dir='ltr'><strong>primi</strong></span> <span class='ocrx_word' id='word_1_164' title='bbox 2210 814 2446 873; x_wconf 83' lang='lat' dir='ltr'><strong>parentes</strong></span> <span class='ocrx_word' id='word_1_165' title='bbox 2489 816 2608 861; x_wconf 82' lang='lat' dir='ltr'><strong>ante</strong></span> <span class='ocrx_word' id='word_1_166' title='bbox 2645 816 2930 878; x_wconf 83' lang='lat' dir='ltr'><strong>peccatum.</strong></span> <span class='ocrx_word' id='word_1_167' title='bbox 2981 803 3183 860; x_wconf 77' lang='lat' dir='ltr'><strong>Horum</strong></span> <span class='ocrx_word' id='word_1_168' title='bbox 3238 805 3374 876; x_wconf 76' lang='lat' dir='ltr'><strong>filios</strong></span> <span class='ocrx_word' id='word_1_169' title='bbox 3425 819 3559 875; x_wconf 85' lang='lat' dir='ltr'><strong>quos</strong></span> 
     </span>
    </p>
   </div>
   <div class='ocr_carea' id='block_1_24' title="bbox 2028 894 3557 971">
    <p class='ocr_par' dir='ltr' id='par_1_24' title="bbox 2028 894 3557 971">
     <span class='ocr_line' id='line_1_24' title="bbox 2028 894 3557 971; baseline 0.003 -24"><span class='ocrx_word' id='word_1_170' title='bbox 2028 896 2176 961; x_wconf 80' lang='lat' dir='ltr'><strong>eiecti</strong></span> <span class='ocrx_word' id='word_1_171' title='bbox 2217 914 2245 951; x_wconf 88' lang='lat' dir='ltr'><strong>e</strong></span> <span class='ocrx_word' id='word_1_172' title='bbox 2281 894 2538 954; x_wconf 89' lang='lat' dir='ltr'><strong>Puradiso</strong></span> <span class='ocrx_word' id='word_1_173' title='bbox 2591 910 2899 970; x_wconf 78' lang='lat' dir='ltr'><strong>genuerunt,</strong></span> <span class='ocrx_word' id='word_1_174' title='bbox 2926 909 3193 971; x_wconf 83' lang='lat' dir='ltr'><strong>comparat</strong></span> <span class='ocrx_word' id='word_1_175' title='bbox 3234 914 3254 953; x_wconf 83' lang='lat'><strong>.°</strong></span> <span class='ocrx_word' id='word_1_176' title='bbox 3288 908 3338 954; x_wconf 87' lang='lat' dir='ltr'><strong>et</strong></span> <span class='ocrx_word' id='word_1_177' title='bbox 3368 897 3557 968; x_wconf 82' lang='lat' dir='ltr'><strong>prioris</strong></span> 
     </span>
    </p>
   </div>
   <div class='ocr_carea' id='block_1_25' title="bbox 2029 989 3559 1062">
    <p class='ocr_par' dir='ltr' id='par_1_25' title="bbox 2029 989 3559 1062">
     <span class='ocr_line' id='line_1_25' title="bbox 2029 989 3559 1062; baseline 0.003 -20"><span class='ocrx_word' id='word_1_178' title='bbox 2029 989 2127 1059; x_wconf 84' lang='lat' dir='ltr'><strong>ﬁlii</strong></span> <span class='ocrx_word' id='word_1_179' title='bbox 2149 993 2417 1046; x_wconf 79' lang='lat' dir='ltr'><strong>occasione</strong></span> <span class='ocrx_word' id='word_1_180' title='bbox 2431 1009 2551 1046; x_wconf 89' lang='lat' dir='ltr'><strong>suos</strong></span> <span class='ocrx_word' id='word_1_181' title='bbox 2584 993 2838 1058; x_wconf 82' lang='lat' dir='ltr'><strong>hortatur,</strong></span> <span class='ocrx_word' id='word_1_182' title='bbox 2871 1002 2927 1047; x_wconf 90' lang='lat' dir='ltr'><strong>ut</strong></span> <span class='ocrx_word' id='word_1_183' title='bbox 2958 993 3247 1047; x_wconf 85' lang='lat' dir='ltr'><strong>mundanas</strong></span> <span class='ocrx_word' id='word_1_184' title='bbox 3285 1008 3386 1045; x_wconf 87' lang='lat' dir='ltr'><strong>nou</strong></span> <span class='ocrx_word' id='word_1_185' title='bbox 3416 1005 3559 1062; x_wconf 73' lang='lat' dir='ltr'><strong>qutu-</strong></span> 
     </span>
    </p>
   </div>
   <div class='ocr_carea' id='block_1_26' title="bbox 2031 1085 3555 1161">
    <p class='ocr_par' dir='ltr' id='par_1_26' title="bbox 2031 1085 3555 1161">
     <span class='ocr_line' id='line_1_26' title="bbox 2031 1085 3555 1161; baseline 0.001 -22"><span class='ocrx_word' id='word_1_186' title='bbox 2031 1095 2152 1139; x_wconf 87' lang='lat' dir='ltr'><strong>rant</strong></span> <span class='ocrx_word' id='word_1_187' title='bbox 2194 1089 2562 1154; x_wconf 80' lang='lat' dir='ltr'><strong>possessiones,</strong></span> <span class='ocrx_word' id='word_1_188' title='bbox 2608 1106 2740 1160; x_wconf 87' lang='lat' dir='ltr'><strong>quas</strong></span> <span class='ocrx_word' id='word_1_189' title='bbox 2778 1089 2903 1159; x_wconf 75' lang='lat' dir='ltr'><strong>ﬁlia:</strong></span> <span class='ocrx_word' id='word_1_190' title='bbox 2936 1086 3206 1161; x_wconf 85' lang='lat' dir='ltr'><strong>Salpltaad</strong></span> <span class='ocrx_word' id='word_1_191' title='bbox 3245 1085 3555 1141; x_wconf 77' lang='lat' dir='ltr'><strong>ambierant.</strong></span> 
     </span>
    </p>
   </div>
   <div class='ocr_carea' id='block_1_27' title="bbox 2037 1177 3560 1255">
    <p class='ocr_par' dir='ltr' id='par_1_27' title="bbox 2037 1177 3560 1255">
     <span class='ocr_line' id='line_1_27' title="bbox 2037 1177 3560 1255; baseline 0.001 -23"><span class='ocrx_word' id='word_1_192' title='bbox 2037 1177 2174 1245; x_wconf 83' lang='lat' dir='ltr'><strong>Quid</strong></span> <span class='ocrx_word' id='word_1_193' title='bbox 2197 1196 2288 1251; x_wconf 86' lang='lat' dir='ltr'><strong>per</strong></span> <span class='ocrx_word' id='word_1_194' title='bbox 2314 1181 2409 1234; x_wconf 88' lang='lat' dir='ltr'><strong>ltoc</strong></span> <span class='ocrx_word' id='word_1_195' title='bbox 2445 1182 2786 1255; x_wconf 76' lang='lat' dir='ltr'><strong>signiﬁcetur,</strong></span> <span class='ocrx_word' id='word_1_196' title='bbox 2834 1200 3022 1253; x_wconf 79' lang='lat' dir='ltr'><strong>quasue</strong></span> <span class='ocrx_word' id='word_1_197' title='bbox 3059 1193 3220 1237; x_wconf 80' lang='lat' dir='ltr'><strong>sortes</strong></span> <span class='ocrx_word' id='word_1_198' title='bbox 3263 1180 3385 1235; x_wconf 73' lang='lat' dir='ltr'><strong>Levi</strong></span> <span class='ocrx_word' id='word_1_199' title='bbox 3404 1179 3560 1251; x_wconf 77' lang='lat' dir='ltr'><strong>jube-</strong></span> 
     </span>
    </p>
   </div>
   <div class='ocr_carea' id='block_1_28' title="bbox 2032 1272 3561 1345">
    <p class='ocr_par' dir='ltr' id='par_1_28' title="bbox 2032 1272 3561 1345">
     <span class='ocr_line' id='line_1_28' title="bbox 2032 1272 3561 1345; baseline 0.002 -21"><span class='ocrx_word' id='word_1_200' title='bbox 2032 1287 2150 1325; x_wconf 88' lang='lat' dir='ltr'><strong>ntur</strong></span> <span class='ocrx_word' id='word_1_201' title='bbox 2177 1273 2339 1328; x_wconf 84' lang='lat' dir='ltr'><strong>dare?</strong></span> <span class='ocrx_word' id='word_1_202' title='bbox 2364 1272 2652 1330; x_wconf 81' lang='lat' dir='ltr'><strong>Dominicte</strong></span> <span class='ocrx_word' id='word_1_203' title='bbox 2692 1292 2751 1330; x_wconf 86' lang='lat' dir='ltr'><strong>ac</strong></span> <span class='ocrx_word' id='word_1_204' title='bbox 2789 1274 3036 1331; x_wconf 79' lang='lat' dir='ltr'><strong>Mosaico:</strong></span> <span class='ocrx_word' id='word_1_205' title='bbox 3078 1275 3358 1330; x_wconf 88' lang='lat' dir='ltr'><strong>sortitiouis</strong></span> <span class='ocrx_word' id='word_1_206' title='bbox 3396 1272 3561 1345; x_wconf 85' lang='lat' dir='ltr'><strong>quod-</strong></span> 
     </span>
    </p>
   </div>
   <div class='ocr_carea' id='block_1_29' title="bbox 2036 1365 3563 1432">
    <p class='ocr_par' dir='ltr' id='par_1_29' title="bbox 2036 1365 3563 1432">
     <span class='ocr_line' id='line_1_29' title="bbox 2036 1365 3563 1432; baseline 0.003 -14"><span class='ocrx_word' id='word_1_207' title='bbox 2036 1382 2156 1419; x_wconf 88' lang='lat' dir='ltr'><strong>nam</strong></span> <span class='ocrx_word' id='word_1_208' title='bbox 2183 1365 2497 1421; x_wconf 82' lang='lat' dir='ltr'><strong>discrimen?</strong></span> <span class='ocrx_word' id='word_1_209' title='bbox 2531 1366 2731 1423; x_wconf 78' lang='lat' dir='ltr'><strong>[lorum</strong></span> <span class='ocrx_word' id='word_1_210' title='bbox 2761 1370 2925 1424; x_wconf 84' lang='lat' dir='ltr'><strong>altera</strong></span> <span class='ocrx_word' id='word_1_211' title='bbox 2955 1368 3364 1432; x_wconf 79' lang='lat' dir='ltr'><strong>matrimonium,</strong></span> <span class='ocrx_word' id='word_1_212' title='bbox 3395 1367 3563 1422; x_wconf 85' lang='lat' dir='ltr'><strong>altera</strong></span> 
     </span>
    </p>
   </div>
   <div class='ocr_carea' id='block_1_30' title="bbox 2034 1460 3564 1533">
    <p class='ocr_par' dir='ltr' id='par_1_30' title="bbox 2034 1460 3564 1533">
     <span class='ocr_line' id='line_1_30' title="bbox 2034 1460 3564 1533; baseline 0.002 -21"><span class='ocrx_word' id='word_1_213' title='bbox 2034 1460 2375 1530; x_wconf 76' lang='lat' dir='ltr'><strong>uirginitatem</strong></span> <span class='ocrx_word' id='word_1_214' title='bbox 2450 1461 2667 1531; x_wconf 87' lang='lat' dir='ltr'><strong>signari,</strong></span> <span class='ocrx_word' id='word_1_215' title='bbox 2721 1478 2837 1533; x_wconf 72' lang='lat' dir='ltr'><strong>qua:</strong></span> <span class='ocrx_word' id='word_1_216' title='bbox 2882 1462 3163 1517; x_wconf 86' lang='lat' dir='ltr'><strong>libertatem</strong></span> <span class='ocrx_word' id='word_1_217' title='bbox 3208 1461 3564 1517; x_wconf 87' lang='lat' dir='ltr'><strong>ministrorum</strong></span> 
     </span>
    </p>
   </div>
   <div class='ocr_carea' id='block_1_31' title="bbox 2037 1553 2667 1625">
    <p class='ocr_par' dir='ltr' id='par_1_31' title="bbox 2037 1553 2667 1625">
     <span class='ocr_line' id='line_1_31' title="bbox 2037 1553 2667 1625; baseline 0.002 -17"><span class='ocrx_word' id='word_1_218' title='bbox 2037 1553 2226 1610; x_wconf 80' lang='lat' dir='ltr'><strong>Christi</strong></span> <span class='ocrx_word' id='word_1_219' title='bbox 2257 1571 2391 1624; x_wconf 87' lang='lat' dir='ltr'><strong>pone</strong></span> <span class='ocrx_word' id='word_1_220' title='bbox 2416 1556 2667 1625; x_wconf 78' lang='lat' dir='ltr'><strong>sequitur.</strong></span> 
     </span>
    </p>
   </div>
   <div class='ocr_carea' id='block_1_32' title="bbox 2035 1646 3567 1717">
    <p class='ocr_par' dir='ltr' id='par_1_32' title="bbox 2035 1646 3567 1717">
     <span class='ocr_line' id='line_1_32' title="bbox 2035 1646 3567 1717; baseline 0.001 -16"><span class='ocrx_word' id='word_1_221' title='bbox 2035 1647 2123 1701; x_wconf 82' lang='lat' dir='ltr'><strong>5t.</strong></span> <span class='ocrx_word' id='word_1_222' title='bbox 2158 1646 2290 1701; x_wconf 77' lang='lat' dir='ltr'><strong>Date</strong></span> <span class='ocrx_word' id='word_1_223' title='bbox 2330 1662 2459 1717; x_wconf 83' lang='lat' dir='ltr'><strong>ergo</strong></span> <span class='ocrx_word' id='word_1_224' title='bbox 2506 1658 2560 1703; x_wconf 95' lang='lat' dir='ltr'><strong>et</strong></span> <span class='ocrx_word' id='word_1_225' title='bbox 2601 1662 2720 1713; x_wconf 87' lang='lat' dir='ltr'><strong>vos,</strong></span> <span class='ocrx_word' id='word_1_226' title='bbox 2752 1648 2844 1703; x_wconf 89' lang='lat' dir='ltr'><strong>lilii</strong></span> <span class='ocrx_word' id='word_1_227' title='bbox 2876 1650 3005 1713; x_wconf 90' lang='lat' dir='ltr'><strong>mei,</strong></span> <span class='ocrx_word' id='word_1_228' title='bbox 3044 1663 3177 1705; x_wconf 87' lang='lat' dir='ltr'><strong>vero</strong></span> <span class='ocrx_word' id='word_1_229' title='bbox 3209 1648 3287 1704; x_wconf 91' lang='lat' dir='ltr'><strong>illi</strong></span> <span class='ocrx_word' id='word_1_230' title='bbox 3323 1647 3449 1703; x_wconf 87' lang='lat' dir='ltr'><strong>Levi</strong></span> <span class='ocrx_word' id='word_1_231' title='bbox 3473 1662 3567 1702; x_wconf 87' lang='lat' dir='ltr'><strong>ve—</strong></span> 
     </span>
    </p>
   </div>
   <div class='ocr_carea' id='block_1_33' title="bbox 1965 1738 3564 1812">
    <p class='ocr_par' dir='ltr' id='par_1_33' title="bbox 1965 1738 3564 1812">
     <span class='ocr_line' id='line_1_33' title="bbox 1965 1738 3564 1812; baseline -0.001 -18"><span class='ocrx_word' id='word_1_232' title='bbox 1965 1753 2056 1794; x_wconf 84' lang='lat' dir='ltr'><strong>ros</strong></span> <span class='ocrx_word' id='word_1_233' title='bbox 2085 1739 2224 1807; x_wconf 84' lang='lat' dir='ltr'><strong>ejus.</strong></span> <span class='ocrx_word' id='word_1_234' title='bbox 2270 1738 2460 1795; x_wconf 82' lang='lat' dir='ltr'><strong>Estote</strong></span> <span class='ocrx_word' id='word_1_235' title='bbox 2506 1740 2696 1807; x_wconf 91' lang='lat' dir='ltr'><strong>nubes,</strong></span> <span class='ocrx_word' id='word_1_236' title='bbox 2735 1742 2829 1798; x_wconf 87' lang='lat' dir='ltr'><strong>sed</strong></span> <span class='ocrx_word' id='word_1_237' title='bbox 2863 1742 3028 1797; x_wconf 86' lang='lat' dir='ltr'><strong>leves.</strong></span> <span class='ocrx_word' id='word_1_238' title='bbox 3079 1741 3243 1797; x_wconf 86' lang='lat' dir='ltr'><strong>Eritis</strong></span> <span class='ocrx_word' id='word_1_239' title='bbox 3298 1740 3564 1812; x_wconf 74' lang='lat' dir='ltr'><strong>profecto,</strong></span> 
     </span>
    </p>
   </div>
   <div class='ocr_carea' id='block_1_34' title="bbox 264 1814 3567 1903">
    <p class='ocr_par' dir='ltr' id='par_1_34' title="bbox 264 1814 3567 1903">
     <span class='ocr_line' id='line_1_34' title="bbox 264 1814 3567 1903; baseline 0.001 -18"><span class='ocrx_word' id='word_1_240' title='bbox 264 1815 319 1870; x_wconf 66' lang='lat' dir='ltr'><strong>i&quot;</strong></span> <span class='ocrx_word' id='word_1_241' title='bbox 346 1814 663 1890; x_wconf 67' lang='lat' dir='ltr'><strong>Esrplum.</strong></span> <span class='ocrx_word' id='word_1_242' title='bbox 698 1817 749 1872; x_wconf 72' lang='lat' dir='ltr'><strong>id</strong></span> <span class='ocrx_word' id='word_1_243' title='bbox 783 1827 886 1883; x_wconf 67' lang='grc' dir='ltr'><strong>θεῖν</strong></span> <span class='ocrx_word' id='word_1_244' title='bbox 915 1818 968 1875; x_wconf 78' lang='grc' dir='ltr'><strong>Ῐη</strong></span> <span class='ocrx_word' id='word_1_245' title='bbox 996 1818 1347 1876; x_wconf 65' lang='grc' dir='ltr'><strong>θῖαίοιίοηεηι</strong></span> <span class='ocrx_word' id='word_1_246' title='bbox 1385 1821 1568 1875; x_wconf 60' lang='lat' dir='ltr'><strong>&quot;tum&quot;</strong></span> <span class='ocrx_word' id='word_1_247' title='bbox 1595 1821 1754 1891; x_wconf 59' lang='lat' dir='ltr'><strong>[illius</strong></span> <span class='ocrx_word' id='word_1_248' title='bbox 1782 1837 1864 1875; x_wconf 72' lang='grc' dir='ltr'><strong>νο·</strong></span> <span class='ocrx_word' id='word_1_249' title='bbox 1893 1828 1942 1889; x_wconf 84' lang='grc' dir='ltr'><strong>Β</strong></span> <span class='ocrx_word' id='word_1_250' title='bbox 1970 1833 2011 1888; x_wconf 80' lang='lat' dir='ltr'><strong>si</strong></span> <span class='ocrx_word' id='word_1_251' title='bbox 2044 1834 2255 1888; x_wconf 85' lang='lat' dir='ltr'><strong>ablevet</strong></span> <span class='ocrx_word' id='word_1_252' title='bbox 2286 1832 2570 1903; x_wconf 79' lang='lat' dir='ltr'><strong>virginitas</strong></span> <span class='ocrx_word' id='word_1_253' title='bbox 2616 1849 2781 1889; x_wconf 88' lang='lat' dir='ltr'><strong>onera</strong></span> <span class='ocrx_word' id='word_1_254' title='bbox 2820 1834 3165 1900; x_wconf 80' lang='lat' dir='ltr'><strong>conditionis,</strong></span> <span class='ocrx_word' id='word_1_255' title='bbox 3211 1841 3267 1889; x_wconf 90' lang='lat' dir='ltr'><strong>et</strong></span> <span class='ocrx_word' id='word_1_256' title='bbox 3315 1832 3567 1889; x_wconf 87' lang='lat' dir='ltr'><strong>tenebras</strong></span> 
     </span>
    </p>
   </div>
   <div class='ocr_carea' id='block_1_35' title="bbox 267 1907 1855 1984">
    <p class='ocr_par' dir='ltr' id='par_1_35' title="bbox 267 1907 1855 1984">
     <span class='ocr_line' id='line_1_35' title="bbox 267 1907 1855 1984; baseline 0.004 -20"><span class='ocrx_word' id='word_1_257' title='bbox 267 1909 411 1965; x_wconf 83' lang='lat' dir='ltr'><strong>niret</strong></span> <span class='ocrx_word' id='word_1_258' title='bbox 438 1907 468 1948; x_wconf 71' lang='grc' dir='ltr'>ι)</span> <span class='ocrx_word' id='word_1_259' title='bbox 492 1925 655 1980; x_wconf 88' lang='lat' dir='ltr'><strong>super</strong></span> <span class='ocrx_word' id='word_1_260' title='bbox 676 1912 960 1982; x_wconf 80' lang='lat' dir='ltr'><strong>virginem.</strong></span> <span class='ocrx_word' id='word_1_261' title='bbox 995 1912 1203 1968; x_wconf 88' lang='lat' dir='ltr'><strong>Nnbem</strong></span> <span class='ocrx_word' id='word_1_262' title='bbox 1233 1914 1416 1984; x_wconf 75' lang='lat' dir='ltr'><strong>itaque</strong></span> <span class='ocrx_word' id='word_1_263' title='bbox 1454 1915 1673 1969; x_wconf 84' lang='lat' dir='ltr'><strong>Mariam</strong></span> <span class='ocrx_word' id='word_1_264' title='bbox 1702 1917 1855 1981; x_wconf 81' lang='lat' dir='ltr'><strong>dixit,</strong></span> 
     </span>
    </p>
   </div>
   <div class='ocr_carea' id='block_1_36' title="bbox 261 2005 1862 2079">
    <p class='ocr_par' dir='ltr' id='par_1_36' title="bbox 261 2005 1862 2079">
     <span class='ocr_line' id='line_1_36' title="bbox 261 2005 1862 2079; baseline 0.005 -21"><span class='ocrx_word' id='word_1_265' title='bbox 261 2005 389 2074; x_wconf 87' lang='lat' dir='ltr'><strong>quia</strong></span> <span class='ocrx_word' id='word_1_266' title='bbox 418 2019 639 2060; x_wconf 90' lang='lat' dir='ltr'><strong>carnem</strong></span> <span class='ocrx_word' id='word_1_267' title='bbox 680 2007 934 2076; x_wconf 78' lang='lat' dir='ltr'><strong>gerebat;</strong></span> <span class='ocrx_word' id='word_1_268' title='bbox 971 2008 1166 2069; x_wconf 89' lang='lat' dir='ltr'><strong>levem,</strong></span> <span class='ocrx_word' id='word_1_269' title='bbox 1198 2009 1323 2079; x_wconf 87' lang='lat' dir='ltr'><strong>quia</strong></span> <span class='ocrx_word' id='word_1_270' title='bbox 1352 2010 1507 2079; x_wconf 84' lang='lat' dir='ltr'><strong>virgo</strong></span> <span class='ocrx_word' id='word_1_271' title='bbox 1530 2021 1667 2073; x_wconf 89' lang='lat' dir='ltr'><strong>erat,</strong></span> <span class='ocrx_word' id='word_1_272' title='bbox 1702 2011 1862 2066; x_wconf 79' lang='lat' dir='ltr'><strong>nullis</strong></span> 
     </span>
    </p>
   </div>
   <div class='ocr_carea' id='block_1_37' title="bbox 258 2100 1864 2175">
    <p class='ocr_par' dir='ltr' id='par_1_37' title="bbox 258 2100 1864 2175">
     <span class='ocr_line' id='line_1_37' title="bbox 258 2100 1864 2175; baseline 0.006 -23"><span class='ocrx_word' id='word_1_273' title='bbox 258 2100 521 2154; x_wconf 86' lang='lat' dir='ltr'><strong>Oneribus</strong></span> <span class='ocrx_word' id='word_1_274' title='bbox 559 2111 783 2170; x_wconf 87' lang='lat' dir='ltr'><strong>gravata</strong></span> <span class='ocrx_word' id='word_1_275' title='bbox 806 2102 1064 2173; x_wconf 88' lang='lat' dir='ltr'><strong>conjugii.</strong></span> <span class='ocrx_word' id='word_1_276' title='bbox 1094 2101 1208 2172; x_wconf 87' lang='lat' dir='ltr'><strong>Ipsa</strong></span> <span class='ocrx_word' id='word_1_277' title='bbox 1251 2114 1335 2158; x_wconf 91' lang='lat' dir='ltr'><strong>est</strong></span> <span class='ocrx_word' id='word_1_278' title='bbox 1368 2104 1517 2173; x_wconf 66' lang='lat' dir='ltr'><strong>virga</strong></span> <span class='ocrx_word' id='word_1_279' title='bbox 1549 2105 1864 2175; x_wconf 88' lang='lat' dir='ltr'><strong>germinans</strong></span> 
     </span>
    </p>
   </div>
   <div class='ocr_carea' id='block_1_38' title="bbox 257 2192 1861 2265">
    <p class='ocr_par' dir='ltr' id='par_1_38' title="bbox 257 2192 1861 2265">
     <span class='ocr_line' id='line_1_38' title="bbox 257 2192 1861 2265; baseline 0.002 -16"><span class='ocrx_word' id='word_1_280' title='bbox 257 2192 479 2257; x_wconf 79' lang='lat' dir='ltr'><strong>ﬂorem,</strong></span> <span class='ocrx_word' id='word_1_281' title='bbox 508 2194 634 2265; x_wconf 84' lang='lat' dir='ltr'><strong>quia</strong></span> <span class='ocrx_word' id='word_1_282' title='bbox 665 2210 796 2264; x_wconf 88' lang='lat' dir='ltr'><strong>pura</strong></span> <span class='ocrx_word' id='word_1_283' title='bbox 843 2206 898 2250; x_wconf 85' lang='lat' dir='ltr'><strong>et</strong></span> <span class='ocrx_word' id='word_1_284' title='bbox 940 2195 1005 2251; x_wconf 90' lang='lat' dir='ltr'><strong>ad</strong></span> <span class='ocrx_word' id='word_1_285' title='bbox 1040 2196 1326 2251; x_wconf 88' lang='lat' dir='ltr'><strong>Dominum</strong></span> <span class='ocrx_word' id='word_1_286' title='bbox 1370 2197 1544 2251; x_wconf 84' lang='lat' dir='ltr'><strong>libero</strong></span> <span class='ocrx_word' id='word_1_287' title='bbox 1582 2197 1748 2252; x_wconf 89' lang='lat' dir='ltr'><strong>corde</strong></span> <span class='ocrx_word' id='word_1_288' title='bbox 1777 2197 1861 2253; x_wconf 90' lang='lat' dir='ltr'><strong>di-</strong></span> 
     </span>
    </p>
   </div>
   <div class='ocr_carea' id='block_1_39' title="bbox 256 2286 1861 2359">
    <p class='ocr_par' dir='ltr' id='par_1_39' title="bbox 256 2286 1861 2359">
     <span class='ocr_line' id='line_1_39' title="bbox 256 2286 1861 2359; baseline 0.002 -18"><span class='ocrx_word' id='word_1_289' title='bbox 256 2295 409 2341; x_wconf 88' lang='lat' dir='ltr'><strong>recta</strong></span> <span class='ocrx_word' id='word_1_290' title='bbox 432 2286 740 2357; x_wconf 75' lang='lat' dir='ltr'><strong>virginitas,</strong></span> <span class='ocrx_word' id='word_1_291' title='bbox 784 2303 907 2359; x_wconf 75' lang='lat' dir='ltr'><strong>qua:</strong></span> <span class='ocrx_word' id='word_1_292' title='bbox 946 2287 1109 2344; x_wconf 87' lang='lat' dir='ltr'><strong>nullis</strong></span> <span class='ocrx_word' id='word_1_293' title='bbox 1139 2289 1193 2344; x_wconf 88' lang='lat' dir='ltr'><strong>in</strong></span> <span class='ocrx_word' id='word_1_294' title='bbox 1234 2291 1336 2344; x_wconf 92' lang='lat' dir='ltr'><strong>hoc</strong></span> <span class='ocrx_word' id='word_1_295' title='bbox 1384 2290 1584 2344; x_wconf 73' lang='lat' dir='ltr'><strong>stecnlo</strong></span> <span class='ocrx_word' id='word_1_296' title='bbox 1609 2305 1861 2345; x_wconf 90' lang='lat' dir='ltr'><strong>curarum</strong></span> 
     </span>
    </p>
   </div>
   <div class='ocr_carea' id='block_1_40' title="bbox 256 2379 1432 2455">
    <p class='ocr_par' dir='ltr' id='par_1_40' title="bbox 256 2379 1432 2455">
     <span class='ocr_line' id='line_1_40' title="bbox 256 2379 1432 2455; baseline 0.001 -19"><span class='ocrx_word' id='word_1_297' title='bbox 256 2379 597 2436; x_wconf 82' lang='lat' dir='ltr'><strong>anfractibus</strong></span> <span class='ocrx_word' id='word_1_298' title='bbox 622 2380 920 2437; x_wconf 77' lang='lat' dir='ltr'><strong>reﬂectitur</strong></span> <span class='ocrx_word' id='word_1_299' title='bbox 940 2383 957 2454; x_wconf 98' lang='lat'>(</span> <span class='ocrx_word' id='word_1_300' title='bbox 979 2381 1138 2438; x_wconf 72' lang='lat' dir='ltr'><strong>Num.</strong></span> <span class='ocrx_word' id='word_1_301' title='bbox 1178 2400 1305 2449; x_wconf 77' lang='lat' dir='ltr'><strong>xvii,</strong></span> <span class='ocrx_word' id='word_1_302' title='bbox 1340 2384 1432 2455; x_wconf 91' lang='lat'><strong>8).</strong></span> 
     </span>
    </p>
   </div>
   <div class='ocr_carea' id='block_1_41' title="bbox 337 2473 1866 2548">
    <p class='ocr_par' dir='ltr' id='par_1_41' title="bbox 337 2473 1866 2548">
     <span class='ocr_line' id='line_1_41' title="bbox 337 2473 1866 2548; baseline 0.004 -18"><span class='ocrx_word' id='word_1_303' title='bbox 337 2473 429 2530; x_wconf 75' lang='grc'><strong>52.</strong></span> <span class='ocrx_word' id='word_1_304' title='bbox 472 2473 599 2530; x_wconf 85' lang='lat' dir='ltr'><strong>Ideo</strong></span> <span class='ocrx_word' id='word_1_305' title='bbox 642 2475 788 2530; x_wconf 85' lang='lat' dir='ltr'><strong>illam</strong></span> <span class='ocrx_word' id='word_1_306' title='bbox 844 2476 1106 2531; x_wconf 81' lang='lat' dir='ltr'><strong>Dominus</strong></span> <span class='ocrx_word' id='word_1_307' title='bbox 1150 2478 1216 2532; x_wconf 88' lang='lat' dir='ltr'><strong>de</strong></span> <span class='ocrx_word' id='word_1_308' title='bbox 1245 2493 1408 2533; x_wconf 85' lang='lat' dir='ltr'><strong>cruce</strong></span> <span class='ocrx_word' id='word_1_309' title='bbox 1455 2479 1724 2548; x_wconf 86' lang='lat' dir='ltr'><strong>discipulo</strong></span> <span class='ocrx_word' id='word_1_310' title='bbox 1765 2494 1866 2536; x_wconf 92' lang='lat' dir='ltr'><strong>suo</strong></span> 
     </span>
    </p>
   </div>
   <div class='ocr_carea' id='block_1_42' title="bbox 258 2567 1865 2644">
    <p class='ocr_par' dir='ltr' id='par_1_42' title="bbox 258 2567 1865 2644">
     <span class='ocr_line' id='line_1_42' title="bbox 258 2567 1865 2644; baseline 0.002 -19"><span class='ocrx_word' id='word_1_311' title='bbox 258 2567 627 2625; x_wconf 63' lang='lat' dir='ltr'><strong>dilectissimo</strong></span> <span class='ocrx_word' id='word_1_312' title='bbox 672 2569 773 2625; x_wconf 92' lang='lat' dir='ltr'><strong>sibi</strong></span> <span class='ocrx_word' id='word_1_313' title='bbox 806 2568 1028 2625; x_wconf 87' lang='lat' dir='ltr'><strong>tradidit</strong></span> <span class='ocrx_word' id='word_1_314' title='bbox 1053 2580 1244 2627; x_wconf 87' lang='lat' dir='ltr'><strong>sancto</strong></span> <span class='ocrx_word' id='word_1_315' title='bbox 1283 2571 1478 2627; x_wconf 84' lang='lat' dir='ltr'><strong>Joanni</strong></span> <span class='ocrx_word' id='word_1_316' title='bbox 1524 2571 1717 2644; x_wconf 85' lang='lat' dir='ltr'><strong>(Joan.</strong></span> <span class='ocrx_word' id='word_1_317' title='bbox 1754 2589 1865 2640; x_wconf 76' lang='lat' dir='ltr'><strong>xix,</strong></span> 
     </span>
    </p>
   </div>
   <div class='ocr_carea' id='block_1_43' title="bbox 259 2661 1864 2738">
    <p class='ocr_par' dir='ltr' id='par_1_43' title="bbox 259 2661 1864 2738">
     <span class='ocr_line' id='line_1_43' title="bbox 259 2661 1864 2738; baseline 0.002 -21"><span class='ocrx_word' id='word_1_318' title='bbox 259 2661 333 2717; x_wconf 70' lang='grc'><strong>27</strong></span> <span class='ocrx_word' id='word_1_319' title='bbox 352 2661 394 2733; x_wconf 88' lang='lat'><strong>),</strong></span> <span class='ocrx_word' id='word_1_320' title='bbox 435 2661 524 2731; x_wconf 86' lang='lat' dir='ltr'><strong>qui</strong></span> <span class='ocrx_word' id='word_1_321' title='bbox 551 2661 684 2716; x_wconf 78' lang='lat' dir='ltr'><strong>dixit</strong></span> <span class='ocrx_word' id='word_1_322' title='bbox 730 2662 867 2733; x_wconf 86' lang='lat' dir='ltr'><strong>patri</strong></span> <span class='ocrx_word' id='word_1_323' title='bbox 918 2672 966 2717; x_wconf 87' lang='lat' dir='ltr'><strong>et</strong></span> <span class='ocrx_word' id='word_1_324' title='bbox 1015 2665 1167 2717; x_wconf 87' lang='lat' dir='ltr'><strong>matri</strong></span> <span class='ocrx_word' id='word_1_325' title='bbox 1200 2681 1212 2717; x_wconf 91' lang='lat'><strong>:</strong></span> <span class='ocrx_word' id='word_1_326' title='bbox 1244 2662 1366 2719; x_wconf 82' lang='lat' dir='ltr'><strong>Non</strong></span> <span class='ocrx_word' id='word_1_327' title='bbox 1408 2666 1526 2719; x_wconf 79' lang='lat' dir='ltr'><strong>uort’</strong></span> <span class='ocrx_word' id='word_1_328' title='bbox 1580 2677 1627 2721; x_wconf 86' lang='lat' dir='ltr'><strong>te</strong></span> <span class='ocrx_word' id='word_1_329' title='bbox 1670 2664 1864 2738; x_wconf 86' lang='lat' dir='ltr'><strong>(Deut.</strong></span> 
     </span>
    </p>
   </div>
   <div class='ocr_carea' id='block_1_44' title="bbox 262 2755 1866 2831">
    <p class='ocr_par' dir='ltr' id='par_1_44' title="bbox 262 2755 1866 2831">
     <span class='ocr_line' id='line_1_44' title="bbox 262 2755 1866 2831; baseline 0.005 -22"><span class='ocrx_word' id='word_1_330' title='bbox 262 2772 455 2817; x_wconf 74' lang='lat' dir='ltr'><strong>sunt.</strong></span> <span class='ocrx_word' id='word_1_331' title='bbox 481 2756 560 2827; x_wconf 78' lang='lat'><strong>9).</strong></span> <span class='ocrx_word' id='word_1_332' title='bbox 592 2755 832 2828; x_wconf 86' lang='lat' dir='ltr'><strong>Denique</strong></span> <span class='ocrx_word' id='word_1_333' title='bbox 853 2770 1074 2812; x_wconf 88' lang='lat' dir='ltr'><strong>vocatus</strong></span> <span class='ocrx_word' id='word_1_334' title='bbox 1104 2774 1133 2812; x_wconf 91' lang='lat' dir='ltr'><strong>a</strong></span> <span class='ocrx_word' id='word_1_335' title='bbox 1166 2759 1384 2815; x_wconf 52' lang='lat' dir='ltr'><strong>Christo</strong></span> <span class='ocrx_word' id='word_1_336' title='bbox 1414 2761 1631 2831; x_wconf 84' lang='lat' dir='ltr'><strong>reliquit</strong></span> <span class='ocrx_word' id='word_1_337' title='bbox 1659 2770 1866 2831; x_wconf 88' lang='lat' dir='ltr'><strong>patrem</strong></span> 
     </span>
    </p>
   </div>
   <div class='ocr_carea' id='block_1_45' title="bbox 262 2847 1866 2923">
    <p class='ocr_par' dir='ltr' id='par_1_45' title="bbox 262 2847 1866 2923">
     <span class='ocr_line' id='line_1_45' title="bbox 262 2847 1866 2923; baseline 0.004 -19"><span class='ocrx_word' id='word_1_338' title='bbox 262 2848 284 2921; x_wconf 97' lang='lat'><strong>(</strong></span> <span class='ocrx_word' id='word_1_339' title='bbox 312 2847 503 2904; x_wconf 79' lang='lat' dir='ltr'><strong>Matth.</strong></span> <span class='ocrx_word' id='word_1_340' title='bbox 522 2864 596 2915; x_wconf 86' lang='lat' dir='ltr'><strong>tv,</strong></span> <span class='ocrx_word' id='word_1_341' title='bbox 616 2848 678 2905; x_wconf 73' lang='lat' dir='ltr'><strong>2i</strong></span> <span class='ocrx_word' id='word_1_342' title='bbox 703 2848 743 2919; x_wconf 88' lang='lat'><strong>),</strong></span> <span class='ocrx_word' id='word_1_343' title='bbox 764 2850 989 2906; x_wconf 82' lang='lat' dir='ltr'><strong>verbum</strong></span> <span class='ocrx_word' id='word_1_344' title='bbox 1013 2859 1251 2907; x_wconf 76' lang='lat' dir='ltr'><strong>secutus.</strong></span> <span class='ocrx_word' id='word_1_345' title='bbox 1282 2851 1416 2908; x_wconf 90' lang='lat' dir='ltr'><strong>lluic</strong></span> <span class='ocrx_word' id='word_1_346' title='bbox 1442 2855 1671 2909; x_wconf 84' lang='lat' dir='ltr'><strong>traditur</strong></span> <span class='ocrx_word' id='word_1_347' title='bbox 1695 2855 1866 2923; x_wconf 75' lang='lat' dir='ltr'><strong>virgo,</strong></span> 
     </span>
    </p>
   </div>
   <div class='ocr_carea' id='block_1_46' title="bbox 258 2943 1871 3019">
    <p class='ocr_par' dir='ltr' id='par_1_46' title="bbox 258 2943 1871 3019">
     <span class='ocr_line' id='line_1_46' title="bbox 258 2943 1871 3019; baseline 0.004 -21"><span class='ocrx_word' id='word_1_348' title='bbox 258 2943 358 3014; x_wconf 89' lang='lat' dir='ltr'><strong>qui</strong></span> <span class='ocrx_word' id='word_1_349' title='bbox 388 2960 520 2999; x_wconf 91' lang='lat' dir='ltr'><strong>suos</strong></span> <span class='ocrx_word' id='word_1_350' title='bbox 550 2945 759 3000; x_wconf 74' lang='lat' dir='ltr'><strong>nesciat</strong></span> <span class='ocrx_word' id='word_1_351' title='bbox 789 2964 802 2999; x_wconf 92' lang='lat'><strong>:</strong></span> <span class='ocrx_word' id='word_1_352' title='bbox 835 2946 961 3001; x_wconf 91' lang='lat' dir='ltr'><strong>huic</strong></span> <span class='ocrx_word' id='word_1_353' title='bbox 988 2948 1216 3003; x_wconf 84' lang='lat' dir='ltr'><strong>traditur</strong></span> <span class='ocrx_word' id='word_1_354' title='bbox 1244 2949 1417 3019; x_wconf 85' lang='lat' dir='ltr'><strong>virgo,</strong></span> <span class='ocrx_word' id='word_1_355' title='bbox 1447 2950 1534 3018; x_wconf 88' lang='lat' dir='ltr'><strong>qui</strong></span> <span class='ocrx_word' id='word_1_356' title='bbox 1554 2951 1622 3005; x_wconf 88' lang='lat' dir='ltr'><strong>de</strong></span> <span class='ocrx_word' id='word_1_357' title='bbox 1653 2961 1871 3019; x_wconf 87' lang='lat' dir='ltr'><strong>pectore</strong></span> 
     </span>
    </p>
   </div>
   <div class='ocr_carea' id='block_1_47' title="bbox 258 3036 1870 3114">
    <p class='ocr_par' dir='ltr' id='par_1_47' title="bbox 258 3036 1870 3114">
     <span class='ocr_line' id='line_1_47' title="bbox 258 3036 1870 3114; baseline 0.003 -21"><span class='ocrx_word' id='word_1_358' title='bbox 258 3036 466 3093; x_wconf 89' lang='lat' dir='ltr'><strong>Christi</strong></span> <span class='ocrx_word' id='word_1_359' title='bbox 508 3036 723 3093; x_wconf 84' lang='lat' dir='ltr'><strong>hauriat</strong></span> <span class='ocrx_word' id='word_1_360' title='bbox 769 3042 1121 3109; x_wconf 82' lang='lat' dir='ltr'><strong>sapientiam:</strong></span> <span class='ocrx_word' id='word_1_361' title='bbox 1150 3041 1274 3097; x_wconf 91' lang='lat' dir='ltr'><strong>huic</strong></span> <span class='ocrx_word' id='word_1_362' title='bbox 1312 3041 1539 3097; x_wconf 86' lang='lat' dir='ltr'><strong>traditur</strong></span> <span class='ocrx_word' id='word_1_363' title='bbox 1560 3044 1734 3114; x_wconf 88' lang='lat' dir='ltr'><strong>virgo,</strong></span> <span class='ocrx_word' id='word_1_364' title='bbox 1778 3044 1870 3114; x_wconf 90' lang='lat' dir='ltr'><strong>qui</strong></span> 
     </span>
    </p>
   </div>
   <div class='ocr_carea' id='block_1_48' title="bbox 261 3128 1869 3204">
    <p class='ocr_par' dir='ltr' id='par_1_48' title="bbox 261 3128 1869 3204">
     <span class='ocr_line' id='line_1_48' title="bbox 261 3128 1869 3204; baseline 0.003 -17"><span class='ocrx_word' id='word_1_365' title='bbox 261 3132 462 3188; x_wconf 80' lang='lat' dir='ltr'><strong>fratres</strong></span> <span class='ocrx_word' id='word_1_366' title='bbox 486 3148 614 3187; x_wconf 85' lang='lat' dir='ltr'><strong>suos</strong></span> <span class='ocrx_word' id='word_1_367' title='bbox 647 3148 751 3187; x_wconf 88' lang='lat' dir='ltr'><strong>non</strong></span> <span class='ocrx_word' id='word_1_368' title='bbox 798 3137 1072 3204; x_wconf 80' lang='lat' dir='ltr'><strong>cognovit,</strong></span> <span class='ocrx_word' id='word_1_369' title='bbox 1100 3145 1156 3192; x_wconf 91' lang='lat' dir='ltr'><strong>et</strong></span> <span class='ocrx_word' id='word_1_370' title='bbox 1204 3128 1343 3191; x_wconf 77' lang='lat' dir='ltr'><strong>ﬁlios</strong></span> <span class='ocrx_word' id='word_1_371' title='bbox 1392 3152 1521 3192; x_wconf 89' lang='lat' dir='ltr'><strong>suos</strong></span> <span class='ocrx_word' id='word_1_372' title='bbox 1549 3154 1653 3193; x_wconf 90' lang='lat' dir='ltr'><strong>non</strong></span> <span class='ocrx_word' id='word_1_373' title='bbox 1692 3137 1869 3193; x_wconf 70' lang='lat' dir='ltr'><strong>scivit.</strong></span> 
     </span>
    </p>
   </div>
   <div class='ocr_carea' id='block_1_49' title="bbox 264 3220 1943 3300">
    <p class='ocr_par' dir='ltr' id='par_1_49' title="bbox 264 3220 1943 3300">
     <span class='ocr_line' id='line_1_49' title="bbox 264 3220 1943 3300; baseline 0.003 -20"><span class='ocrx_word' id='word_1_374' title='bbox 264 3225 507 3298; x_wconf 83' lang='lat' dir='ltr'><strong>Ideoque</strong></span> <span class='ocrx_word' id='word_1_375' title='bbox 533 3227 695 3300; x_wconf 73' lang='lat'><strong>286</strong></span> <span class='ocrx_word' id='word_1_376' title='bbox 734 3228 1003 3285; x_wconf 87' lang='lat' dir='ltr'><strong>benedicit</strong></span> <span class='ocrx_word' id='word_1_377' title='bbox 1040 3245 1164 3286; x_wconf 89' lang='lat' dir='ltr'><strong>eum</strong></span> <span class='ocrx_word' id='word_1_378' title='bbox 1195 3229 1345 3287; x_wconf 76' lang='lat' dir='ltr'><strong>Lex:</strong></span> <span class='ocrx_word' id='word_1_379' title='bbox 1384 3230 1514 3286; x_wconf 82' lang='lat' dir='ltr'><strong>Date</strong></span> <span class='ocrx_word' id='word_1_380' title='bbox 1566 3231 1682 3286; x_wconf 77' lang='lat' dir='ltr'><strong>Levi</strong></span> <span class='ocrx_word' id='word_1_381' title='bbox 1728 3249 1867 3288; x_wconf 84' lang='lat' dir='ltr'><strong>veros</strong></span> <span class='ocrx_word' id='word_1_382' title='bbox 1895 3220 1943 3285; x_wconf 90' lang='lat' dir='ltr'><strong><em>C</em></strong></span> 
     </span>
    </p>
   </div>
   <div class='ocr_carea' id='block_1_50' title="bbox 271 3322 1545 3397">
    <p class='ocr_par' dir='ltr' id='par_1_50' title="bbox 271 3322 1545 3397">
     <span class='ocr_line' id='line_1_50' title="bbox 271 3322 1545 3397; baseline 0.004 -22"><span class='ocrx_word' id='word_1_383' title='bbox 271 3324 404 3392; x_wconf 88' lang='lat' dir='ltr'><strong>ejus,</strong></span> <span class='ocrx_word' id='word_1_384' title='bbox 435 3322 549 3377; x_wconf 86' lang='lat' dir='ltr'><strong>date</strong></span> <span class='ocrx_word' id='word_1_385' title='bbox 568 3322 686 3378; x_wconf 83' lang='lat' dir='ltr'><strong>Levi</strong></span> <span class='ocrx_word' id='word_1_386' title='bbox 715 3334 877 3378; x_wconf 85' lang='lat' dir='ltr'><strong>sortes</strong></span> <span class='ocrx_word' id='word_1_387' title='bbox 899 3326 1010 3395; x_wconf 81' lang='lat' dir='ltr'><strong>ejus</strong></span> <span class='ocrx_word' id='word_1_388' title='bbox 1036 3324 1213 3396; x_wconf 82' lang='lat' dir='ltr'><strong>(Deut.</strong></span> <span class='ocrx_word' id='word_1_389' title='bbox 1247 3343 1433 3393; x_wconf 67' lang='grc' dir='ltr'>χχχιιι,</span> <span class='ocrx_word' id='word_1_390' title='bbox 1465 3326 1545 3397; x_wconf 63' lang='grc' dir='ltr'><strong>δ).</strong></span> 
     </span>
    </p>
   </div>
   <div class='ocr_carea' id='block_1_51' title="bbox 353 3417 1872 3495">
    <p class='ocr_par' dir='ltr' id='par_1_51' title="bbox 353 3417 1872 3495">
     <span class='ocr_line' id='line_1_51' title="bbox 353 3417 1872 3495; baseline 0.003 -23"><span class='ocrx_word' id='word_1_391' title='bbox 353 3417 442 3472; x_wconf 80' lang='grc'><strong>53.</strong></span> <span class='ocrx_word' id='word_1_392' title='bbox 484 3417 633 3475; x_wconf 87' lang='lat' dir='ltr'><strong>Unde</strong></span> <span class='ocrx_word' id='word_1_393' title='bbox 672 3429 726 3475; x_wconf 89' lang='lat' dir='ltr'><strong>et</strong></span> <span class='ocrx_word' id='word_1_394' title='bbox 756 3431 982 3476; x_wconf 83' lang='lat' dir='ltr'><strong>matrem</strong></span> <span class='ocrx_word' id='word_1_395' title='bbox 1021 3420 1227 3475; x_wconf 80' lang='lat' dir='ltr'><strong>Domini</strong></span> <span class='ocrx_word' id='word_1_396' title='bbox 1261 3424 1375 3491; x_wconf 88' lang='lat' dir='ltr'><strong>ipse</strong></span> <span class='ocrx_word' id='word_1_397' title='bbox 1403 3424 1872 3495; x_wconf 84' lang='lat' dir='ltr'><strong>suscepit;scrip-</strong></span> 
     </span>
    </p>
   </div>
   <div class='ocr_carea' id='block_1_52' title="bbox 279 3511 1871 3588">
    <p class='ocr_par' dir='ltr' id='par_1_52' title="bbox 279 3511 1871 3588">
     <span class='ocr_line' id='line_1_52' title="bbox 279 3511 1871 3588; baseline 0.004 -23"><span class='ocrx_word' id='word_1_398' title='bbox 279 3521 395 3565; x_wconf 90' lang='lat' dir='ltr'><strong>tum</strong></span> <span class='ocrx_word' id='word_1_399' title='bbox 420 3511 559 3565; x_wconf 83' lang='lat' dir='ltr'><strong>enim</strong></span> <span class='ocrx_word' id='word_1_400' title='bbox 601 3513 881 3573; x_wconf 77' lang='lat' dir='ltr'><strong>trahemus.</strong></span> <span class='ocrx_word' id='word_1_401' title='bbox 914 3515 1036 3585; x_wconf 89' lang='lat' dir='ltr'><strong>quia</strong></span> <span class='ocrx_word' id='word_1_402' title='bbox 1080 3532 1141 3570; x_wconf 84' lang='lat' dir='ltr'><strong>ex</strong></span> <span class='ocrx_word' id='word_1_403' title='bbox 1192 3516 1282 3569; x_wconf 87' lang='lat' dir='ltr'><strong>illa</strong></span> <span class='ocrx_word' id='word_1_404' title='bbox 1316 3516 1445 3570; x_wconf 75' lang='lat' dir='ltr'><strong>liora</strong></span> <span class='ocrx_word' id='word_1_405' title='bbox 1497 3518 1718 3588; x_wconf 83' lang='lat' dir='ltr'><strong>suscepit</strong></span> <span class='ocrx_word' id='word_1_406' title='bbox 1759 3534 1871 3572; x_wconf 88' lang='lat' dir='ltr'><strong>eam</strong></span> 
     </span>
    </p>
   </div>
   <div class='ocr_carea' id='block_1_53' title="bbox 272 3600 1868 3679">
    <p class='ocr_par' dir='ltr' id='par_1_53' title="bbox 272 3600 1868 3679">
     <span class='ocr_line' id='line_1_53' title="bbox 272 3600 1868 3679; baseline 0.004 -22"><span class='ocrx_word' id='word_1_407' title='bbox 272 3600 575 3677; x_wconf 70' lang='lat' dir='ltr'><strong>Discipulos</strong></span> <span class='ocrx_word' id='word_1_408' title='bbox 592 3606 643 3659; x_wconf 90' lang='lat' dir='ltr'><strong>in</strong></span> <span class='ocrx_word' id='word_1_409' title='bbox 678 3624 771 3661; x_wconf 91' lang='lat' dir='ltr'><strong>sua</strong></span> <span class='ocrx_word' id='word_1_410' title='bbox 800 3611 814 3672; x_wconf 93' lang='lat'><strong>(</strong></span> <span class='ocrx_word' id='word_1_411' title='bbox 839 3605 1034 3661; x_wconf 79' lang='lat' dir='ltr'><strong>Joann.</strong></span> <span class='ocrx_word' id='word_1_412' title='bbox 1068 3624 1179 3672; x_wconf 72' lang='lat' dir='ltr'><strong>XIX,</strong></span> <span class='ocrx_word' id='word_1_413' title='bbox 1220 3607 1508 3679; x_wconf 72' lang='lat' dir='ltr'><strong>27).Qnid</strong></span> <span class='ocrx_word' id='word_1_414' title='bbox 1551 3618 1635 3665; x_wconf 77' lang='lat' dir='ltr'><strong>est</strong></span> <span class='ocrx_word' id='word_1_415' title='bbox 1672 3610 1726 3664; x_wconf 88' lang='lat' dir='ltr'><strong>in</strong></span> <span class='ocrx_word' id='word_1_416' title='bbox 1754 3627 1868 3677; x_wconf 88' lang='lat' dir='ltr'><strong>sua,</strong></span> 
     </span>
    </p>
   </div>
   <div class='ocr_carea' id='block_1_54' title="bbox 269 3698 1870 3769">
    <p class='ocr_par' dir='ltr' id='par_1_54' title="bbox 269 3698 1870 3769">
     <span class='ocr_line' id='line_1_54' title="bbox 269 3698 1870 3769; baseline 0.004 -18"><span class='ocrx_word' id='word_1_417' title='bbox 269 3711 396 3751; x_wconf 89' lang='lat' dir='ltr'><strong>cum</strong></span> <span class='ocrx_word' id='word_1_418' title='bbox 430 3698 710 3768; x_wconf 87' lang='lat' dir='ltr'><strong>reliquerit</strong></span> <span class='ocrx_word' id='word_1_419' title='bbox 740 3708 943 3769; x_wconf 88' lang='lat' dir='ltr'><strong>patrem</strong></span> <span class='ocrx_word' id='word_1_420' title='bbox 968 3711 1021 3754; x_wconf 89' lang='lat' dir='ltr'><strong>et</strong></span> <span class='ocrx_word' id='word_1_421' title='bbox 1050 3712 1299 3767; x_wconf 86' lang='lat' dir='ltr'><strong>matrem,</strong></span> <span class='ocrx_word' id='word_1_422' title='bbox 1324 3713 1378 3756; x_wconf 87' lang='lat' dir='ltr'><strong>et</strong></span> <span class='ocrx_word' id='word_1_423' title='bbox 1407 3701 1682 3757; x_wconf 85' lang='lat' dir='ltr'><strong>Christqu</strong></span> <span class='ocrx_word' id='word_1_424' title='bbox 1712 3717 1870 3758; x_wconf 91' lang='lat' dir='ltr'><strong>secu-</strong></span> 
     </span>
    </p>
   </div>
   <div class='ocr_carea' id='block_1_55' title="bbox 273 3791 1873 3868">
    <p class='ocr_par' dir='ltr' id='par_1_55' title="bbox 273 3791 1873 3868">
     <span class='ocr_line' id='line_1_55' title="bbox 273 3791 1873 3868; baseline 0.004 -23"><span class='ocrx_word' id='word_1_425' title='bbox 273 3800 363 3845; x_wconf 88' lang='lat' dir='ltr'><strong>tus</strong></span> <span class='ocrx_word' id='word_1_426' title='bbox 417 3791 654 3847; x_wconf 73' lang='lat' dir='ltr'><strong>sit?Aut</strong></span> <span class='ocrx_word' id='word_1_427' title='bbox 702 3795 975 3864; x_wconf 84' lang='lat' dir='ltr'><strong>quomodo</strong></span> <span class='ocrx_word' id='word_1_428' title='bbox 1004 3796 1055 3848; x_wconf 86' lang='lat' dir='ltr'><strong>in</strong></span> <span class='ocrx_word' id='word_1_429' title='bbox 1092 3806 1257 3861; x_wconf 76' lang='lat' dir='ltr'><strong>sua,c</strong></span> <span class='ocrx_word' id='word_1_430' title='bbox 1315 3811 1435 3850; x_wconf 90' lang='lat' dir='ltr'><strong>cum</strong></span> <span class='ocrx_word' id='word_1_431' title='bbox 1492 3797 1591 3867; x_wconf 86' lang='lat' dir='ltr'><strong>ipsi</strong></span> <span class='ocrx_word' id='word_1_432' title='bbox 1642 3797 1873 3868; x_wconf 82' lang='lat' dir='ltr'><strong>apostoli</strong></span> 
     </span>
    </p>
   </div>
   <div class='ocr_carea' id='block_1_56' title="bbox 269 3883 1873 3955">
    <p class='ocr_par' dir='ltr' id='par_1_56' title="bbox 269 3883 1873 3955">
     <span class='ocr_line' id='line_1_56' title="bbox 269 3883 1873 3955; baseline 0.007 -19"><span class='ocrx_word' id='word_1_433' title='bbox 269 3883 514 3939; x_wconf 76' lang='lat' dir='ltr'><strong>dixerint</strong></span> <span class='ocrx_word' id='word_1_434' title='bbox 541 3901 555 3938; x_wconf 90' lang='lat'><strong>:</strong></span> <span class='ocrx_word' id='word_1_435' title='bbox 598 3883 728 3941; x_wconf 73' lang='lat' dir='ltr'><strong>Ecce</strong></span> <span class='ocrx_word' id='word_1_436' title='bbox 758 3903 850 3941; x_wconf 87' lang='lat' dir='ltr'><strong>nos</strong></span> <span class='ocrx_word' id='word_1_437' title='bbox 872 3889 1170 3955; x_wconf 80' lang='lat' dir='ltr'><strong>reliquimus</strong></span> <span class='ocrx_word' id='word_1_438' title='bbox 1201 3889 1395 3955; x_wconf 80' lang='lat' dir='ltr'><strong>omnia,</strong></span> <span class='ocrx_word' id='word_1_439' title='bbox 1425 3898 1471 3943; x_wconf 87' lang='lat' dir='ltr'><strong>et</strong></span> <span class='ocrx_word' id='word_1_440' title='bbox 1497 3892 1657 3944; x_wconf 72' lang='lat' dir='ltr'><strong>secuti</strong></span> <span class='ocrx_word' id='word_1_441' title='bbox 1696 3908 1873 3947; x_wconf 87' lang='lat' dir='ltr'><strong>sumus</strong></span> 
     </span>
    </p>
   </div>
   <div class='ocr_carea' id='block_1_57' title="bbox 270 3976 1872 4055">
    <p class='ocr_par' dir='ltr' id='par_1_57' title="bbox 270 3976 1872 4055">
     <span class='ocr_line' id='line_1_57' title="bbox 270 3976 1872 4055; baseline 0.004 -23"><span class='ocrx_word' id='word_1_442' title='bbox 270 3989 321 4032; x_wconf 90' lang='lat' dir='ltr'><strong>te</strong></span> <span class='ocrx_word' id='word_1_443' title='bbox 341 3979 360 4049; x_wconf 86' lang='lat'><strong>(</strong></span> <span class='ocrx_word' id='word_1_444' title='bbox 384 3976 578 4033; x_wconf 77' lang='lat' dir='ltr'><strong>Matth.</strong></span> <span class='ocrx_word' id='word_1_445' title='bbox 604 3995 721 4045; x_wconf 75' lang='lat' dir='ltr'><strong>nx,</strong></span> <span class='ocrx_word' id='word_1_446' title='bbox 747 3980 817 4035; x_wconf 71' lang='lat'><strong>27</strong></span> <span class='ocrx_word' id='word_1_447' title='bbox 839 3978 898 4052; x_wconf 85' lang='lat'><strong>)?</strong></span> <span class='ocrx_word' id='word_1_448' title='bbox 924 3980 1056 4050; x_wconf 64' lang='lat' dir='ltr'><strong>Quae</strong></span> <span class='ocrx_word' id='word_1_449' title='bbox 1087 3997 1182 4035; x_wconf 89' lang='lat' dir='ltr'><strong>sua</strong></span> <span class='ocrx_word' id='word_1_450' title='bbox 1236 3981 1463 4037; x_wconf 81' lang='lat' dir='ltr'><strong>habebat</strong></span> <span class='ocrx_word' id='word_1_451' title='bbox 1494 3982 1756 4051; x_wconf 83' lang='lat' dir='ltr'><strong>Joannes,</strong></span> <span class='ocrx_word' id='word_1_452' title='bbox 1780 3985 1872 4055; x_wconf 93' lang='lat' dir='ltr'><strong>qui</strong></span> 
     </span>
    </p>
   </div>
   <div class='ocr_carea' id='block_1_58' title="bbox 276 4070 1872 4145">
    <p class='ocr_par' dir='ltr' id='par_1_58' title="bbox 276 4070 1872 4145">
     <span class='ocr_line' id='line_1_58' title="bbox 276 4070 1872 4145; baseline 0.005 -20"><span class='ocrx_word' id='word_1_453' title='bbox 276 4070 554 4126; x_wconf 89' lang='lat' dir='ltr'><strong>mundana</strong></span> <span class='ocrx_word' id='word_1_454' title='bbox 582 4080 639 4126; x_wconf 90' lang='lat' dir='ltr'><strong>et</strong></span> <span class='ocrx_word' id='word_1_455' title='bbox 667 4074 944 4128; x_wconf 68' lang='lat' dir='ltr'><strong>stecularia</strong></span> <span class='ocrx_word' id='word_1_456' title='bbox 971 4090 1075 4128; x_wconf 89' lang='lat' dir='ltr'><strong>non</strong></span> <span class='ocrx_word' id='word_1_457' title='bbox 1104 4073 1356 4140; x_wconf 79' lang='lat' dir='ltr'><strong>habebat,</strong></span> <span class='ocrx_word' id='word_1_458' title='bbox 1389 4076 1477 4145; x_wconf 88' lang='lat' dir='ltr'><strong>qui</strong></span> <span class='ocrx_word' id='word_1_459' title='bbox 1508 4077 1649 4133; x_wconf 90' lang='lat' dir='ltr'><strong>etde</strong></span> <span class='ocrx_word' id='word_1_460' title='bbox 1673 4078 1872 4133; x_wconf 88' lang='lat' dir='ltr'><strong>mundo</strong></span> 
     </span>
    </p>
   </div>
   <div class='ocr_carea' id='block_1_59' title="bbox 277 4165 1872 4241">
    <p class='ocr_par' dir='ltr' id='par_1_59' title="bbox 277 4165 1872 4241">
     <span class='ocr_line' id='line_1_59' title="bbox 277 4165 1872 4241; baseline 0.004 -21"><span class='ocrx_word' id='word_1_461' title='bbox 277 4182 390 4220; x_wconf 86' lang='lat' dir='ltr'><strong>non</strong></span> <span class='ocrx_word' id='word_1_462' title='bbox 449 4165 600 4221; x_wconf 88' lang='lat' dir='ltr'><strong>erat?</strong></span> <span class='ocrx_word' id='word_1_463' title='bbox 639 4166 771 4236; x_wconf 80' lang='lat' dir='ltr'><strong>Quae</strong></span> <span class='ocrx_word' id='word_1_464' title='bbox 818 4183 947 4238; x_wconf 85' lang='lat' dir='ltr'><strong>ergo</strong></span> <span class='ocrx_word' id='word_1_465' title='bbox 989 4167 1221 4223; x_wconf 83' lang='lat' dir='ltr'><strong>habebat</strong></span> <span class='ocrx_word' id='word_1_466' title='bbox 1250 4184 1369 4233; x_wconf 89' lang='lat' dir='ltr'><strong>sua,</strong></span> <span class='ocrx_word' id='word_1_467' title='bbox 1443 4170 1543 4224; x_wconf 72' lang='lat' dir='ltr'><strong>nisi</strong></span> <span class='ocrx_word' id='word_1_468' title='bbox 1588 4186 1649 4225; x_wconf 84' lang='lat' dir='ltr'><strong>ea</strong></span> <span class='ocrx_word' id='word_1_469' title='bbox 1678 4188 1800 4241; x_wconf 66' lang='lat' dir='ltr'><strong>qua:</strong></span> <span class='ocrx_word' id='word_1_470' title='bbox 1842 4187 1872 4226; x_wconf 87' lang='lat' dir='ltr'><strong>a</strong></span> 
     </span>
    </p>
   </div>
   <div class='ocr_carea' id='block_1_60' title="bbox 271 4259 1877 4334">
    <p class='ocr_par' dir='ltr' id='par_1_60' title="bbox 271 4259 1877 4334">
     <span class='ocr_line' id='line_1_60' title="bbox 271 4259 1877 4334; baseline 0.003 -19"><span class='ocrx_word' id='word_1_471' title='bbox 271 4259 501 4315; x_wconf 84' lang='lat' dir='ltr'><strong>Christo</strong></span> <span class='ocrx_word' id='word_1_472' title='bbox 529 4260 851 4329; x_wconf 73' lang='lat' dir='ltr'><strong>acceperat?</strong></span> <span class='ocrx_word' id='word_1_473' title='bbox 877 4262 1052 4315; x_wconf 65' lang='lat' dir='ltr'><strong>Bonus</strong></span> <span class='ocrx_word' id='word_1_474' title='bbox 1072 4262 1221 4317; x_wconf 89' lang='lat' dir='ltr'><strong>verbi</strong></span> <span class='ocrx_word' id='word_1_475' title='bbox 1251 4262 1637 4334; x_wconf 70' lang='lat' dir='ltr'><strong>sapientimqne</strong></span> <span class='ocrx_word' id='word_1_476' title='bbox 1659 4280 1877 4334; x_wconf 87' lang='lat' dir='ltr'><strong>posses-</strong></span> 
     </span>
    </p>
   </div>
   <div class='ocr_carea' id='block_1_61' title="bbox 268 4353 1875 4430">
    <p class='ocr_par' dir='ltr' id='par_1_61' title="bbox 268 4353 1875 4430">
     <span class='ocr_line' id='line_1_61' title="bbox 268 4353 1875 4430; baseline 0.005 -23"><span class='ocrx_word' id='word_1_477' title='bbox 268 4367 388 4419; x_wconf 86' lang='lat' dir='ltr'><strong>sor,</strong></span> <span class='ocrx_word' id='word_1_478' title='bbox 422 4353 601 4409; x_wconf 90' lang='lat' dir='ltr'><strong>bonus</strong></span> <span class='ocrx_word' id='word_1_479' title='bbox 640 4364 890 4423; x_wconf 89' lang='lat' dir='ltr'><strong>receptor</strong></span> <span class='ocrx_word' id='word_1_480' title='bbox 933 4354 1139 4424; x_wconf 69' lang='lat' dir='ltr'><strong>gratim.</strong></span> <span class='ocrx_word' id='word_1_481' title='bbox 1184 4358 1380 4411; x_wconf 79' lang='lat' dir='ltr'><strong>Audite</strong></span> <span class='ocrx_word' id='word_1_482' title='bbox 1419 4375 1536 4427; x_wconf 74' lang='lat' dir='ltr'><strong>qua:</strong></span> <span class='ocrx_word' id='word_1_483' title='bbox 1564 4359 1794 4430; x_wconf 72' lang='lat' dir='ltr'><strong>apo~to|i</strong></span> <span class='ocrx_word' id='word_1_484' title='bbox 1846 4377 1875 4415; x_wconf 88' lang='lat' dir='ltr'><strong>a</strong></span> 
     </span>
    </p>
   </div>
   <div class='ocr_carea' id='block_1_62' title="bbox 268 4449 1877 4527">
    <p class='ocr_par' dir='ltr' id='par_1_62' title="bbox 268 4449 1877 4527">
     <span class='ocr_line' id='line_1_62' title="bbox 268 4449 1877 4527; baseline 0.004 -21"><span class='ocrx_word' id='word_1_485' title='bbox 268 4449 496 4506; x_wconf 83' lang='lat' dir='ltr'><strong>Christo</strong></span> <span class='ocrx_word' id='word_1_486' title='bbox 528 4454 839 4521; x_wconf 85' lang='lat' dir='ltr'><strong>acceperint</strong></span> <span class='ocrx_word' id='word_1_487' title='bbox 876 4470 888 4506; x_wconf 86' lang='lat'><strong>:</strong></span> <span class='ocrx_word' id='word_1_488' title='bbox 928 4452 1176 4519; x_wconf 77' lang='lat' dir='ltr'><strong>Accipite,</strong></span> <span class='ocrx_word' id='word_1_489' title='bbox 1212 4451 1410 4524; x_wconf 89' lang='lat' dir='ltr'><strong>inquit,</strong></span> <span class='ocrx_word' id='word_1_490' title='bbox 1454 4453 1712 4527; x_wconf 82' lang='lat' dir='ltr'><strong>Spiritum</strong></span> <span class='ocrx_word' id='word_1_491' title='bbox 1757 4474 1877 4512; x_wconf 85' lang='lat' dir='ltr'><strong>san-</strong></span> 
     </span>
    </p>
   </div>
   <div class='ocr_carea' id='block_1_63' title="bbox 274 4545 1878 4615">
    <p class='ocr_par' dir='ltr' id='par_1_63' title="bbox 274 4545 1878 4615">
     <span class='ocr_line' id='line_1_63' title="bbox 274 4545 1878 4615; baseline 0.003 -17"><span class='ocrx_word' id='word_1_492' title='bbox 274 4554 420 4599; x_wconf 84' lang='lat' dir='ltr'><strong>ctum</strong></span> <span class='ocrx_word' id='word_1_493' title='bbox 443 4559 462 4597; x_wconf 88' lang='lat'><strong><em>:</em></strong></span> <span class='ocrx_word' id='word_1_494' title='bbox 484 4560 699 4614; x_wconf 87' lang='lat' dir='ltr'><strong>quorum</strong></span> <span class='ocrx_word' id='word_1_495' title='bbox 738 4545 1035 4599; x_wconf 87' lang='lat' dir='ltr'><strong>remiseritis</strong></span> <span class='ocrx_word' id='word_1_496' title='bbox 1071 4554 1298 4611; x_wconf 81' lang='lat' dir='ltr'><strong>peccata,</strong></span> <span class='ocrx_word' id='word_1_497' title='bbox 1350 4546 1561 4601; x_wconf 84' lang='lat' dir='ltr'><strong>remissa</strong></span> <span class='ocrx_word' id='word_1_498' title='bbox 1599 4559 1783 4615; x_wconf 89' lang='lat' dir='ltr'><strong>erunt;</strong></span> <span class='ocrx_word' id='word_1_499' title='bbox 1832 4559 1878 4604; x_wconf 88' lang='lat' dir='ltr'><strong>et</strong></span> 
     </span>
    </p>
   </div>
   <div class='ocr_carea' id='block_1_64' title="bbox 278 4638 1875 4716">
    <p class='ocr_par' dir='ltr' id='par_1_64' title="bbox 278 4638 1875 4716">
     <span class='ocr_line' id='line_1_64' title="bbox 278 4638 1875 4716; baseline 0.004 -25"><span class='ocrx_word' id='word_1_500' title='bbox 278 4654 503 4710; x_wconf 86' lang='lat' dir='ltr'><strong>quorum</strong></span> <span class='ocrx_word' id='word_1_501' title='bbox 527 4638 868 4705; x_wconf 80' lang='lat' dir='ltr'><strong>detinueritis,</strong></span> <span class='ocrx_word' id='word_1_502' title='bbox 894 4640 1097 4695; x_wconf 82' lang='lat' dir='ltr'><strong>detenta</strong></span> <span class='ocrx_word' id='word_1_503' title='bbox 1119 4650 1265 4694; x_wconf 86' lang='lat' dir='ltr'><strong>erunt</strong></span> <span class='ocrx_word' id='word_1_504' title='bbox 1285 4640 1505 4709; x_wconf 81' lang='lat' dir='ltr'><strong>(Joann.</strong></span> <span class='ocrx_word' id='word_1_505' title='bbox 1533 4657 1627 4706; x_wconf 80' lang='lat' dir='ltr'><strong>xx,</strong></span> <span class='ocrx_word' id='word_1_506' title='bbox 1643 4642 1735 4704; x_wconf 65' lang='lat'><strong>22)..</strong></span> <span class='ocrx_word' id='word_1_507' title='bbox 1755 4643 1848 4716; x_wconf 74' lang='grc'><strong>25)</strong></span> <span class='ocrx_word' id='word_1_508' title='bbox 1864 4686 1875 4697; x_wconf 95' lang='grc'><strong>.</strong></span> 
     </span>
    </p>
   </div>
   <div class='ocr_carea' id='block_1_65' title="bbox 282 4729 1876 4803">
    <p class='ocr_par' dir='ltr' id='par_1_65' title="bbox 282 4729 1876 4803">
     <span class='ocr_line' id='line_1_65' title="bbox 282 4729 1876 4803; baseline 0.004 -16"><span class='ocrx_word' id='word_1_509' title='bbox 282 4729 309 4767; x_wconf 71' lang='grc' dir='ltr'>ά</span> <span class='ocrx_word' id='word_1_510' title='bbox 328 4730 515 4803; x_wconf 83' lang='lat' dir='ltr'><strong>Neque</strong></span> <span class='ocrx_word' id='word_1_511' title='bbox 534 4734 679 4789; x_wconf 88' lang='lat' dir='ltr'><strong>enim</strong></span> <span class='ocrx_word' id='word_1_512' title='bbox 700 4745 875 4789; x_wconf 86' lang='lat' dir='ltr'><strong>mater</strong></span> <span class='ocrx_word' id='word_1_513' title='bbox 900 4733 1109 4788; x_wconf 81' lang='lat' dir='ltr'><strong>Domini</strong></span> <span class='ocrx_word' id='word_1_514' title='bbox 1132 4732 1259 4789; x_wconf 85' lang='lat' dir='ltr'><strong>Jesu</strong></span> <span class='ocrx_word' id='word_1_515' title='bbox 1279 4734 1381 4789; x_wconf 88' lang='lat' dir='ltr'><strong>nisi</strong></span> <span class='ocrx_word' id='word_1_516' title='bbox 1412 4735 1476 4788; x_wconf 91' lang='lat' dir='ltr'><strong>ad</strong></span> <span class='ocrx_word' id='word_1_517' title='bbox 1504 4750 1876 4802; x_wconf 88' lang='lat' dir='ltr'><strong>possessorem</strong></span> 
     </span>
    </p>
   </div>
   <div class='ocr_carea' id='block_1_66' title="bbox 281 4826 1877 4899">
    <p class='ocr_par' dir='ltr' id='par_1_66' title="bbox 281 4826 1877 4899">
     <span class='ocr_line' id='line_1_66' title="bbox 281 4826 1877 4899; baseline 0.004 -18"><span class='ocrx_word' id='word_1_518' title='bbox 281 4826 842 4899; x_wconf 77' lang='lat' dir='ltr'><strong>gratitedemigraret,</strong></span> <span class='ocrx_word' id='word_1_519' title='bbox 867 4826 1218 4883; x_wconf 85' lang='lat' dir='ltr'><strong>ubiChristus</strong></span> <span class='ocrx_word' id='word_1_520' title='bbox 1240 4827 1877 4887; x_wconf 80' lang='lat' dir='ltr'><strong>babebatbabitaculum.</strong></span> 
     </span>
    </p>
   </div>
   <div class='ocr_carea' id='block_1_67' title="bbox 364 5014 1894 5088">
    <p class='ocr_par' dir='ltr' id='par_1_67' title="bbox 364 5014 1894 5088">
     <span class='ocr_line' id='line_1_67' title="bbox 364 5014 1894 5088; baseline 0.001 -17"><span class='ocrx_word' id='word_1_521' title='bbox 364 5026 389 5055; x_wconf 72' lang='grc' dir='ltr'><strong>ε</strong></span> <span class='ocrx_word' id='word_1_522' title='bbox 432 5014 577 5071; x_wconf 83' lang='lat' dir='ltr'><strong>Edit.</strong></span> <span class='ocrx_word' id='word_1_523' title='bbox 604 5024 659 5070; x_wconf 92' lang='lat' dir='ltr'><strong>et</strong></span> <span class='ocrx_word' id='word_1_524' title='bbox 689 5014 911 5088; x_wconf 88' lang='lat' dir='ltr'><strong>quidam</strong></span> <span class='ocrx_word' id='word_1_525' title='bbox 950 5028 1109 5082; x_wconf 90' lang='lat' dir='ltr'><strong>mss.,</strong></span> <span class='ocrx_word' id='word_1_526' title='bbox 1146 5023 1203 5070; x_wconf 84' lang='lat' dir='ltr'><strong>ut</strong></span> <span class='ocrx_word' id='word_1_527' title='bbox 1226 5030 1312 5070; x_wconf 80' lang='lat' dir='ltr'><strong>vos</strong></span> <span class='ocrx_word' id='word_1_528' title='bbox 1332 5018 1444 5088; x_wconf 86' lang='lat' dir='ltr'><strong>ejus</strong></span> <span class='ocrx_word' id='word_1_529' title='bbox 1480 5015 1657 5085; x_wconf 84' lang='lat' dir='ltr'><strong>inopia</strong></span> <span class='ocrx_word' id='word_1_530' title='bbox 1700 5015 1894 5072; x_wconf 87' lang='lat' dir='ltr'><strong>ditare-</strong></span> 
     </span>
    </p>
   </div>
   <div class='ocr_carea' id='block_1_68' title="bbox 288 5107 440 5145">
    <p class='ocr_par' dir='ltr' id='par_1_68' title="bbox 288 5107 440 5145">
     <span class='ocr_line' id='line_1_68' title="bbox 288 5107 440 5145; baseline -0.026 -1"><span class='ocrx_word' id='word_1_531' title='bbox 288 5108 341 5145; x_wconf 74' lang='lat' dir='ltr'><strong>lu</strong></span> <span class='ocrx_word' id='word_1_532' title='bbox 349 5107 417 5143; x_wconf 82' lang='grc' dir='ltr'>ηιι</span> <span class='ocrx_word' id='word_1_533' title='bbox 428 5129 440 5140; x_wconf 88' lang='grc'><strong>.</strong></span> 
     </span>
    </p>
   </div>
   <div class='ocr_carea' id='block_1_69' title="bbox 364 5157 1893 5232">
    <p class='ocr_par' dir='ltr' id='par_1_69' title="bbox 364 5157 1893 5232">
     <span class='ocr_line' id='line_1_69' title="bbox 364 5157 1893 5232; baseline -0.002 -15"><span class='ocrx_word' id='word_1_534' title='bbox 364 5161 391 5200; x_wconf 68' lang='grc' dir='ltr'>δ</span> <span class='ocrx_word' id='word_1_535' title='bbox 433 5161 564 5221; x_wconf 80' lang='lat' dir='ltr'><strong>Mss.</strong></span> <span class='ocrx_word' id='word_1_536' title='bbox 597 5159 841 5230; x_wconf 89' lang='lat' dir='ltr'><strong>quidam,</strong></span> <span class='ocrx_word' id='word_1_537' title='bbox 888 5174 1052 5230; x_wconf 86' lang='lat' dir='ltr'><strong>super</strong></span> <span class='ocrx_word' id='word_1_538' title='bbox 1090 5157 1384 5230; x_wconf 83' lang='lat' dir='ltr'><strong>virginem;</strong></span> <span class='ocrx_word' id='word_1_539' title='bbox 1409 5157 1568 5226; x_wconf 90' lang='lat' dir='ltr'><strong>edit.,</strong></span> <span class='ocrx_word' id='word_1_540' title='bbox 1601 5174 1697 5230; x_wconf 88' lang='lat' dir='ltr'><strong>per</strong></span> <span class='ocrx_word' id='word_1_541' title='bbox 1738 5160 1893 5232; x_wconf 77' lang='lat' dir='ltr'><strong>virgi-</strong></span> 
     </span>
    </p>
   </div>
   <div class='ocr_carea' id='block_1_70' title="bbox 283 5251 426 5289">
    <p class='ocr_par' dir='ltr' id='par_1_70' title="bbox 283 5251 426 5289">
     <span class='ocr_line' id='line_1_70' title="bbox 283 5251 426 5289; baseline -0.014 0"><span class='ocrx_word' id='word_1_542' title='bbox 283 5251 426 5289; x_wconf 77' lang='lat' dir='ltr'><strong>nem.</strong></span> 
     </span>
    </p>
   </div>
   <div class='ocr_carea' id='block_1_71' title="bbox 366 5301 1693 5375">
    <p class='ocr_par' dir='ltr' id='par_1_71' title="bbox 366 5301 1693 5375">
     <span class='ocr_line' id='line_1_71' title="bbox 366 5301 1693 5375; baseline -0.001 -16"><span class='ocrx_word' id='word_1_543' title='bbox 366 5316 388 5344; x_wconf 72' lang='grc' dir='ltr'><strong>ι</strong></span> <span class='ocrx_word' id='word_1_544' title='bbox 431 5303 694 5359; x_wconf 87' lang='lat' dir='ltr'><strong>Nonnulli</strong></span> <span class='ocrx_word' id='word_1_545' title='bbox 725 5318 882 5366; x_wconf 83' lang='lat' dir='ltr'><strong>mss.,</strong></span> <span class='ocrx_word' id='word_1_546' title='bbox 911 5320 1026 5375; x_wconf 81' lang='lat' dir='ltr'><strong>cum</strong></span> <span class='ocrx_word' id='word_1_547' title='bbox 1053 5303 1151 5375; x_wconf 84' lang='lat' dir='ltr'><strong>ipsi</strong></span> <span class='ocrx_word' id='word_1_548' title='bbox 1172 5302 1418 5373; x_wconf 86' lang='lat' dir='ltr'><strong>discipuli</strong></span> <span class='ocrx_word' id='word_1_549' title='bbox 1446 5301 1693 5375; x_wconf 70' lang='lat' dir='ltr'><strong>dixerint.</strong></span> 
     </span>
    </p>
   </div>
   <div class='ocr_carea' id='block_1_72' title="bbox 366 5372 1889 5441">
    <p class='ocr_par' dir='ltr' id='par_1_72' title="bbox 366 5372 1889 5441">
     <span class='ocr_line' id='line_1_72' title="bbox 366 5372 1889 5441; baseline -0.001 -10"><span class='ocrx_word' id='word_1_550' title='bbox 366 5375 393 5412; x_wconf 70' lang='lat' dir='ltr'><strong>d</strong></span> <span class='ocrx_word' id='word_1_551' title='bbox 436 5377 594 5431; x_wconf 78' lang='lat' dir='ltr'><strong>Ratn.</strong></span> <span class='ocrx_word' id='word_1_552' title='bbox 629 5376 762 5430; x_wconf 83' lang='lat' dir='ltr'><strong>edit.</strong></span> <span class='ocrx_word' id='word_1_553' title='bbox 789 5376 925 5441; x_wconf 82' lang='lat' dir='ltr'><strong>sola,</strong></span> <span class='ocrx_word' id='word_1_554' title='bbox 959 5372 1141 5441; x_wconf 77' lang='lat' dir='ltr'><strong>Neque</strong></span> <span class='ocrx_word' id='word_1_555' title='bbox 1169 5376 1302 5429; x_wconf 88' lang='lat' dir='ltr'><strong>enim</strong></span> <span class='ocrx_word' id='word_1_556' title='bbox 1327 5385 1486 5427; x_wconf 87' lang='lat' dir='ltr'><strong>mater</strong></span> <span class='ocrx_word' id='word_1_557' title='bbox 1515 5374 1726 5427; x_wconf 84' lang='lat' dir='ltr'><strong>Domini</strong></span> <span class='ocrx_word' id='word_1_558' title='bbox 1764 5372 1889 5430; x_wconf 75' lang='lat' dir='ltr'><strong>Iesu</strong></span> 
     </span>
    </p>
   </div>
   <div class='ocr_carea' id='block_1_73' title="bbox 292 5446 1885 5521">
    <p class='ocr_par' dir='ltr' id='par_1_73' title="bbox 292 5446 1885 5521">
     <span class='ocr_line' id='line_1_73' title="bbox 292 5446 1885 5521; baseline -0.001 -19"><span class='ocrx_word' id='word_1_559' title='bbox 292 5447 367 5502; x_wconf 85' lang='lat' dir='ltr'><strong>ad</strong></span> <span class='ocrx_word' id='word_1_560' title='bbox 398 5464 738 5521; x_wconf 78' lang='lat' dir='ltr'><strong>possessorem</strong></span> <span class='ocrx_word' id='word_1_561' title='bbox 785 5449 965 5521; x_wconf 76' lang='lat' dir='ltr'><strong>gratia:</strong></span> <span class='ocrx_word' id='word_1_562' title='bbox 1011 5464 1111 5501; x_wconf 88' lang='lat' dir='ltr'><strong>non</strong></span> <span class='ocrx_word' id='word_1_563' title='bbox 1161 5447 1491 5520; x_wconf 79' lang='lat' dir='ltr'><strong>demigraret,</strong></span> <span class='ocrx_word' id='word_1_564' title='bbox 1517 5446 1615 5499; x_wconf 79' lang='lat' dir='ltr'><strong>nisi</strong></span> <span class='ocrx_word' id='word_1_565' title='bbox 1640 5446 1748 5513; x_wconf 85' lang='lat' dir='ltr'><strong>ubi,</strong></span> <span class='ocrx_word' id='word_1_566' title='bbox 1778 5455 1885 5503; x_wconf 87' lang='lat' dir='ltr'><strong>etc.</strong></span> 
     </span>
    </p>
   </div>
   <div class='ocr_carea' id='block_1_74' title="bbox 296 5521 780 5587">
    <p class='ocr_par' dir='ltr' id='par_1_74' title="bbox 296 5521 780 5587">
     <span class='ocr_line' id='line_1_74' title="bbox 296 5521 780 5587; baseline -0.012 -14"><span class='ocrx_word' id='word_1_567' title='bbox 296 5521 494 5573; x_wconf 74' lang='lat' dir='ltr'><strong>Parum</strong></span> <span class='ocrx_word' id='word_1_568' title='bbox 522 5533 780 5587; x_wconf 75' lang='lat' dir='ltr'><strong>Congrtto.</strong></span> 
     </span>
    </p>
   </div>
   <div class='ocr_carea' id='block_1_75' title="bbox 379 5590 1887 5662">
    <p class='ocr_par' dir='ltr' id='par_1_75' title="bbox 379 5590 1887 5662">
     <span class='ocr_line' id='line_1_75' title="bbox 379 5590 1887 5662; baseline -0.001 -17"><span class='ocrx_word' id='word_1_569' title='bbox 379 5602 402 5628; x_wconf 74' lang='grc' dir='ltr'><strong><em>υ</em></strong></span> <span class='ocrx_word' id='word_1_570' title='bbox 444 5591 571 5645; x_wconf 81' lang='lat' dir='ltr'><strong>Mss.</strong></span> <span class='ocrx_word' id='word_1_571' title='bbox 622 5592 816 5661; x_wconf 89' lang='lat' dir='ltr'><strong>ubique</strong></span> <span class='ocrx_word' id='word_1_572' title='bbox 866 5590 1091 5657; x_wconf 81' lang='lat' dir='ltr'><strong>habent,</strong></span> <span class='ocrx_word' id='word_1_573' title='bbox 1117 5591 1252 5645; x_wconf 80' lang='lat' dir='ltr'><strong>viros</strong></span> <span class='ocrx_word' id='word_1_574' title='bbox 1276 5593 1403 5662; x_wconf 82' lang='lat' dir='ltr'><strong>ejus</strong></span> <span class='ocrx_word' id='word_1_575' title='bbox 1434 5606 1452 5644; x_wconf 91' lang='lat'><strong><em>:</em></strong></span> <span class='ocrx_word' id='word_1_576' title='bbox 1482 5598 1536 5644; x_wconf 89' lang='lat' dir='ltr'><strong>at</strong></span> <span class='ocrx_word' id='word_1_577' title='bbox 1576 5604 1887 5662; x_wconf 75' lang='lat' dir='ltr'><strong>germanam</strong></span> 
     </span>
    </p>
   </div>
   <div class='ocr_carea' id='block_1_76' title="bbox 296 5661 1892 5738">
    <p class='ocr_par' dir='ltr' id='par_1_76' title="bbox 296 5661 1892 5738">
     <span class='ocr_line' id='line_1_76' title="bbox 296 5661 1892 5738; baseline -0.002 -20"><span class='ocrx_word' id='word_1_578' title='bbox 296 5664 595 5718; x_wconf 85' lang='lat' dir='ltr'><strong>lectionem</strong></span> <span class='ocrx_word' id='word_1_579' title='bbox 620 5677 936 5738; x_wconf 13' lang='lat' dir='ltr'><strong>esse,greros</strong></span> <span class='ocrx_word' id='word_1_580' title='bbox 965 5666 1097 5738; x_wconf 82' lang='lat' dir='ltr'><strong>ejus,</strong></span> <span class='ocrx_word' id='word_1_581' title='bbox 1131 5661 1375 5738; x_wconf 75' lang='lat' dir='ltr'><strong>proxima</strong></span> <span class='ocrx_word' id='word_1_582' title='bbox 1405 5663 1591 5726; x_wconf 81' lang='lat' dir='ltr'><strong>verba,</strong></span> <span class='ocrx_word' id='word_1_583' title='bbox 1624 5661 1760 5738; x_wconf 80' lang='lat' dir='ltr'><strong>Quid</strong></span> <span class='ocrx_word' id='word_1_584' title='bbox 1787 5672 1892 5738; x_wconf 73' lang='lat' dir='ltr'><strong>tam</strong></span> 
     </span>
    </p>
   </div>
   <div class='ocr_carea' id='block_1_77' title="bbox 294 5731 1891 5803">
    <p class='ocr_par' dir='ltr' id='par_1_77' title="bbox 294 5731 1891 5803">
     <span class='ocr_line' id='line_1_77' title="bbox 294 5731 1891 5803; baseline 0.001 -15"><span class='ocrx_word' id='word_1_585' title='bbox 294 5750 502 5798; x_wconf 68' lang='lat' dir='ltr'><strong>verum,</strong></span> <span class='ocrx_word' id='word_1_586' title='bbox 526 5745 580 5787; x_wconf 87' lang='lat' dir='ltr'><strong>et</strong></span> <span class='ocrx_word' id='word_1_587' title='bbox 600 5735 711 5790; x_wconf 82' lang='lat' dir='ltr'><strong>alia</strong></span> <span class='ocrx_word' id='word_1_588' title='bbox 755 5734 841 5789; x_wconf 86' lang='lat' dir='ltr'><strong>illa</strong></span> <span class='ocrx_word' id='word_1_589' title='bbox 885 5731 1001 5789; x_wconf 80' lang='grc' dir='ltr'><strong>ηοιῖ</strong></span> <span class='ocrx_word' id='word_1_590' title='bbox 1027 5739 1095 5788; x_wconf 85' lang='lat' dir='ltr'><strong>ita</strong></span> <span class='ocrx_word' id='word_1_591' title='bbox 1129 5731 1297 5789; x_wconf 78' lang='lat' dir='ltr'><strong>inulto</strong></span> <span class='ocrx_word' id='word_1_592' title='bbox 1330 5743 1449 5803; x_wconf 58' lang='lat' dir='ltr'><strong>post</strong></span> <span class='ocrx_word' id='word_1_593' title='bbox 1474 5735 1777 5803; x_wconf 86' lang='lat' dir='ltr'><strong>sequentia,</strong></span> <span class='ocrx_word' id='word_1_594' title='bbox 1814 5731 1891 5789; x_wconf 83' lang='lat' dir='ltr'><strong>ll-</strong></span> 
     </span>
    </p>
   </div>
   <div class='ocr_carea' id='block_1_78' title="bbox 294 5806 1891 5877">
    <p class='ocr_par' dir='ltr' id='par_1_78' title="bbox 294 5806 1891 5877">
     <span class='ocr_line' id='line_1_78' title="bbox 294 5806 1891 5877; baseline -0.001 -16"><span class='ocrx_word' id='word_1_595' title='bbox 294 5809 399 5862; x_wconf 84' lang='lat' dir='ltr'><strong>sud</strong></span> <span class='ocrx_word' id='word_1_596' title='bbox 430 5808 564 5862; x_wconf 88' lang='lat' dir='ltr'><strong>enim</strong></span> <span class='ocrx_word' id='word_1_597' title='bbox 596 5821 763 5864; x_wconf 81' lang='lat' dir='ltr'><strong>verum</strong></span> <span class='ocrx_word' id='word_1_598' title='bbox 797 5806 935 5877; x_wconf 85' lang='lat' dir='ltr'><strong>quod</strong></span> <span class='ocrx_word' id='word_1_599' title='bbox 979 5807 1259 5874; x_wconf 84' lang='lat' dir='ltr'><strong>nascimur,</strong></span> <span class='ocrx_word' id='word_1_600' title='bbox 1297 5812 1448 5862; x_wconf 89' lang='lat' dir='ltr'><strong>certo</strong></span> <span class='ocrx_word' id='word_1_601' title='bbox 1496 5807 1891 5863; x_wconf 78' lang='lat' dir='ltr'><strong>demonstrant.</strong></span> 
     </span>
    </p>
   </div>
   <div class='ocr_carea' id='block_1_79' title="bbox 1968 1925 3567 1999">
    <p class='ocr_par' dir='ltr' id='par_1_79' title="bbox 1968 1925 3567 1999">
     <span class='ocr_line' id='line_1_79' title="bbox 1968 1925 3567 1999; baseline -0.002 -14"><span class='ocrx_word' id='word_1_602' title='bbox 1968 1930 2127 1998; x_wconf 87' lang='lat' dir='ltr'><strong>hujus</strong></span> <span class='ocrx_word' id='word_1_603' title='bbox 2187 1932 2397 1988; x_wconf 81' lang='lat' dir='ltr'><strong>limosae</strong></span> <span class='ocrx_word' id='word_1_604' title='bbox 2454 1932 2634 1987; x_wconf 83' lang='lat' dir='ltr'><strong>carnis</strong></span> <span class='ocrx_word' id='word_1_605' title='bbox 2688 1931 3001 1999; x_wconf 88' lang='lat' dir='ltr'><strong>illuminet._</strong></span> <span class='ocrx_word' id='word_1_606' title='bbox 3041 1926 3167 1982; x_wconf 88' lang='lat' dir='ltr'><strong>ldco</strong></span> <span class='ocrx_word' id='word_1_607' title='bbox 3222 1926 3356 1982; x_wconf 91' lang='lat' dir='ltr'><strong>dicit</strong></span> <span class='ocrx_word' id='word_1_608' title='bbox 3414 1925 3504 1981; x_wconf 90' lang='lat' dir='ltr'><strong>illa</strong></span> <span class='ocrx_word' id='word_1_609' title='bbox 3551 1941 3567 1982; x_wconf 88' lang='lat'><strong>:</strong></span> 
     </span>
    </p>
   </div>
   <div class='ocr_carea' id='block_1_80' title="bbox 1969 2018 3565 2096">
    <p class='ocr_par' dir='ltr' id='par_1_80' title="bbox 1969 2018 3565 2096">
     <span class='ocr_line' id='line_1_80' title="bbox 1969 2018 3565 2096; baseline -0.002 -18"><span class='ocrx_word' id='word_1_610' title='bbox 1969 2023 2139 2096; x_wconf 79' lang='lat' dir='ltr'><strong>Nigra</strong></span> <span class='ocrx_word' id='word_1_611' title='bbox 2162 2042 2299 2093; x_wconf 83' lang='lat' dir='ltr'><strong>sunt,</strong></span> <span class='ocrx_word' id='word_1_612' title='bbox 2333 2036 2379 2079; x_wconf 92' lang='lat' dir='ltr'><strong>ct</strong></span> <span class='ocrx_word' id='word_1_613' title='bbox 2414 2025 2621 2085; x_wconf 85' lang='lat' dir='ltr'><strong>decora.</strong></span> <span class='ocrx_word' id='word_1_614' title='bbox 2656 2024 2780 2095; x_wconf 78' lang='lat' dir='ltr'><strong>ﬁlia:</strong></span> <span class='ocrx_word' id='word_1_615' title='bbox 2834 2021 3154 2077; x_wconf 76' lang='lat' dir='ltr'><strong>Hierusalem</strong></span> <span class='ocrx_word' id='word_1_616' title='bbox 3182 2018 3369 2092; x_wconf 86' lang='lat' dir='ltr'><strong>(Cant.</strong></span> <span class='ocrx_word' id='word_1_617' title='bbox 3400 2035 3440 2083; x_wconf 83' lang='grc' dir='ltr'>ι.</span> <span class='ocrx_word' id='word_1_618' title='bbox 3470 2020 3565 2093; x_wconf 69' lang='lat' dir='ltr'><strong>li);</strong></span> 
     </span>
    </p>
   </div>
   <div class='ocr_carea' id='block_1_81' title="bbox 1968 2112 3572 2190">
    <p class='ocr_par' dir='ltr' id='par_1_81' title="bbox 1968 2112 3572 2190">
     <span class='ocr_line' id='line_1_81' title="bbox 1968 2112 3572 2190; baseline -0.003 -15"><span class='ocrx_word' id='word_1_619' title='bbox 1968 2124 2116 2190; x_wconf 81' lang='lat' dir='ltr'><strong>nigra</strong></span> <span class='ocrx_word' id='word_1_620' title='bbox 2158 2135 2255 2190; x_wconf 90' lang='lat' dir='ltr'><strong>per</strong></span> <span class='ocrx_word' id='word_1_621' title='bbox 2294 2120 2759 2183; x_wconf 87' lang='lat' dir='ltr'><strong>carnem,decora</strong></span> <span class='ocrx_word' id='word_1_622' title='bbox 2799 2132 2898 2189; x_wconf 86' lang='lat' dir='ltr'><strong>per</strong></span> <span class='ocrx_word' id='word_1_623' title='bbox 2944 2115 3333 2186; x_wconf 79' lang='lat' dir='ltr'><strong>virginitatem.</strong></span> <span class='ocrx_word' id='word_1_624' title='bbox 3387 2112 3572 2170; x_wconf 84' lang='lat' dir='ltr'><strong>Nubes</strong></span> 
     </span>
    </p>
   </div>
   <div class='ocr_carea' id='block_1_82' title="bbox 1968 2207 3574 2281">
    <p class='ocr_par' dir='ltr' id='par_1_82' title="bbox 1968 2207 3574 2281">
     <span class='ocr_line' id='line_1_82' title="bbox 1968 2207 3574 2281; baseline -0.004 -15"><span class='ocrx_word' id='word_1_625' title='bbox 1968 2211 2150 2278; x_wconf 80' lang='lat' dir='ltr'><strong>itaque</strong></span> <span class='ocrx_word' id='word_1_626' title='bbox 2172 2222 2319 2277; x_wconf 88' lang='lat' dir='ltr'><strong>sunt,</strong></span> <span class='ocrx_word' id='word_1_627' title='bbox 2345 2222 2398 2266; x_wconf 92' lang='lat' dir='ltr'><strong>et</strong></span> <span class='ocrx_word' id='word_1_628' title='bbox 2427 2226 2619 2281; x_wconf 82' lang='lat' dir='ltr'><strong>graves</strong></span> <span class='ocrx_word' id='word_1_629' title='bbox 2665 2209 2858 2276; x_wconf 86' lang='lat' dir='ltr'><strong>nubes,</strong></span> <span class='ocrx_word' id='word_1_630' title='bbox 2903 2224 3024 2277; x_wconf 77' lang='lat' dir='ltr'><strong>qua:</strong></span> <span class='ocrx_word' id='word_1_631' title='bbox 3060 2207 3382 2277; x_wconf 88' lang='lat' dir='ltr'><strong>nupserint;</strong></span> <span class='ocrx_word' id='word_1_632' title='bbox 3416 2221 3574 2260; x_wconf 86' lang='lat' dir='ltr'><strong>nam-</strong></span> 
     </span>
    </p>
   </div>
   <div class='ocr_carea' id='block_1_83' title="bbox 1967 2300 3569 2375">
    <p class='ocr_par' dir='ltr' id='par_1_83' title="bbox 1967 2300 3569 2375">
     <span class='ocr_line' id='line_1_83' title="bbox 1967 2300 3569 2375; baseline -0.002 -17"><span class='ocrx_word' id='word_1_633' title='bbox 1967 2322 2072 2375; x_wconf 85' lang='lat' dir='ltr'><strong>que</strong></span> <span class='ocrx_word' id='word_1_634' title='bbox 2098 2322 2128 2361; x_wconf 88' lang='lat' dir='ltr'><strong>a</strong></span> <span class='ocrx_word' id='word_1_635' title='bbox 2162 2306 2397 2361; x_wconf 60' lang='lat' dir='ltr'><strong>nobilius</strong></span> <span class='ocrx_word' id='word_1_636' title='bbox 2430 2306 2651 2361; x_wconf 86' lang='lat' dir='ltr'><strong>verbum</strong></span> <span class='ocrx_word' id='word_1_637' title='bbox 2679 2302 2994 2359; x_wconf 89' lang='lat' dir='ltr'><strong>nubentium</strong></span> <span class='ocrx_word' id='word_1_638' title='bbox 3041 2312 3271 2358; x_wconf 89' lang='lat' dir='ltr'><strong>tractum</strong></span> <span class='ocrx_word' id='word_1_639' title='bbox 3311 2300 3569 2358; x_wconf 86' lang='lat' dir='ltr'><strong>arbitror.</strong></span> 
     </span>
    </p>
   </div>
   <div class='ocr_carea' id='block_1_84' title="bbox 1972 2396 3576 2472">
    <p class='ocr_par' dir='ltr' id='par_1_84' title="bbox 1972 2396 3576 2472">
     <span class='ocr_line' id='line_1_84' title="bbox 1972 2396 3576 2472; baseline -0.005 -16"><span class='ocrx_word' id='word_1_640' title='bbox 1972 2401 2214 2472; x_wconf 86' lang='lat' dir='ltr'><strong>Denique</strong></span> <span class='ocrx_word' id='word_1_641' title='bbox 2257 2400 2578 2472; x_wconf 88' lang='lat' dir='ltr'><strong>operiuntur</strong></span> <span class='ocrx_word' id='word_1_642' title='bbox 2607 2409 2665 2455; x_wconf 92' lang='lat' dir='ltr'><strong>ut</strong></span> <span class='ocrx_word' id='word_1_643' title='bbox 2704 2401 2898 2466; x_wconf 86' lang='lat' dir='ltr'><strong>nubes,</strong></span> <span class='ocrx_word' id='word_1_644' title='bbox 2940 2413 3063 2454; x_wconf 87' lang='lat' dir='ltr'><strong>cum</strong></span> <span class='ocrx_word' id='word_1_645' title='bbox 3094 2396 3404 2467; x_wconf 83' lang='lat' dir='ltr'><strong>acceperint</strong></span> <span class='ocrx_word' id='word_1_646' title='bbox 3434 2410 3576 2467; x_wconf 78' lang='lat' dir='ltr'><strong>nup-</strong></span> 
     </span>
    </p>
   </div>
   <div class='ocr_carea' id='block_1_85' title="bbox 1971 2490 3576 2566">
    <p class='ocr_par' dir='ltr' id='par_1_85' title="bbox 1971 2490 3576 2566">
     <span class='ocr_line' id='line_1_85' title="bbox 1971 2490 3576 2566; baseline -0.002 -16"><span class='ocrx_word' id='word_1_647' title='bbox 1971 2505 2105 2552; x_wconf 84' lang='lat' dir='ltr'><strong>turae</strong></span> <span class='ocrx_word' id='word_1_648' title='bbox 2166 2497 2455 2551; x_wconf 78' lang='lat' dir='ltr'><strong>velamina.</strong></span> <span class='ocrx_word' id='word_1_649' title='bbox 2517 2496 2584 2551; x_wconf 84' lang='lat' dir='ltr'><strong>Et</strong></span> <span class='ocrx_word' id='word_1_650' title='bbox 2626 2510 2754 2551; x_wconf 88' lang='lat' dir='ltr'><strong>vere</strong></span> <span class='ocrx_word' id='word_1_651' title='bbox 2790 2509 2987 2566; x_wconf 87' lang='lat' dir='ltr'><strong>graves</strong></span> <span class='ocrx_word' id='word_1_652' title='bbox 3029 2493 3224 2560; x_wconf 88' lang='lat' dir='ltr'><strong>nubes,</strong></span> <span class='ocrx_word' id='word_1_653' title='bbox 3259 2505 3381 2563; x_wconf 74' lang='lat' dir='ltr'><strong>qua:</strong></span> <span class='ocrx_word' id='word_1_654' title='bbox 3410 2490 3576 2547; x_wconf 85' lang='lat' dir='ltr'><strong>susti—</strong></span> 
     </span>
    </p>
   </div>
   <div class='ocr_carea' id='block_1_86' title="bbox 1970 2587 3576 2660">
    <p class='ocr_par' dir='ltr' id='par_1_86' title="bbox 1970 2587 3576 2660">
     <span class='ocr_line' id='line_1_86' title="bbox 1970 2587 3576 2660; baseline 0.001 -17"><span class='ocrx_word' id='word_1_655' title='bbox 1970 2600 2102 2645; x_wconf 88' lang='lat' dir='ltr'><strong>nent</strong></span> <span class='ocrx_word' id='word_1_656' title='bbox 2130 2591 2394 2645; x_wconf 86' lang='lat' dir='ltr'><strong>sarcinam</strong></span> <span class='ocrx_word' id='word_1_657' title='bbox 2445 2591 2800 2645; x_wconf 83' lang='lat' dir='ltr'><strong>matrimonii.</strong></span> <span class='ocrx_word' id='word_1_658' title='bbox 2847 2588 2980 2644; x_wconf 86' lang='lat' dir='ltr'><strong>Nam</strong></span> <span class='ocrx_word' id='word_1_659' title='bbox 3007 2590 3168 2645; x_wconf 81' lang='lat' dir='ltr'><strong>etiam</strong></span> <span class='ocrx_word' id='word_1_660' title='bbox 3210 2587 3426 2660; x_wconf 87' lang='lat' dir='ltr'><strong>gravari</strong></span> <span class='ocrx_word' id='word_1_661' title='bbox 3451 2588 3576 2644; x_wconf 86' lang='lat' dir='ltr'><strong>alvo</strong></span> 
     </span>
    </p>
   </div>
   <div class='ocr_carea' id='block_1_87' title="bbox 1972 2682 3386 2755">
    <p class='ocr_par' dir='ltr' id='par_1_87' title="bbox 1972 2682 3386 2755">
     <span class='ocr_line' id='line_1_87' title="bbox 1972 2682 3386 2755; baseline -0.004 -14"><span class='ocrx_word' id='word_1_662' title='bbox 1972 2685 2241 2749; x_wconf 77' lang='lat' dir='ltr'><strong>feruntur,</strong></span> <span class='ocrx_word' id='word_1_663' title='bbox 2273 2701 2395 2739; x_wconf 87' lang='lat' dir='ltr'><strong>cum</strong></span> <span class='ocrx_word' id='word_1_664' title='bbox 2425 2685 2631 2741; x_wconf 89' lang='lat' dir='ltr'><strong>semina</strong></span> <span class='ocrx_word' id='word_1_665' title='bbox 2659 2684 3034 2755; x_wconf 76' lang='lat' dir='ltr'><strong>Conceptiouis</strong></span> <span class='ocrx_word' id='word_1_666' title='bbox 3054 2682 3386 2751; x_wconf 86' lang='lat' dir='ltr'><strong>acceperint.</strong></span> 
     </span>
    </p>
   </div>
   <div class='ocr_carea' id='block_1_88' title="bbox 2042 2778 3572 2853">
    <p class='ocr_par' dir='ltr' id='par_1_88' title="bbox 2042 2778 3572 2853">
     <span class='ocr_line' id='line_1_88' title="bbox 2042 2778 3572 2853; baseline -0.003 -17"><span class='ocrx_word' id='word_1_667' title='bbox 2042 2781 2133 2837; x_wconf 77' lang='lat'><strong>35.</strong></span> <span class='ocrx_word' id='word_1_668' title='bbox 2165 2778 2303 2835; x_wconf 87' lang='lat' dir='ltr'><strong>Date</strong></span> <span class='ocrx_word' id='word_1_669' title='bbox 2326 2797 2454 2851; x_wconf 86' lang='lat' dir='ltr'><strong>ergo</strong></span> <span class='ocrx_word' id='word_1_670' title='bbox 2482 2780 2600 2834; x_wconf 77' lang='lat' dir='ltr'><strong>Leti</strong></span> <span class='ocrx_word' id='word_1_671' title='bbox 2624 2790 2647 2817; x_wconf 74' lang='grc' dir='ltr'>ε</span> <span class='ocrx_word' id='word_1_672' title='bbox 2695 2795 2840 2835; x_wconf 78' lang='lat' dir='ltr'><strong>ueros</strong></span> <span class='ocrx_word' id='word_1_673' title='bbox 2863 2782 2995 2853; x_wconf 86' lang='lat' dir='ltr'><strong>ejus.</strong></span> <span class='ocrx_word' id='word_1_674' title='bbox 3044 2778 3183 2846; x_wconf 85' lang='lat' dir='ltr'><strong>Quid</strong></span> <span class='ocrx_word' id='word_1_675' title='bbox 3215 2788 3323 2833; x_wconf 88' lang='lat' dir='ltr'><strong>tam</strong></span> <span class='ocrx_word' id='word_1_676' title='bbox 3357 2791 3572 2845; x_wconf 84' lang='lat' dir='ltr'><strong>verum,</strong></span> 
     </span>
    </p>
   </div>
   <div class='ocr_carea' id='block_1_89' title="bbox 1971 2871 3577 2945">
    <p class='ocr_par' dir='ltr' id='par_1_89' title="bbox 1971 2871 3577 2945">
     <span class='ocr_line' id='line_1_89' title="bbox 1971 2871 3577 2945; baseline 0 -18"><span class='ocrx_word' id='word_1_677' title='bbox 1971 2888 2131 2944; x_wconf 89' lang='lat' dir='ltr'><strong>quam</strong></span> <span class='ocrx_word' id='word_1_678' title='bbox 2156 2873 2477 2929; x_wconf 70' lang='lat' dir='ltr'><strong>intemerata</strong></span> <span class='ocrx_word' id='word_1_679' title='bbox 2508 2874 2812 2940; x_wconf 74' lang='lat' dir='ltr'><strong>virginitas,</strong></span> <span class='ocrx_word' id='word_1_680' title='bbox 2843 2890 2965 2945; x_wconf 67' lang='lat' dir='ltr'><strong>qua:</strong></span> <span class='ocrx_word' id='word_1_681' title='bbox 2992 2872 3327 2944; x_wconf 87' lang='lat' dir='ltr'><strong>signaculum</strong></span> <span class='ocrx_word' id='word_1_682' title='bbox 3356 2871 3577 2941; x_wconf 87' lang='lat' dir='ltr'><strong>pudoris</strong></span> 
     </span>
    </p>
   </div>
   <div class='ocr_carea' id='block_1_90' title="bbox 1973 2965 3578 3041">
    <p class='ocr_par' dir='ltr' id='par_1_90' title="bbox 1973 2965 3578 3041">
     <span class='ocr_line' id='line_1_90' title="bbox 1973 2965 3578 3041; baseline -0.002 -16"><span class='ocrx_word' id='word_1_683' title='bbox 1973 2977 2028 3025; x_wconf 83' lang='lat' dir='ltr'><strong>et</strong></span> <span class='ocrx_word' id='word_1_684' title='bbox 2065 2969 2362 3024; x_wconf 82' lang='lat' dir='ltr'><strong>clausmtm</strong></span> <span class='ocrx_word' id='word_1_685' title='bbox 2407 2968 2735 3041; x_wconf 76' lang='lat' dir='ltr'><strong>integritatis</strong></span> <span class='ocrx_word' id='word_1_686' title='bbox 2775 2967 3010 3038; x_wconf 85' lang='lat' dir='ltr'><strong>genitale</strong></span> <span class='ocrx_word' id='word_1_687' title='bbox 3035 2965 3401 3022; x_wconf 83' lang='lat' dir='ltr'><strong>custodit?At</strong></span> <span class='ocrx_word' id='word_1_688' title='bbox 3445 2979 3578 3021; x_wconf 89' lang='lat' dir='ltr'><strong>vero</strong></span> 
     </span>
    </p>
   </div>
   <div class='ocr_carea' id='block_1_91' title="bbox 1974 3057 3578 3135">
    <p class='ocr_par' dir='ltr' id='par_1_91' title="bbox 1974 3057 3578 3135">
     <span class='ocr_line' id='line_1_91' title="bbox 1974 3057 3578 3135; baseline -0.002 -16"><span class='ocrx_word' id='word_1_689' title='bbox 1974 3079 2095 3119; x_wconf 90' lang='lat' dir='ltr'><strong>cum</strong></span> <span class='ocrx_word' id='word_1_690' title='bbox 2131 3080 2227 3118; x_wconf 90' lang='lat' dir='ltr'><strong>usu</strong></span> <span class='ocrx_word' id='word_1_691' title='bbox 2254 3063 2493 3135; x_wconf 75' lang='lat' dir='ltr'><strong>coniugii</strong></span> <span class='ocrx_word' id='word_1_692' title='bbox 2522 3063 2807 3132; x_wconf 85' lang='lat' dir='ltr'><strong>jttvencula</strong></span> <span class='ocrx_word' id='word_1_693' title='bbox 2850 3061 3170 3125; x_wconf 73' lang='lat' dir='ltr'><strong>deuoratur,</strong></span> <span class='ocrx_word' id='word_1_694' title='bbox 3203 3060 3396 3114; x_wconf 89' lang='lat' dir='ltr'><strong>amittit</strong></span> <span class='ocrx_word' id='word_1_695' title='bbox 3429 3057 3578 3129; x_wconf 86' lang='lat' dir='ltr'><strong>quod</strong></span> 
     </span>
    </p>
   </div>
   <div class='ocr_carea' id='block_1_92' title="bbox 1976 3148 3576 3225">
    <p class='ocr_par' dir='ltr' id='par_1_92' title="bbox 1976 3148 3576 3225">
     <span class='ocr_line' id='line_1_92' title="bbox 1976 3148 3576 3225; baseline -0.006 -13"><span class='ocrx_word' id='word_1_696' title='bbox 1976 3170 2132 3212; x_wconf 91' lang='lat' dir='ltr'><strong>suum</strong></span> <span class='ocrx_word' id='word_1_697' title='bbox 2173 3164 2281 3223; x_wconf 83' lang='lat' dir='ltr'><strong>est,</strong></span> <span class='ocrx_word' id='word_1_698' title='bbox 2312 3153 2529 3225; x_wconf 86' lang='lat' dir='ltr'><strong>quando</strong></span> <span class='ocrx_word' id='word_1_699' title='bbox 2571 3155 2619 3209; x_wconf 84' lang='lat' dir='ltr'><strong>ei</strong></span> <span class='ocrx_word' id='word_1_700' title='bbox 2661 3155 2920 3209; x_wconf 89' lang='lat' dir='ltr'><strong>miscetur</strong></span> <span class='ocrx_word' id='word_1_701' title='bbox 2962 3152 3217 3206; x_wconf 89' lang='lat' dir='ltr'><strong>alienum.</strong></span> <span class='ocrx_word' id='word_1_702' title='bbox 3263 3148 3398 3205; x_wconf 89' lang='lat' dir='ltr'><strong>Illud</strong></span> <span class='ocrx_word' id='word_1_703' title='bbox 3430 3148 3576 3205; x_wconf 89' lang='lat' dir='ltr'><strong>enim</strong></span> 
     </span>
    </p>
   </div>
   <div class='ocr_carea' id='block_1_93' title="bbox 1973 3244 3576 3321">
    <p class='ocr_par' dir='ltr' id='par_1_93' title="bbox 1973 3244 3576 3321">
     <span class='ocr_line' id='line_1_93' title="bbox 1973 3244 3576 3321; baseline -0.003 -15"><span class='ocrx_word' id='word_1_704' title='bbox 1973 3267 2161 3306; x_wconf 83' lang='lat' dir='ltr'><strong>verum</strong></span> <span class='ocrx_word' id='word_1_705' title='bbox 2189 3251 2331 3321; x_wconf 83' lang='lat' dir='ltr'><strong>quod</strong></span> <span class='ocrx_word' id='word_1_706' title='bbox 2363 3252 2656 3316; x_wconf 90' lang='lat' dir='ltr'><strong>nascimur,</strong></span> <span class='ocrx_word' id='word_1_707' title='bbox 2688 3266 2793 3304; x_wconf 82' lang='lat' dir='ltr'><strong>non</strong></span> <span class='ocrx_word' id='word_1_708' title='bbox 2823 3249 2873 3302; x_wconf 91' lang='lat' dir='ltr'><strong>in</strong></span> <span class='ocrx_word' id='word_1_709' title='bbox 2903 3248 3044 3317; x_wconf 86' lang='lat' dir='ltr'><strong>quod</strong></span> <span class='ocrx_word' id='word_1_710' title='bbox 3079 3258 3353 3302; x_wconf 87' lang='lat' dir='ltr'><strong>mutanmr</strong></span> <span class='ocrx_word' id='word_1_711' title='bbox 3386 3261 3399 3298; x_wconf 92' lang='lat'><strong>:</strong></span> <span class='ocrx_word' id='word_1_712' title='bbox 3430 3244 3576 3316; x_wconf 90' lang='lat' dir='ltr'><strong>quod</strong></span> 
     </span>
    </p>
   </div>
   <div class='ocr_carea' id='block_1_94' title="bbox 1973 3340 3577 3415">
    <p class='ocr_par' dir='ltr' id='par_1_94' title="bbox 1973 3340 3577 3415">
     <span class='ocr_line' id='line_1_94' title="bbox 1973 3340 3577 3415; baseline -0.002 -16"><span class='ocrx_word' id='word_1_713' title='bbox 1973 3363 2001 3399; x_wconf 87' lang='lat' dir='ltr'><strong>a</strong></span> <span class='ocrx_word' id='word_1_714' title='bbox 2035 3346 2294 3401; x_wconf 86' lang='lat' dir='ltr'><strong>Creatore</strong></span> <span class='ocrx_word' id='word_1_715' title='bbox 2317 3346 2650 3415; x_wconf 86' lang='lat' dir='ltr'><strong>accepimus.</strong></span> <span class='ocrx_word' id='word_1_716' title='bbox 2683 3361 2789 3399; x_wconf 90' lang='lat' dir='ltr'><strong>non</strong></span> <span class='ocrx_word' id='word_1_717' title='bbox 2829 3343 2969 3414; x_wconf 84' lang='lat' dir='ltr'><strong>quod</strong></span> <span class='ocrx_word' id='word_1_718' title='bbox 2996 3343 3064 3397; x_wconf 81' lang='lat' dir='ltr'><strong>(le</strong></span> <span class='ocrx_word' id='word_1_719' title='bbox 3093 3340 3454 3397; x_wconf 83' lang='lat' dir='ltr'><strong>contubernio</strong></span> <span class='ocrx_word' id='word_1_720' title='bbox 3488 3353 3577 3395; x_wconf 85' lang='lat' dir='ltr'><strong>as-</strong></span> 
     </span>
    </p>
   </div>
   <div class='ocr_carea' id='block_1_95' title="bbox 1974 3431 3579 3509">
    <p class='ocr_par' dir='ltr' id='par_1_95' title="bbox 1974 3431 3579 3509">
     <span class='ocr_line' id='line_1_95' title="bbox 1974 3431 3579 3509; baseline -0.006 -16"><span class='ocrx_word' id='word_1_721' title='bbox 1974 3440 2326 3509; x_wconf 89' lang='lat' dir='ltr'><strong>sumpsimus.</strong></span> <span class='ocrx_word' id='word_1_722' title='bbox 2348 3440 2479 3493; x_wconf 89' lang='lat' dir='ltr'><strong>Date</strong></span> <span class='ocrx_word' id='word_1_723' title='bbox 2499 3452 2627 3507; x_wconf 82' lang='lat' dir='ltr'><strong>ergo</strong></span> <span class='ocrx_word' id='word_1_724' title='bbox 2646 3451 2775 3491; x_wconf 89' lang='lat' dir='ltr'><strong>vero</strong></span> <span class='ocrx_word' id='word_1_725' title='bbox 2792 3433 2940 3493; x_wconf 77' lang='lat' dir='ltr'><strong>Levi.</strong></span> <span class='ocrx_word' id='word_1_726' title='bbox 2965 3434 3036 3489; x_wconf 92' lang='lat' dir='ltr'><strong>illi</strong></span> <span class='ocrx_word' id='word_1_727' title='bbox 3051 3433 3395 3489; x_wconf 85' lang='lat' dir='ltr'><strong>sacerdotum</strong></span> <span class='ocrx_word' id='word_1_728' title='bbox 3426 3431 3579 3496; x_wconf 81' lang='lat' dir='ltr'><strong>priu-</strong></span> 
     </span>
    </p>
   </div>
   <div class='ocr_carea' id='block_1_96' title="bbox 1974 3522 3576 3601">
    <p class='ocr_par' dir='ltr' id='par_1_96' title="bbox 1974 3522 3576 3601">
     <span class='ocr_line' id='line_1_96' title="bbox 1974 3522 3576 3601; baseline -0.007 -13"><span class='ocrx_word' id='word_1_729' title='bbox 1974 3532 2102 3601; x_wconf 87' lang='lat' dir='ltr'><strong>cipi,</strong></span> <span class='ocrx_word' id='word_1_730' title='bbox 2158 3546 2287 3586; x_wconf 87' lang='lat' dir='ltr'><strong>vero</strong></span> <span class='ocrx_word' id='word_1_731' title='bbox 2334 3533 2537 3593; x_wconf 81' lang='lat' dir='ltr'><strong>Aaron,</strong></span> <span class='ocrx_word' id='word_1_732' title='bbox 2589 3543 2721 3584; x_wconf 87' lang='lat' dir='ltr'><strong>vero</strong></span> <span class='ocrx_word' id='word_1_733' title='bbox 2761 3525 3183 3588; x_wconf 74' lang='lat' dir='ltr'><strong>Melchisedech,</strong></span> <span class='ocrx_word' id='word_1_734' title='bbox 3221 3539 3380 3580; x_wconf 86' lang='lat' dir='ltr'><strong>veros</strong></span> <span class='ocrx_word' id='word_1_735' title='bbox 3431 3522 3576 3593; x_wconf 84' lang='lat' dir='ltr'><strong>ejus,</strong></span> 
     </span>
    </p>
   </div>
   <div class='ocr_carea' id='block_1_97' title="bbox 1975 3615 3578 3695">
    <p class='ocr_par' dir='ltr' id='par_1_97' title="bbox 1975 3615 3578 3695">
     <span class='ocr_line' id='line_1_97' title="bbox 1975 3615 3578 3695; baseline -0.003 -19"><span class='ocrx_word' id='word_1_736' title='bbox 1975 3624 2168 3695; x_wconf 86' lang='lat' dir='ltr'><strong>quales</strong></span> <span class='ocrx_word' id='word_1_737' title='bbox 2195 3624 2313 3694; x_wconf 86' lang='lat' dir='ltr'><strong>ipse</strong></span> <span class='ocrx_word' id='word_1_738' title='bbox 2342 3622 2612 3686; x_wconf 87' lang='lat' dir='ltr'><strong>condidit,</strong></span> <span class='ocrx_word' id='word_1_739' title='bbox 2646 3636 2751 3676; x_wconf 93' lang='lat' dir='ltr'><strong>nou</strong></span> <span class='ocrx_word' id='word_1_740' title='bbox 2794 3619 2983 3691; x_wconf 88' lang='lat' dir='ltr'><strong>quales</strong></span> <span class='ocrx_word' id='word_1_741' title='bbox 3024 3618 3206 3675; x_wconf 58' lang='lat' dir='ltr'><strong>sa‘culi</strong></span> <span class='ocrx_word' id='word_1_742' title='bbox 3239 3615 3399 3688; x_wconf 88' lang='lat' dir='ltr'><strong>hujus</strong></span> <span class='ocrx_word' id='word_1_743' title='bbox 3446 3629 3578 3671; x_wconf 87' lang='lat' dir='ltr'><strong>usus</strong></span> 
     </span>
    </p>
   </div>
   <div class='ocr_carea' id='block_1_98' title="bbox 1974 3709 3578 3787">
    <p class='ocr_par' dir='ltr' id='par_1_98' title="bbox 1974 3709 3578 3787">
     <span class='ocr_line' id='line_1_98' title="bbox 1974 3709 3578 3787; baseline -0.008 -12"><span class='ocrx_word' id='word_1_744' title='bbox 1974 3716 2176 3784; x_wconf 82' lang='lat' dir='ltr'><strong>eflicit;</strong></span> <span class='ocrx_word' id='word_1_745' title='bbox 2212 3726 2269 3771; x_wconf 91' lang='lat' dir='ltr'><strong>ut</strong></span> <span class='ocrx_word' id='word_1_746' title='bbox 2288 3732 2423 3787; x_wconf 91' lang='lat' dir='ltr'><strong>opus</strong></span> <span class='ocrx_word' id='word_1_747' title='bbox 2448 3730 2605 3772; x_wconf 92' lang='lat' dir='ltr'><strong>suum</strong></span> <span class='ocrx_word' id='word_1_748' title='bbox 2632 3716 2684 3770; x_wconf 88' lang='lat' dir='ltr'><strong>itt</strong></span> <span class='ocrx_word' id='word_1_749' title='bbox 2708 3717 2862 3770; x_wconf 87' lang='lat' dir='ltr'><strong>vobis</strong></span> <span class='ocrx_word' id='word_1_750' title='bbox 2892 3723 2946 3769; x_wconf 90' lang='lat' dir='ltr'><strong>et</strong></span> <span class='ocrx_word' id='word_1_751' title='bbox 2968 3712 3098 3768; x_wconf 91' lang='lat' dir='ltr'><strong>illud</strong></span> <span class='ocrx_word' id='word_1_752' title='bbox 3127 3710 3367 3784; x_wconf 88' lang='lat' dir='ltr'><strong>genitale</strong></span> <span class='ocrx_word' id='word_1_753' title='bbox 3392 3709 3578 3779; x_wconf 81' lang='lat' dir='ltr'><strong>signa-</strong></span> 
     </span>
    </p>
   </div>
   <div class='ocr_carea' id='block_1_99' title="bbox 1974 3808 3396 3880">
    <p class='ocr_par' dir='ltr' id='par_1_99' title="bbox 1974 3808 3396 3880">
     <span class='ocr_line' id='line_1_99' title="bbox 1974 3808 3396 3880; baseline -0.006 -13"><span class='ocrx_word' id='word_1_754' title='bbox 1974 3813 2154 3867; x_wconf 81' lang='lat' dir='ltr'><strong>Cqum</strong></span> <span class='ocrx_word' id='word_1_755' title='bbox 2178 3809 2491 3865; x_wconf 88' lang='lat' dir='ltr'><strong>inviolatum</strong></span> <span class='ocrx_word' id='word_1_756' title='bbox 2523 3817 2687 3878; x_wconf 88' lang='lat' dir='ltr'><strong>atque</strong></span> <span class='ocrx_word' id='word_1_757' title='bbox 2719 3808 2990 3880; x_wconf 76' lang='lat' dir='ltr'><strong>integrum</strong></span> <span class='ocrx_word' id='word_1_758' title='bbox 3023 3813 3396 3877; x_wconf 75' lang='lat' dir='ltr'><strong>recognoscat.</strong></span> 
     </span>
    </p>
   </div>
   <div class='ocr_carea' id='block_1_100' title="bbox 2046 3896 3575 3970">
    <p class='ocr_par' dir='ltr' id='par_1_100' title="bbox 2046 3896 3575 3970">
     <span class='ocr_line' id='line_1_100' title="bbox 2046 3896 3575 3970; baseline -0.007 -9"><span class='ocrx_word' id='word_1_759' title='bbox 2046 3904 2136 3961; x_wconf 82' lang='lat'><strong>56.</strong></span> <span class='ocrx_word' id='word_1_760' title='bbox 2171 3904 2305 3957; x_wconf 86' lang='lat' dir='ltr'><strong>Date</strong></span> <span class='ocrx_word' id='word_1_761' title='bbox 2328 3902 2427 3968; x_wconf 91' lang='lat' dir='ltr'><strong>illi,</strong></span> <span class='ocrx_word' id='word_1_762' title='bbox 2459 3901 2713 3957; x_wconf 76' lang='lat' dir='ltr'><strong>exhibete</strong></span> <span class='ocrx_word' id='word_1_763' title='bbox 2766 3902 2917 3957; x_wconf 90' lang='lat' dir='ltr'><strong>illum</strong></span> <span class='ocrx_word' id='word_1_764' title='bbox 2945 3900 3117 3955; x_wconf 82' lang='lat' dir='ltr'><strong>Adam</strong></span> <span class='ocrx_word' id='word_1_765' title='bbox 3139 3901 3227 3970; x_wconf 88' lang='lat' dir='ltr'><strong>qui</strong></span> <span class='ocrx_word' id='word_1_766' title='bbox 3278 3898 3378 3953; x_wconf 81' lang='lat' dir='ltr'><strong>fuit</strong></span> <span class='ocrx_word' id='word_1_767' title='bbox 3413 3896 3575 3970; x_wconf 70' lang='lat'><strong>287</strong></span> 
     </span>
    </p>
   </div>
   <div class='ocr_carea' id='block_1_101' title="bbox 1975 3992 3579 4071">
    <p class='ocr_par' dir='ltr' id='par_1_101' title="bbox 1975 3992 3579 4071">
     <span class='ocr_line' id='line_1_101' title="bbox 1975 3992 3579 4071; baseline -0.007 -19"><span class='ocrx_word' id='word_1_768' title='bbox 1975 4010 2102 4054; x_wconf 91' lang='lat' dir='ltr'><strong>ante</strong></span> <span class='ocrx_word' id='word_1_769' title='bbox 2124 4007 2427 4071; x_wconf 79' lang='lat' dir='ltr'><strong>peccatum,</strong></span> <span class='ocrx_word' id='word_1_770' title='bbox 2470 3998 2619 4052; x_wconf 86' lang='lat' dir='ltr'><strong>illam</strong></span> <span class='ocrx_word' id='word_1_771' title='bbox 2663 3996 2829 4051; x_wconf 85' lang='lat' dir='ltr'><strong>Evam</strong></span> <span class='ocrx_word' id='word_1_772' title='bbox 2863 4011 2985 4066; x_wconf 74' lang='lat' dir='ltr'><strong>qua:</strong></span> <span class='ocrx_word' id='word_1_773' title='bbox 3031 3995 3131 4049; x_wconf 80' lang='lat' dir='ltr'><strong>luit</strong></span> <span class='ocrx_word' id='word_1_774' title='bbox 3172 4001 3459 4062; x_wconf 76' lang='lat' dir='ltr'><strong>antequam</strong></span> <span class='ocrx_word' id='word_1_775' title='bbox 3493 3992 3579 4043; x_wconf 91' lang='lat' dir='ltr'><strong>lu-</strong></span> 
     </span>
    </p>
   </div>
   <div class='ocr_carea' id='block_1_102' title="bbox 1976 4080 3580 4162">
    <p class='ocr_par' dir='ltr' id='par_1_102' title="bbox 1976 4080 3580 4162">
     <span class='ocr_line' id='line_1_102' title="bbox 1976 4080 3580 4162; baseline -0.007 -16"><span class='ocrx_word' id='word_1_776' title='bbox 1976 4091 2184 4147; x_wconf 89' lang='lat' dir='ltr'><strong>bricum</strong></span> <span class='ocrx_word' id='word_1_777' title='bbox 2214 4091 2483 4162; x_wconf 80' lang='lat' dir='ltr'><strong>serpentis</strong></span> <span class='ocrx_word' id='word_1_778' title='bbox 2522 4092 2765 4146; x_wconf 83' lang='lat' dir='ltr'><strong>hauriret</strong></span> <span class='ocrx_word' id='word_1_779' title='bbox 2794 4103 3087 4154; x_wconf 87' lang='lat' dir='ltr'><strong>venenum,</strong></span> <span class='ocrx_word' id='word_1_780' title='bbox 3114 4086 3428 4156; x_wconf 90' lang='lat' dir='ltr'><strong>priusquam</strong></span> <span class='ocrx_word' id='word_1_781' title='bbox 3459 4080 3580 4150; x_wconf 88' lang='lat' dir='ltr'><strong>ejus</strong></span> 
     </span>
    </p>
   </div>
   <div class='ocr_carea' id='block_1_103' title="bbox 1977 4177 3582 4256">
    <p class='ocr_par' dir='ltr' id='par_1_103' title="bbox 1977 4177 3582 4256">
     <span class='ocr_line' id='line_1_103' title="bbox 1977 4177 3582 4256; baseline -0.007 -15"><span class='ocrx_word' id='word_1_782' title='bbox 1977 4186 2456 4255; x_wconf 79' lang='lat' dir='ltr'><strong>Supplantarentur</strong></span> <span class='ocrx_word' id='word_1_783' title='bbox 2499 4185 2732 4249; x_wconf 82' lang='lat' dir='ltr'><strong>insidiis,</strong></span> <span class='ocrx_word' id='word_1_784' title='bbox 2763 4181 2984 4256; x_wconf 88' lang='lat' dir='ltr'><strong>quando</strong></span> <span class='ocrx_word' id='word_1_785' title='bbox 3019 4196 3124 4234; x_wconf 92' lang='lat' dir='ltr'><strong>non</strong></span> <span class='ocrx_word' id='word_1_786' title='bbox 3169 4177 3442 4232; x_wconf 89' lang='lat' dir='ltr'><strong>habebant</strong></span> <span class='ocrx_word' id='word_1_787' title='bbox 3473 4188 3582 4244; x_wconf 91' lang='lat' dir='ltr'><strong>quo</strong></span> 
     </span>
    </p>
   </div>
   <div class='ocr_carea' id='block_1_104' title="bbox 1977 4267 3582 4346">
    <p class='ocr_par' dir='ltr' id='par_1_104' title="bbox 1977 4267 3582 4346">
     <span class='ocr_line' id='line_1_104' title="bbox 1977 4267 3582 4346; baseline -0.007 -13"><span class='ocrx_word' id='word_1_788' title='bbox 1977 4277 2485 4334; x_wconf 76' lang='lat' dir='ltr'><strong>etml&#39;undrrentnr?</strong></span> <span class='ocrx_word' id='word_1_789' title='bbox 2512 4276 2642 4333; x_wconf 81' lang='lat' dir='ltr'><strong>Nam</strong></span> <span class='ocrx_word' id='word_1_790' title='bbox 2670 4277 2855 4346; x_wconf 86' lang='lat' dir='ltr'><strong>utique</strong></span> <span class='ocrx_word' id='word_1_791' title='bbox 2882 4289 3045 4339; x_wconf 80' lang='lat' dir='ltr'><strong>nunc,</strong></span> <span class='ocrx_word' id='word_1_792' title='bbox 3076 4274 3197 4327; x_wconf 89' lang='lat' dir='ltr'><strong>licet</strong></span> <span class='ocrx_word' id='word_1_793' title='bbox 3223 4271 3366 4327; x_wconf 81' lang='lat' dir='ltr'><strong>bona</strong></span> <span class='ocrx_word' id='word_1_794' title='bbox 3384 4267 3582 4337; x_wconf 87' lang='lat' dir='ltr'><strong>conju-</strong></span> 
     </span>
    </p>
   </div>
   <div class='ocr_carea' id='block_1_105' title="bbox 1979 4363 3584 4441">
    <p class='ocr_par' dir='ltr' id='par_1_105' title="bbox 1979 4363 3584 4441">
     <span class='ocr_line' id='line_1_105' title="bbox 1979 4363 3584 4441; baseline -0.005 -18"><span class='ocrx_word' id='word_1_795' title='bbox 1979 4372 2087 4439; x_wconf 76' lang='lat' dir='ltr'><strong>gia,</strong></span> <span class='ocrx_word' id='word_1_796' title='bbox 2118 4381 2293 4426; x_wconf 88' lang='lat' dir='ltr'><strong>tamen</strong></span> <span class='ocrx_word' id='word_1_797' title='bbox 2329 4371 2534 4427; x_wconf 88' lang='lat' dir='ltr'><strong>habent</strong></span> <span class='ocrx_word' id='word_1_798' title='bbox 2570 4371 2711 4441; x_wconf 89' lang='lat' dir='ltr'><strong>quod</strong></span> <span class='ocrx_word' id='word_1_799' title='bbox 2745 4370 2889 4426; x_wconf 90' lang='lat' dir='ltr'><strong>inter</strong></span> <span class='ocrx_word' id='word_1_800' title='bbox 2916 4384 2976 4424; x_wconf 84' lang='lat' dir='ltr'><strong>se</strong></span> <span class='ocrx_word' id='word_1_801' title='bbox 3014 4366 3115 4436; x_wconf 92' lang='lat' dir='ltr'><strong>ipsi</strong></span> <span class='ocrx_word' id='word_1_802' title='bbox 3160 4363 3419 4434; x_wconf 85' lang='lat' dir='ltr'><strong>conjuges</strong></span> <span class='ocrx_word' id='word_1_803' title='bbox 3454 4376 3584 4416; x_wconf 88' lang='lat' dir='ltr'><strong>eru-</strong></span> 
     </span>
    </p>
   </div>
   <div class='ocr_carea' id='block_1_106' title="bbox 1980 4454 3586 4532">
    <p class='ocr_par' dir='ltr' id='par_1_106' title="bbox 1980 4454 3586 4532">
     <span class='ocr_line' id='line_1_106' title="bbox 1980 4454 3586 4532; baseline -0.007 -12"><span class='ocrx_word' id='word_1_804' title='bbox 1980 4463 2225 4520; x_wconf 87' lang='lat' dir='ltr'><strong>bescant.</strong></span> <span class='ocrx_word' id='word_1_805' title='bbox 2258 4461 2422 4520; x_wconf 75' lang='lat' dir='ltr'><strong>Tales</strong></span> <span class='ocrx_word' id='word_1_806' title='bbox 2448 4480 2579 4532; x_wconf 66' lang='lat' dir='ltr'><strong>ergo</strong></span> <span class='ocrx_word' id='word_1_807' title='bbox 2605 4473 2800 4528; x_wconf 76' lang='lat' dir='ltr'><strong>estote,</strong></span> <span class='ocrx_word' id='word_1_808' title='bbox 2824 4461 2943 4528; x_wconf 86' lang='lat' dir='ltr'><strong>lilii,</strong></span> <span class='ocrx_word' id='word_1_809' title='bbox 2977 4460 3165 4531; x_wconf 85' lang='lat' dir='ltr'><strong>quales</strong></span> <span class='ocrx_word' id='word_1_810' title='bbox 3188 4458 3361 4513; x_wconf 82' lang='lat' dir='ltr'><strong>Adam</strong></span> <span class='ocrx_word' id='word_1_811' title='bbox 3389 4464 3442 4511; x_wconf 85' lang='lat' dir='ltr'><strong>et</strong></span> <span class='ocrx_word' id='word_1_812' title='bbox 3471 4454 3586 4509; x_wconf 84' lang='lat' dir='ltr'><strong>Eva</strong></span> 
     </span>
    </p>
   </div>
   <div class='ocr_carea' id='block_1_107' title="bbox 1985 4547 3589 4627">
    <p class='ocr_par' dir='ltr' id='par_1_107' title="bbox 1985 4547 3589 4627">
     <span class='ocr_line' id='line_1_107' title="bbox 1985 4547 3589 4627; baseline -0.007 -16"><span class='ocrx_word' id='word_1_813' title='bbox 1985 4556 2038 4611; x_wconf 92' lang='lat' dir='ltr'><strong>in</strong></span> <span class='ocrx_word' id='word_1_814' title='bbox 2072 4559 2322 4625; x_wconf 84' lang='lat' dir='ltr'><strong>paradiso</strong></span> <span class='ocrx_word' id='word_1_815' title='bbox 2359 4558 2573 4613; x_wconf 82' lang='lat' dir='ltr'><strong>luerunt</strong></span> <span class='ocrx_word' id='word_1_816' title='bbox 2614 4558 2632 4627; x_wconf 94' lang='lat'><strong>(</strong></span> <span class='ocrx_word' id='word_1_817' title='bbox 2666 4555 2794 4611; x_wconf 80' lang='lat' dir='ltr'><strong>Gen.</strong></span> <span class='ocrx_word' id='word_1_818' title='bbox 2841 4570 2912 4621; x_wconf 86' lang='lat' dir='ltr'><strong>tv,</strong></span> <span class='ocrx_word' id='word_1_819' title='bbox 2944 4552 3039 4624; x_wconf 66' lang='grc' dir='ltr'><strong>Ξ).</strong></span> <span class='ocrx_word' id='word_1_820' title='bbox 3084 4552 3159 4606; x_wconf 91' lang='lat' dir='ltr'><strong>De</strong></span> <span class='ocrx_word' id='word_1_821' title='bbox 3200 4549 3398 4619; x_wconf 89' lang='lat' dir='ltr'><strong>quibus</strong></span> <span class='ocrx_word' id='word_1_822' title='bbox 3449 4547 3589 4603; x_wconf 86' lang='lat' dir='ltr'><strong>scri-</strong></span> 
     </span>
    </p>
   </div>
   <div class='ocr_carea' id='block_1_108' title="bbox 1988 4642 3593 4722">
    <p class='ocr_par' dir='ltr' id='par_1_108' title="bbox 1988 4642 3593 4722">
     <span class='ocr_line' id='line_1_108' title="bbox 1988 4642 3593 4722; baseline -0.005 -18"><span class='ocrx_word' id='word_1_823' title='bbox 1988 4659 2135 4719; x_wconf 90' lang='lat' dir='ltr'><strong>ptum</strong></span> <span class='ocrx_word' id='word_1_824' title='bbox 2165 4662 2271 4716; x_wconf 90' lang='lat' dir='ltr'><strong>est,</strong></span> <span class='ocrx_word' id='word_1_825' title='bbox 2303 4652 2444 4720; x_wconf 90' lang='lat' dir='ltr'><strong>quod</strong></span> <span class='ocrx_word' id='word_1_826' title='bbox 2484 4659 2831 4722; x_wconf 84' lang='lat' dir='ltr'><strong>posteaquam</strong></span> <span class='ocrx_word' id='word_1_827' title='bbox 2872 4647 2939 4702; x_wconf 88' lang='lat' dir='ltr'><strong>de</strong></span> <span class='ocrx_word' id='word_1_828' title='bbox 2986 4643 3237 4713; x_wconf 79' lang='lat' dir='ltr'><strong>paradiso</strong></span> <span class='ocrx_word' id='word_1_829' title='bbox 3258 4653 3340 4698; x_wconf 87' lang='lat' dir='ltr'><strong>est</strong></span> <span class='ocrx_word' id='word_1_830' title='bbox 3387 4642 3593 4712; x_wconf 80' lang='lat' dir='ltr'><strong>ejectus</strong></span> 
     </span>
    </p>
   </div>
   <div class='ocr_carea' id='block_1_109' title="bbox 1987 4737 3586 4815">
    <p class='ocr_par' dir='ltr' id='par_1_109' title="bbox 1987 4737 3586 4815">
     <span class='ocr_line' id='line_1_109' title="bbox 1987 4737 3586 4815; baseline -0.006 -18"><span class='ocrx_word' id='word_1_831' title='bbox 1987 4742 2183 4811; x_wconf 86' lang='lat' dir='ltr'><strong>Adam,</strong></span> <span class='ocrx_word' id='word_1_832' title='bbox 2213 4748 2464 4815; x_wconf 84' lang='lat' dir='ltr'><strong>cognovit</strong></span> <span class='ocrx_word' id='word_1_833' title='bbox 2495 4744 2660 4798; x_wconf 82' lang='lat' dir='ltr'><strong>Evam</strong></span> <span class='ocrx_word' id='word_1_834' title='bbox 2690 4758 2914 4798; x_wconf 80' lang='lat' dir='ltr'><strong>uxorem</strong></span> <span class='ocrx_word' id='word_1_835' title='bbox 2945 4755 3122 4805; x_wconf 89' lang='lat' dir='ltr'><strong>suam,</strong></span> <span class='ocrx_word' id='word_1_836' title='bbox 3155 4747 3210 4793; x_wconf 93' lang='lat' dir='ltr'><strong>et</strong></span> <span class='ocrx_word' id='word_1_837' title='bbox 3251 4737 3340 4792; x_wconf 90' lang='lat' dir='ltr'><strong>illa</strong></span> <span class='ocrx_word' id='word_1_838' title='bbox 3386 4747 3586 4791; x_wconf 68' lang='lat' dir='ltr'><strong>conceo</strong></span> 
     </span>
    </p>
   </div>
   <div class='ocr_carea' id='block_1_110' title="bbox 1988 4825 3597 4909">
    <p class='ocr_par' dir='ltr' id='par_1_110' title="bbox 1988 4825 3597 4909">
     <span class='ocr_line' id='line_1_110' title="bbox 1988 4825 3597 4909; baseline -0.012 -9"><span class='ocrx_word' id='word_1_839' title='bbox 1988 4836 2091 4908; x_wconf 78' lang='grc' dir='ltr'><strong>Ρὶι,</strong></span> <span class='ocrx_word' id='word_1_840' title='bbox 2118 4835 2136 4874; x_wconf 70' lang='grc' dir='ltr'>ί</span> <span class='ocrx_word' id='word_1_841' title='bbox 2161 4847 2217 4893; x_wconf 84' lang='lat' dir='ltr'><strong>et</strong></span> <span class='ocrx_word' id='word_1_842' title='bbox 2257 4836 2464 4909; x_wconf 84' lang='lat' dir='ltr'><strong>peperit</strong></span> <span class='ocrx_word' id='word_1_843' title='bbox 2497 4837 2690 4902; x_wconf 78' lang='lat' dir='ltr'><strong>filium,</strong></span> <span class='ocrx_word' id='word_1_844' title='bbox 2733 4851 2894 4907; x_wconf 90' lang='lat' dir='ltr'><strong>quem</strong></span> <span class='ocrx_word' id='word_1_845' title='bbox 2948 4832 3166 4890; x_wconf 87' lang='lat' dir='ltr'><strong>vocavit</strong></span> <span class='ocrx_word' id='word_1_846' title='bbox 3205 4830 3337 4887; x_wconf 87' lang='lat' dir='ltr'><strong>Cain</strong></span> <span class='ocrx_word' id='word_1_847' title='bbox 3371 4836 3468 4884; x_wconf 90' lang='lat' dir='ltr'><strong>:et</strong></span> <span class='ocrx_word' id='word_1_848' title='bbox 3493 4825 3597 4882; x_wconf 89' lang='lat' dir='ltr'><strong>ite-</strong></span> 
     </span>
    </p>
   </div>
   <div class='ocr_carea' id='block_1_111' title="bbox 1999 5013 3593 5099">
    <p class='ocr_par' dir='ltr' id='par_1_111' title="bbox 1999 5013 3593 5099">
     <span class='ocr_line' id='line_1_111' title="bbox 1999 5013 3593 5099; baseline -0.009 -21"><span class='ocrx_word' id='word_1_849' title='bbox 1999 5020 2070 5099; x_wconf 64' lang='grc' dir='ltr'><strong>Εἰ</strong></span> <span class='ocrx_word' id='word_1_850' title='bbox 2088 5023 2230 5099; x_wconf 90' lang='lat' dir='ltr'><strong>hinc</strong></span> <span class='ocrx_word' id='word_1_851' title='bbox 2260 5024 2786 5099; x_wconf 66' lang='lat' dir='ltr'><strong>corrigendusidcm</strong></span> <span class='ocrx_word' id='word_1_852' title='bbox 2813 5023 2976 5099; x_wconf 67' lang='lat' dir='ltr'><strong>locus</strong></span> <span class='ocrx_word' id='word_1_853' title='bbox 3001 5034 3165 5091; x_wconf 91' lang='lat' dir='ltr'><strong>supra</strong></span> <span class='ocrx_word' id='word_1_854' title='bbox 3196 5019 3300 5099; x_wconf 86' lang='lat' dir='ltr'><strong>col.</strong></span> <span class='ocrx_word' id='word_1_855' title='bbox 3327 5013 3417 5099; x_wconf 35' lang='lat'><strong>6.9,</strong></span> <span class='ocrx_word' id='word_1_856' title='bbox 3438 5027 3593 5097; x_wconf 56' lang='lat' dir='ltr'><strong>num.</strong></span> 
     </span>
    </p>
   </div>
   <div class='ocr_carea' id='block_1_112' title="bbox 1996 5093 3596 5169">
    <p class='ocr_par' dir='ltr' id='par_1_112' title="bbox 1996 5093 3596 5169">
     <span class='ocr_line' id='line_1_112' title="bbox 1996 5093 3596 5169; baseline -0.006 -19"><span class='ocrx_word' id='word_1_857' title='bbox 1996 5096 2124 5163; x_wconf 69' lang='lat'><strong>266,</strong></span> <span class='ocrx_word' id='word_1_858' title='bbox 2158 5106 2212 5149; x_wconf 91' lang='lat' dir='ltr'><strong>et</strong></span> <span class='ocrx_word' id='word_1_859' title='bbox 2248 5093 2589 5152; x_wconf 72' lang='lat' dir='ltr'><strong>emendanda</strong></span> <span class='ocrx_word' id='word_1_860' title='bbox 2622 5096 2825 5152; x_wconf 88' lang='lat' dir='ltr'><strong>ibidetn</strong></span> <span class='ocrx_word' id='word_1_861' title='bbox 2857 5093 3446 5169; x_wconf 44' lang='grc' dir='ltr'>ξιιιιῇιιοιιιιιιιιιιιιςιιιοξ</span> <span class='ocrx_word' id='word_1_862' title='bbox 3490 5093 3596 5169; x_wconf 71' lang='lat' dir='ltr'><strong>nisi</strong></span> 
     </span>
    </p>
   </div>
   <div class='ocr_carea' id='block_1_113' title="bbox 1996 5156 3595 5238">
    <p class='ocr_par' dir='ltr' id='par_1_113' title="bbox 1996 5156 3595 5238">
     <span class='ocr_line' id='line_1_113' title="bbox 1996 5156 3595 5238; baseline -0.009 -15"><span class='ocrx_word' id='word_1_863' title='bbox 1996 5156 2122 5238; x_wconf 79' lang='lat' dir='ltr'><strong>quis</strong></span> <span class='ocrx_word' id='word_1_864' title='bbox 2149 5169 2305 5223; x_wconf 76' lang='lat' dir='ltr'><strong>malit</strong></span> <span class='ocrx_word' id='word_1_865' title='bbox 2352 5169 2697 5223; x_wconf 83' lang='lat' dir='ltr'><strong>Ambrosium</strong></span> <span class='ocrx_word' id='word_1_866' title='bbox 2746 5167 2916 5222; x_wconf 80' lang='lat' dir='ltr'><strong>variis</strong></span> <span class='ocrx_word' id='word_1_867' title='bbox 2943 5156 2994 5219; x_wconf 75' lang='lat' dir='ltr'><strong>in</strong></span> <span class='ocrx_word' id='word_1_868' title='bbox 3022 5162 3299 5238; x_wconf 85' lang='lat' dir='ltr'><strong>codicibus</strong></span> <span class='ocrx_word' id='word_1_869' title='bbox 3317 5158 3483 5238; x_wconf 39' lang='lat' dir='ltr'><strong>.varie</strong></span> <span class='ocrx_word' id='word_1_870' title='bbox 3507 5156 3595 5238; x_wconf 61' lang='lat' dir='ltr'><strong>le:</strong></span> 
     </span>
    </p>
   </div>
   <div class='ocr_carea' id='block_1_114' title="bbox 1994 5226 3595 5313">
    <p class='ocr_par' dir='ltr' id='par_1_114' title="bbox 1994 5226 3595 5313">
     <span class='ocr_line' id='line_1_114' title="bbox 1994 5226 3595 5313; baseline -0.009 -17"><span class='ocrx_word' id='word_1_871' title='bbox 1994 5226 2162 5313; x_wconf 76' lang='lat' dir='ltr'><strong>gisse,</strong></span> <span class='ocrx_word' id='word_1_872' title='bbox 2187 5242 2328 5309; x_wconf 86' lang='lat' dir='ltr'><strong>quod</strong></span> <span class='ocrx_word' id='word_1_873' title='bbox 2364 5242 2538 5295; x_wconf 86' lang='lat' dir='ltr'><strong>eidem</strong></span> <span class='ocrx_word' id='word_1_874' title='bbox 2560 5241 2690 5296; x_wconf 85' lang='lat' dir='ltr'><strong>alibi</strong></span> <span class='ocrx_word' id='word_1_875' title='bbox 2732 5254 2945 5312; x_wconf 85' lang='lat' dir='ltr'><strong>quoque</strong></span> <span class='ocrx_word' id='word_1_876' title='bbox 2974 5252 3073 5290; x_wconf 90' lang='lat' dir='ltr'><strong>usu</strong></span> <span class='ocrx_word' id='word_1_877' title='bbox 3100 5234 3291 5287; x_wconf 78' lang='lat' dir='ltr'><strong>Venire</strong></span> <span class='ocrx_word' id='word_1_878' title='bbox 3317 5228 3458 5284; x_wconf 86' lang='lat' dir='ltr'><strong>haud</strong></span> <span class='ocrx_word' id='word_1_879' title='bbox 3489 5226 3595 5283; x_wconf 81' lang='lat' dir='ltr'><strong>dif-</strong></span> 
     </span>
    </p>
   </div>
   <div class='ocr_carea' id='block_1_115' title="bbox 1996 5313 2659 5368">
    <p class='ocr_par' dir='ltr' id='par_1_115' title="bbox 1996 5313 2659 5368">
     <span class='ocr_line' id='line_1_115' title="bbox 1996 5313 2659 5368; baseline -0.003 0"><span class='ocrx_word' id='word_1_880' title='bbox 1996 5313 2215 5368; x_wconf 78' lang='lat' dir='ltr'><strong>ﬁculter</strong></span> <span class='ocrx_word' id='word_1_881' title='bbox 2241 5313 2659 5368; x_wconf 82' lang='lat' dir='ltr'><strong>animadvertas.</strong></span> 
     </span>
    </p>
   </div>
   <div class='ocr_carea' id='block_1_116' title="bbox 2075 5369 3590 5455">
    <p class='ocr_par' dir='ltr' id='par_1_116' title="bbox 2075 5369 3590 5455">
     <span class='ocr_line' id='line_1_116' title="bbox 2075 5369 3590 5455; baseline -0.009 -16"><span class='ocrx_word' id='word_1_882' title='bbox 2075 5382 2095 5422; x_wconf 71' lang='grc' dir='ltr'>ί</span> <span class='ocrx_word' id='word_1_883' title='bbox 2128 5382 2330 5440; x_wconf 88' lang='lat' dir='ltr'><strong>Omnes</strong></span> <span class='ocrx_word' id='word_1_884' title='bbox 2360 5386 2491 5439; x_wconf 88' lang='lat' dir='ltr'><strong>edit.</strong></span> <span class='ocrx_word' id='word_1_885' title='bbox 2517 5425 2533 5450; x_wconf 97' lang='lat'><strong>,</strong></span> <span class='ocrx_word' id='word_1_886' title='bbox 2568 5395 2615 5439; x_wconf 85' lang='lat' dir='ltr'><strong>et</strong></span> <span class='ocrx_word' id='word_1_887' title='bbox 2646 5384 2845 5455; x_wconf 87' lang='lat' dir='ltr'><strong>peperit</strong></span> <span class='ocrx_word' id='word_1_888' title='bbox 2875 5381 3076 5455; x_wconf 77' lang='lat' dir='ltr'><strong>ﬁlium,</strong></span> <span class='ocrx_word' id='word_1_889' title='bbox 3100 5374 3192 5455; x_wconf 65' lang='lat' dir='ltr'><strong>cui</strong></span> <span class='ocrx_word' id='word_1_890' title='bbox 3227 5388 3407 5426; x_wconf 82' lang='lat' dir='ltr'><strong>nomen</strong></span> <span class='ocrx_word' id='word_1_891' title='bbox 3442 5369 3590 5426; x_wconf 79' lang='lat' dir='ltr'><strong>Abel.</strong></span> 
     </span>
    </p>
   </div>
   <div class='ocr_carea' id='block_1_117' title="bbox 1996 5449 3593 5529">
    <p class='ocr_par' dir='ltr' id='par_1_117' title="bbox 1996 5449 3593 5529">
     <span class='ocr_line' id='line_1_117' title="bbox 1996 5449 3593 5529; baseline -0.009 -16"><span class='ocrx_word' id='word_1_892' title='bbox 1996 5459 2170 5529; x_wconf 88' lang='lat' dir='ltr'><strong>Quem</strong></span> <span class='ocrx_word' id='word_1_893' title='bbox 2198 5458 2414 5523; x_wconf 82' lang='lat' dir='ltr'><strong>quidem</strong></span> <span class='ocrx_word' id='word_1_894' title='bbox 2443 5449 2620 5529; x_wconf 79' lang='lat' dir='ltr'><strong>locum</strong></span> <span class='ocrx_word' id='word_1_895' title='bbox 2646 5449 2906 5529; x_wconf 53' lang='lat' dir='ltr'><strong>&#39;utancum</strong></span> <span class='ocrx_word' id='word_1_896' title='bbox 2934 5466 2997 5504; x_wconf 89' lang='lat' dir='ltr'><strong>ac</strong></span> <span class='ocrx_word' id='word_1_897' title='bbox 3024 5449 3294 5529; x_wconf 61' lang='lat' dir='ltr'><strong>delectum</strong></span> <span class='ocrx_word' id='word_1_898' title='bbox 3322 5457 3441 5529; x_wconf 78' lang='lat' dir='ltr'><strong>esse</strong></span> <span class='ocrx_word' id='word_1_899' title='bbox 3455 5457 3593 5529; x_wconf 54' lang='lat' dir='ltr'><strong>&#39;eum</strong></span> 
     </span>
    </p>
   </div>
   <div class='ocr_carea' id='block_1_118' title="bbox 1997 5513 3596 5603">
    <p class='ocr_par' dir='ltr' id='par_1_118' title="bbox 1997 5513 3596 5603">
     <span class='ocr_line' id='line_1_118' title="bbox 1997 5513 3596 5603; baseline -0.01 -17"><span class='ocrx_word' id='word_1_900' title='bbox 1997 5513 2277 5598; x_wconf 50' lang='lat' dir='ltr'><strong>sequentia</strong></span> <span class='ocrx_word' id='word_1_901' title='bbox 2304 5513 2493 5603; x_wconf 75' lang='lat' dir='ltr'><strong>aperte</strong></span> <span class='ocrx_word' id='word_1_902' title='bbox 2520 5528 2759 5603; x_wconf 78' lang='lat' dir='ltr'><strong>clament</strong></span> <span class='ocrx_word' id='word_1_903' title='bbox 2778 5568 2791 5589; x_wconf 90' lang='lat'><strong>,</strong></span> <span class='ocrx_word' id='word_1_904' title='bbox 2825 5526 2892 5578; x_wconf 92' lang='lat' dir='ltr'><strong>ita</strong></span> <span class='ocrx_word' id='word_1_905' title='bbox 2923 5517 3435 5603; x_wconf 44' lang='lat' dir='ltr'><strong>sttp’plendutupost</strong></span> <span class='ocrx_word' id='word_1_906' title='bbox 3455 5513 3596 5603; x_wconf 51' lang='lat' dir='ltr'><strong>Ean-</strong></span> 
     </span>
    </p>
   </div>
   <div class='ocr_carea' id='block_1_119' title="bbox 1997 5584 3595 5672">
    <p class='ocr_par' dir='ltr' id='par_1_119' title="bbox 1997 5584 3595 5672">
     <span class='ocr_line' id='line_1_119' title="bbox 1997 5584 3595 5672; baseline -0.011 -13"><span class='ocrx_word' id='word_1_907' title='bbox 1997 5584 2203 5659; x_wconf 72' lang='lat' dir='ltr'><strong>diriium</strong></span> <span class='ocrx_word' id='word_1_908' title='bbox 2226 5584 2391 5656; x_wconf 73' lang='lat' dir='ltr'><strong>edixit</strong></span> <span class='ocrx_word' id='word_1_909' title='bbox 2417 5600 2659 5672; x_wconf 68' lang='lat' dir='ltr'><strong>Latinius</strong></span> <span class='ocrx_word' id='word_1_910' title='bbox 2676 5640 2690 5661; x_wconf 88' lang='lat'><strong>,</strong></span> <span class='ocrx_word' id='word_1_911' title='bbox 2723 5584 3174 5672; x_wconf 32' lang='lat' dir='ltr'><strong>etipeperit&#39;Cain,</strong></span> <span class='ocrx_word' id='word_1_912' title='bbox 3200 5599 3247 5643; x_wconf 91' lang='lat' dir='ltr'><strong>et</strong></span> <span class='ocrx_word' id='word_1_913' title='bbox 3266 5587 3439 5672; x_wconf 66' lang='lat' dir='ltr'><strong>dixit:</strong></span> <span class='ocrx_word' id='word_1_914' title='bbox 3461 5584 3595 5672; x_wconf 45' lang='lat' dir='ltr'><strong>lips:</strong></span> 
     </span>
    </p>
   </div>
   <div class='ocr_carea' id='block_1_120' title="bbox 1996 5659 3592 5737">
    <p class='ocr_par' dir='ltr' id='par_1_120' title="bbox 1996 5659 3592 5737">
     <span class='ocr_line' id='line_1_120' title="bbox 1996 5659 3592 5737; baseline -0.011 -5"><span class='ocrx_word' id='word_1_915' title='bbox 1996 5677 2104 5733; x_wconf 82' lang='lat' dir='ltr'><strong>sedi</strong></span> <span class='ocrx_word' id='word_1_916' title='bbox 2133 5676 2391 5730; x_wconf 86' lang='lat' dir='ltr'><strong>hominem</strong></span> <span class='ocrx_word' id='word_1_917' title='bbox 2420 5689 2507 5737; x_wconf 84' lang='lat' dir='ltr'><strong>per</strong></span> <span class='ocrx_word' id='word_1_918' title='bbox 2530 5659 2716 5723; x_wconf 84' lang='lat' dir='ltr'><strong>Deum.</strong></span> <span class='ocrx_word' id='word_1_919' title='bbox 2746 5659 2811 5720; x_wconf 78' lang='lat' dir='ltr'><strong>Et</strong></span> <span class='ocrx_word' id='word_1_920' title='bbox 2836 5679 3042 5737; x_wconf 81' lang='lat' dir='ltr'><strong>rursum</strong></span> <span class='ocrx_word' id='word_1_921' title='bbox 3066 5661 3329 5737; x_wconf 74' lang='lat' dir='ltr'><strong>concepit,</strong></span> <span class='ocrx_word' id='word_1_922' title='bbox 3358 5669 3462 5715; x_wconf 85' lang='lat' dir='ltr'><strong>etc.</strong></span> <span class='ocrx_word' id='word_1_923' title='bbox 3486 5659 3592 5715; x_wconf 87' lang='lat' dir='ltr'><strong>Sed</strong></span> 
     </span>
    </p>
   </div>
   <div class='ocr_carea' id='block_1_121' title="bbox 2001 5732 3595 5804">
    <p class='ocr_par' dir='ltr' id='par_1_121' title="bbox 2001 5732 3595 5804">
     <span class='ocr_line' id='line_1_121' title="bbox 2001 5732 3595 5804; baseline -0.011 0"><span class='ocrx_word' id='word_1_924' title='bbox 2001 5732 2131 5804; x_wconf 73' lang='lat' dir='ltr'><strong>mss.</strong></span> <span class='ocrx_word' id='word_1_925' title='bbox 2163 5732 2635 5801; x_wconf 28' lang='lat' dir='ltr'><strong>ninnium’factum</strong></span> <span class='ocrx_word' id='word_1_926' title='bbox 2664 5751 2744 5794; x_wconf 88' lang='lat' dir='ltr'><strong>est</strong></span> <span class='ocrx_word' id='word_1_927' title='bbox 2772 5734 3041 5791; x_wconf 89' lang='lat' dir='ltr'><strong>benelicio</strong></span> <span class='ocrx_word' id='word_1_928' title='bbox 3061 5774 3076 5802; x_wconf 92' lang='lat'><strong>,</strong></span> <span class='ocrx_word' id='word_1_929' title='bbox 3104 5748 3174 5790; x_wconf 86' lang='lat' dir='ltr'><strong>ne</strong></span> <span class='ocrx_word' id='word_1_930' title='bbox 3200 5732 3379 5788; x_wconf 80' lang='lat' dir='ltr'><strong>istbac</strong></span> <span class='ocrx_word' id='word_1_931' title='bbox 3402 5747 3595 5788; x_wconf 83' lang='lat' dir='ltr'><strong>eorum</strong></span> 
     </span>
    </p>
   </div>
   <div class='ocr_carea' id='block_1_122' title="bbox 1998 5814 2851 5892">
    <p class='ocr_par' dir='ltr' id='par_1_122' title="bbox 1998 5814 2851 5892">
     <span class='ocr_line' id='line_1_122' title="bbox 1998 5814 2851 5892; baseline -0.018 -14"><span class='ocrx_word' id='word_1_932' title='bbox 1998 5820 2310 5892; x_wconf 84' lang='lat' dir='ltr'><strong>conjectura</strong></span> <span class='ocrx_word' id='word_1_933' title='bbox 2341 5832 2479 5887; x_wconf 87' lang='lat' dir='ltr'><strong>opus</strong></span> <span class='ocrx_word' id='word_1_934' title='bbox 2507 5814 2851 5869; x_wconf 87' lang='lat' dir='ltr'><strong>haberemus.</strong></span> 
     </span>
    </p>
   </div>
  </div>
