4054 6306
187 6100 437 6156 ια’-⁵1

484 217 594 274 347

482 427 678 484 Melior
727 430 907 502 itaque
951 438 1246 506 secundus,
1289 459 1450 514 quam
1484 450 1634 517 prior
1675 451 1917 525 fructus;
1960 459 2084 530 quia

481 518 587 576 iste
635 523 1038 594 immaculatus,
1105 529 1196 588 ille
1252 539 1576 595 maculosus.
1633 543 1737 601 Iste
1805 547 2088 609 adhaerens

483 609 621 679 Deo,
647 623 704 670 et
727 625 874 674 totus
895 634 922 674 a
954 619 1208 694 Domino,
1233 625 1324 685 ille
1347 634 1624 692 mundana
1643 649 1696 694 et
1721 649 1934 698 terrena
1958 660 2086 718 pos-

481 707 676 764 sessio.
723 709 968 785 Denique
991 715 1041 770 in
1074 717 1179 774 isto
1225 725 1411 781 mundi
1450 729 1753 804 redemptio
1799 707 2087 796 annuntia-

480 808 588 870 tur,
621 807 690 861 ab
719 806 815 862 illo
843 812 1034 868 mundi
1061 815 1238 872 ruina.
1274 819 1328 876 In
1363 820 1466 880 hoc
1496 826 1695 887 Christi
1730 835 2082 907 sacrificium,

477 898 533 954 in
566 899 660 954 illo
686 900 888 960 diaboli
916 909 1288 979 parricidium.
1312 915 1453 973 Nihil
1483 936 1616 993 ergo
1645 925 1798 982 vobis
1847 929 1937 998 sit,
1968 898 2084 1001 filii,

477 1005 602 1046 cum
635 997 978 1063 possessione
1025 1005 1231 1072 szcculi,
1283 1024 1382 1065 nec
1413 1021 1643 1071 terrena:
1688 1019 1847 1076 vobis
1889 1032 1946 1079 et
1990 1023 2084 1082 Ju-

479 1083 692 1140 daicae’I
726 1093 1088 1159 possessionis
1127 1097 1263 1157 ullos
1293 1103 1649 1165 vindicandos
1693 1127 1819 1171 esse
1859 1121 2086 1176 sortitus

481 1175 842 1236 arbitremini.

549 1269 637 1324 57.
681 1269 942 1343 Legimus
995 1278 1210 1350 quidem
1243 1287 1370 1358 quia
1402 1289 1655 1364 Moyses,
1709 1293 1761 1354 id
1801 1308 1886 1356 est
1935 1302 2080 1372 Lex,

480 1369 656 1418 terras
686 1364 832 1423 bello
862 1380 930 1440 ,et
958 1371 1110 1430 ccede
1141 1381 1422 1451 quatsitas,
1476 1399 1627 1446 sorte
1673 1392 2086 1455 distribuendos

477 1453 832 1516 liehrmorum
887 1467 1092 1537 populo
1143 1477 1420 1532 censuerit
1469 1479 1669 1552 (Num.
1725 1503 1890 1558 xxvi,
1944 1493 2080 1566 55),

473 1563 705 1618 quarum
740 1560 1149 1624 possessionem
1173 1566 1277 1624 sibi
1310 1571 1528 1643 Salphae
1557 1575 1684 1633 filia:
1713 1584 2080 1652 postularunt,

471 1642 598 1712 quia
629 1641 849 1718 Salphae
883 1649 1006 1708 filiae
1052 1654 1256 1728 (Num.
1289 1641 1474 1734 xxvii,
1513 1667 1538 1722 1
1581 1680 1630 1725 et
1673 1641 1780 1743 seq.
1803 1675 1844 1746 ).
1876 1641 2079 1738 Tamen

469 1735 612 1792 idctn
646 1739 864 1815 Moyses
898 1745 1082 1806 lcvitis
1113 1768 1220 1808 non
1253 1754 1440 1814 divisit
1475 1771 1677 1821 terram
1709 1763 2054 1842 (Deut.:xvm

466 1830 494 1884 1
530 1841 579 1886 et
607 1850 714 1906 seq.
739 1834 792 1908 ),
841 1855 1074 1911 quorum
1109 1861 1216 1903 non
1269 1861 1392 1907 erat
1425 1863 1679 1915 terrenus
1697 1830 1727 1926 ,‘
1766 1862 1864 1918 sed
1915 1881 2082 1938 supe-

467 1925 582 1982 rior
613 1928 919 1988 incolatus:
965 1939 1062 1994 sed
1119 1941 1185 1999 iis
1241 1944 1362 2002 sine
1412 1948 1602 2008 labore
1654 1962 1880 2014 terreno
1937 1963 2077 2019 sacri

468 2021 745 2092 Stipendia
777 2027 1068 2088 ministerii
1114 2035 1417 2108 deputavit.
1463 2043 1684 2118 Salpha:
1731 2062 1912 2109 autem
1954 2055 2080 2113 filiae

468 2115 597 2185 quid
628 2129 794 2189 sunt,
827 2141 951 2194 qua:
975 2134 1177 2186 terram
1207 2144 1434 2205 petunt,
1485 2115 1592 2197 nisi
1614 2185 1629 2210 ,
1665 2154 1726 2201 ut
1749 2147 2078 2223 interpreta-

471 2211 548 2264 tio
577 2213 771 2282 docet,
801 2219 914 2273 oris
941 2222 1334 2285 obumbratio?
1364 2233 1494 2302 Quae
1521 2239 1708 2309 utique
1737 2243 1792 2298 itt
1823 2244 1934 2301 illis
1960 2258 2076 2317 est,

470 2305 670 2375 quibus
697 2325 806 2365 non
840 2323 926 2369 est
954 2315 1182 2374 verbum
1214 2321 1266 2378 in
1299 2341 1396 2383 ore
1428 2329 1672 2396 ipsorum
1695 2376 1710 2403 ,
1743 2353 1846 2394 nec
1877 2341 1929 2396 in
1961 2357 2079 2400 scr-

470 2411 634 2454 mone
658 2416 849 2459 eorum
880 2408 1085 2466 veritas
1115 2411 1304 2487 (Psal.
1335 2435 1364 2474 v
1387 2461 1402 2486 ,
1434 2421 1572 2493 10);
1607 2427 1750 2484 sicut
1774 2433 1826 2486 in
1877 2439 2077 2507 popqu

471 2488 821 2561 Iudaeorum,
855 2500 947 2569 qui
989 2504 1183 2562 nolunt
1223 2488 1724 2576 Christum-desum
1762 2488 1928 2583 Deuln
1949 2488 2073 2587 rDei

472 2579 674 2640 Filium
705 2589 980 2649 confiteri.
1009 2595 1171 2655 Tales
1212 2600 1378 2672 igitur
1419 2615 1620 2666 terram
1663 2619 1976 2692 requirunt,
2021 2637 2076 2681 et

469 2675 779 2748 hujusmodi
809 2690 1084 2755 postulant
1111 2699 1550 2771 possessionem,
1587 2705 1638 2762 in
1671 2724 1777 2782 qua
1806 2722 1916 2770 tota
1951 2718 2076 2775 vine

467 2785 586 2826 suae
614 2781 776 2832 aetate
803 2778 1109 2851 desudent,
1154 2797 1208 2844 et
1238 2805 1340 2860 pro
1387 2795 1652 2855 fructibus
1687 2778 1875 2875 spinas
1913 2824 2076 2868 cura-

467 2878 588 2922 rum
613 2865 641 2906 b
666 2878 719 2926 et
753 2873 1182 2936 sollicitudinum
1215 2895 1446 2946 metunt.

537 2961 629 3018 58.
669 2962 864 3038 Fugite
892 2984 1057 3041 ergo,
1093 2975 1252 3045 filiae,
1288 2982 1535 3041 umbram
1566 2989 1714 3060 oris,
1746 3010 1870 3067 qum
1902 2997 1957 3055 in
1985 2999 2068 3056 lu-

465 3070 592 3113 men
623 3068 896 3120 :eternum
929 3068 1184 3139 creditis,
1207 3075 1350 3145 quod
1383 3077 1661 3140 illuminat
1701 3102 1921 3146 omnem
1975 3093 2073 3152 ho-

461 3151 666 3208 minem
694 3173 706 3210 :
733 3173 856 3228 quae
891 3175 997 3216 non
1029 3169 1304 3236 tamquam
1333 3168 1388 3226 in
1421 3175 1611 3232 umbra
1635 3177 1938 3254 Christum,
1973 3188 2069 3246 sed
2096 3178 2144 3245 C

462 3245 518 3301 in
551 3247 757 3308 lumine
788 3255 1151 3315 confitemini.
1193 3260 1436 3334 Populus
1467 3271 1557 3338 qui
1599 3275 1810 3330 sedebat
1855 3245 1937 3332 in,
1960 3297 2076 3335 um-

461 3340 551 3396 bra
578 3345 756 3400 mortis
776 3387 792 3412 ,
826 3346 920 3404 lux
947 3359 1064 3406 orta
1095 3363 1169 3408 est
1197 3355 1306 3412 illis
1337 3357 1524 3430 (Esai.
1573 3379 1632 3419 ιχ
1656 3407 1671 3432 ,
1700 3367 1735 3420 2
1755 3369 1796 3441 ).
1845 3369 2071 3431 Fuimus

459 3450 590 3506 ergo
617 3439 669 3493 in
708 3441 933 3510 umbra,
971 3445 1067 3502 sed
1099 3452 1373 3521 nuncjom
1412 3471 1521 3512 non
1550 3474 1773 3529 sumus,
1799 3467 1888 3536 qui
1913 3467 2070 3524 Chri-

458 3535 571 3582 tum
608 3529 866 3588 fatemur.
894 3534 1073 3608 Atque
1101 3541 1306 3598 utinam
1334 3544 1582 3607 licuisset
1605 3561 1659 3608 et
1685 3529 2031 3616 mihi-dicere
2049 3605 2064 3628 ,

459 3621 552 3692 qui
599 3623 816 3681 Christo
845 3630 1204 3697 profitemur!
1251 3637 1320 3694 Et
1352 3649 1532 3698 tamen
1567 3648 1940 3721 profiteamur,
1965 3621 2068 3727 ego

460 3715 814 3789 viduitatem,
847 3737 945 3778 vos
979 3725 1372 3799 virginitatem.
1431 3735 1553 3793 Fiat
1592 3739 1646 3795 in
1677 3743 1838 3800 nobis
1869 3761 1966 3802 ore
1997 3715 2063 3804 ad

458 3809 691 3867 salutem
725 3815 1029 3874 confessio.

527 3905 616 3962 59.
647 3906 782 3966 Date
800 3927 934 3983 ergo
956 3915 1085 3972 Levi
1109 3917 1184 3974 illi
1211 3922 1433 3982 salutari
1459 3939 1648 3986 nostro
1675 3941 1697 3970 ο
1721 3943 1898 3992 sortes
1920 3938 2060 4009 ejus.

456 3997 588 4058 Sors
617 4003 736 4072 eius
767 4005 986 4066 levitica
1017 4020 1133 4080 est,
1161 4029 1280 4072 sors
1307 4017 1428 4088 ejus
1474 4021 1762 4094 virginitas
1789 4039 1906 4096 est,
1939 4046 2062 4092 sors

453 4092 572 4162 ejus
603 4095 836 4158 viduitas
879 4111 998 4171 est;
1045 4108 1302 4178 quoniam
1351 4128 1460 4168 non
1508 4116 1684 4172 solum
1735 4122 1926 4195 virgo,
1966 4129 2061 4185 sed

452 4189 617 4246 etiam
642 4193 840 4252 mulier
864 4197 1087 4270 innupta
1111 4205 1315 4276 cogitat
1343 4222 1466 4279 quae
1492 4221 1620 4268 sunt
1643 4189 1878 4273 Domini.
1904 4189 2061 4280 Unde

452 4292 509 4338 et
539 4286 831 4354 Apostolus
860 4289 1038 4348 dixit:
1067 4291 1134 4350 In
1160 4313 1260 4366 quo
1302 4310 1350 4355 et
1394 4313 1532 4359 sorte
1571 4311 1841 4367 constituti
1881 4331 2061 4374 sumus

453 4373 676 4448 (Ep/tes.
711 4397 763 4447 ι,
789 4382 902 4454 11).
938 4383 1093 4442 Sicut
1118 4389 1263 4446 enim
1289 4392 1342 4448 in
1367 4397 1538 4452 veteri
1564 4398 1914 4462 Testamento
1944 4373 2052 4465 ter;

454 4481 514 4521 ra
543 4480 694 4526 sorte
721 4472 895 4531 divisa
927 4487 1010 4532 est
1037 4477 1232 4550 (Josue
1261 4501 1432 4557 xvnt,
1467 4489 1602 4566 10),
1628 4494 1699 4550 ita
1727 4497 1779 4552 in
1812 4499 2060 4574 Evange-

1821 243 2070 306 SANCTI
2111 250 2441 317 AMBROSII

483 349 601 389 rmn
658 338 912 412 concepit
966 349 1020 398 et
1071 347 1277 416 peperit
1319 348 1625 422 filium,cui
1679 374 1876 417 nomen
1921 364 2080 424 Abel.
2109 370 2164 434 Α
2259 373 2352 431 to,
2398 377 2488 437 ma
2525 381 2691 451 igitur

483 427 676 451 .._..-_
961 450 1000 451 η
1141 438 1153 451 .
1555 450 1561 451 ,

3683 293 3785 350 MS

2720 393 2878 444 vetus
2906 397 3120 449 terrena
3152 399 3406 472 sortitio,
3455 404 3578 464 inec
3623 412 3784 480 spiri-

2193 465 2334 523 talis.
2368 468 2421 526 lu
2451 471 2542 532 illa
2593 489 2793 536 census
2842 485 3028 540 seculi
3070 493 3371 550 materialis
3392 538 3406 564 ,
3439 497 3494 553 in
3528 498 3630 558 hac
3662 519 3782 574 per-

2188 563 2396 620 sonalis
2421 567 2626 627 officii:
2661 570 2736 627 ibi
2790 580 3066 644 possessio
3107 598 3403 655 currum,
3459 591 3548 648 hic
3594 595 3788 654 divisio

2186 656 2524 725 gratiarum:
2557 662 2668 720 illic
2689 669 3035 736 possidemus
3060 690 3188 732 arva
3213 680 3371 750 plena
3396 684 3603 742 laboris
3625 697 3788 758 atque

2189 751 2497 823 maestitiae,
2529 756 2616 813 hic
2641 761 2989 830 possidemur
3017 783 3047 822 a
3069 767 3312 830 Christo.
3345 775 3502 834 Unde
3529 789 3555 818 ο
3577 791 3632 836 et
3653 798 3788 840 san-

2187 852 2306 902 ctus
2331 847 2499 905 David
2518 849 2681 910 dicit:
2702 854 2994 916 Possedisti
3009 879 3154 922 renes
3173 885 3308 924 meos
3324 870 3499 943 (Psal.
3522 891 3784 945 cxxxvm,

2189 941 2259 996 15
2289 939 2330 1014 ).
2364 943 2488 1016 llic,
2521 945 2616 1004 filii
2637 992 2650 1014 ,
2686 953 2960 1019 possideat
2991 974 3156 1018 renes
3185 976 3399 1022 vestros
3421 1010 3436 1033 ,
3471 979 3530 1025 ut
3581 973 3632 1027 in
3683 975 3790 1030 illis

2185 1034 2478 1094 seminaria
2512 1054 2769 1102 maneant
2815 1050 3117 1120 castitatis,
3172 1055 3450 1115 incentiva
3497 1063 3785 1123 virtutum.

2186 1125 2314 1184 Ideo
2341 1129 2523 1190 dicate
2549 1149 2650 1191 vos
2694 1138 2947 1206 Christo,
2981 1153 3038 1200 et
3065 1147 3404 1206 confitemini
3424 1154 3474 1208 ei
3499 1195 3514 1220 ,
3547 1163 3608 1210 ut
3637 1157 3786 1214 dica-

2187 1220 2290 1278 tis:
2319 1221 2504 1280 Portio
2529 1243 2644 1284 mea
2674 1229 2928 1290 Dominus
2953 1235 3140 1310 (Psal.
3168 1256 3367 1309 cxvnt,
3403 1245 3440 1300 5
3465 1244 3512 1318 ).
3540 1246 3658 1303 Non
3687 1265 3788 1318 po-

2184 1323 2292 1370 test
2319 1317 2424 1374 hoc
2467 1333 2633 1392 nupta
2672 1324 2886 1395 dicere,
2944 1331 3042 1387 sed
3094 1335 3353 1406 innupta;
3404 1317 3576 1411 nupta
3633 1317 3782 1401 enim

2184 1412 2381 1480 quaerit
2426 1415 2544 1470 viro
2585 1433 2686 1473 suo
2734 1421 2985 1492 placere,
3037 1427 3263 1500 innupta
3312 1441 3495 1489 autem
3541 1435 3786 1493 Christo.

2181 1501 2275 1560 Illa
2309 1507 2530 1575 mundi,
2561 1509 2676 1568 haec
2702 1511 2908 1573 Christi
2941 1524 3238 1590 possessio.

2253 1597 2346 1654 bl.
2387 1599 2592 1660 Christi
2623 1611 2896 1676 possessio
2927 1612 3092 1668 levita
3118 1626 3237 1683 est,
3270 1619 3363 1690 qui
3395 1621 3530 1678 nihil
3563 1622 3671 1679 sibi
3713 1625 3789 1682 de

2185 1695 2417 1754 terrenis
2440 1699 2704 1759 vindicat.
2729 1705 2833 1773 Qui
2858 1710 3054 1778 quterit
3077 1727 3322 1784 uxorem,
3356 1731 3465 1771 non
3490 1729 3672 1787 poteSt
3701 1721 3787 1775 di-

2063 1817 2078 1843 .
2109 1778 2158 1841 B
2183 1800 2309 1844 cere
2349 1805 2363 1843 :
2403 1788 2584 1847 Portio
2615 1809 2728 1849 inea
2758 1793 3016 1856 Dominus
3049 1816 3070 1856 :
3096 1778 3340 1876 Denique
3369 1778 3576 1864 Christi
3624 1812 3793 1866 mini-

2183 1891 2297 1937 Sler
2325 1882 2452 1952 quid
2495 1885 2613 1942 ait?
2641 1889 2926 1959 Argentum
2976 1903 3025 1948 et
3069 1913 3256 1952 aurum
3307 1917 3408 1955 non
3464 1903 3666 1970 habeo,-
3697 1907 3792 1960 sed

2181 1975 2320 2046 quod
2345 1975 2506 2033 habeo
2525 2021 2539 2046 ,
2571 1981 2639 2036 do
2661 1982 2752 2037 tibi
2777 1999 2797 2038 :
2822 1986 2877 2040 in
2904 1987 3112 2044 nomine
3137 1988 3266 2046 Jesu
3299 1992 3572 2050 Nazareni
3599 2015 3756 2070 surge
3773 2041 3790 2066 ,

2179 2079 2231 2124 et
2261 2071 2470 2127 ambula
2505 2075 2652 2147 (Act.
2684 2093 2773 2147 ut,
2803 2079 2836 2136 6
2867 2080 2917 2152 );
2953 2080 3058 2139 hoc
3087 2087 3232 2141 enim
3277 2102 3600 2161 acceperat,
3653 2110 3794 2165 quc-

2181 2163 2329 2219 niam
2362 2181 2553 2223 aurum
2584 2185 2692 2226 non
2732 2172 3102 2234 desiderabat.
3137 2181 3380 2254 Denique
3426 2187 3628 2242 missus
3671 2201 3787 2244 erat

2178 2257 2300 2314 sine
2330 2261 2483 2333 virga
2503 2304 2516 2328 ,
2547 2265 2667 2322 sine
2692 2270 2911 2324 sacculo
2931 2313 2946 2337 ,
2973 2271 3093 2329 sine
3121 2279 3347 2344 pecunia
3373 2277 3394 2352 (
3419 2278 3546 2335 Luc.
3575 2297 3626 2336 Ix
3645 2325 3660 2349 ,
3692 2282 3787 2356 5).

2182 2347 2251 2405 Et
2291 2353 2414 2409 ideo
2452 2356 2830 2428 gloriabatur,
2863 2364 2989 2434 quia
3041 2381 3149 2422 non
3196 2347 3432 2428 habebat
3482 2347 3788 2446 quodnon

2178 2457 2506 2518 acceperat;
2560 2466 2668 2507 non
2717 2455 2866 2510 enim
2913 2459 3274 2517 erubescebat
3321 2465 3374 2520 in
3426 2476 3788 2539 paupertate,

2177 2555 2336 2610 quem
2374 2558 2583 2615 pauper
2621 2549 2955 2608 redemerat.
3007 2553 3243 2628 Ideoque
3291 2559 3465 2615 dixit:
3516 2563 3687 2636 Surge
3739 2577 3794 2621 et

2177 2635 2418 2702 ambula,
2453 2640 2576 2709 quia
2606 2641 2847 2714 legerat:
2881 2645 2989 2701 Iste
3013 2663 3214 2723 pauper
3251 2653 3524 2723 clamat-it,
3579 2635 3635 2713 et
3681 2657 3791 2714 Do-

2175 2729 2350 2784 minus
2371 2734 2637 2789 eataudirit
2661 2753 2779 2792 eum
2805 2736 2993 2808 (Psal.
3025 2757 3196 2798 xum
3214 2785 3230 2810 ,
3262 2747 3295 2802 7
3313 2744 3356 2814 ).

2778 2838 3014 2934 CAPUT
3052 2877 3168 2936 vn.

2186 2975 2463 3049 Virginum
2495 2984 2841 3055 sterilitatem,
2893 2989 3115 3045 aliarum
3164 2995 3482 3066 fecunditate
3528 3000 3790 3068 potiorem

2244 3089 2389 3139 esse,
2433 3091 2552 3129 cum
2592 3077 2842 3137 Ecclesia:
2886 3082 3114 3139 intitetnr
3152 3089 3389 3160 capiosos
3429 3102 3649 3161 partus,
3696 3099 3792 3166 qui

2249 3176 2415 3234 sorte,
2462 3168 2558 3222 hoc
2601 3182 2706 3240 est,
2737 3175 2909 3247 gratia
2959 3185 3006 3231 ct
3035 3194 3140 3233 non
3192 3195 3257 3235 ea:
3302 3183 3545 3253 operibus
3589 3188 3785 3256 prudn-

2248 3270 2452 3316 cuntur.
2484 3261 2704 3320 Dandas
2727 3269 2900 3339 itaque
2927 3279 3086 3326 sortes
3119 3269 3354 3341 Christo,
3386 3277 3476 3348 qui
3502 3293 3665 3350 supra
3708 3279 3786 3334 la-

2247 3353 2420 3409 borem
2456 3359 2735 3413 mercedem
2779 3362 2930 3416 solvit
2952 3380 2971 3418 :
3013 3365 3244 3420 dandam
3289 3371 3440 3424 etiam
3477 3373 3781 3440 veritatem,

2244 3447 2301 3501 id
2347 3459 2453 3518 est,
2502 3451 2864 3524 uirginitatem.
2915 3456 3050 3524 Quot
3073 3469 3118 3513 et
3163 3462 3370 3531 quantis
3413 3465 3787 3522 tentationibus

2245 3557 2304 3594 ea
2335 3541 2670 3616 intpugnetur
2691 3545 2712 3598 l
2743 3545 2851 3602 Sed
2875 3564 2992 3602 cum
3018 3551 3204 3606 bonam
3231 3555 3524 3611 castitatem
3549 3574 3661 3613 esse
3701 3560 3786 3616 di-

2245 3629 2521 3692 dicerimus
2548 3637 2612 3693 ab
2639 3639 2890 3711 Apostolo
2912 3685 2926 3708 ,
2956 3644 3152 3700 indicat
3181 3659 3364 3704 sancta
3400 3649 3569 3707 Vidua
3599 3669 3781 3708 recur-

2242 3727 2460 3781 rendum
2500 3731 2570 3784 ad
2609 3733 2925 3790 remedium:
2955 3739 3096 3808 quod
3137 3738 3364 3814 eleganti
3394 3745 3584 3815 prisca:
3629 3745 3784 3803 illius

2245 3819 2434 3878 Maria:
2463 3825 2717 3900 allegoria
2736 3872 2749 3896 ,
2783 3831 2838 3884 in
2869 3833 3040 3889 carnis
3071 3837 3475 3908 mortiﬁcatione
3503 3857 3567 3895 ac
3593 3840 3784 3898 Domi-

2239 3919 2373 3974 niea:
2399 3921 2659 3989 passionis
2683 3925 2864 3981 merito
2885 3968 2900 3996 ,
2929 3945 3029 3998 quo
3060 3946 3152 3985 nos
3181 3931 3251 3984 ad
3278 3935 3550 3990 uictoriam
3579 3938 3777 4006 perdat-

2239 4009 2442 4081 cimur,
2477 4017 2699 4086 positam
2724 4035 2834 4074 esse
2864 4021 3146 4094 signiﬁcat.
3194 4025 3543 4094 Qttwrendnm
3591 4043 3776 4101 postea

2237 4106 2290 4160 in
2331 4107 2618 4165 cwlestibns
2646 4113 2962 4180 sapientiam
2981 4160 2996 4186 ,
3031 4129 3186 4190 atque
3215 4122 3580 4178 attrahendum
3607 4125 3661 4179 in
3697 4126 3778 4180 in-

2237 4197 2430 4254 teriora
2451 4242 2466 4268 ,
2501 4214 2558 4257 ut
2587 4205 2844 4263 vivamus.

2236 4315 2328 4370 42.
2363 4317 2445 4375 Sit
2467 4334 2600 4392 ergo
2628 4322 2784 4378 vobis
2824 4326 3006 4396 portio
3038 4327 3330 4394 Dominus,
3371 4330 3635 4387 Dominus
3677 4335 3773 4404 qui

2163 4411 2412 4467 sterilem
2445 4423 2500 4470 et
2522 4416 2832 4486 parientem
2865 4417 3016 4476 facit.
3051 4421 3351 4494 Utramque
3380 4426 3506 4480 facit
3527 4444 3540 4480 :
3561 4427 3658 4483 sed
3689 4431 3776 4484 al-

2165 4510 2278 4558 tera
2314 4505 2367 4560 in
2403 4507 2624 4566 tristitia
2657 4511 2827 4580 parit,
2858 4513 3033 4568 altera
3073 4515 3126 4570 in
3172 4517 3467 4574 sterilitate
3514 4519 3772 4589 laetatur,

1549 4559 1596 4566 Π
1964 4559 2023 4574 υ-
2408 4559 2624 4566 ﬂ---“
2658 4559 2827 4580 rm.-.
2858 4559 3033 4568 _.--...
3173 4559 3467 4574 ...πη-..υ
3514 4559 3726 4576 ...υ-...ι
3755 4565 3772 4589 ,

451 4559 526 4617 Ῐίο
575 4574 724 4621 εονίθ
769 4568 1002 4638 quadam
1052 4571 1287 4634 Domino
1335 4580 1685 4652 deputamur.
1727 4587 1755 4626 ἀ
1801 4593 1957 4652 Unde
2003 4608 2058 4656 et
2086 4582 2138 4644 Β
2163 4597 2248 4652 cui
2281 4598 2518 4656 dicitur:
2547 4601 2782 4670 Ltetare,
2813 4607 3008 4662 sterilis
3029 4647 3044 4673 ,
3075 4625 3190 4679 qua:
3216 4627 3321 4665 non
3344 4613 3488 4683 paris
3511 4630 3532 4668 :
3557 4630 3776 4684 erumpe

455 4657 720 4728 scriptum
769 4673 856 4718 est
883 4665 954 4721 de
1000 4673 1388 4743 evangelistis:
1427 4676 1726 4738 Diviserunt
1754 4686 1851 4742 sibi
1899 4691 2054 4746 uesti-

457 4761 630 4806 menta
673 4769 814 4822 mea,
846 4767 895 4812 et
941 4776 1099 4832 super
1150 4775 1335 4821 υεδιεηι
1367 4785 1532 4825 meam
1575 4774 1826 4831 miserunt
1867 4791 2055 4837 sortem

455 4841 645 4915 (Joan.
682 4863 768 4902 xix
794 4891 808 4915 ,
839 4851 956 4922 2i).
1003 4853 1069 4910 Et
1101 4861 1369 4928 apostoli,
1413 4877 1538 4920 cum
1583 4867 1872 4940 eligendus
1913 4886 2064 4933 esset

453 4937 622 5011 288
648 4939 1009 5002 duodecitnns
1063 4952 1346 5019 apostolus
1380 4953 1432 5009 in
1463 4956 1644 5014 locum
1665 4937 1865 5034 'Judae,
1909 4978 2060 5026 sorte

453 5049 650 5090 munus
679 5041 1026 5109 apostolatus
1056 5043 1410 5105 deferendum
1451 5052 1699 5111 arbitrati
1748 5069 1895 5116 sunt.
1949 5063 2056 5121 Ita-

450 5141 555 5198 que
576 5132 827 5190 oratioue
842 5133 1008 5203 facta,
1027 5145 1085 5192 ut
1107 5139 1174 5194 de
1190 5141 1403 5199 duobus
1429 5145 1690 5206 Dominus
1707 5167 1867 5222 quem
1896 5157 2057 5216 vellet

448 5222 706 5296 eligeret,
735 5243 857 5284 sors
887 5232 1087 5288 cecidit
1110 5247 1276 5305 super
1304 5235 1585 5296 Mattltiam
1617 5243 1825 5312 (Actor.
1860 5263 1899 5314 ι,
1927 5247 2044 5322 26).

522 5353 549 5382 τι
577 5345 904 5436 Complures
941 5367 1071 5436 mss.
1091 5394 1108 5422 ,
1139 5358 1484 5436 possessiones
1505 5400 1522 5424 ,
1554 5359 1674 5436 itlos
1700 5363 2012 5422 vindicando
2033 5409 2050 5436 ,

452 5421 730 5487 nonnulli,
761 5421 1112 5494 jndicandos,
1142 5421 1294 5481 nobis
1322 5445 1434 5483 esse
1459 5421 1669 5486 sortitos
1708 5421 2046 5496 arbitremini:

456 5487 723 5547 Absurde.

527 5559 552 5598 δ
593 5559 846 5635 Plerique
873 5581 1032 5636 mss.,
1063 5579 1110 5625 et
1136 5571 1542 5628 sollicitudinem
1571 5585 1782 5632 metunt.

533 5645 553 5724 ς
590 5637 716 5694 Mss.
755 5641 989 5724 aliquot.
1031 5651 1194 5724 sortes
1228 5647 1359 5713 eius.
1399 5645 1628 5702 Leuitico
1651 5658 1728 5704 est
1765 5667 1877 5706 sors
1907 5652 2049 5724 ejus,

454 5705 670 5786 viduata
690 5720 788 5786 est.
818 5705 1256 5786 Corruptissime.

537 5779 568 5856 ᾳ.
596 5781 765 5856 9.3“?-
794 5779 1037 5854 (ιιιωάηῶ
1065 5789 1222 5853 edit.,
1255 5795 1407 5852 Unde
1430 5805 1478 5851 et
1503 5794 1695 5850 dictum
1717 5808 1788 5854 est
1811 5797 1872 5853 ab
1900 5813 2055 5856 euan-

470 5853 681 5931 gelistis.
724 5853 840 5914 Non
881 5869 1071 5943 recte;
1114 5861 1248 5934 nihil
1277 5868 1424 5939 enim
1453 5866 1600 5954 aliud
1634 5853 1754 5928 loco
1779 5871 2046 5943 significa-

2162 4702 2211 4748 et
2236 4695 2468 4750 exclama
2487 4737 2502 4762 ,
2527 4714 2641 4768 quae
2667 4715 2769 4752 non
2799 4702 3029 4771 parturis
3057 4705 3075 4772 (
3103 4702 3248 4757 Esui.
3291 4717 3352 4759 tv
3370 4745 3384 4772 ,
3417 4707 3486 4761 15
3504 4707 3544 4777 ).
3593 4706 3778 4764 Habet

2164 4786 2308 4841 enim
2335 4786 2474 4844 filios
2498 4791 2615 4846 sine
2645 4803 2830 4862 partus
2849 4794 3062 4851 dolore.
3089 4796 3242 4852 Unde
3262 4797 3465 4854 dicitur
3484 4799 3552 4855 de
3581 4797 3774 4858 Eccle~

2163 4883 2280 4935 sia:
2314 4878 2335 4918 ί
2369 4881 2500 4948 Quis
2528 4885 2760 4951 audivit,
2807 4888 2852 4942 si
2903 4891 3178 4956 parturivit
3220 4901 3358 4947 terra
3399 4911 3505 4949 uno
3547 4896 3665 4960 die,
3723 4909 3774 4952 et

2161 4989 2288 5046 gens
2327 4984 2452 5030 nata
2497 4988 2572 5032 est
2619 4979 2781 5034 simul
2835 4979 3024 5052 (Esai.
3057 4999 3222 5052 mm,
3270 4985 3384 5056 8)?
3415 4985 3537 5043 Uno
3584 5000 3772 5046 autem

2160 5065 2252 5122 die
2299 5079 2444 5126 terra
2482 5086 2590 5127 non
2617 5076 2883 5144 parturit,
2933 5076 3030 5132 sed
3063 5078 3201 5148 parit
3245 5079 3440 5150 gratia.
3477 5081 3636 5138 Venit
3671 5099 3773 5153 pa-

2159 5159 2306 5217 scha!
2335 5162 2486 5231 dies,
2531 5166 2584 5220 in
2627 5176 2743 5223 toto
2770 5168 2906 5225 orbe
2949 5170 3206 5240 baptismi
3248 5185 3589 5230 sacramenta
3618 5178 3770 5234 cele-

2163 5253 2392 5314 brantur
2412 5301 2426 5324 ,
2461 5261 2712 5318 velantur
2741 5279 2914 5320 sacras
2936 5267 3195 5336 virgines.
3231 5267 3348 5324 Uno
3376 5283 3510 5340 ergo
3535 5269 3625 5326 die
3645 5273 3773 5330 sine

2158 5381 2270 5428 tum
2315 5375 2432 5430 vult
2472 5375 2798 5452 Ambrosius
2819 5421 2848 5452 ,ί
2877 5381 2978 5436 nisi
3023 5382 3388 5452 evangelistas
3419 5384 3470 5437 in
3501 5383 3772 5443 militibus

2158 5448 2484 5503 vestimenta
2513 5451 2712 5506 Christi
2743 5451 3111 5509 dividentith
3134 5448 3488 5510 adumbratos
3513 5471 3654 5512 CSSe.
3687 5458 3764 5514 De

2289 5520 2685 5663 gitiss‘iasllixpos.
2719 5523 2772 5578 in
2801 5525 3004 5581 Lucam
3039 5527 3130 5583 lib.
3157 5542 3221 5592 χ,
3254 5525 3360 5583 col.
3395 5527 3538 5584 159.8
3561 5569 3574 5594 ,
3605 5544 3761 5586 nunt.

2234 5672 2258 5700 θ
2296 5661 2501 5722 Omnes
2529 5667 2661 5723 edit.
2695 5679 2904 5726 sanctus
2933 5668 3145 5727 Domini
3187 5685 3206 5726 :
3244 5685 3433 5726 omnes
3464 5687 3602 5728 mss.
3635 5688 3766 5728 son-

2161 5742 2242 5788 tns
2283 5733 2469 5793 David.

2240 5805 2258 5846 ¹
2301 5808 2464 5866 Rom.
2495 5811 2652 5882 edit.,
2689 5814 2816 5888 Quis
2846 5813 3044 5872 audivit
3067 5813 3201 5886 tale,
3227 5819 3272 5870 si
3297 5812 3603 5888 parturiuit,
3645 5825 3763 5876 etc.
