4054 6306
197 224 311 279 549

1022 274 1029 279 .
1104 219 1555 278 EXHORTATIO
1597 214 2088 276 VIRGINITATIS.
2148 216 2353 274 LIBER
2396 215 2605 275 UNUS.

3410 219 3518 275 5'0

198 344 393 414 aliquo
410 343 607 400 dolore
636 343 840 398 multos
863 342 998 397 lilios
1022 351 1075 396 et
1104 338 1242 395 ﬁlias
1263 339 1399 395 solet
1432 337 1597 411 289
1626 336 1811 393 Eccle—
1839 337 1891 400 Α
1918 346 1998 395 tus
2024 345 2133 403 est,
2169 352 2357 406 equum
2384 348 2432 391 et
2463 352 2787 391 ascensorem
2816 337 3033 408 projecit
3061 336 3114 391 in
3142 352 3283 393 mare
3311 337 3515 410 (Exod.

202 438 286 490 sia
322 438 623 506 parturire.
653 437 886 505 Ideoque
913 433 1136 506 pulchre
1169 432 1397 488 dicitur:
1429 430 1498 486 Et
1519 447 1645 504 gens
1686 441 1810 486 nata

201 540 278 585 est
306 531 505 595 simul,
537 530 606 586 tle
646 531 846 601 populo
886 539 1229 585 consecrato.

274 624 370 678 45.
422 623 630 679 Videtis
684 622 977 695 mysteria,
1046 620 1242 677 videtis
1285 620 1517 690 gratiam
1565 617 1807 683 ChriSti,

201 717 444 788 gratiam
473 716 711 787 Spiritus
736 717 908 770 sancti
933 757 948 783 ,
973 714 1065 785 qui
1086 714 1235 770 velut
1255 711 1487 784 quadam
1523 719 1672 767 sorte
1710 708 1809 764 de-

201 810 417 874 fertur;
448 811 706 880 quoniam
737 825 846 864 tton
873 824 940 865 ex
966 808 1254 880 operibus,
1284 806 1381 862 sed
1406 821 1475 863 ex
1512 805 1617 861 llde
1645 817 1812 860 unus-

201 907 446 977 quisque
484 905 817 974 justilicatnr
865 920 896 959 a
943 903 1194 959 Domino.
1249 902 1404 959 Sicut
1452 901 1599 957 enim
1650 899 1812 954 sortis

202 1008 437 1056 eventus
468 1014 576 1055 non
607 1000 660 1054 in
703 1008 885 1054 nostra
916 1008 1000 1054 est
1034 1006 1335 1069 potestate,
1380 995 1477 1052 sed
1507 1011 1667 1067 quem
1712 1009 1810 1050 ea-

203 1107 300 1149 sus
325 1092 608 1156 attulerit;
632 1093 711 1147 sic
737 1092 912 1163 gratia
944 1090 1159 1146 Domini
1188 1105 1295 1145 non
1327 1089 1478 1162 quasi
1504 1105 1570 1144 ex
1603 1101 1813 1144 merce-

203 1187 290 1243 dis
322 1187 555 1253 merito,
594 1186 691 1242 sed
722 1187 875 1256 quasi
904 1201 971 1242 ex
1017 1184 1297 1240 voluntate
1341 1182 1604 1239 defertur.
1656 1180 1811 1238 Unde

203 1290 264 1336 et
296 1280 595 1351 Apostolus
625 1280 701 1334 ait
726 1278 794 1335 de
822 1278 1183 1335 divisionibus
1213 1277 1513 1349 gratiarum
1536 1317 1550 1341 ,
1578 1290 1701 1347 qua:
1731 1274 1813 1330 di-

207 1388 370 1429 verso
419 1372 585 1427 modo
636 1370 733 1427 Dei
783 1371 1020 1427 servulis
1063 1370 1425 1427 deferuntur:
1481 1368 1610 1425 Haec
1644 1376 1812 1424 autent

208 1466 386 1518 omnia
430 1474 677 1535 operatur
729 1481 863 1519 unus
900 1475 1053 1535 atque
1080 1464 1217 1519 idem
1264 1463 1527 1536 Spiritus.
1584 1462 1812 1519 dividens

204 1558 426 1628 singulis
457 1568 607 1626 prout
632 1557 760 1611 vult.
788 1556 953 1612 Prout
978 1558 1117 1625 vult,
1146 1558 1349 1629 inquit,
1384 1573 1489 1613 non
1529 1568 1689 1629 prout
1714 1557 1813 1613 de-

207 1650 369 1707 betur
398 1649 453 1722 (Ι
482 1648 606 1705 Cor.
638 1667 715 1705 xit
735 1694 748 1715 .
778 1653 835 1706 ll
857 1650 898 1724 ).
930 1651 1176 1722 Denique
1207 1660 1261 1707 et
1286 1652 1551 1706 Dominus
1577 1653 1654 1706 ait
1682 1654 1812 1706 ube-

1919 449 2016 498 xv,
2043 432 2160 503 20).
2191 431 2515 489 Mortiﬁcate
2548 431 2789 488 membra
2818 440 3000 487 vestra
3036 434 3277 504 tympani
3312 433 3473 487 modo
3502 450 3514 486 :

1914 525 2058 583 nulla
2098 527 2150 581 in
2190 527 2256 581 iis
2296 526 2519 582 lascivia
2551 528 2732 584 carnis
2761 536 3064 595 exaestuet,
3106 527 3392 597 omnisque
3420 526 3517 581 lla-

1910 621 2138 691 grantiae
2162 620 2462 690 corporalis
2484 634 2675 676 sensus
2705 620 2959 675 intereat.
2990 619 3203 675 Nesciat
3237 622 3287 674 in
3318 619 3384 674 iis
3410 620 3515 676 nisi

1915 714 2055 770 inter
2096 722 2339 770 mortuas
2375 715 2620 784 corporis
2654 714 2960 783 voluptates
2989 714 3142 769 solus
3172 714 3398 784 spiritus
3426 730 3514 770 rc-

1912 809 2140 865 sultare.
2182 808 2237 864 Si
2279 808 2421 865 enim
2454 809 2617 881 290
2646 808 2845 863 mortui
2887 807 3100 863 fueritis
3138 815 3397 880 peccato,
3433 809 3518 863 \‘i-

1913 904 2052 958 vetis
2086 902 2233 959 Deo:
2268 904 2466 959 vivetis
2495 910 2712 969 autent,
2743 906 2786 957 si
2819 917 2925 957 non
2959 910 3153 972 regnet
3189 902 3242 958 in
3281 917 3518 974 corpore

1912 1007 2097 1051 vestro
2124 1004 2340 1052 mortuo
2366 995 2477 1052 ulla
2508 996 2973 1067 concupiscentia.

1984 1089 2076 1145 b8.
2112 1087 2339 1145 Versate
2366 1088 2618 1144 manibus
2649 1089 2844 1143 vestris
2868 1103 3087 1143 crucem
3113 1087 3328 1144 Domini
3356 1085 3508 1155 Jesu,

1914 1193 1969 1239 et
2002 1184 2055 1238 itt
2085 1182 2283 1241 vestris
2311 1198 2432 1238 eam
2465 1183 2726 1252 operibus
2753 1182 3063 1246 elevantes,
3090 1181 3298 1237 calcate
3327 1179 3516 1236 mundi

1916 1279 2076 1350 hujus
2114 1277 2440 1349 profundum
2466 1318 2481 1344 ,
2521 1288 2579 1333 et
2615 1279 2964 1349 pertransite.
3015 1277 3114 1333 llle
3161 1280 3301 1333 sicut
3348 1290 3517 1346 equus

1915 1371 2240 1428 adhittnicus
2279 1372 2331 1425 in
2375 1370 2680 1437 libidinem,
2725 1371 2935 1425 ttttllttttt
2978 1371 3153 1426 locum
3189 1370 3430 1424 inveniat
3462 1370 3513 1424 in

1916 1466 2111 1532 vobis;
2153 1475 2207 1522 et
2245 1466 2578 1537 quicumque
2615 1464 2849 1520 voluerit
2890 1477 3223 1534 persequens
3258 1477 3514 1532 compre-

1917 1562 2153 1618 hendere
2194 1576 2327 1629 vos,
2377 1561 2751 1632 demergatur.
2807 1559 3036 1615 Dextera
3082 1559 3324 1629 laevaque
3371 1560 3515 1612 circa

1917 1672 2014 1712 vos
2049 1671 2206 1727 aqua:
2243 1670 2431 1711 murus
2467 1653 2569 1719 sit,
2611 1663 2670 1709 ut
2698 1668 2865 1723 vapor
2893 1653 3068 1707 omnis
3100 1651 3353 1721 corporis
3381 1659 3518 1705 tem-

208 1747 412 1801 riorem
445 1745 752 1802 mercedem
798 1761 895 1815 pro
937 1762 1104 1816 opere
1148 1746 1551 1816 postulantibus
1584 1754 1637 1801 et
1683 1760 1815 1801 con-
1844 1752 1890 1814 Β
1920 1764 2176 1820 peretur;
2208 1748 2385 1803 donec
2424 1746 2492 1801 ad
2526 1745 2647 1801 illos
2680 1743 3047 1816 intelligibiles
3078 1742 3362 1798 duodecim
3394 1741 3520 1796 fon-

207 1839 566 1911 querentihus
608 1838 757 1910 quod
790 1856 975 1911 parem
1029 1840 1370 1911 accepissent
1439 1855 1565 1895 cum
1612 1840 1679 1895 iis
1724 1838 1815 1910 qui

208 1931 485 2003 posterius
537 1932 917 1988 advenerant:
961 1931 1023 1990 Si
1071 1949 1164 2004 ego
1215 1933 1407 1998 bonus,
1459 1932 1642 1987 oculus
1698 1942 1816 1987 tuus

204 2039 367 2095 quare
395 2040 619 2095 nequam
646 2034 720 2080 est
766 2024 996 2097 (Matth.
1030 2041 1099 2080 xx
1120 2066 1135 2091 ,
1172 2024 1310 2095 ιδῃ

275 2116 374 2172 44.
418 2116 550 2172 Date
577 2134 746 2188 ergo,
792 2118 920 2186 lilii,
972 2127 1154 2174 sortes
1195 2128 1407 2173 vestras
1437 2118 1487 2172 ei
1527 2118 1618 2188 qui
1669 2118 1810 2173 ultra

204 2214 463 2269 meritum
491 2214 700 2270 laboris
728 2218 1228 2270 remunerationem
1273 2215 1387 2270 suis
1417 2214 1625 2270 donare
1671 2228 1809 2269 con-

199 2308 407 2362 suevit.
439 2306 569 2361 Date
588 2308 852 2361 veritatem
874 2308 1040 2378 ipsius
1064 2308 1174 2361 viro
1199 2318 1378 2361 sancto
1398 2306 1590 2380 (Deut.
1617 2323 1808 2373 χχχιιι,

194 2400 300 2472 8),
333 2400 388 2456 id
418 2410 531 2462 est.
564 2402 962 2472 integritatem;
993 2401 1161 2470 ipsius
1186 2402 1330 2457 enim
1360 2410 1445 2457 est
1475 2400 1767 2473 integritas
1787 2443 1801 2468 ,

194 2495 292 2565 qui
329 2496 711 2551 itnmaculatus
736 2495 980 2552 advenit.
1013 2495 1234 2552 Veritas
1266 2497 1446 2565 itaque
1491 2497 1806 2566 virginitas:

196 2590 518 2660 corruptela
564 2590 912 2646 mendacium
941 2598 1049 2647 est.
1084 2590 1240 2647 State
1268 2606 1398 2662 ergo
1429 2590 1483 2645 in
1515 2591 1682 2647 corde
1712 2607 1804 2645 ve-

199 2694 355 2753 stro,
381 2686 523 2741 sicut
552 2685 696 2741 bona
727 2687 884 2741 vinea
919 2687 971 2742 in
1006 2688 1301 2758 pmpagine
1330 2702 1449 2743 sua.

270 2778 368 2833 45.
400 2779 582 2834 Multae
606 2780 934 2834 tentationes
955 2789 1079 2833 sttnt
1099 2796 1115 2843 ;
1138 2778 1369 2850 ideoque
1391 2779 1462 2833 ait
1488 2778 1804 2850 Scriptura:

203 2872 548 2930 Tentaverunt
592 2890 707 2928 eum
760 2875 1066 2941 tentatione,
1107 2884 1155 2929 et
1203 2875 1581 2929 maledixerunt
1622 2875 1669 2928 ei
1720 2891 1809 2928 su-

200 2983 294 3036 per
341 2984 533 3036 aquam
581 2968 1004 3022 contradictionis
1043 2965 1217 3023 Gades
1242 2965 1429 3040 (Deut.
1463 2983 1610 3023 nan
1634 3009 1648 3034 ,
1677 2966 1803 3038 51).

198 3060 469 3116 'l‘entatur
494 3060 778 3130 virginitas
806 3075 835 3115 a
876 3060 1150 3131 plerisque
1184 3061 1537 3130 petitoribus;
1571 3069 1628 3116 et
1678 3076 1803 3115 cunt

1918 1855 2033 1912 tes,
2085 1853 2141 1898 et
2179 1842 2518 1914 septuaginta
2560 1841 2786 1896 arbores
2839 1839 3179 1910 palmarum,
3237 1837 3304 1891 ad
3363 1837 3513 1891 illam

1917 1935 2143 2008 btnagni
2159 1935 2404 2006 requiem
2427 1933 2639 1990 sabbati
2656 1933 2834 1989 divina
2854 1947 2950 1988 vos
2973 1931 3216 2002 dignatio
3235 1930 3517 1999 perducat,

1914 2042 1970 2085 et
2010 2031 2061 2084 in
2114 2036 2356 2084 montem
2400 2026 2738 2082 ltmreditatis
2786 2040 2898 2081 sua:
2945 2025 3190 2096 plantare
3238 2024 3515 2094 dignetur,

1914 2122 2006 2178 ubi
2043 2130 2227 2177 sancta
2269 2121 2432 2175 Maria
2466 2120 2665 2177 choros
2693 2119 2864 2174 ducit.

1982 2217 2074 2273 49.
2104 2215 2317 2272 lnduite
2345 2231 2477 2285 ergo
2499 2256 2514 2283 ,
2546 2214 2638 2269 lilii
2661 2255 2675 2279 ,
2714 2211 3003 2268 Βοιιείιιυιη
3035 2211 3256 2276 Jesum;
3290 2211 3517 2281 qutrrite

1913 2328 2093 2370 veram
2117 2312 2460 2383 sapientiam,
2492 2310 2561 2366 de
2582 2325 2686 2381 qua
2718 2310 2850 2365 dicit
2874 2307 2977 2364 Job
3004 2324 3017 2361 :
3050 2306 3325 2378 Sapientia
3341 2316 3512 2360 autent

1912 2405 2049 2459 unde
2072 2405 2280 2459 inventa
2308 2413 2413 2468 est,
2446 2404 2534 2473 qui
2565 2402 2710 2456 locus
2740 2401 3035 2469 disciplina:
3056 2401 3082 2455 ?
3109 2442 3121 2453 .
3151 2440 3165 2452 .
3197 2439 3210 2453 .
3241 2440 3254 2454 .
3284 2398 3514 2470 Abyssus

1911 2500 2041 2554 dixit
2066 2516 2085 2555 :
2119 2497 2239 2553 Non
2277 2507 2353 2552 est
2391 2499 2444 2552 in
2484 2512 2583 2551 me.
2628 2495 2776 2552 Mare
2812 2496 2947 2552 dixit
2984 2512 3003 2551 :
3035 2494 3159 2550 Non
3199 2504 3274 2551 est
3307 2507 3511 2549 meeum

1912 2595 2077 2665 (Job.
2113 2609 2325 2661 xxvttt,
2362 2592 2430 2649 12
2454 2605 2501 2650 et
2530 2611 2639 2666 seq.
2664 2594 2708 2664 ).
2739 2594 2889 2649 Bene
2918 2592 3150 2664 abyssus
3177 2591 3354 2646 dixit:
3386 2587 3512 2644 Non

1910 2697 1983 2744 est
2012 2689 2064 2742 in
2096 2704 2207 2755 me,
2257 2689 2385 2759 quia
2431 2688 2762 2751 resurrexit;
2808 2702 2914 2742 non
2956 2686 3098 2742 enim
3142 2684 3306 2739 habet
3346 2697 3507 2753 quem

1910 2789 2101 2837 tenere
2147 2797 2254 2836 non
2300 2783 2496 2851 potuit.
2550 2780 2790 2849 Denique
2842 2779 3012 2836 habes
3062 2780 3115 2835 in
3168 2776 3503 2849 Evangelio,

1909 2873 2037 2945 quia
2075 2875 2253 2942 angeli
2297 2874 2550 2929 dixerunt
2591 2873 2910 2929 mulieribus
2951 2873 3017 2927 ad
3060 2871 3371 2943 sepulcrum
3417 2885 3509 2925 vc-

1913 2970 2225 3025 nicntihus:
2268 2969 2447 3025 Jesum
2485 2970 2572 3039 qui
2612 2970 2899 3037 cruciﬁxus
2939 2978 3032 3033 est,
3074 2968 3306 3040 quaeritis
3342 2982 3361 3021 :
3404 2981 3508 3019 non

1910 3074 1981 3118 est
2008 3065 2124 3129 hic,
2155 3063 2246 3118 sed
2273 3063 2499 3117 surrexit
2529 3062 2743 3131 (Matth.
2782 3078 2959 3117 xxvttt
2983 3103 2998 3126 ,
3022 3060 3078 3125 5,
3111 3061 3187 3131 6).
3221 3059 3359 3127 Quid
3387 3065 3515 3127 est,

200 3155 443 3209 voluerit
487 3154 638 3224 virgo
689 3168 1040 3223 perseverare
1062 3193 1077 3219 ,
1130 3152 1369 3208 existunt
1397 3153 1489 3223 qui
1533 3154 1806 3208 contradi-
1832 3152 1877 3215 C
1912 3172 2015 3209 non
2048 3166 2121 3210 est
2150 3154 2276 3210 hic?
2304 3154 2356 3209 id
2386 3165 2488 3219 est,
2524 3171 2629 3209 nun
2661 3165 2744 3210 est
2771 3156 2826 3209 in
2879 3153 3154 3223 sepulcro,
3200 3168 3305 3206 non
3342 3160 3425 3206 est
3455 3149 3508 3204 in

207 3258 353 3301 cant.
386 3247 724 3302 Contradicit
756 3246 955 3317 petitor
978 3287 992 3312 ,
1026 3257 1082 3301 et
1123 3245 1390 3301 rcl'tttatus
1419 3246 1711 3322 maledicit.
1749 3247 1804 3300 In

208 3338 507 3409 opprobrio
536 3354 658 3395 esse
686 3337 901 3395 videtur
931 3338 1157 3408 innupta
1178 3380 1191 3403 ,
1225 3340 1307 3393 vel
1361 3338 1511 3408 virgo
1531 3379 1544 3402 ,
1601 3339 1686 3393 Vel
1732 3339 1809 3392 vi-

201 3431 335 3486 dua.
389 3430 558 3487 Cades
600 3431 747 3504 enim
794 3432 1020 3501 innupta
1054 3442 1171 3496 est,
1200 3447 1319 3501 qua!
1350 3442 1432 3488 est
1460 3442 1645 3486 sancta
1684 3447 1808 3485 cor-

203 3540 343 3596 pore
376 3532 433 3578 et
463 3526 688 3596 spiritu,
723 3535 777 3580 et
813 3524 1043 3580 Domino
1073 3539 1133 3579 se
1163 3524 1396 3590 dicavit,
1430 3540 1552 3595 qua:
1587 3524 1808 3593 reliquit

204 3630 501 3689 parentes,
534 3629 590 3675 et
618 3636 723 3674 non
750 3619 879 3675 facit
910 3620 1244 3674 voluntatem
1286 3633 1475 3674 eorum
1508 3618 1597 3689 qui
1631 3618 1810 3673 solent

200 3714 425 3769 dicere:
462 3715 638 3769 Debes
672 3713 827 3769 nobis
850 3755 863 3779 ,
907 3712 1011 3767 lilia
1041 3755 1055 3778 ,
1094 3722 1337 3784 nepotes.
1372 3712 1544 3768 Cadus
1574 3722 1657 3767 est
1686 3728 1807 3782 qua:

200 3807 345 3863 lilios
368 3809 565 3863 nescit.
587 3807 746 3876 Quod
771 3807 815 3861 si
834 3807 924 3861 illa
948 3806 1151 3861 divitiis
1172 3806 1358 3860 saeculi
1388 3804 1599 3874 praefert
1618 3818 1810 3875 oppro-

200 3901 386 3955 brium
436 3899 680 3967 Christi,
739 3899 884 3971 quod
942 3913 1167 3955 necesse
1212 3905 1296 3954 est
1344 3907 1401 3951 ut
1431 3897 1657 3963 subeat,
1715 3897 1808 3967 qui

198 3993 403 4065 qumrit
445 3991 666 4048 Christo
719 3992 962 4062 placere;
1011 3998 1213 4064 quanto
1261 3990 1432 4061 magis
1480 4005 1613 4057 vos,
1671 4004 1807 4062 quos

202 4094 362 4157 pater
391 4096 650 4156 provocat
693 4085 760 4140 ad
790 4085 1155 4155 integritatem
1182 4127 1198 4153 ,
1229 4093 1406 4141 mater
1453 4084 1704 4141 hortatur
1753 4084 1805 4140 id

197 4179 361 4249 sequi
390 4222 405 4245 ,
440 4179 586 4249 quod
622 4180 920 4235 convenitl

271 4272 370 4328 46.
416 4272 625 4327 Bonum
658 4281 742 4328 est
769 4286 902 4343 ergo
931 4270 1237 4344 virginitas.
1273 4272 1549 4344 Denique,
1584 4272 1687 4340 Qui
1708 4277 1806 4348 ju-

199 4368 396 4422 dicavit
418 4409 433 4433 ,
459 4367 671 4439 inquit,
701 4368 754 4423 in
779 4372 932 4423 corde
957 4385 1050 4422 suo
1077 4377 1103 4405 α
1132 4384 1336 4423 servare
1359 4367 1608 4438 virginem
1634 4385 1805 4437 suam,

196 4461 326 4517 bene
359 4464 503 4534 facit.
551 4461 723 4537 Igitur
762 4473 810 4517 et
851 4463 939 4532 qui
981 4462 1311 4517 matrimonio
1339 4462 1518 4535 jungit
1559 4464 1807 4535 virginem

1909 3247 2170 3312 infernis,
2212 3246 2308 3301 sed
2349 3248 2401 3301 in
2442 3247 2756 3303 rmlestibus
2796 3258 2901 3301 est.
2946 3245 3089 3301 Marc
3121 3260 3370 3316 quoque,
3404 3242 3510 3301 ltoc

1909 3347 2025 3405 est,
2057 3340 2314 3394 smculum
2347 3339 2513 3403 dicit,
2550 3339 2785 3394 tnundus
2815 3339 2903 3393 hic
2931 3338 3101 3393 dicit:
3140 3337 3261 3392 Non
3291 3348 3365 3394 est
3400 3355 3510 3394 me-

1908 3449 2022 3486 cum
2047 3450 2064 3498 ;
2094 3432 2217 3503 quia
2256 3448 2420 3503 supra
2455 3433 2713 3487 mundum
2747 3443 2831 3488 est
2855 3472 2869 3498 ,
2902 3448 3063 3503 quem
3097 3432 3220 3487 vita:
3252 3431 3507 3487 humana:

1907 3526 2088 3597 lapsm
2110 3535 2271 3595 atque
2301 3526 2560 3581 illecebta
2591 3542 2701 3581 non
2732 3526 3070 3592 inttnutavit;
3099 3526 3221 3596 quia
3244 3536 3510 3595 peccatum

1908 3636 2010 3674 non
2042 3620 2163 3690 fecit
2183 3661 2198 3685 ,
2230 3636 2320 3675 nec
2350 3630 2424 3676 est
2454 3620 2607 3675 dolus
2643 3623 2878 3675 inventus
2912 3620 2968 3674 in
3011 3635 3097 3674 ore
3132 3621 3242 3691 ejus
3274 3618 3328 3690 (l
3360 3617 3504 3674 Pelr.

1910 3730 1947 3769 ιι
1969 3755 1983 3780 ,
2014 3712 2131 3783 ‘32).
2178 3713 2421 3786 Ahyssus
2463 3729 2597 3785 ergo
2636 3714 2809 3769 dixit:
2864 3713 2983 3768 Non
3014 3723 3090 3767 est
3120 3713 3171 3766 in
3203 3728 3324 3777 me;
3359 3727 3510 3768 mare

1909 3808 2081 3864 dixit:
2116 3807 2241 3863 Non
2284 3822 2357 3864 est
2386 3825 2602 3865 mecum.
2661 3809 2766 3866 Sed
2809 3811 3006 3863 caelum
3055 3821 3158 3861 non
3206 3805 3347 3860 dixit
3382 3806 3508 3875 quit

1909 3917 2014 3957 non
2046 3912 2130 3957 est
2158 3901 2302 3973 apud
2331 3919 2389 3957 se
2411 3944 2427 3969 ,
2471 3919 2632 3974 quem
2664 3911 2948 3973 rect-perat
2977 3910 3373 3970 resurgentem.
3409 3898 3513 3953 Pa-

1909 3995 2123 4051 radisus
2149 4010 2255 4051 non
2284 3996 2456 4052 dixit:
2491 3993 2611 4050 Non
2642 4004 2716 4049 est
2747 3995 2801 4048 in
2828 4010 2943 4059 me,
2977 4009 3137 4063 quem
3184 4007 3412 4061 regnare
3452 3990 3506 4044 in

1907 4103 2002 4157 se,
2060 4090 2314 4147 absoluto
2373 4106 2590 4160 quoque
2650 4089 2900 4155 latrette,
2961 4094 3324 4157 cognoverat;
3367 4088 3513 4141 sicut

1909 4184 2028 4256 ipse
2066 4184 2332 4239 Dominus
2367 4183 2541 4238 dixit:
2578 4180 2749 4236 Hodie
2787 4197 2986 4237 mecum
3026 4181 3127 4234 eris
3168 4180 3223 4234 in
3266 4178 3512 4250 paradiso

1911 4278 2074 4353 (Luc.
2110 4292 2246 4334 xxm
2265 4320 2279 4344 ,
2312 4278 2436 4347 43).

1982 4370 2071 4429 50.
2114 4371 2408 4437 Attrahite,
2444 4370 2563 4439 lilii,
2595 4368 2919 4442 sapientiam
2968 4367 3020 4423 in
3054 4366 3311 4422 interiora
3345 4364 3516 4420 vestri

1911 4463 2092 4519 cordis
2126 4465 2501 4535 promptuaria
2528 4504 2543 4528 ,
2577 4464 2834 4533 quoniam
2866 4476 2928 4516 ea
2959 4471 3043 4516 est
3072 4460 3218 4514 omni
3251 4472 3387 4513 auro
3426 4472 3514 4511 ar-

198 4571 389 4620 suam,
438 4557 561 4609 bene
609 4555 775 4627 facit;
820 4564 869 4609 et
921 4554 1008 4625 qui
1053 4569 1156 4608 non
1191 4557 1412 4627 jungit,
1457 4555 1642 4610 melius
1690 4546 1888 4628 [αδίιο
1916 4567 2191 4629 gentoque
2232 4559 2552 4629 pretiosior,
2597 4571 2756 4627 quam
2798 4570 2945 4611 mors
2989 4555 3197 4620 nescit;
3230 4552 3352 4623 quia
3403 4566 3514 4605 non

197 4648 245 4718 (l
274 4645 401 4703 Cor.
427 4664 533 4716 vn,
562 4650 654 4715 37,
677 4649 790 4715 '58).
827 4645 923 4703 ille
955 4647 1092 4702 bene
1125 4646 1251 4702 facit
1282 4660 1502 4718 propter
1533 4648 1804 4719 laqueum,

200 4741 291 4797 hic
316 4741 515 4797 melius
531 4741 659 4798 facit
679 4751 902 4812 propter
923 4741 1232 4797 utilitatem.
1262 4740 1395 4797 lllud
1422 4757 1519 4810 pro
1540 4745 1804 4811 remedio,

198 4837 348 4893 istud
381 4852 481 4907 pro
509 4838 754 4909 pramio.
786 4835 996 4891 Beatior
1024 4847 1193 4891 autent
1221 4837 1311 4906 qui
1337 4836 1410 4890 sic
1435 4843 1773 4908 permanserit
1794 4881 1808 4907 ,

199 4933 487 4983 secundum
514 4944 685 4983 meum
704 4929 910 4998 quidem
938 4929 1233 4983 consilium.
1268 4927 1400 4983 Puto
1419 4930 1628 4987 enimut
1652 4942 1696 4987 et
1719 4951 1810 5006 ego

202 5022 467 5091 Spiritum
510 5021 606 5076 Dei
645 5021 864 5077 habeam
897 5021 1103 5095 (lbid.,
1135 5021 1207 5080 40
1227 5020 1269 5093 ).
1303 5021 1600 5093 Sequimini
1643 5042 1808 5099 ergo,

202 5119 345 5189 lilii,
377 5122 665 5176 consilium
693 5122 939 5192 Apostoli
962 5164 977 5187 .
1008 5123 1211 5178 donum
1243 5123 1481 5194 Spiritus
1508 5124 1701 5179 sancti.

274 5216 369 5271 47.
401 5214 608 5272 Sumite
634 5232 765 5286 ergo
787 5224 844 5271 et
864 5232 990 5282 vos,
1023 5216 1164 5273 sicut
1195 5218 1428 5287 sumpsit
1456 5217 1622 5273 Maria
1655 5233 1815 5274 soror

210 5306 414 5381 Moysis
437 5321 486 5364 et
512 5311 717 5377 Aaron,
748 5321 1062 5382 tympanum
1089 5312 1140 5366 in
1167 5312 1416 5367 manibus
1434 5313 1650 5379 vestris,
1672 5313 1817 5368 exite

201 5403 488 5460 dicentes:
510 5403 789 5460 Cantemus
806 5403 1067 5473 Domino;
1091 5406 1318 5476 gloriose
1337 5406 1472 5460 enim
1494 5405 1811 5475 honoriﬁca—

280 5548 306 5576 ⁸
351 5538 568 5609 Aliquot
595 5553 753 5605 tnss.,
774 5555 975 5595 servare
1001 5540 1341 5609 virginitatem
1362 5557 1526 5595 suam.

280 5611 308 5650 δ
340 5610 441 5666 Hic
468 5613 638 5667 beata:
662 5613 1080 5684 resurrectionis
1101 5614 1340 5679 quietem
1365 5613 1629 5681 intelligo,
1651 5624 1811 5684 quam

205 5683 262 5738 in
306 5684 619 5751 st-ptenario
661 5699 895 5755 numero
924 5683 1198 5754 designari
1241 5687 1439 5755 passim
1483 5683 1717 5741 traditur
1745 5686 1813 5741 ab

208 5755 530 5813 Ambrosio.
570 5754 1081 5828 Caeterumiludzeis
1124 5754 1421 5814 tria’erant
1457 5773 1578 5828 qua:
1619 5773 1810 5828 magna

207 5828 557 5902 vocitabant,
587 5827 815 5885 sabbata
844 5827 912 5886 de
937 5830 1131 5903 quibus
1161 5830 1228 5887 ad
1263 5827 1485 5904 Expos.
1512 5830 1567 5887 in
1607 5827 1809 5887 Lucam

1917 4653 2116 4707 mortui
2148 4662 2168 4691 ο
2200 4652 2498 4709 laudabunt
2522 4660 2593 4718 te,
2628 4652 2874 4717 Domine,
2904 4651 2999 4707 sed
3030 4651 3293 4707 viventes.
3327 4648 3393 4703 Et
3421 4662 3519 4704 vos

1919 4746 2083 4816 igitur
2112 4755 2170 4800 ut
2196 4746 2391 4801 vivatis
2413 4789 2428 4813 ,
2458 4746 2676 4801 laudate
2707 4746 2993 4800 [luminum
3016 4786 3031 4810 ,
3064 4755 3117 4798 et
3148 4742 3359 4798 laudate
3387 4756 3513 4795 eum

1918 4837 2112 4893 diebus
2142 4854 2206 4895 ac
2234 4840 2484 4895 not-tibus
2512 4838 2686 4913 (Psal.
2713 4854 2875 4903 cxnt,
2926 4838 3013 4901 l7,
3064 4837 3170 4905 l8).
3202 4832 3518 4889 Landabitis

1919 4942 2133 5002 autem,
2163 4934 2207 4989 si
2238 4934 2305 4988 ab
2334 4949 2399 4989 c0
2430 4933 2574 4988 nulla
2611 4948 2705 4988 vos
2749 4942 2956 4988 avertat
3006 4930 3275 5001 cupiditas
3326 4924 3516 4981 matri-

1920 5028 2123 5096 monii,
2170 5037 2226 5085 et
2268 5045 2397 5085 cura
2446 5029 2670 5094 mundi;
2726 5028 2980 5098 quoniam
3032 5041 3152 5096 quae
3202 5020 3512 5091 conjugiun:

1917 5120 2240 5186 sortiuntur,
2272 5120 2641 5175 sollicitantur
2674 5120 2857 5173 mundi
2890 5119 3049 5189 hujus
3081 5115 3329 5186 negotiis.

2507 5214 2738 5272 CAPUT
2782 5213 2913 5269 Vlll.

1920 5308 1988 5365 Ut
2017 5309 2213 5379 prolem
2241 5326 2419 5374 suam,
2452 5325 2567 5380 qua:
2597 5308 2707 5364 Deo
2732 5309 2843 5378 jam
2872 5324 2903 5360 a
2932 5301 3229 5374 parentibus
3258 5299 3514 5369 promissa

1984 5413 2095 5461 erat
2115 5444 2130 5472 ,
2162 5405 2335 5460 acrius
2364 5412 2579 5476 urgeat,
2613 5404 2737 5473 ﬁlia:
2781 5400 3004 5471 Jeplttlte
3033 5401 3084 5452 in
3124 5396 3391 5466 implendo
3420 5410 3513 5467 pa-

1923 5557 2051 5611 vm,
2084 5557 2231 5598 num.
2261 5539 2360 5603 95.
2387 5537 2591 5609 aliquid
2634 5538 3013 5592 observamus.
3058 5534 3262 5589 Locum
3296 5533 3511 5604 ipsum,

1918 5617 1962 5668 si
1996 5625 2146 5669 vacat
2168 5656 2183 5679 ,
2215 5612 2322 5667 adi.

1998 5701 2019 5728 ε
2058 5689 2263 5745 Omnes
2282 5686 2417 5741 edit.
2443 5697 2569 5738 cttm
2595 5694 2725 5735 mss.
2752 5679 3029 5734 nonnullis
3050 5721 3063 5741 .
3096 5678 3310 5734 laudant
3336 5678 3515 5734 βωμία

1922 5777 2079 5827 nant;
2107 5760 2198 5816 alii
2219 5773 2355 5823 mss.
2379 5766 2579 5829 magno
2598 5766 2851 5820 numero,
2874 5751 3160 5809 laudabunt
3181 5763 3249 5823 te,
3276 5751 3512 5811 Dentinr.
