4054 6306
528 293 630 352 551

1871 292 2120 353 SANC'I‘I
2159 296 2489 357 AMBROSII

3719 307 3811 362 35‘!

595 423 742 469 terno
771 424 889 468 uoto
917 413 1220 486 obsequium
1247 415 1443 488 refert:
1473 413 1659 470 deinde
1692 414 1760 468 ad
1791 413 1962 483 ﬁlium
2002 429 2128 468 con-
2155 419 2211 479 Α
2235 415 2478 488 indigna,
2509 429 2566 475 et
2596 427 2780 477 tamen
2809 423 2964 492 quasi
2991 421 3150 478 Anna
3197 422 3428 495 promisi
3480 432 3539 480 ut
3579 423 3812 480 omnibus

595 523 742 562 uersa
783 507 830 562 ei
853 517 1056 564 reuocat
1096 507 1152 562 in
1197 509 1495 563 memoriam
1531 507 1964 579 quemadmodum
2010 522 2131 576 prec

599 599 743 655 cibus
769 617 802 654 a
834 598 944 654 Deo
983 601 1138 672 fuerit
1183 601 1522 673 impetratur,
1568 601 1651 656 cui
1698 600 1919 672 proinde
1957 600 2135 672 negari

603 709 706 748 non
735 694 900 760 possit
926 693 1037 748 sine
1067 695 1302 749 crimine.
1333 693 1433 750 llis
1457 693 1638 757 dictis.
1671 695 1993 749 alacritate»:
2037 695 2136 765 pice

605 785 798 843 sobolis
823 803 1039 843 cernens
1056 788 1106 842 in
1132 787 1418 862 gratiarum
1442 789 1673 843 actiones
1705 787 1994 856 effunditur
2021 804 2138 844 sau-

602 889 686 935 cta
703 880 888 936 mulier
909 883 1099 956 :cujus
1125 881 1419 937 Ambrosius
1441 882 1493 937 in
1519 881 1832 949 Ecclesium,
1862 881 1948 936 ubi
1968 882 2137 952 ﬁlium

606 973 813 1029 lectoris
859 974 1129 1028 obeuntem
1153 991 1338 1028 munus
1365 975 1552 1043 reperit
1576 1017 1590 1040 ,
1618 991 1912 1045 processum
1931 983 2134 1028 narrat.

605 1063 696 1121 51.
737 1063 1098 1122 Considerate
1119 1109 1135 1133 ,
1169 1067 1260 1120 lilii
1283 1111 1298 1135 ,
1331 1067 1461 1139 quid
1495 1071 1636 1122 votis
1661 1068 1910 1124 debeatis
1937 1083 2137 1139 parcn-

537 1169 671 1217 tum.
714 1159 1045 1232 Aperoimus
1069 1162 1137 1216 ad
1174 1162 1340 1216 Deum
1369 1179 1432 1216 os
1461 1164 1622 1236 291
1656 1175 1943 1219 nostrum:
1977 1171 2003 1200 ι
2036 1177 2136 1216 vo-

541 1261 655 1311 lultl
685 1263 771 1312 est
797 1257 1046 1312 voluntas
1077 1267 1387 1328 parentum.
1417 1258 1529 1313 Nos
1560 1261 1836 1314 oravimus
1856 1300 1871 1322 ,
1903 1274 2000 1312 vos
2033 1257 2142 1312 sol-

538 1351 669 1406 vite.
712 1349 924 1418 Quanta
956 1350 1036 1408 vis
1061 1354 1134 1406 sit
1164 1354 1217 1408 in
1245 1355 1388 1408 votis
1421 1363 1704 1424 parentum
1746 1354 1989 1426 Jcphthe
2028 1352 2140 1410 Ga-

539 1442 756 1500 laaditis
787 1445 892 1501 lilia
922 1460 1020 1502 vos
1049 1446 1212 1503 debet
1237 1447 1440 1504 docere
1461 1490 1476 1516 ,
1507 1465 1628 1518 quae
1672 1465 1741 1506 ne
1786 1449 2143 1505 frustraretur

539 1535 873 1592 oblationem
913 1551 1228 1610 paternam,
1271 1539 1437 1596 etiam
1477 1551 1707 1598 mortem
1739 1557 1893 1598 suam
1921 1545 2140 1601 obtulit.

537 1629 673 1686 Nam
701 1647 825 1688 cum
863 1635 957 1690 ille
991 1635 1259 1692 Sollicitus
1301 1637 1370 1692 de
1406 1636 1537 1693 belli
1577 1639 1852 1707 periculo,
1905 1640 2146 1697 vovisset

538 1733 600 1780 ut
621 1725 668 1781 si
700 1727 1013 1798 prosperior
1037 1744 1230 1801 pugnae
1257 1738 1488 1787 eventus
1515 1733 1684 1800 foret,
1707 1731 1760 1788 id
1787 1733 1933 1804 quod
1965 1749 2148 1806 regre-

2237 509 2365 566 vita:
2400 522 2506 567 tua:
2551 512 2753 571 diebus
2791 529 2854 572 ac
2885 517 3143 572 noctibus
3194 533 3223 574 a
3269 527 3572 588 conspectu
3618 517 3814 574 Domini

2238 622 2346 662 non
2397 609 2622 664 recedas
2667 626 2681 664 :
2725 625 2826 682 ego
2873 611 3138 681 promisi,
3193 622 3248 668 tu
3311 628 3620 686 exsequere
3665 630 3680 668 :
3723 613 3814 669 Do-

2240 701 2420 757 minus
2450 703 2556 757 sibi
2588 703 2785 758 hostiae
2823 719 2937 759 sua:
2983 721 3182 761 munus
3208 705 3479 777 implebit.

2310 791 2401 848 55.
2446 793 2574 849 Haec
2613 805 2666 852 et
2697 795 2802 851 alia
2835 797 2920 866 pia
2950 808 3164 853 mater:
3198 814 3319 870 quae
3377 810 3665 870 postquam
3702 813 3818 855 cou-

2239 895 2523 956 gruentem
2559 887 2795 943 ﬁliorum
2845 890 2984 945 vidit
3013 889 3289 956 aﬁ‘ertum,
3323 891 3654 948 ablactatum
3682 907 3816 946 suum

2241 981 2502 1036 uberibus
2525 983 2716 1052 gratia:
2745 981 3008 1051 Spiritalis
3034 983 3088 1039 in
3123 985 3384 1054 templum
3420 983 3639 1040 Domini
3670 983 3819 1039 dedu-

2241 1088 2392 1139 cens,
2426 1089 2688 1130 Conversa
2707 1087 2792 1131 est
2821 1075 2885 1131 ad
2914 1092 3126 1147 preces,
3162 1086 3218 1132 et
3247 1076 3386 1132 dixit
3415 1093 3429 1131 :
3469 1073 3820 1146 Conﬁrmatuut

2243 1177 2318 1222 est
2339 1183 2427 1220 cor
2450 1185 2617 1223 meum
2655 1169 2710 1223 in
2742 1167 2966 1224 Domino
2992 1187 3010 1224 :
3042 1172 3323 1225 exaltatum
3367 1181 3436 1226 est
3467 1186 3631 1224 cornu
3675 1185 3820 1223 meum

2245 1261 2297 1316 in
2345 1259 2455 1317 Deo
2485 1278 2616 1318 meo.
2659 1262 2942 1318 Dilatatum
2991 1275 3065 1318 est
3113 1281 3170 1318 os
3200 1281 3369 1318 meum
3411 1279 3572 1331 super
3612 1263 3821 1317 inimicos

2246 1373 2401 1424 meos,
2433 1357 2633 1411 (tutetur
2653 1359 2707 1411 in
2739 1358 2963 1411 salutari
2992 1367 3082 1412 tuo
3103 1375 3121 1424 ;
3142 1358 3388 1428 quoniam
3415 1373 3519 1411 non
3542 1365 3618 1411 est
3636 1365 3822 1410 sanctus

2245 1453 2382 1506 alius
2407 1452 2668 1522 qumnodo
2701 1450 2991 1518 Dominus;
3022 1462 3069 1506 et
3100 1467 3201 1506 non
3245 1463 3322 1506 est
3359 1451 3562 1521 justus,
3590 1449 3822 1517 quomodo

2248 1541 2596 1608 Deusnoster,
2625 1553 2669 1598 et
2691 1561 2793 1598 non
2815 1553 2890 1598 est
2909 1554 3117 1598 sanctus
3134 1555 3323 1614 praeter
3343 1556 3392 1598 te
3412 1542 3455 1616 (l
3473 1541 3600 1614 Reg.
3631 1538 3819 1611 u,l,!).

2321 1637 2412 1694 51.
2458 1638 2561 1693 [Sta
2621 1638 2783 1706 igitur
2828 1637 2895 1692 ad
2946 1638 3090 1694 ﬁlios
3135 1653 3266 1692 suos
3314 1647 3490 1692 mater
3537 1636 3694 1701 dixit,
3723 1649 3823 1703 qua:

2250 1729 2413 1786 simul
2466 1739 2521 1785 et
2560 1731 2842 1785 viduitatis
2885 1729 2937 1784 in
2971 1746 3052 1795 se,
3087 1741 3142 1785 et
3195 1728 3528 1800 integritatis
3581 1727 3633 1782 in
3661 1726 3823 1783 liberis

537 1816 710 1874 dienti
735 1817 957 1874 domum
989 1835 1142 1877 suam
1177 1823 1354 1894 primo
1384 1824 1488 1879 sibi
1518 1835 1874 1892 occurreret,
1908 1827 2018 1883 Deo
2049 1828 2150 1882 im-
2180 1827 2228 1888 B
2256 1825 2445 1880 titulos
2499 1823 2553 1879 in
2607 1823 2827 1878 donmm
2876 1837 3030 1878 suam
3059 1822 3265 1887 intulit,
3297 1821 3452 1894 quasi
3481 1819 3735 1892 quosdam
3761 1817 3824 1874 fe-

541 1915 810 1982 molaret;
845 1915 935 1971 ubi
968 1916 1194 1972 victoria
1223 1920 1423 1987 potitus
1452 1929 1575 1984 est,
1604 1921 1842 1975 occurrit
1871 1920 2001 1990 ﬁlia,
2028 1921 2150 1977 laeta

543 2022 656 2080 prte
682 2009 898 2066 caeteris
924 2011 1120 2082 gaudio
1147 2014 1390 2068 victoriae
1417 2023 1474 2070 et
1505 2015 1722 2086 pietatis
1752 2015 1954 2071 ofﬁcio.
1989 2016 2150 2088 lnge-

545 2102 682 2156 muit
721 2112 879 2173 pater
905 2103 932 2142 δ
965 2119 1074 2160 non
1115 2103 1346 2162 alfectus
1387 2121 1614 2172 memor,
1647 2107 1742 2163 sed
1778 2123 1988 2163 utemur
2015 2107 2149 2163 voti.

545 2192 811 2262 Quaesivit
843 2211 1064 2253 causam
1101 2197 1252 2253 ﬁlia:
1304 2199 1590 2270 respondit
1627 2201 1717 2256 ille
1753 2201 1882 2272 quid
1927 2202 2154 2258 Domino

548 2287 915 2358 promisisset.
944 2289 1081 2346 Tum
1107 2291 1198 2346 illa
1231 2291 1444 2348 hortata
1475 2303 1562 2349 est
1592 2303 1651 2349 ut
1680 2294 2007 2366 promissum
2039 2295 2152 2351 Deo

550 2394 754 2435 munus
783 2381 1060 2451 impleret.
1087 2383 1278 2454 Itaque
1310 2385 1582 2441 incautam
1616 2387 1786 2458 patris
1813 2387 2152 2444 oblationem

551 2473 818 2544 sanguine
843 2490 945 2531 suo
969 2477 1132 2533 solvit
1158 2476 1360 2552 (Judic.
1389 2495 1447 2535 ιι
1465 2523 1479 2545 ,
1504 2482 1569 2538 51
1604 2493 1654 2537 et
1678 2482 1841 2555 seq.).

623 2567 714 2623 52.
750 2568 877 2626 llrc
907 2573 930 2604 °
956 2572 1109 2628 vobis
1137 2577 1468 2632 communia.
1508 2575 1589 2632 Tu
1631 2590 1836 2645 autem,
1867 2576 1962 2643 ﬁli,
1993 2593 2153 2650 quem

555 2661 686 2716 mihi
719 2677 882 2720 verus
915 2665 1190 2741 llelcaua(
1218 2667 1237 2724 1
1271 2669 1399 2740 Reg.
1432 2687 1471 2738 ι,
1505 2672 1530 2727 1
1564 2683 1613 2725 et
1642 2688 1749 2744 seq.
1777 2670 1820 2745 ),
1851 2673 1902 2728 id
1925 2685 2030 2738 est,
2056 2673 2152 2729 Dei

553 2755 703 2811 dedit
733 2761 1032 2828 possessio,
1057 2764 1364 2831 postulatus
1391 2780 1565 2832 meus,
1598 2769 1794 2835 petitus
1821 2783 1975 2823 meus
1997 2769 2157 2840 (inde

547 2851 695 2906 enim
745 2853 909 2908 etiam
951 2855 1172 2913 Samuel
1215 2873 1413 2914 nomen
1442 2859 1730 2932 accepit);
1783 2873 1861 2930 tu,
1911 2863 2153 2931 inquam,

559 2945 887 3019 impetratus
915 2967 1090 3021 meus,
1118 2963 1178 3010 et
1204 2955 1422 3009 votivus
1447 2971 1622 3022 meus,
1670 2957 1764 3026 qui
1805 2958 2078 3029 quomodo
2100 2958 2153 3014 in

555 3053 771 3100 uterum
807 3061 986 3102 meum
1041 3049 1280 3116 veneris,
1313 3050 1499 3106 nescio
1529 3051 1682 3122 (jam
1727 3053 1872 3108 cnim
1900 3053 2158 3123 despera-

555 3151 738 3194 Vcram
769 3137 1017 3196 sobolem
1047 3156 1216 3197 sexus
1241 3141 1457 3215 virilis),
1499 3159 1660 3215 quem
1690 3145 1823 3200 mihi
1857 3158 1981 3200 vota
2013 3161 2154 3212 mea,

557 3247 666 3288 non
707 3233 887 3306 aliqua
934 3235 1196 3292 solemnis
1242 3247 1420 3293 coetus
1446 3247 1658 3295 secreta
1691 3239 2039 3295 formarunt:
2079 3249 2155 3306 tu,
2185 3233 2232 3296 C

555 3327 800 3398 inquam,
833 3328 930 3396 ﬁli,
959 3345 1196 3400 agnosce
1217 3349 1245 3388 a
1273 3348 1382 3404 quo
1406 3333 1640 3391 donatus
1659 3336 1736 3391 sis
1764 3335 1914 3390 mihi.
1947 3335 2041 3391 llle
2070 3344 2159 3390 tua

553 3437 648 3476 ora
665 3424 866 3494 plasma
877 3425 975 3492 vit,
995 3426 1084 3482 ille
1107 3438 1194 3482 tua
1212 3429 1450 3484 membra
1471 3429 1735 3493 diStinxit,
1756 3432 1848 3487 ille
1867 3447 1984 3485 mea
2007 3439 2160 3485 orata

557 3517 822 3585 suscepit,
853 3520 1020 3588 cujus
1050 3523 1276 3595 templo,
1303 3524 1459 3594 cujus
1487 3526 1752 3596 obsequio
1786 3534 1839 3582 te
1862 3536 2158 3598 antequam

559 3613 886 3675 nascereris,
942 3616 1178 3670 sacravi.
1225 3615 1344 3672 Non
1375 3619 1714 3688 parentibus,
1767 3637 1874 3674 non
1902 3618 2030 3684 tibi,
2063 3618 2159 3674 sed

563 3703 677 3760 Deo
729 3715 890 3762 natus
932 3723 1034 3775 es;
1087 3710 1245 3780 cujus
1293 3722 1590 3784 antequam
1633 3713 1703 3770 de
1755 3715 1911 3768 vulva
1966 3715 2163 3769 matris

558 3799 762 3866 exires,
794 3815 922 3859 esse
960 3805 1200 3872 ccepisti.
1231 3807 1296 3862 Et
1325 3823 1516 3864 omnes
1538 3810 1758 3880 quidem
1783 3810 1929 3865 illius
1951 3824 2158 3877 sumus,

554 3894 652 3950 sed
683 3905 865 3952 tamen
902 3906 956 3953 tu
1013 3901 1330 3970 specialiter
1365 3899 1393 3940 ά
1443 3905 1770 3976 promissus,
1806 3906 2036 3961 Domino
2069 3915 2161 3958 tuo

559 3987 843 4055 redderis;
875 3991 1000 4064 quia
1029 3994 1294 4058 scriptum
1341 4006 1466 4052 est:
1519 3997 1707 4054 Vovete
1737 4009 1784 4054 et
1825 3998 2028 4054 reddite
2054 3997 2164 4053 Do-

555 4081 695 4137 mino
747 4081 857 4140 Deo
892 4097 1060 4144 uestro
1101 4088 1239 4162 (Ps.
1271 4107 1431 4160 Lxxv,
1463 4090 1533 4148 12
1554 4091 1594 4166 ).
1651 4093 1770 4166 Ego
1797 4095 2028 4162 misera,
2055 4107 2160 4164 ego

635 4255 660 4284 ⁸
691 4247 811 4304 Jam
834 4264 996 4322 supra
1037 4249 1412 4314 Laurentium.
1449 4253 1610 4307 trimn
1643 4253 1864 4308 illarum
1889 4250 2160 4322 virginum

563 4315 812 4386 fratrem,
836 4315 1068 4376 Iuliana:
1105 4324 1313 4389 verbis,
1342 4332 1590 4379 Votorum
1619 4339 1648 4378 a
1683 4315 2002 4393 parentibus
2026 4339 2164 4376 nun-

564 4400 882 4464 cupatorum
911 4393 1292 4455 admomwrat,
1324 4397 1476 4463 quasi
1509 4395 1803 4450 maximum
1836 4393 1976 4464 apud
2011 4410 2162 4448 cum-

565 4459 688 4514 dem
724 4460 924 4518 habere
953 4465 1187 4519 debeant
1237 4459 1572 4520 momentum
1601 4484 1614 4520 :
1648 4464 1753 4520 hoc
1800 4459 1982 4522 autem
2039 4465 2163 4521 loco

563 4530 907 4588 manifesﬁus
955 4535 1133 4588 adhuc
1183 4537 1502 4591 earumdem
1542 4548 1793 4592 votorqu
1847 4539 1911 4590 ad
1959 4539 2162 4592 aStrin-

562 4602 997 4672 gendoslibems
1049 4607 1306 4662 Vil'llllt‘lli
1352 4609 1532 4663 docet.
1574 4610 1721 4666 Sane
1772 4607 1994 4666 dubium
2053 4624 2158 4664 non

564 4683 668 4750 est.
719 4675 846 4750 ιιιιίιι
895 4676 1128 4733 infames
1182 4679 1312 4734 olim
1368 4681 1717 4737 mouaSIeriis
1766 4697 1794 4735 a
1846 4681 2159 4750 parentibus

565 4744 734 4799 oblati
793 4756 1138 4818 cogerentur,
1179 4752 1369 4806 saltem
1423 4751 1475 4806 in
1533 4744 1857 4808 occidentis'
1890 4752 2156 4817 Ecclesia,

567 4818 922 4892 monasticam
977 4821 1140 4892 vitam
1201 4832 1464 4892 perpetuo
1501 4837 1744 4880 servare.
1811 4824 1921 4879 lloc
1970 4838 2161 4891 aperte

567 4890 812 4965 prmcipit
841 4891 1020 4948 ’l‘olet.
1069 4891 1240 4948 Cone.
1275 4890 1397 4950 can.
1430 4895 1521 4965 48,
1577 4897 1666 4952 ubi
1711 4897 1939 4964 legimus
1988 4890 2016 4950 :7
2048 4894 2163 4949 Mo-

565 4959 788 5040 nac/tum
833 4973 929 5040 aut
959 4975 1194 5040 paterna
1246 4968 1446 5040 deuotio
1503 4959 1594 5023 aut
1642 4959 1854 5037 propria
1905 4969 2160 5040 professio

564 5032 709 5114 (dcit.
743 5031 1009 5114 Quidquid
1035 5039 1433 5114 ltorumufuerit,
1480 5031 1757 5114 alligatum
1799 5031 2013 5104 tenebit;
2047 5050 2154 5095 etc.

566 5101 700 5186 item
731 5101 996 5186 c_an._50:
1034 5101 1338 5186 Non_a_liter
1367 5101 1497 5166 etlti
1527 5101 1614 5182 qui
1645 5112 1844 5167 detonsi
1889 5131 1920 5165 (ι
1946 5101 2160 5186 paren-

565 5175 698 5254 tibus
741 5178 958 5254 fuerint.
988 5190 1098 5254 etc.
1153 5180 1392 5254 [sicilorus
1443 5175 1658 5254 quoque
1716 5201 1822 5239 non
1880 5175 2055 5238 solum
2104 5185 2156 5237 in

565 5247 846 5324 Decr.20_.
890 5267 944 5316 q.
974 5252 1104 5324 l,c.
1151 5247 1472 5324 Quicumque
1503 5257 1726 5322 relatus,
1779 5256 1874 5311 sed
1914 5255 2078 5310 etiam
2127 5270 2158 5310 a

559 5329 754 5394 sancto
805 5321 1101 5379 Benedicto
1151 5321 1447 5379 Aniaomisi
1481 5325 1534 5380 in
1563 5321 1833 5383 Concoi-d.
1869 5329 1996 5388 Iteg.
2033 5341 2156 5394 cap.

559 5387 655 5453 45.
686 5389 714 5464 §
742 5393 797 5456 5,
827 5403 878 5450 et
919 5412 946 5447 a
977 5395 1274 5464 Smaragdo
1325 5397 1374 5450 in
1427 5398 1646 5467 Regula:
1673 5401 1842 5454 sancti
1882 5387 2156 5453 Benedicti

563 5475 686 5542 cap.
734 5467 804 5520 49
825 5467 1215 5542 citatus,idem
1248 5469 1458 5524 statuit.
1513 5469 1624 5524 Hoc
1671 5473 1846 5542 ipsum
1877 5471 2154 5542 ctiamiu'

567 5531 696 5588 bent
717 5540 961 5610 synodus
1007 5541 1282 5597 Aurelian.
1319 5557 1369 5602 v,
1395 5558 1518 5595 ean.
1555 5543 1644 5602 l9.
1677 5531 1811 5597 (ient
1847 5552 1902 5596 et
1934 5557 1947 5596 ι
1979 5531 2158 5595 Matis-

565 5619 690 5686 cou.
716 5623 838 5686 can.
874 5611 1384 5686 18._Qttil}uts_:ttljici
1417 5623 1593 5682 potest
1617 5613 1910 5686 Gregorius
1930 5612 1970 5668 ll
1999 5626 2156 5686 papa,

565 5679 727 5755 epist.
763 5682 840 5755 _9_.
869 5685 934 5735 ad
968 5682 1008 5738 Β
1032 5683 1145 5740 ιιιίῐ.
1181 5679 1394 5751 Μοεέιιη.
1420 5679 1608 5742 relata
1659 5679 1924 5742 iu'Decr.
1957 5679 2156 5755 20,’q.

569 5748 622 5827 1.
653 5753 1050 5827 c._Addidistis.
1111 5748 1454 5812 Coi-ﬁrmant
1509 5758 1756 5815 eamdem
1802 5773 1918 5815 rem
1963 5748 2162 5827 praeter

562 5817 798 5900 Begulas
847 5829 1029 5900 sancti
1073 5827 1376 5900 Benedicti,
1409 5829 1652 5900 Magistri
1696 5843 1752 5889 et
1773 5817 2155 5894 -:a|ias,'etiam

564 5890 815 5952 lormtthe
867 5897 1064 5968 quibus
1117 5899 1172 5956 in
1214 5890 1525 5958 olferendis'
1560 5890 1684 5959 ﬁliis
1733 5890 1990 5974 parentes
2041 5909 2159 5954 ute-

2257 1918 2468 1972 mineos
2499 1917 2861 1986 principatus.
2887 1915 3120 1988 Egregia
3168 1929 3300 1970 sane
3334 1916 3558 1982 femina,
3589 1931 3702 1984 qua:
3738 1912 3824 1968 sibi

2258 2008 2392 2064 nihil
2437 2009 2701 2080 reliquit:
2755 2018 2928 2064 totum
2983 2007 3128 2080 quod
3186 2007 3395 2074 habuit,
3446 2005 3561 2062 Deo
3615 2004 3821 2070 obtulit;

2257 2105 2420 2179 292
2451 2105 2606 2174 cujus
2628 2105 2737 2159 vita
2768 2102 3036 2159 institutio
3061 2102 3366 2173 disciplina:
3392 2111 3498 2167 est,
3527 2109 3583 2156 et
3607 2097 3822 2170 quaedam

2259 2201 2490 2256 formula
2543 2199 2816 2255 castitatis
2841 2198 2988 2254 bono
3020 2197 3326 2268 proposito,
3381 2205 3438 2250 et
3467 2194 3689 2250 meliore
3724 2206 3822 2248 ma-

2257 2295 2508 2366 gisterio.
2557 2293 2878 2362 Exemplum
2930 2293 3075 2348 enim
3120 2289 3401 2346 viduitatis
3441 2296 3500 2346 et
3529 2285 3824 2359 virginitatis

2259 2391 2628 2462 n’tagislcrinm
2658 2399 2762 2446 est.

2331 2485 2422 2541 55.
2468 2482 2722 2540 Procedit
2800 2482 2854 2536 in
2912 2478 3215 2536 Ecclesium
3281 2477 3514 2533 ﬁliarum
3579 2475 3826 2546 virginum

2263 2587 2286 2614 θ
2317 2588 2472 2649 septa
2522 2576 2806 2641 cntnilalu,
2858 2574 3223 2629 domesticum
3244 2571 3416 2627 decus
3463 2570 3826 2626 invehenszet

2259 2671 2465 2728 invenit
2497 2671 2550 2726 in
2597 2670 2836 2726 Ecclesia
2890 2667 3032 2737 quod
3072 2681 3232 2721 suum
3263 2663 3426 2730 dicat,
3473 2665 3639 2719 ﬁlium
3663 2674 3826 2716 sacra-

2259 2783 2377 2823 rum
2408 2767 2705 2822 lectionum
2757 2763 2977 2818 oracula
3011 2770 3432 2834 personantem;
3481 2771 3538 2814 ut
3570 2757 3825 2814 videantur

2259 2861 2362 2915 sibi
2389 2874 2610 2915 sorores
2638 2857 2789 2913 domi
2809 2857 3047 2922 discere,
3071 2872 3194 2912 cum
3229 2854 3399 2910 frater
3416 2852 3647 2910 auditur.
3673 2850 3823 2906 Mater

2258 2967 2479 3025 quoque
2504 2952 2570 3005 ad
2601 2951 2958 3005 imitationem
2991 2948 3234 3004 caelestis
3261 2945 3498 3016 exempli
3552 2943 3740 3016 gaudet
3773 2953 3824 2997 se

2262 3048 2527 3120 proﬁcere
2553 3046 2622 3104 de
2650 3049 2784 3112 lilio,
2808 3055 2863 3101 ct
2891 3047 3073 3100 omnia
3125 3043 3360 3116 legentis
3387 3039 3553 3096 verba
3579 3039 3664 3112 pio
3690 3050 3823 3092 matt-

2261 3144 2354 3200 dat
2396 3142 2634 3209 atl'ectui,
2667 3153 2723 3198 et
2759 3141 2952 3199 sedqu
2990 3140 3158 3196 corde
3185 3147 3501 3195 conservat.

2871 3235 3102 3293 CAPUT
3150 3235 3246 3292 ιχ.

2266 3331 2555 3389 Maternum
2585 3333 2988 3387 exhortationem
3030 3341 3086 3384 ut
3115 3347 3210 3384 sua
3244 3343 3443 3402 quoque
3473 3326 3685 3382 cumulet
3721 3338 3822 3378 sau-

2335 3435 2446 3480 ctus
2474 3423 2695 3491 Prtesul,
2727 3426 2950 3497 uirgines
2978 3423 3100 3479 illas
3125 3421 3196 3476 ad
3220 3419 3556 3492 quaerendum
3591 3420 3642 3472 in
3665 3414 3822 3471 divinis

2339 3519 2624 3594 Scripturis
2653 3519 2910 3574 Christum
2940 3519 3146 3573 excitat.
3195 3515 3304 3572 Sed
3346 3531 3458 3570 cum
3485 3511 3684 3583 quando
3707 3522 3822 3578 quc-

2336 3615 2490 3680 ritur,
2516 3618 2634 3688 jam
2681 3625 2787 3666 tum
2845 3623 3147 3684 prementem
3185 3625 3294 3665 esse
3341 3622 3655 3672 asseverans,
3701 3602 3823 3656 docet

2337 3708 2758 3783 interrogandum
2788 3705 2877 3762 ubi
2905 3715 3106 3760 maneat
3133 3704 3187 3758 in
3215 3700 3528 3767 meridiano,
3581 3697 3634 3753 id
3670 3706 3751 3757 est,
3778 3693 3821 3745 in

2341 3803 2519 3858 Patris
2544 3803 2780 3856 lumine:
2825 3798 3186 3871 requirendum
3234 3796 3388 3851 etiant
3433 3795 3488 3849 in
3538 3793 3717 3847 lumine
3746 3787 3820 3841 bo-

2336 3912 2523 3951 norum
2571 3910 2806 3964 operum,
2830 3902 2982 3963 atque
3007 3893 3062 3946 in
3089 3889 3357 3944 nocturnis
3386 3883 3731 3943 orationibus:
3755 3877 3824 3933 ubi

2332 4008 2449 4046 vero
2475 3991 2568 4045 ille
2595 3988 2876 4052 transierit,
2909 3985 3265 4054 sequendum;
3299 3999 3416 4038 cum
3454 3982 3725 4037 delectetur
3745 3987 3823 4028 str-

2339 4089 2454 4157 pius
2475 4084 2658 4156 quaeri,
2684 4093 2735 4136 ut
2762 4081 2985 4155 gratiam
3015 4079 3244 4148 suscitet,
3274 4077 3602 4144 animamque
3637 4071 3824 4126 vulneret

2269 4248 2490 4310 bantur,
2546 4256 2682 4313 quas
2727 4238 3023 4313 Menardus
3070 4247 3269 4313 noster‘
3305 4229 3822 4313 in__Concord._lie5.

2265 4301 2387 4388 cap.
2415 4301 2537 4388 66,
2565 4301 2630 4388 ito
2655 4326 2885 4388 praeter
2931 4310 3223 4388 Atfllel'ill_t_lt
3255 4307 3311 4388 in
3350 4307 3507 4388 Dialis
3556 4306 3622 4360 ad
3673 4301 3824 4388 Ιδῆιᾘ.

2266 4369 2735 4454 διίιιίὗῖξΜειὶιῘῘΙ.
2768 4395 2952 4439 noster
2995 4391 3128 4456 tom.
3161 4381 3230 4456 lll_
3258 4379 3534 4456 Analect.,
3565 4393 3686 4456 pag.
3721 4369 3826 4456 ξφ,

2267 4445 2548 4518 ἑιιιιίιιθιὶι.
2601 4457 2736 4513 Vide
2767 4469 2980 4526 quoque
3007 4453 3310 4510 doctissimi
3351 4445 3688 4507 'l‘honiassini
3735 4445 3830 4498 Dis-

2267 4537 2371 4566 ..an
2433 4533 2556 4566 Enni
2615 4545 2646 4566 n
2700 4531 2734 4566 0
2783 4544 2814 4566 ρ
2867 4527 2937 4566 Διὲ
3001 4528 3090 4566 nni
3137 4523 3590 4566 nnncnptmlinml.
3623 4519 3753 4566 illam
3773 4512 3826 4566 ad

2267 4537 2395 4604 cipl.
2432 4533 2582 4589 Eccl.
2615 4545 2668 4598 [ι.
2700 4531 2756 4592 2,
2783 4519 2834 4582 ἓξ.
2867 4519 2960 4593 ί5,
3001 4528 3091 4596 qui
3137 4523 3590 4580 causuetudinen-
3623 4519 3753 4574 illam
3773 4519 3826 4569 ad

2271 4606 2493 4672 ﬂiSpan.
2525 4617 2679 4658 conc.
2705 4599 2890 4662 refert,
2925 4614 3046 4667 quas
3075 4597 3216 4672 torte
3247 4597 3443 4652 lltt'IitIs
3474 4583 3829 4672 refert-eturnad

2187 4644 2242 4704 Β
2743 4644 3291 4733 cortina-tiutationem,
3324 4678 3419 4722 aut
3448 4669 3641 4722 saltem
3665 4663 3725 4715 ad
3745 4656 3830 4734 Rc.

2265 4729 2540 4819 ﬁniant—BD.
2574 4744 2855 4819 Benedicti
2909 4729 3337 4819 synodo__ToIet.
3367 4755 3446 4819 tv,
3501 4751 3608 4792 uno
3659 4729 3830 4819 saleni?

2264 4813 2649 4890 antiquiorem.
2701 4817 2844 4871 Idem
2885 4821 3064 4890 autem
3096 4813 3490 4890 Thomassinus
3527 4814 3826 4890 contrarium

2268 4874 2424 4947 nstitit
2456 4890 2598 4961 apud
2658 4890 2980 4962 orientales,
3032 4887 3198 4962 inuno
3227 4885 3392 4962 etiam
3440 4874 3830 4962 apudmccidcu:

2269 4964 2407 5020 tales
2459 4952 2554 5029 per
2590 4961 2764 5032 prima
2785 4969 3018 5030 quatuor
3046 4955 3310 5012 Ecclesia:
3335 4952 3538 5011 smcuta
3559 4952 3828 5008 obtinuisse

2265 5033 2571 5092 contendit.
3558 5094 3590 5100 _
3755 5089 3764 5100 ,

2338 5106 2368 5146 δ
2411 5105 2552 5162 Edit.
2586 5118 2800 5168 omnes,
2830 5116 2894 5155 ac
2941 5101 3097 5170 pauci
3148 5114 3309 5165 mss.,
3357 5115 3461 5154 non
3510 5094 3718 5170 allectus
3749 5094 3826 5170 int-

2263 5161 2498 5244 memor;
2527 5175 2618 5230 alii
2647 5161 2821 5229 mnllo
2851 5161 3034 5244 plures
3063 5187 3131 5244 ac
3152 5161 3464 5244 pauciores,
3503 5161 3605 5222 non
3643 5161 3824 5244 allectus

2263 5236 2493 5306 memor.’
2527 5248 2591 5304 Et
2633 5251 2736 5302 hac
2765 5236 2942 5315 potior
2982 5236 3410 5306 lectio'videtur,
3439 5250 3500 5296 ut
3543 5251 3746 5315 sentitis
3768 5236 3824 5315 Sil

2261 5305 2386 5378 cum
2418 5322 2668 5388 erupisse
2698 5321 2750 5374 in
2766 5305 3041 5388 'gemitns,
3081 5331 3189 5388 non
3224 5325 3332 5370 tam
3373 5305 3581 5384 paterni
3607 5305 3820 5364 affectus,

2259 5409 2420 5466 quam
2452 5387 2664 5446 cruenti
2707 5387 2815 5466 voti
2848 5387 3302 5466 reetlrdﬁli‘llllezu
3504 5465 3507 5466 ν
3755 5446 3768 5466 ,

2339 5478 2359 5503 ε
2393 5466 2469 5520 lla
2493 5479 2659 5529 mss;
2690 5462 2822 5518 edit.
2856 5477 3009 5524 vero,
3035 5460 3198 5532 voltis.
3223 5457 3370 5532 ﬁliae,
3392 5465 3512 5532 sunt
3534 5457 3820 5532 CDIIIMNllMi

2263 5537 2453 5602 Rom.,
2506 5537 2607 5592 sint
2647 5527 3036 5590 'ronmtendata.
3090 5530 3154 5586 Et
3185 5527 3324 5585 infra
3365 5531 3455 5586 ubi
3508 5527 3632 5583 edit.
3662 5527 3815 5578 coitus.

2264 5610 2452 5676 legunt
2483 5622 2614 5663 mss.
2657 5617 2838 5672 cretus,
2869 5605 3060 5660 eodem
3101 5617 3288 5676 sens_n.
3477 5671 3516 5676 _
3652 5663 3694 5676 Η
3748 5660 3758 5672 _

2335 5663 2364 5718 ³
2390 5663 2594 5736 Ottmes
2639 5681 2798 5740 edit..
2825 5663 2837 5672 ’
2855 5677 3154 5750 prtemissus
3201 5672 3449 5730 Domino.
3473 5671 3516 5728 Τ
3522 5689 3553 5726 tt
3579 5663 3813 5724 redderis;

2262 5767 2454 5810 omnes
2499 5766 2632 5808 mss.
2668 5761 2726 5806 ut
2759 5753 2814 5807 in
2854 5763 3108 5820 corpore.
3197 5810 3227 5822 ,ί
3398 5818 3410 5822 _
3569 5813 3582 5822 _

2338 5805 2367 5863 ἕ
2394 5805 2680 5882 Μεε-ίιιόιι
2713 5805 2898 5896 pauci,
2925 5805 3069 5893 sipto
3099 5810 3657 5900 coniitatudomestico,
3684 5805 3810 5861 decu!

2263 5899 2465 5960 iuqens.
