4054 6306
200 301 300 358 355

1092 293 1542 356 EXHORTA'I‘IU
1585 291 2070 354 VIRGINITATIS.
2113 295 2318 355 LIBER
2360 296 2563 357 UNUS.

3402 303 3511 363 554

266 415 523 471 churitate
555 431 573 471 :
605 419 759 490 cujus
786 413 987 487 quidem
1016 413 1198 483 qualia
1223 415 1326 469 sint
1375 413 1609 480 vulnera,
1650 414 1807 467 variis
1833 414 1884 476 Α
1912 414 2061 469 verba
2087 422 2175 469 tuo
2208 414 2399 485 (Cant.
2427 431 2479 479 v,
2503 414 2590 486 6),
2623 412 2677 470 id
2702 424 2781 470 est
2806 416 3187 487 peregrinetur
3207 433 3236 474 a
3260 435 3513 492 corpore,

268 520 569 563 sanctorum
616 509 863 577 exemplis
907 507 1112 577 probat.

269 602 363 659 56.
407 603 516 659 Sed
552 602 802 675 quamvis
855 601 985 656 nihil
1035 600 1294 658 maternis
1342 600 1578 657 defuerit
1623 600 1807 656 horta-

205 693 468 762 tionibus,
497 709 601 766 ego
634 709 848 764 quoque
874 710 992 756 vos.
1023 692 1141 760 filii,
1184 693 1271 748 vel
1322 694 1506 764 paucis
1535 693 1805 761 alloquar.

204 787 444 857 Qua-rite
494 787 782 842 hominum
832 786 1041 852 Jesum,
1073 787 1164 858 qui
1195 802 1291 842 nos
1340 795 1525 842 mouet
1556 796 1615 841 ut
1660 802 1811 857 qua:-

205 896 386 939 ramus
429 898 658 954 regnum
710 882 803 936 Dei
848 898 863 937 :
900 879 965 935 Et
1009 897 1123 935 ecce
1166 881 1364 946 omnia,
1390 880 1586 951 inquit,
1615 897 1810 951 suppe-

204 985 307 1031 tent
352 976 493 1031 vobis
526 973 758 1047 (Matth.
795 990 869 1040 vt,
898 974 969 1029 5'5
995 975 1034 1045 ).
1062 974 1170 1031 Sed
1202 975 1342 1030 malo
1375 989 1477 1044 ego
1532 988 1630 1029 vos
1683 985 1812 1029 ante

204 1068 460 1126 meritum
507 1067 747 1134 deferre,
799 1078 852 1122 et
899 1065 979 1121 sic
1028 1067 1250 1136 exigere
1297 1064 1627 1122 mercedem.
1662 1065 1810 1121 Bona

207 1180 444 1227 merces,
475 1161 569 1219 sed
599 1162 835 1217 divinior
864 1161 1207 1231 diSpeusator
1230 1159 1519 1226 mercedis,
1548 1170 1602 1215 et
1622 1169 1813 1215 auctor

205 1258 471 1313 muneris.
504 1256 562 1312 ln
591 1271 759 1328 regno
790 1269 1019 1321 meroes,
1075 1253 1130 1309 in
1180 1253 1400 1309 Chrism
1429 1250 1812 1309 remunerandi

203 1360 472 1425 potestas.
520 1350 761 1418 Quam-ite
805 1349 952 1403 illam
1006 1347 1060 1402 itt
1113 1346 1418 1419 Seripluris
1466 1344 1689 1412 divinis,
1723 1344 1813 1400 tibi

204 1444 460 1501 Christus
486 1444 789 1507 invenitur,
822 1453 876 1499 et
919 1442 1084 1498 dicite
1113 1444 1254 1497 sicut
1286 1441 1373 1496 illa
1397 1440 1616 1496 dicebat
1659 1459 1673 1494 :
1708 1440 1817 1494 An-

205 1544 392 1601 nuntia
413 1543 541 1597 mihi
560 1558 709 1609 quem
736 1542 919 1597 dilexit
947 1547 1121 1594 antma
1147 1555 1256 1594 mea
1281 1538 1301 1609 (
1327 1536 1477 1593 Cant.
1521 1553 1571 1605 ι,
1599 1536 1674 1608 6).
1706 1535 1815 1593 Sed

204 1650 260 1696 et
294 1638 583 1711 Syuagoga
611 1636 885 1707 quaerebat
915 1650 1077 1705 quem
1105 1634 1385 1699 amiserat,
1436 1645 1535 1684 vos
1586 1631 1816 1701 qua-rite

208 1749 372 1805 quem
426 1746 532 1785 non
559 1728 841 1785 amittatis.
868 1725 976 1782 Sed
1012 1742 1135 1791 cur,
1163 1726 1477 1795 Syttagoga,
1511 1722 1647 1777 dicis
1670 1738 1820 1794 quem

1909 520 1965 562 ut
1994 507 2105 563 Deo
2131 508 2313 573 adsit;
2346 508 2604 579 quoniam
2632 524 2752 564 cum
2778 520 2861 565 est
2886 509 2939 564 in
2966 526 3220 582 corpore,
3270 515 3513 584 peregri-

1909 610 2071 655 natur
2119 616 2148 654 a
2193 600 2435 656 Christo.
2489 599 2644 657 Unde
2695 612 2749 656 et
2778 602 3074 672 Apostolus
3115 604 3245 659 dicit
3293 605 3517 661 :Aude-

1910 709 2023 747 mus
2052 709 2174 765 ergo
2201 690 2227 731 (1
2255 703 2301 746 et
2330 694 2678 749 consentimus
2716 695 2883 767 magis
2930 695 3250 767 peregrinari
3292 696 3356 752 de
3397 714 3517 753 cor-

1910 806 2055 861 pore.
2086 802 2134 846 et
2162 791 2347 845 adesse
2373 790 2443 846 ad
2471 788 2776 847 Dominum.
2811 790 2879 846 Et
2925 792 3041 848 ideo
3087 809 3364 857 conamur.
3410 794 3518 849 sive

1909 882 2164 948 absentes,
2195 886 2300 938 sive
2322 895 2624 952 prtesentes,
2657 886 2863 957 placere
2887 886 2989 941 illi.
3018 885 3209 940 Omnes
3247 886 3381 940 enim
3409 903 3518 940 ma-

1910 978 2148 1047 nifestari
2201 987 2407 1049 Oportet
2462 988 2585 1034 ante
2641 980 2876 1034 tribunal
2930 977 3145 1045 Christi,
3193 989 3251 1035 ut
3292 989 3520 1052 reportet

1913 1070 2264 1138 unusquisque
2289 1072 2507 1142 propria
2528 1073 2781 1145 corporis,
2813 1073 2946 1127 sicut
2973 1076 3151 1144 gessit,
3176 1073 3280 1129 sive
3304 1072 3517 1139 bonum,

1913 1162 2017 1216 sive
2042 1164 2235 1218 malum
2267 1165 2284 1233 (
2316 1165 2333 1218 Ι
2362 1161 2484 1219 Cor.
2512 1180 2567 1231 ν,
2596 1164 2630 1220 8
2658 1174 2704 1220 et
2733 1183 2839 1236 seq.
2868 1166 2911 1237 ).
2941 1166 3110 1235 Quam
3143 1168 3254 1223 cito
3295 1183 3517 1224 causam

1914 1256 2182 1325 probavit,
2208 1272 2313 1326 qua
2337 1271 2538 1328 corpus
2565 1269 2811 1329 resurget
2836 1259 2851 1311 l
2875 1258 3098 1329 Oportet
3121 1258 3264 1314 enim
3297 1274 3518 1315 carnem

1916 1362 2230 1418 resurgere,
2258 1364 2378 1419 qua:
2409 1354 2908 1406 remunerationem
2950 1365 3172 1406 suorum
3231 1363 3313 1407 est
3343 1352 3515 1423 adeps

1916 1445 2037 1494 tura
2081 1454 2402 1511 gestorum;
2454 1450 2511 1496 ut
2536 1459 2657 1513 qua:
2716 1443 2772 1497 in
2826 1457 3061 1515 corpore
3105 1444 3409 1516 gessimus,
3466 1444 3523 1503 in

1918 1546 2150 1602 corpore
2182 1533 2531 1603 recipiamus.

1987 1627 2077 1683 60.
2126 1626 2250 1681 Vult
2273 1630 2435 1698 igitur
2470 1642 2532 1683 se
2578 1627 2843 1685 Dominus
2867 1629 3071 1701 smpius
3098 1631 3310 1702 quaeri:
3358 1641 3381 1669 ι’
3410 1632 3526 1688 dis-

1919 1720 2085 1786 cedit,
2117 1722 2308 1783 currit,
2339 1724 2993 1793 utresuscitetgratiam,
3037 1740 3199 1796 quam
3247 1726 3361 1780 vult
3405 1742 3435 1781 ιι
3472 1736 3525 1784 te

209 1826 394 1888 dilexi,
418 1833 474 1879 et
497 1837 606 1877 non
638 1820 774 1875 dicis
793 1835 953 1891 quem
977 1819 1183 1886 diligo?
1208 1817 1331 1873 ldco
1351 1832 1458 1872 non
1485 1824 1662 1877 tenes.
1691 1817 1818 1887 quia
1847 1815 1897 1877 B
1922 1813 2085 1869 etiam
2141 1813 2194 1869 in
2244 1824 2296 1868 te
2333 1814 2672 1882 resuscitari,
2732 1817 2875 1871 sicut
2932 1816 3195 1873 habemus
3225 1818 3292 1874 ad
3339 1818 3524 1874 Timo-

208 1915 475 1974 dilexisse
502 1928 554 1971 te
604 1914 745 1969 dicis
786 1930 800 1967 :

210 2014 394 2085 possis
423 2022 612 2067 tenere
634 2010 657 2064 ?

282 2108 377 2164 57.
422 2107 620 2165 Verum
685 2105 835 2161 illam
911 2104 1251 2161 omittamus.
1300 2103 1411 2170 Tu,
1464 2103 1642 2174 virgo,
1693 2115 1819 2157 eum

208 2202 454 2275 coep-ris
494 2215 766 2273 quiacrere,
804 2197 997 2263 adest;
1054 2213 1230 2267 neque
1271 2196 1416 2253 enim
1468 2195 1585 2252 ﬁeri
1644 2204 1825 2265 potest

213 2308 269 2352 ut
307 2296 452 2351 desit
479 2292 853 2363 qua-rentibus
902 2305 995 2356 se,
1023 2290 1114 2362 qui
1148 2290 1327 2359 palam
1377 2289 1553 2345 factos
1596 2300 1680 2344 est
1712 2304 1821 2343 non

213 2390 618 2464 quaerentibus,
673 2397 730 2443 et
771 2387 1024 2441 inventus
1083 2393 1167 2440 est
1214 2400 1322 2439 non
1361 2383 1823 2456 interrogantibus

214 2483 414 2559 (Esai.
446 2498 580 2548 uv,
624 2484 650 2539 1
684 2481 728 2553 ).
765 2489 793 2518 α
842 2481 976 2535 Dum
1013 2489 1216 2535 tractas
1254 2488 1313 2535 et
1350 2481 1577 2548 cogitas,
1627 2485 1825 2548 pra-sto

214 2589 326 2635 est.
362 2577 526 2632 Disce
547 2576 887 2644 interrogare
923 2587 1045 2626 eum
1077 2572 1314 2635 venerit,
1348 2572 1438 2625 ubi
1474 2582 1679 2641 pascat,
1730 2570 1819 2624 ubi

216 2680 485 2736 maneat;
539 2668 677 2723 sicut
710 2668 795 2721 illa
842 2666 1091 2722 dicebat:
1149 2664 1249 2720 Ubi
1281 2666 1468 2735 pascis,
1511 2665 1600 2719 ubi
1644 2681 1818 2719 manes

219 2763 389 2837 293
418 2763 471 2816 in
506 2759 830 2833 meridiano(
852 2757 1001 2814 Cant.
1035 2774 1075 2825 ι,
1109 2758 1183 2829 6)
1209 2758 1231 2812 ?
1263 2758 1361 2815 Ubi
1395 2757 1540 2813 enim
1572 2757 1828 2814 Christus

222 2871 436 2916 manet.
461 2859 563 2910 nisi
609 2855 699 2909 ubi
724 2854 952 2926 justitia:
1002 2855 1265 2911 meridies
1294 2855 1498 2925 lulget?
1549 2856 1714 2927 quue
1745 2871 1830 2910 sa-

222 2962 395 3006 crata:
426 2948 724 3020 Scriptura:
754 2948 980 3003 docetur
1023 2945 1368 3015 testimonio,
1409 2963 1531 3019 quae
1557 2948 1683 3004 dicit
1721 2966 1734 3003 :
1763 2948 1831 3002 In

223 3045 336 3100 sole
363 3044 539 3113 posuit
558 3042 948 3097 tabernaculum
968 3058 1118 3096 suum
1142 3041 1161 3114 (
1185 3040 1332 3096 Psal.
1365 3058 1521 3109 svnt,
1550 3042 1642 3115 6).
1680 3042 1832 3099 Unde

226 3144 287 3193 et
313 3134 454 3190 alibi
479 3134 625 3189 idem
654 3134 781 3190 dicit
804 3133 1078 3204 Propheta
1107 3150 1121 3187 :
1149 3133 1213 3188 In
1235 3135 1425 3190 lumine
1444 3146 1530 3189 tuo
1552 3134 1832 3190 videbimus

849 1928 945 1968 cur
976 1929 1083 1968 non
1115 1918 1297 1983 potius
1322 1911 1499 1966 adhuc
1529 1911 1733 1981 diligis,
1761 1918 1821 1965 ut

1927 1906 2110 1962 theum
2168 1907 2472 1977 scriptum:
2527 1907 2755 1981 PrOpter
2799 1927 2953 1980 quam
3007 1928 3219 1966 causam
3271 1911 3527 1967 admoneo

1923 2012 1990 2066 te.
2026 2014 2081 2056 ut
2106 2004 2373 2058 resuscites
2401 2004 2623 2074 gratiam
2654 2004 2783 2069 Dei,
2815 2022 2933 2078 qute
2959 2017 3033 2061 est
3062 2007 3116 2061 in
3161 2017 3209 2062 te
3242 2023 3333 2077 per
3362 2010 3532 2078 impo-

1922 2096 2158 2151 sitionem
2189 2112 2434 2150 manuum
2487 2112 2717 2151 mearum
2748 2098 2769 2169 (
2806 2097 2846 2152 ll
2875 2096 3009 2152 Tim.
3046 2114 3082 2160 ι,
3113 2097 3148 2154 6
3176 2099 3217 2169 ).
3242 2098 3376 2167 Qua:
3425 2115 3524 2156 ιιιι-

1926 2195 2033 2244 tem
2062 2190 2473 2244 resuscitavcrit
2499 2188 2753 2260 gratiam,
2798 2189 2856 2244 ﬁt
2904 2190 3187 2246 vulnerata
3214 2190 3522 2259 charitatis,

1924 2285 2066 2339 sicut
2099 2285 2189 2338 illa
2215 2285 2380 2339 dixit:
2417 2283 2551 2350 Quia
2571 2285 2844 2339 vulnerata
2871 2283 3141 2340 charitatis
3184 2303 3280 2359 ego
3298 2303 3411 2342 sum
3441 2303 3459 2341 :
3487 2286 3533 2342 si

1926 2379 2303 2433 suscitaveritis
2333 2389 2380 2433 et
2411 2379 2756 2434 eacitareritis
2798 2380 3101 2435 charitutem
3132 2382 3151 2453 (
3176 2379 3325 2437 Cant.
3358 2398 3409 2449 v,
3439 2382 3535 2453 8).

1927 2471 2068 2540 Quid
2104 2471 2244 2527 istud
2274 2472 2365 2539 sit,
2419 2474 2717 2544 poterimus
2767 2472 3095 2544 intelligere,
3130 2475 3175 2528 si
3223 2484 3539 2545 repetamus

1926 2568 2055 2639 quia
2084 2567 2282 2638 sagitta
2324 2577 2407 2623 est
2465 2567 2726 2622 Dominus
2777 2566 2960 2634 Jesus,
3008 2566 3097 2623 cui
3143 2567 3278 2624 dicit
3324 2568 3535 2624 Pater:

1929 2659 2093 2716 Ροδυὶ
2147 2670 2196 2716 te
2225 2662 2357 2714 sicut
2386 2661 2627 2732 sagittam
2676 2663 2889 2717 electam
2920 2660 2939 2733 (
2966 2658 3115 2716 Esai.
3153 2676 3306 2727 χιιι,
3327 2660 3364 2716 2
3470 2660 3540 2719 Et

1928 2756 2055 2827 quia
2085 2755 2200 2825 ipse
2228 2766 2311 2809 est
2342 2752 2607 2821 Charitas,
2640 2762 2768 2808 sunt
2793 2754 2980 2822 utique
3003 2753 3183 2825 jaeula
3226 2753 3535 2824 chariiatis,

1929 2852 2126 2923 quibus
2156 2850 2405 2905 vulnerat
2426 2864 2548 2904 sese
2569 2857 2902 2921 quaerentes.
2936 2847 3184 2919 Denique
3213 2857 3268 2904 et
3297 2848 3532 2920 alligata:

1931 2944 2166 3000 vinculis
2195 2945 2368 3014 ipsum
2393 2951 2742 3014 sequuntur;
2774 2944 2898 3012 quia
2943 2956 3082 3013 quos
3108 2940 3360 2995 vulnerat
3390 2941 3540 3011 ligat.

1934 3039 2079 3111 Ergo
2130 3050 2252 3093 sunt
2303 3048 2468 3093 et:am
2515 3036 2730 3092 vincula
2769 3035 3074 3099 citat-italis,
3125 3033 3321 3106 quibus
3374 3032 3541 3108 Μ

1935 3135 2132 3204 ligatus
2180 3141 2265 3187 est
2315 3131 2535 3197 l’aulus,
2581 3128 2673 3201 qui
2728 3130 2806 3184 ait
2855 3145 2868 3183 :
2915 3126 3116 3185 Paulus
3164 3129 3365 3183 vinctus
3416 3127 3545 3184 lusu

231 3230 413 3285 lumm
448 3228 469 3300 (
496 3227 641 3283 Psal.
672 3243 835 3295 xxxv,
888 3226 1012 3299 l0).
1044 3226 1249 3283 Lumen
1283 3227 1454 3282 Filius
1510 3236 1614 3294 est,
1647 3230 1828 3284 lumen
1859 3208 1905 3273 (ἶ
1938 3228 2128 3283 Christi
2154 3230 2171 3297 (
2201 3225 2430 3280 Philem.
2478 3226 2502 3280 l
2530 3227 2570 3295 ).

236 3330 296 3377 et
348 3321 511 3376 Pater
561 3321 652 3392 qui
705 3321 917 3377 videtur
971 3322 1024 3375 in
1088 3320 1272 3388 Filio;
1346 3325 1604 3392 quoniam
1665 3322 1836 3379 Filius

235 3413 494 3486 splendor
530 3415 708 3486 gloria:
755 3414 954 3484 Patris,
985 3424 1033 3470 ct
1056 3416 1229 3488 imago
1275 3416 1580 3472 substantiae
1607 3418 1717 3489 ejus
1763 3424 1838 3472 est

236 3508 446 3582 (ator.
480 3525 519 3576 ι,
549 3510 584 3567 5
607 3509 649 3584 ).

310 3604 386 3660 58
450 3603 557 3660 Sed
586 3604 749 3658 etiam
804 3604 857 3658 in
908 3610 1004 3658 tuo
1059 3603 1283 3671 lumine,
1346 3602 1518 3674 virgo,
1564 3602 1838 3659 Christum

233 3696 487 3770 require,
513 3697 566 3751 in
596 3696 754 3752 bonis
780 3695 1223 3766 cogitationibus,
1274 3698 1327 3750 in
1360 3698 1514 3750 bonis
1559 3698 1839 3767 operibus,

233 3808 363 3863 qua:
394 3792 814 3845 luceantcoram
844 3789 1005 3844 Patre
1037 3798 1128 3843 tuo
1151 3789 1244 3860 qui
1266 3791 1318 3844 in
1342 3790 1496 3846 caelis
1517 3798 1622 3845 est.
1650 3789 1844 3857 Qumre

232 3884 291 3943 in
316 3885 602 3949 noctibus,
631 3882 659 3922 ιι
702 3898 887 3953 (ιιιωιθ
915 3884 968 3938 in
995 3883 1248 3938 cubiculo
1289 3890 1416 3950 tuo;
1482 3885 1738 3953 quoniam
1790 3893 1846 3940 et

234 3992 411 4039 nocte
439 3980 616 4047 venit,
647 3988 705 4035 et
724 3978 900 4048 pulsat
925 3978 989 4033 ad
1015 3978 1234 4049 jauuam
1259 3989 1427 4034 tuam.
1460 3978 1591 4034 Vult
1615 3978 1761 4035 enim
1794 3987 1847 4034 te

235 4074 504 4132 omnibus
533 4072 818 4144 invigilare
846 4072 1162 4138 momentis,
1186 4072 1538 4142 vultjanuam
1568 4082 1673 4129 tua:
1697 4088 1850 4129 men-

237 4171 310 4228 tis
341 4177 626 4242 patentem
659 4166 926 4223 invenire.
968 4166 1064 4221 Est
1091 4176 1146 4222 et
1176 4166 1267 4222 illa
1309 4165 1473 4237 janua
1525 4182 1689 4238 quam
1736 4168 1853 4223 vult

238 4270 465 4333 patere,
514 4267 575 4314 ut
626 4257 906 4329 aperiatur
953 4265 1010 4312 et
1056 4266 1277 4314 resonet
1325 4273 1388 4314 os
1425 4266 1575 4315 tuum
1636 4260 1852 4317 laudem

240 4353 495 4418 Domini,
524 4351 750 4424 gratiam
774 4350 997 4423 Sponsi,
1023 4350 1204 4407 crucis
1248 4350 1652 4407 confessionem
1686 4371 1699 4407 :
1728 4369 1851 4409 cum

240 4446 569 4522 symbolum
601 4459 882 4511 recenses,
916 4445 1154 4513 psalmos
1187 4444 1238 4498 in
1285 4443 1537 4500 cubiculo
1582 4454 1674 4501 tuo
1720 4462 1855 4501 con-

240 4541 416 4597 cinis.
449 4540 594 4611 Ergo
623 4554 745 4594 cum
784 4538 1018 4605 venerit,
1051 4538 1365 4606 vigilantem
1416 4549 1468 4593 te
1499 4539 1764 4608 inveniat,
1799 4550 1857 4595 ut

2013 3322 2102 3377 (il.
2147 3319 2386 3374 Vulnera
2439 3329 2625 3374 autem
2678 3318 2969 3374 charitatis
3014 3333 3140 3375 esse
3192 3317 3356 3375 docet
3408 3317 3537 3387 Job,

1939 3432 2050 3488 quo
2078 3432 2238 3472 uerno
2266 3414 2503 3485 amplius
2553 3412 2831 3470 Christum
2880 3414 3091 3481 dilexit,
3142 3416 3234 3486 qui
3283 3414 3554 3488 diligebat

1941 3510 2106 3567 etiam
2149 3510 2203 3564 in
2244 3509 2416 3577 ipsius
2461 3508 2541 3563 sui
2575 3506 2822 3579 corporis
2847 3509 3201 3565 cruciatibus.
3258 3509 3416 3567 Unde
3466 3511 3551 3566 di-

1943 3603 2144 3661 cebat:
2191 3600 2411 3672 Sagitta:
2437 3609 2608 3655 autem
2634 3599 2848 3655 Domini
2885 3600 2939 3654 in
2991 3616 3105 3656 meo
3154 3617 3373 3675 corpore
3407 3610 3551 3672 sunt,

1944 3713 2166 3769 quarum
2214 3695 2365 3766 [uror
2391 3694 2545 3749 ebibit
2574 3696 2876 3769 sanguinem
2910 3711 3079 3750 meum
3108 3712 3124 3762 ;
3177 3712 3295 3750 cum
3349 3712 3551 3766 aspero

1945 3792 2112 3859 loqui,
2143 3800 2494 3864 compungunt
2527 3808 2608 3846 me
2651 3790 2772 3861 (Job
2803 3807 2877 3853 vr.
2904 3790 2986 3863 4).
3016 3791 3155 3848 Sunt
3199 3808 3331 3863 ergo
3367 3793 3551 3849 chari-

1948 3885 2076 3942 tatis
2104 3886 2354 3952 vulnera,
2388 3896 2441 3941 et
2466 3886 2606 3942 bona
2648 3886 2871 3942 vulnera
2896 3904 2908 3939 :
2938 3886 3174 3955 denique
3202 3886 3418 3941 mitiora
3438 3887 3553 3942 vul-

1950 3995 2076 4034 nera
2122 3979 2298 4044 amici,
2353 3994 2508 4047 quam
2559 3979 2855 4033 uoluntaria
2904 3978 3087 4033 oscula
3114 3978 3313 4034 inimici
3355 3976 3555 4052 (Prov.

1951 4089 2132 4141 xxvii,
2161 4072 2259 4141 6).
2320 4072 2627 4129 llieremias
2669 4086 2886 4143 quoque
2933 4077 3218 4138 aestuabat,
3271 4083 3325 4129 et
3375 4072 3556 4143 ignem

1952 4168 2247 4226 cliaritatis
2295 4182 2407 4239 quo
2464 4167 2907 4223 inﬂammabatur
2937 4166 3005 4223 ad
3051 4167 3289 4223 ollicium
3324 4168 3566 4238 prothe-

1956 4261 2131 4327 tandi,
2180 4260 2328 4317 ferre
2385 4276 2493 4317 non
2537 4272 2748 4331 poterat
2774 4263 2793 4334 (
2823 4258 3020 4316 Jerem.
3065 4275 3157 4322 xx.
3189 4258 3283 4333 9).
3317 4259 3564 4333 Denique

1958 4356 2387 4429 demergebatur
2420 4357 2472 4411 in
2502 4354 2675 4411 lacum
2702 4356 2722 4428 (
2752 4352 2946 4410 Jerem.
2998 4370 3221 4420 λιιι-ιιι,
3252 4352 3327 4427 ϐ)
3357 4371 3373 4423 ;
3438 4356 3566 4427 quia

1957 4450 2163 4509 Judteis
2186 4449 2366 4506 futura
2393 4450 2604 4506 excidia
2629 4451 3015 4515 annuntiabat,
3047 4461 3100 4505 et
3121 4458 3307 4506 tacere
3335 4466 3443 4507 non
3474 4466 3565 4523 po-

1962 4554 2122 4602 terat.
2156 4543 2531 4615 Lapidahatur
2555 4543 2865 4614 Stephanus
2900 4544 3056 4616 (Act.
3081 4561 3180 4608 vtt,
3206 4546 3312 4614 b8)
3340 4588 3355 4613 ,
3387 4558 3441 4602 et
3472 4546 3566 4605 illa

242 4644 446 4708 parata
497 4632 598 4689 sis.
653 4632 895 4689 Dormiat
926 4647 1058 4688 caro
1110 4640 1221 4698 tua,
1282 4632 1464 4704 vigilet
1520 4634 1850 4690 ﬁdes:dor-
1882 4617 2062 4711 Dpro
2104 4637 2328 4693 Christo
2369 4636 2593 4692 vulnera
2645 4636 2797 4706 quasi
2849 4637 3084 4692 vulnera
3135 4637 3417 4694 charitatis
3473 4640 3566 4710 pio

244 4729 435 4783 miant
462 4725 738 4781 illecebrte
761 4727 1031 4796 corporis,
1086 4725 1273 4793 vigilet
1319 4726 1501 4780 eordis
1527 4726 1808 4796 prudentia
1838 4744 1851 4781 :

246 4821 509 4878 membra
551 4830 639 4873 tua
670 4817 957 4874 redoléant
983 4832 1202 4874 crucem
1231 4817 1457 4885 Christi,
1488 4829 1541 4873 et
1564 4820 1857 4890 sepultura:

246 4913 521 4975 odorem;
547 4921 606 4967 ut
629 4911 764 4967 nihil
788 4910 1096 4967 iissomnus
1124 4912 1319 4967 caloris
1349 4910 1614 4977 iufttndat,
1642 4924 1663 4951 ε
1683 4913 1860 4968 nullos

250 5010 467 5065 excitet
495 5018 694 5063 motus.
721 5006 837 5078 Ipsa
867 5014 954 5063 est
979 5006 1160 5063 anima
1184 5023 1306 5078 qua:
1336 5022 1396 5063 se
1423 4994 1643 5063 atristo
1664 5008 1857 5079 aperit,

249 5117 431 5175 quam
462 5101 599 5156 nulli
632 5115 863 5171 vapores
887 5100 1070 5156 carnis
1113 5103 1409 5172 exagitant.

332 5198 435 5254 59.
456 5195 590 5253 Cum
621 5195 738 5252 lucc
764 5195 1033 5251 invenerit
1060 5194 1325 5265 Sponsus,
1366 5194 1616 5251 transibit
1642 5213 1655 5250 :
1685 5194 1869 5253 anima

256 5299 358 5347 tua
423 5290 521 5344 illo
569 5297 851 5361 sequatur,
894 5288 1138 5344 discedat
1185 5303 1215 5344 a
1268 5288 1582 5352 cuhilisuo,
1613 5298 1772 5345 exeat
1817 5291 1870 5345 in

258 5384 451 5442 verbo
477 5385 615 5454 ejus,
657 5383 800 5440 sicut
825 5384 1085 5454 seriptum
1115 5391 1199 5439 est
1230 5400 1243 5435 :
1274 5381 1448 5437 Exivit
1475 5383 1648 5438 anima
1685 5400 1796 5438 mea
1820 5385 1874 5440 in

342 5509 372 5538 ³
405 5500 540 5554 Mss.
586 5498 859 5570 plerique,
890 5499 1013 5552 dum
1053 5508 1299 5554 tractasse
1335 5498 1545 5567 cogitat.

343 5570 374 5609 1»
439 5570 609 5643 Ειιίι.,
651 5587 820 5643 qnwre
849 5572 902 5625 in
929 5573 1090 5626 cubili
1120 5583 1229 5625 tuo.

349 5654 375 5682 ο
436 5640 687 5713 Pierique
714 5659 873 5709 tuss.,
905 5643 1085 5698 nullus
1106 5645 1289 5698 excitet
1328 5652 1586 5697 metus....
1612 5640 1742 5698 Cum
1770 5640 1878 5696 lucc

264 5724 504 5776 uenerit,
547 5714 781 5783 Sponsus
831 5714 1091 5775 transibit,
1147 5728 1203 5769 ut
1248 5715 1447 5780 anima,
1491 5722 1635 5781 etc.;
1683 5713 1879 5770 melius

272 5801 478 5851 tamen
505 5788 620 5852 alii,
649 5799 702 5842 et
731 5789 862 5844 edit.
906 5795 965 5842 ut
1010 5788 1062 5840 in
1102 5794 1273 5842 textu.

352 5855 383 5899 δ
423 5856 519 5919 Sic
546 5873 675 5918 mss.
708 5859 859 5917 nullo
886 5865 1145 5931 excepto:
1190 5872 1382 5916 omnes
1432 5865 1612 5914 autem
1654 5856 1783 5915 edit.
1836 5866 1881 5911 et

1961 4732 2269 4799 excipiebat
2314 4731 2533 4788 all'ct'tu.
2570 4732 2914 4803 Vapulabant
2942 4734 3196 4803 apostoli,
3251 4745 3305 4790 et
3334 4750 3569 4805 congra-

1962 4826 2278 4882 tulabantur
2300 4823 2319 4895 (
2340 4825 2453 4879 Act.
2486 4840 2543 4891 ν,
2585 4825 2652 4879 ιυ
2674 4824 2714 4896 ).
2750 4824 2923 4893 Quam
2954 4825 3129 4880 bonus
3154 4834 3241 4881 est.
3283 4826 3568 4897 Dominus,

1968 4936 2065 4991 pro
2096 4933 2206 4990 quo
2264 4917 2455 4973 dulces
2503 4930 2558 4974 et
2608 4917 2820 4989 injuria:
2859 4929 3009 4985 sunt,
3065 4929 3219 4990 grata
3268 4921 3453 4977 mors!
3501 4921 3573 4979 Et

1970 5010 2108 5067 bene
2135 5021 2307 5082 grata,
2336 5026 2458 5080 qua:
2480 5011 2712 5081 acquirit
2742 5010 3234 5068 immortalitatem.

2608 5101 2837 5159 CAPUT
2888 5102 2957 5158 Χ.

1987 5197 2287 5273 Virginitati
2315 5206 2601 5265 competere
2629 5194 2959 5252 Ecclesiustis
3005 5198 3176 5254 locum
3228 5197 3294 5253 de
3330 5198 3579 5269 vestibus,

2048 5292 2187 5363 quod
2219 5302 2389 5347 autem
2428 5290 2574 5344 add't
2597 5292 2660 5345 de
2687 5290 2799 5345 oleo
2835 5293 3046 5363 ferendo
3075 5294 3127 5347 in
3177 5293 3362 5361 capite,
3406 5292 3503 5349 hoc
3531 5304 3582 5351 et

2054 5386 2116 5439 de
2148 5385 2330 5440 mentis
2353 5384 2648 5440 humilitate
2669 5394 2717 5440 et
2742 5385 2806 5439 de
2828 5386 3060 5441 modesta
3086 5385 3321 5453 corporis
3369 5401 3583 5457 compo-

1979 5498 2336 5553 contendimus
2353 5505 2530 5574 magis
2559 5497 2807 5574 :Grtece.
2838 5499 3125 5574 eaﬁp'oﬁpra
3150 5495 3226 5559 δὲ.
3251 5498 3586 5574 καὶιύδοκοῦ-

2138 5551 2523 5644 contendimtis,
2548 5551 2595 5624 et
2611 5551 2967 5644 ’ξ
2981 5551 2993 5553 ”
3247 5551 3584 5644 αάᾷῶἇὶνὲι

1982 5640 2177 5719 bouqnt
2214 5643 2525 5696 voluntatem
2555 5641 2798 5695 habemus
2822 5656 2841 5706 ,'
2864 5641 2986 5695 alia:
3018 5640 3303 5696 Versiones
3326 5641 3585 5719 denique,

1983 5712 2296 5782 conﬁdimus
2328 5724 2375 5767 et
2406 5723 2726 5783 exoptnmus.

2136 5784 2265 5866 Mss.
2305 5799 2429 5866 .non
2465 5781 2639 5852 pauci,
2695 5782 2938 5838 discedit.
2985 5781 3136 5839 Cur!
3186 5783 3254 5842 Ut
3303 5789 3588 5866 resuscitet,

1986 5866 2092 5914 etc.
2137 5856 2254 5911 Non
2304 5856 2620 5928 incongrue.
