4054 6306
575 304 682 374 355

1917 305 2165 365 SANCTI
2204 293 2536 364 AMBROSII

3746 304 3830 370 sa

641 431 829 485 sitione
870 429 1128 501 intelligi;
1153 443 1270 483 cum
1317 432 1620 482 ornamenta
1667 423 1924 478 interiora
1956 420 2178 477 maxime
2203 423 2258 484 Α
2282 419 2375 476 ille
2397 421 2484 476 cui
2513 435 2621 476 non
2647 429 2735 476 est
2761 434 2928 492 grave
2951 429 3232 489 peccatum
3267 423 3318 478 itt
3345 423 3708 479 conscientia?
3751 424 3832 480 Bo-

639 527 692 580 in
731 523 878 580 nobis
902 524 1260 595 requirantur,
1288 530 1336 576 et
1367 535 1657 592 pauperum
1679 517 1874 572 divitia:
1897 516 2000 570 sint
2027 515 2179 568 inno-

641 619 827 674 centia:
845 617 1179 689 simplicitas.
1211 614 1485 685 Quomodo
1543 611 1794 667 Ecclesia:
1819 611 1957 665 dicat
2002 609 2179 681 Syna-

640 729 776 785 guga
801 727 819 766 :
845 709 949 768 Ubi
978 710 1177 779 pascis,
1209 709 1360 766 etc.?
1383 710 1491 763 [nec
1523 723 1640 762 vero
1677 721 1763 760 eas
1795 702 1993 759 Christi
2034 717 2180 756 voces

641 805 862 877 accipiat
897 820 916 857 :
962 802 1076 858 Nisi
1099 803 1244 858 scias
1273 814 1348 868 te,
1373 800 1520 855 ete.?
1551 797 1688 852 llinc
1715 794 2006 868 signiﬁcari
2046 792 2182 848 diui-

643 917 768 956 nam
812 899 1092 970 imaginem
1119 895 1341 952 residere
1375 896 1431 950 in
1460 895 1636 948 anima
1662 899 1859 954 nostra,
1891 898 1938 943 et
1966 887 2182 961 proinde

643 995 924 1050 maximam
941 997 1054 1068 ejus
1073 1007 1249 1046 curam
1271 987 1548 1062 gerendam
1566 1001 1696 1042 esse.
1721 985 2052 1055 Quapropter
2068 996 2183 1035 mo-

642 1098 726 1144 net
739 1091 1007 1162 juvenem,
1034 1095 1089 1140 ut
1110 1084 1282 1139 cordis
1304 1081 1598 1138 innocentia
1620 1079 1901 1132 delectetur
1922 1091 1941 1130 :
1957 1073 2182 1146 virgines

639 1191 836 1246 autem,
867 1190 921 1234 ut
934 1179 1112 1234 oculos
1132 1176 1399 1231 hominum
1412 1172 1646 1244 exetnplo
1671 1170 1860 1225 Maria:
1885 1169 2178 1241 defugiant,

639 1283 790 1342 atque
809 1286 1010 1325 omnem
1048 1268 1307 1324 declinent
1351 1265 1652 1339 fabularum
1689 1261 2033 1319 occasionem.

643 1366 735 1423 δί.
772 1366 828 1420 in
854 1365 1012 1429 omni,
1043 1363 1241 1434 inquit,
1307 1371 1544 1432 tempore
1593 1359 1695 1414 sint
1741 1358 2042 1413 uestimenta
2089 1365 2180 1408 tua

569 1460 793 1514 candida
833 1456 1078 1531 (Eccles.
1109 1471 1188 1523 ιι,
1229 1455 1308 1528 8).
1347 1454 1485 1523 Quid
1517 1452 1802 1509 Candidius
1829 1450 2178 1521 virginitate:

573 1564 597 1591 τι
626 1555 756 1624 quid
787 1553 1074 1609 candidius
1105 1552 1312 1606 intacto
1339 1549 1674 1606 vestimento
1707 1546 1932 1617 pudoris
1961 1545 1986 1599 τ
2031 1545 2179 1601 Bona

563 1650 783 1722 quidem
839 1647 1066 1704 castitas
1123 1644 1428 1716 conjugalis
1477 1653 1536 1698 et
1583 1643 1809 1697 castitas
1857 1638 2178 1695 viduitatis:

565 1743 767 1800 munda
795 1743 978 1796 omnis
1003 1740 1252 1806 castitas,
1283 1737 1378 1794 sed
1409 1735 1550 1792 forte
1581 1751 1688 1792 non
1720 1736 1898 1790 omnis
1925 1731 2180 1797 candida,

2283 528 2352 567 na
2371 523 2444 568 est
2467 514 2622 577 enim,
2650 514 2849 585 inquit,
2879 513 3188 582 substantia,
3214 515 3297 569 cui
3317 532 3421 570 non
3437 527 3507 570 est
3540 527 3776 586 peccatum
3792 519 3832 572 in

2281 607 2595 662 conscientia
2624 605 2798 677 (Eccl.
2825 622 2943 674 xm,
2969 607 3083 679 50).
3113 607 3382 677 Audistis,
3410 609 3647 678 inquam,
3678 610 3724 664 in
3749 625 3835 680 quo

2281 700 2503 770 possitis
2519 699 2662 770 apud
2687 700 2854 757 Deum
2878 716 3002 756 esse
3029 701 3332 772 locupletes
3358 717 3372 768 ;
3408 711 3467 756 ut
3495 701 3566 756 sit
3589 701 3640 756 in
3668 703 3834 767 vobis,

2281 791 2474 863 inquit,
2508 793 2936 864 ineorrnptiltilis
2981 801 3037 850 ct
3083 794 3362 848 modestus
3394 793 3614 865 spiritus
3641 794 3693 864 (ι
3716 791 3833 848 Petr.

2283 887 2458 960 “1.4).
2477 887 2639 944 Bome
2665 890 2810 944 enim
2836 888 3043 944 divitiae
3065 899 3191 943 sunt
3217 889 3544 943 innocentiae
3562 896 3716 959 atque
3733 889 3835 942 sim-

2283 979 2570 1050 plicitatis,
2621 981 2818 1051 quibus
2866 991 3155 1052 peceatum
3215 995 3322 1034 non
3373 980 3690 1050 imputatur,
3735 981 3834 1050 quia

2281 1073 2431 1129 nulls
2458 1073 2512 1128 in
2547 1072 2610 1128 iis
2636 1073 2748 1131 doli
2777 1073 3091 1146 fraudisque
3117 1077 3354 1129 versutia
3384 1083 3466 1128 est
3491 1089 3506 1138 ;
3537 1073 3708 1128 omnis
3721 1074 3837 1128 enim

2281 1165 2514 1236 simplex
2541 1167 2852 1222 obtrectare
2880 1181 2991 1222 non
3021 1170 3198 1231 novit,
3247 1167 3422 1222 nescit
3459 1166 3697 1221 invidere
3726 1183 3736 1218 :
3763 1181 3838 1220 suo

2279 1273 2574 1318 contentus
2600 1274 2709 1331 est,
2733 1263 2911 1319 aliena
2941 1279 3049 1319 non
3071 1264 3298 1335 quterit;
3330 1264 3433 1320 etsi
3461 1277 3640 1334 egeat,
3667 1263 3755 1317 sibi
3777 1263 3820 1316 di

2279 1369 2375 1410 ves
2401 1354 2640 1421 videtur,
2666 1355 2713 1411 si
2743 1367 2997 1426 suppetat
3025 1355 3169 1426 quod
3199 1355 3468 1411 alimento
3495 1366 3578 1411 est
3601 1357 3736 1408 satis.
3761 1354 3841 1409 οι·-

2281 1448 2448 1517 niqne
2471 1446 2695 1518 pulchre
2722 1449 3001 1517 apostolus
3029 1447 3262 1502 Paulus:
3292 1447 3356 1502 Et
3372 1447 3657 1520 profunda,
3679 1448 3838 1518 inquit,

2279 1554 2562 1616 paupertas
2591 1563 2770 1600 eorum
2795 1546 3078 1602 abundabit
3115 1549 3168 1602 in
3194 1546 3390 1602 diuitiis
3419 1547 3756 1619 simplicitatis
3774 1561 3840 1601 eo-

2279 1637 2642 1711 rum(llCor.
2675 1655 2791 1705 vnt,
2825 1639 2906 1712 2).

2353 1741 2444 1797 66.
2478 1740 2546 1796 Et
2571 1742 2699 1812 quia
2722 1741 2967 1797 Ecclesia
2993 1741 3252 1812 congruis
3275 1750 3396 1797 erat
3422 1741 3703 1798 ornatibus
3725 1756 3840 1797 cont-

569 1845 658 1890 ant
693 1851 803 1890 non
831 1833 1065 1890 candida
1095 1834 1148 1887 in
1172 1831 1320 1885 ontui
1345 1840 1590 1900 tempore
1623 1827 1826 1902 (lCor.
1858 1842 1955 1892 VII,
2004 1826 2058 1890 4.
2086 1823 2178 1898 5)-
2213 1825 2263 1888 Β
2290 1843 2402 1906 pta,
2433 1843 2484 1890 el
2529 1835 2598 1890 de
2625 1834 2847 1890 Christo
2869 1836 3050 1892 lumen
3081 1837 3357 1906 accipiens
3389 1835 3726 1908 refulgebat;
3771 1851 3844 1907 po-

567 1930 686 1986 Non
714 1929 970 1996 candida,
1001 1927 1221 1998 quando
1271 1943 1380 1980 non
1427 1925 1592 1980 habet
1620 1925 1744 1996 quis
1799 1923 1887 1978 sui
1933 1921 2180 1992 corporis

568 2037 925 2099 petestatem,
960 2024 1179 2096 quando
1221 2023 1288 2078 ad
1332 2031 1548 2091 tempus
1577 2027 1956 2090 sequestratur
1977 2015 2176 2072 oratio.

567 2119 646 2176 De
674 2119 984 2189 virginitate
1010 2131 1142 2188 ergo
1170 2115 1401 2186 pulchre
1427 2113 1626 2169 dicitur
1652 2129 1665 2166 :
1697 2111 1763 2167 In
1786 2112 1928 2166 omni
1957 2121 2182 2182 tempore

564 2213 666 2268 sint
683 2211 984 2266 vestimenta
1003 2220 1090 2264 tua
1113 2207 1358 2274 candida,
1380 2205 1609 2262 etolenm
1622 2206 1676 2260 in
1694 2205 1962 2276 capitetuo
1980 2201 2177 2274 (Eccle.

569 2320 661 2374 Ix,
695 2303 800 2375 8);
846 2313 905 2360 ut
937 2301 1084 2358 iaces
1113 2311 1221 2356 tuto
1272 2314 1495 2371 seraper
1549 2298 1761 2370 possint
1815 2297 2018 2364 lucere,
2079 2309 2182 2352 nec

453 2376 474 2392 κ
565 2401 984 2471 extinguantur,
1009 2413 1134 2452 cum
1162 2395 1392 2466 coeperit
1425 2394 1671 2465 Sponsus
1694 2393 1787 2449 ille
1818 2391 2059 2448 caelestis
2083 2406 2178 2446 ve-

568 2493 692 2550 nire
722 2491 956 2556 (Matth.
992 2507 1117 2558 xxv,
1174 2490 1207 2545 6
1233 2499 1284 2545 et
1327 2505 1436 2560 seq.
1459 2486 1498 2560 ).

642 2586 731 2640 6'5.
761 2585 790 2626 ι»
813 2585 932 2653 Qua
963 2593 1146 2640 autem
1173 2584 1387 2639 ratione
1411 2583 1466 2635 in
1499 2580 1669 2652 capite
1693 2587 1786 2634 tuo
1814 2579 2179 2636 Ecclesiastes

573 2679 804 2746 dixerit,
843 2679 911 2734 de
941 2677 1254 2733 Proverbiis
1303 2675 1658 2746 colligemus;
1699 2673 1827 2745 quia
1887 2673 2041 2728 Oculi
2085 2673 2179 2728 ho-

569 2779 726 2835 minis
766 2781 822 2832 in
867 2781 1034 2851 capite
1075 2780 1188 2851 ejus
1219 2775 1464 2848 (Eccles.
1511 2791 1572 2842 ιι,
1621 2775 1688 2830 ii
1718 2775 1773 2844 ),
1826 2775 1878 2830 id
1935 2784 2038 2839 est,
2092 2789 2180 2829 sa-

577 2875 800 2944 pientiae
833 2883 942 2928 tuae
971 2885 1188 2928 sensus.
1218 2870 1346 2926 Ideo
1378 2869 1518 2926 forte
1545 2879 1600 2924 et
1631 2869 1953 2940 evangelica
1985 2869 2180 2924 mulier

573 2968 668 3024 illa
696 2967 972 3034 laudatur,
1011 2980 1133 3036 qua:
1173 2964 1340 3034 pedes
1391 2961 1610 3018 Domini
1659 2961 1872 3032 capillis
1918 2961 2032 3017 suis
2081 2975 2180 3017 eat-

561 3059 722 3120 tersit
753 3060 771 3133 (
799 3059 922 3114 an.
962 3074 1062 3124 vtt,
1095 3059 1165 3114 58
1189 3067 1236 3112 et
1275 3057 1454 3126 seq.),
1493 3054 1636 3125 quod
1669 3053 1773 3110 lide
1820 3070 1880 3110 se
1921 3055 2179 3111 humilia-

559 3155 730 3221 verit;
750 3168 817 3208 ne
833 3168 928 3223 per
946 3151 1128 3208 carnis
1139 3151 1282 3206 elata
1297 3150 1621 3220 sapientiam
1646 3147 1944 3215 videretur,
1965 3160 1987 3188 ο
2010 3164 2172 3220 quam

559 3245 690 3317 Legi
737 3245 1012 3301 subditam
1074 3259 1240 3298 verus
1289 3241 1627 3297 occultorum
1673 3239 1944 3311 interpres
1972 3240 2172 3297 Paulus

555 3343 773 3412 negavit
798 3340 974 3414 (Rom.
1011 3354 1125 3404 vni,
1149 3338 1206 3411 7)
1227 3379 1240 3403 ,
1271 3352 1342 3392 eo
1365 3335 1509 3407 quod
1536 3335 1755 3391 Christo
1784 3337 2170 3407 subjiceretur.

625 3433 790 3507 295
806 3433 899 3489 64.
927 3435 991 3492 Et
1003 3431 1231 3504 pulchre
1248 3433 1350 3486 hoc
1367 3446 1659 3500 possumus
1677 3429 1988 3500 intelligere
2009 3432 2173 3486 etiam

556 3529 942 3599 corporaliter,
958 3527 1220 3596 quoniam
1253 3527 1298 3580 si
1321 3527 1374 3578 in
1397 3523 1736 3595 prOphetieis
1749 3524 1970 3594 scriptis
1986 3540 2173 3595 repre-

569 3623 886 3682 henduntur
913 3621 1040 3676 lilia:
1067 3620 1226 3686 Sion,
1245 3617 1388 3690 quod
1405 3619 1513 3672 alta
1544 3617 1758 3672 cervice
1787 3617 2172 3688 procederent,

559 3717 785 3774 nutibus
813 3715 1129 3780 oculorum,
1161 3722 1217 3767 et
1257 3711 1456 3766 itinere
1487 3709 1683 3780 pedum
1703 3708 1984 3766 trahentes
2010 3711 2171 3770 simul

559 3812 802 3875 tunicas,
842 3819 899 3863 et
923 3805 1176 3862 ludentes
1223 3801 1738 3876 pedibus(Esai.nt,
1767 3803 1834 3858 16
1857 3813 1904 3858 et
1935 3803 2091 3877 ιαμ),
2115 3813 2172 3859 et

557 3903 680 3960 ideo
695 3903 924 3975 gloriam
946 3901 1112 3956 vestis
1137 3913 1346 3963 earum,
1361 3909 1416 3953 et
1441 3907 1670 3953 ornatus
1691 3911 1899 3960 earum,
1917 3899 2098 3954 crines
2113 3907 2171 3954 et

556 3999 848 4055 cincinnos
871 3995 1453 4052 Dominusablaturutn
1474 4007 1596 4048 esse
1621 4007 1682 4048 se
1698 3992 1858 4048 dicit:
1885 4003 2032 4050 recte
2061 3995 2165 4050 ista

553 4095 756 4150 mulier
769 4088 1210 4162 sparsitcapillos
1222 4102 1354 4144 suos
1381 4085 1533 4159 (Luc.
1552 4085 1768 4158 vu,'58);
1783 4095 1842 4142 ut
1870 4086 2039 4144 nodos
2055 4088 2164 4144 cri-

553 4187 707 4244 nium
725 4183 1058 4255 Evangelica
1089 4184 1334 4240 solveret
1351 4181 1666 4252 disciplina.
1685 4179 1837 4235 Unde
1858 4189 1913 4233 et
1931 4181 2166 4250 apostoli

562 4276 979 4334 diaerttnuNon
993 4275 1263 4346 implicatu
1277 4274 1766 4344 capillorum,sicut
1779 4271 1971 4327 Petrus
1983 4272 2166 4330 docuit

557 4373 754 4445 (lPetr.
777 4371 942 4443 111,5),
957 4373 1182 4442 nequein
1208 4370 1356 4426 tortis
1373 4369 1624 4434 crinibus,
1652 4378 1740 4420 ent
1754 4383 1882 4421 auro
1901 4377 1948 4422 et
1963 4384 2156 4442 διατρα-

553 4467 774 4532 ritis,vel
791 4477 920 4521 veste
933 4464 1472 4535 pretiosa,utPaulus
1502 4461 1740 4518 asseruit
1767 4460 1811 4534 (i
1830 4461 2036 4529 Tim.tt,
2064 4463 2120 4536 9)
2146 4481 2158 4518 :

551 4561 646 4618 sed
683 4561 853 4631 magis
897 4561 1174 4616 interioris
1199 4557 1438 4616 hominis
1470 4565 1792 4612 ornamenta
1825 4554 2042 4612 fetutinis
2071 4573 2156 4614 re-

551 4654 854 4726 quirenda;
887 4655 1144 4724 quoniam
1177 4652 1271 4708 ille
1297 4649 1848 4706 abscondituscordis
1872 4649 2056 4721 homo,
2075 4651 2167 4724 qui

551 4755 638 4804 est
651 4762 854 4818 pauper
876 4746 1100 4814 satculu,
1125 4745 1244 4816 ipse
1267 4754 1354 4800 est
1375 4743 1618 4812 locuples
1640 4742 1773 4799 Deo.

621 4840 713 4896 65.
750 4839 995 4894 Audistis
1017 4880 1032 4905 ,
1055 4835 1082 4876 ἀ
1109 4837 1228 4904 lilii,
1251 4835 1345 4907 qui
1372 4849 1640 4907 pauperes
1668 4848 1764 4890 vos
1793 4849 1914 4891 esse
1933 4835 2156 4906 putatis.

548 4940 682 5010 Quis
713 4946 896 4994 autem
927 4943 1012 4992 est
1041 4935 1208 4992 homo
1237 4933 1393 4989 dives
1412 4975 1428 5001 ,
1457 4946 1583 4988 cum
1627 4931 1815 4987 multis
1841 4941 2021 5004 egeat,
2053 4930 2158 4986 nisi

617 5092 644 5120 τι
678 5083 844 5148 Edit.,
873 5081 1000 5154 quid
1027 5080 1248 5136 nitidius
1277 5079 1474 5134 intacto
1505 5077 1826 5154 vestimento.

618 5155 645 5194 ι)
678 5154 749 5208 Ita
777 5145 908 5210 mss'.
933 5167 1161 5217 omnes;
1185 5159 1240 5206 at
1264 5167 1294 5205 e
1319 5150 1595 5204 contrario
1625 5162 1816 5203 omnes
1840 5146 1954 5210 ed.,
1987 5145 2154 5212 Quam

539 5236 714 5284 autem
743 5227 1040 5281 unctionem
1058 5225 1114 5279 in
1165 5223 1334 5292 capite
1375 5230 1461 5274 tuo
1521 5218 1867 5292 Ecclesiastes
1913 5219 2104 5292 dixerit
2135 5233 2154 5272 :

541 5301 608 5358 de
635 5296 967 5364 Proverbiis;
999 5300 1187 5360 lionu,
1231 5291 1294 5348 de
1323 5293 1442 5348 aliis
1473 5293 1624 5357 locis,
1656 5291 1971 5364 colligimus.
1994 5291 2156 5364 Sane

541 5371 706 5426 citata
741 5371 808 5424 ab
856 5362 1152 5428 Ambrosio
1179 5368 1340 5422 verba
1365 5365 1717 5434 reperiuntur
1758 5363 1884 5418 loco
1913 5362 2160 5417 iudicato

545 5442 611 5496 ad
645 5441 982 5512 marginem;
1013 5439 1132 5494 ﬁeri
1167 5448 1350 5512 tamen
1396 5448 1573 5504 potest
1623 5445 1680 5512 ut
1727 5435 1824 5512 ille
1856 5434 2161 5512 respexerit

542 5513 612 5572 ad
673 5503 833 5568 l’rti'v.
885 5503 1016 5588 xvtt,
1045 5512 1138 5577 ει,
1167 5509 1444 5588 «perstant-op
1473 5507 1682 5588 συνετρν
1733 5503 1918 5581 ἀνδρὸς
1973 5513 2152 5586 σοφοί),

545 5600 707 5653 quam
733 5578 1079 5650 sententiam,
1133 5578 1525 5640 ut'interdum
1561 5581 1730 5646 solet,
1775 5578 1843 5632 ei
1887 5578 2157 5640 memoria

551 5666 760 5710 tantum
785 5656 1094 5724 protulerit.

624 5738 644 5764 ε
699 5717 899 5782 Omnes
951 5727 1082 5781 edit.
1135 5725 1276 5781 utin
1319 5733 1468 5780 textu
1513 5740 1526 5776 :
1578 5735 1716 5776 mss.
1765 5717 2050 5782 nonnulli,
2104 5729 2160 5773 ut

548 5798 769 5870 homini,
797 5814 950 5870 quam
999 5797 1126 5870 Legi
1175 5797 1439 5853 subditam
1490 5809 1734 5870 verum...
1780 5791 2068 5870 negauerit,
2099 5807 2162 5845 ea

550 5860 764 5926 Christo
806 5860 1142 5944 iubjiceret'ur
1191 5885 1208 5926 :
1251 5882 1391 5926 unus
1422 5908 1438 5938 ,
1490 5875 1546 5921 ut
1595 5860 1816 5929 homini,
1847 5876 2000 5931 quam
2024 5860 2159 5934 Lege

2202 3195 2249 3264 C

2283 1937 2394 1985 test
2417 1930 2582 1985 etiam
2637 1929 2719 1985 sic
2745 1930 2900 1986 locus
2931 1931 3026 1986 ille
3055 1930 3269 2002 accipi,
3311 1945 3380 1985 eo
3401 1931 3550 2001 quod
3597 1931 3842 2004 Synagoga

2283 2021 2348 2076 ad
2365 2022 2608 2078 Ecclesia
2618 2039 2666 2077 nt
2683 2022 2828 2078 dicat
2845 2042 2858 2077 :
2879 2022 2978 2079 Ubi
2992 2025 3184 2095 pascis,
3204 2022 3289 2078 ubi
3301 2040 3478 2078 manes
3499 2023 3556 2078 in
3569 2024 3844 2078 meridiano!

2284 2115 2369 2172 Ne
2390 2120 2524 2189 forte
2541 2117 2665 2187 ﬁam
2689 2117 3077 2173 circumamicta
3093 2133 3250 2187 super
3269 2133 3449 2192 greges
3469 2117 3726 2173 sodalium
3751 2128 3842 2170 tuo-

2281 2229 2400 2267 rum
2439 2210 2633 2285 (Cant.
2665 2229 2704 2280 ι,
2731 2213 2765 2268 6
2792 2211 2832 2283 ).
2872 2212 3206 2269 Mercenaria
3239 2227 3364 2268 esse
3412 2211 3716 2278 desiderat,
3751 2225 3845 2283 qua

2281 2307 2385 2363 sibi
2414 2307 2724 2363 vindicabat
2745 2316 2875 2364 ante
2895 2305 3258 2363 dominatum.
3281 2307 3457 2376 Quam
3479 2306 3736 2364 damnosa
3752 2320 3846 2378 per-

2285 2399 2413 2455 ildia
2442 2411 2527 2456 est
2555 2401 2569 2455 l
3157 2439 3162 2442 -

2351 2494 2443 2548 67.
2475 2491 2581 2549 Sed
2611 2491 2741 2564 quia
2775 2491 3080 2560 incredula,
3111 2493 3374 2560 immitis,
3405 2493 3705 2564 sacrilega;
3746 2491 3843 2547 ideo

2279 2600 2400 2642 eam
2453 2603 2480 2640 a
2509 2586 2768 2657 gregibus
2816 2586 3077 2643 Ecclesiae
3115 2600 3230 2642 sua:
3269 2595 3489 2656 separat
3517 2587 3758 2642 Christus
3778 2583 3846 2640 di-

2279 2693 2411 2734 cens
2439 2695 2452 2732 :
2484 2676 2606 2734 Nisi
2623 2680 2760 2734 scias
2789 2689 2856 2746 te,
2885 2695 2915 2733 ο
2937 2679 3126 2733 decora
3141 2678 3196 2732 in
3221 2678 3525 2733 mulieribus
3557 2676 3738 2744 llbid.,
3767 2673 3844 2745 7),

2279 2770 2386 2827 hoc
2415 2780 2518 2838 est,
2551 2779 2603 2827 te
2635 2772 2781 2841 prius
2809 2787 2930 2842 quat
2952 2771 3029 2824 sis
3055 2772 3174 2840 ipsa
3201 2785 3500 2842 cognosce,
3526 2781 3584 2826 et
3611 2779 3730 2826 tunc
3749 2777 3844 2839 pete

2279 2877 2338 2920 ut
2389 2865 2525 2922 meis
2575 2864 2831 2936 gregibus
2883 2866 3310 2934 appropinques.
3353 2862 3421 2918 Et
3472 2863 3618 2918 bene
3656 2864 3704 2916 in
3753 2875 3844 2913 mu-

2279 2959 2507 3015 lieribus
2531 2957 2733 3014 decora
2755 2957 2956 3012 dicitur
2984 2956 3292 3028 Synagogo,
3336 2971 3445 3010 non
3474 2954 3532 3010 in
3562 2953 3847 3025 virginibus;

2277 3052 2405 3120 quia
2437 3050 2603 3104 Evam
2637 3049 2922 3106 mulierem
2953 3049 3286 3119 sequebatur
3311 3089 3326 3116 ,
3361 3061 3460 3117 per
3489 3062 3656 3118 quant
3703 3046 3848 3115 lapsus

2279 3144 2500 3199 advenit
2525 3161 2540 3197 :
2574 3143 2818 3199 Ecclesia
2842 3154 3026 3199 autem
3047 3153 3074 3182 θ
3101 3144 3300 3199 decora
3334 3142 3389 3198 in
3419 3141 3730 3215 virginibus
3755 3146 3846 3204 est,

2278 3241 2408 3311 quia
2437 3241 2590 3312 virgo
2612 3240 2732 3296 sine
2755 3255 2884 3311 ruga
2905 3251 3011 3296 est.

2347 3340 2439 3397 68.
2469 3340 2628 3396 Scire
2648 3355 2780 3412 ergo
2803 3355 2863 3396 se
2880 3339 3050 3396 debet
3075 3340 3189 3396 sive
3221 3339 3331 3408 vir,
3355 3339 3477 3395 sive
3503 3338 3697 3396 mulier
3713 3379 3726 3406 ,
3750 3333 3847 3404 quia

2275 3435 2345 3492 ad
2369 3435 2658 3508 imaginem
2690 3435 2785 3490 Dei
2818 3442 2982 3490 estet
3001 3433 3444 3499 similitudinem;
3478 3444 3544 3488 nt
3571 3431 3758 3487 anima:
3779 3443 3848 3482 sc-

2275 3540 2493 3602 quatur,
2546 3545 2650 3585 non
2683 3529 2962 3600 corporis,
3002 3526 3484 3599 pulchritudinem.
3521 3527 3582 3582 in
3611 3541 3713 3598 quo
3731 3520 3847 3580 enim

2275 3625 2501 3680 sumus?
2523 3622 2581 3678 In
2610 3624 2808 3678 anitum
2837 3623 3141 3679 subStantia
3175 3629 3230 3677 et
3257 3621 3459 3676 mentis
3485 3621 3697 3690 vigore.
3750 3615 3848 3670 ΙΙωο

2275 3726 2460 3771 nostra
2483 3715 2661 3770 omnis
2695 3715 2895 3787 portio.
2931 3715 3179 3785 Denique
3202 3712 3374 3768 David
3407 3712 3621 3784 inquit:
3649 3709 3712 3764 In
3757 3705 3842 3760 Deo

2274 3808 2514 3879 sperabo,
2545 3823 2648 3862 non
2666 3808 2852 3862 timebo
2881 3807 3046 3879 296
3069 3805 3196 3877 quid
3215 3805 3378 3876 faciat
3405 3803 3534 3859 mihi
3565 3798 3842 3876 caro(Psal.

2275 3915 2367 3968 ιν,
2396 3901 2476 3972 6).
2506 3899 2627 3956 Non
2653 3915 2784 3972 ergo
2818 3915 2951 3957 caro
2974 3915 3184 3968 sumus,
3215 3899 3314 3956 sed
3353 3899 3604 3970 spiritus.
3659 3899 3729 3952 De
3769 3893 3846 3950 Ju-

2271 3995 2406 4051 daeis
2435 4005 2618 4051 autem
2647 3995 2856 4052 dictum
2885 4005 2970 4052 est
2995 4013 3009 4050 :
3043 3995 3166 4050 Non
3195 3995 3518 4066 permanebit
3552 3995 3608 4048 in
3637 3993 3699 4048 iis
3723 3987 3852 4061 spiri-

2275 4103 2355 4146 tus
2405 4108 2546 4148 meus
2571 4133 2586 4160 ,
2637 4093 2761 4163 quia
2789 4109 2911 4148 raro
2963 4101 3086 4148 sunt
3129 4090 3284 4165 (Gen.
3320 4107 3394 4159 γι,
3424 4090 3505 4164 5).
3535 4091 3654 4148 Non
3685 4101 3848 4144 aurum

2269 4187 2995 4258 sumus,nonpecunia,non
3025 4187 3335 4244 divitiarum
3359 4188 3519 4258 cepia
3553 4203 3568 4253 ;
3603 4185 3689 4242 illa
3732 4182 3848 4240 enim

2273 4286 2486 4333 nostra.
2545 4279 2618 4334 Et
2685 4280 2809 4336 ideo
2863 4281 2960 4337 tibi
3014 4281 3147 4336 dicit
3196 4281 3412 4352 Moyses
3458 4297 3472 4334 :
3531 4279 3745 4336 Attende
3781 4273 3851 4330 tibi

2269 4367 2455 4444 (Deut.
2481 4388 2574 4438 sv,
2597 4371 2680 4444 9),
2702 4371 2807 4428 hoc
2831 4382 2937 4441 est,
2959 4373 3154 4428 animm
3175 4381 3314 4440 tuac;
3338 4389 3405 4428 ne
3429 4388 3647 4443 pereas,
3669 4387 3731 4426 ne
3753 4383 3850 4425 car-

2269 4465 2410 4520 nalis
2465 4465 2588 4520 iias.
2638 4465 2856 4521 Attende
2902 4467 3013 4534 tibi,
3069 4465 3172 4523 hoc
3211 4475 3334 4530 est,
3389 4466 3614 4538 imagini
3660 4474 3849 4537 quanta

2273 4559 2494 4623 Christo
2537 4560 2794 4630 accepisti
2823 4601 2838 4628 ,
2897 4559 3244 4616 similitudini
3277 4559 3344 4614 ad
3397 4575 3559 4631 quam
3595 4559 3761 4616 factus
3784 4569 3847 4611 es.

2279 4653 2453 4722 Ipsam
2487 4665 2645 4708 serva
2695 4653 3010 4723 imaginem,
3042 4670 3204 4725 quam
3231 4652 3484 4708 Christus
3509 4655 3561 4708 in
3596 4660 3650 4708 te
3699 4647 3849 4719 aperi-

2271 4743 2374 4799 bns
2403 4743 2518 4800 suis
2548 4746 2745 4816 pinxit,
2773 4745 2918 4801 sicut
2940 4746 3057 4816 ipse
3081 4745 3157 4801 ait
3179 4745 3246 4800 ad
3271 4745 3642 4812 Hierusalem,
3670 4742 3721 4798 id
3747 4747 3845 4800 est.

2265 4837 2333 4892 ad
2359 4839 2595 4894 animam
2627 4840 2906 4910 paciﬁcam
2935 4859 2949 4896 :
2987 4840 3120 4897 Ecce
3144 4857 3262 4915 ego,
3297 4839 3632 4897 Hierusalem
3659 4881 3674 4906 ,
3727 4829 3850 4909 ρίηεί

2261 4947 2436 4987 muros
2459 4932 2917 5006 tuos(Esai.mx,
2937 4933 3052 5006 16).

2257 5073 2518 5156 subditam
2539 5077 2753 5156 uiro...,_
2771 5077 3040 5156 allegavit,
3061 5093 3158 5148 ea;
3181 5085 3289 5137 εις.
3317 5093 3334 5143 ;
3359 5077 3414 5140 in
3447 5073 3674 5156 ιῖειίιιυῖε
3693 5078 3848 5156 “mei”

2260 5147 2401 5204 nihil
2449 5149 2590 5204 sani.
2625 5149 2696 5204 At
2738 5137 2900 5204 inira'
2931 5137 3068 5204 edit.
3128 5137 3331 5204 omnes
3367 5137 3584 5202 utniSsa'
3623 5154 3738 5214 post
3781 5137 3848 5194 di-

2259 5221 2498 5292 ctionem
2531 5221 2776 5292 quoniam
2808 5221 3073 5291 particula
3097 5222 3171 5286 si,
3203 5235 3365 5291 quam
3411 5222 3463 5274 in
3491 5217 3842 5292 cunctismss.

2260 5291 2506 5360 reperire
2539 5286 2644 5356 est,
2687 5309 2790 5349 nec
2809 5286 2928 5347 'non
2954 5307 3118 5364 prava
3151 5286 3478 5363 punctorum
3534 5286 3850 5360 appOsitione

2263 5371 2432 5434 lotam
2465 5364 2677 5434 periodi
2707 5364 2911 5422 seriem
2946 5365 3334 5420 dissolverant.

2334 5431 2362 5470 ἀ
2401 5431 2609 5517 Quintus
2638 5436 2795 5500 edit.,
2831 5436 3092 5496 Audistis,
3122 5435 3251 5517 (ilia:
3273 5477 3287 5500 ,
3320 5436 3443 5506 quia
3474 5447 3726 5504 pauperes
3777 5437 3849 5480 tot

2261 5515 2500 5573 uocatis;
2532 5524 2726 5564 omnes
2759 5523 2894 5564 mss.
2923 5519 2982 5563 ut
3007 5515 3297 5563 contextu.

2341 5587 2363 5614 °
2407 5578 2552 5634 Edit.
2599 5579 2884 5636 nonnulla:
2909 5581 3110 5647 Paris,
3149 5581 3338 5633 decora
3369 5578 3422 5631 in
3447 5574 3843 5647 hontinibus‘est.

2269 5647 2410 5704 inira
2441 5665 2572 5705 vero
2598 5653 2688 5709 ubi
2718 5667 2912 5707 omnes
2941 5642 3176 5707 editfac
3205 5651 3317 5706 duo
3343 5663 3504 5714 mss.,
3537 5658 3586 5702 et
3627 5642 3844 5714 similitu-

2267 5719 2459 5796 dinem.
2493 5719 2562 5776 In
2585 5740 2689 5795 quo
2739 5725 2878 5778 enim
2903 5723 2972 5778 ad
3005 5724 3282 5796 imaginem
3308 5720 3405 5796 Dei
3449 5712 3647 5796 sumus,
3668 5715 3763 5796 nisi
3801 5712 3846 5762 iu

2269 5789 2612 5861 animoneth
2631 5796 2824 5868 reliqui
2843 5811 2977 5852 mss.
2991 5789 3233 5852 nostram
3250 5792 3541 5866 praeferunt
3557 5789 3843 5847 lectionem-
