4054 6306
193 352 298 408 557

1096 344 1546 404 EXHORTATIO
1590 342 2070 405 VlRGlNlTATIS.
2117 344 2324 403 LIBER
2366 346 2569 404 UNUS.

3396 350 3504 405 558

263 463 355 520 69.
384 461 628 519 Attende
654 475 786 533 ergo
810 472 865 517 et
884 469 938 515 tu
962 463 1254 531 pra'cipue,
1282 460 1358 517 [ili
1384 503 1399 527 ,
1432 462 1638 516 attende
1664 463 1791 528 tibi,
1826 474 1871 531 Α
1903 481 2019 520 rum
2045 472 2128 520 est
2155 464 2392 535 virgines
2425 463 2476 517 lo
2498 463 2594 533 iui,
2621 470 2675 517 ct
2708 463 2888 518 varius
2938 478 3132 520 serere
3176 479 3464 520 sermones
3497 466 3512 521 ι

196 570 250 615 ιιι
278 559 482 614 laeteris
508 558 561 612 in
580 558 872 627 juventute
895 567 1019 625 tua;
1047 557 1133 612 cui
1162 555 1298 612 dicit
1320 556 1605 627 Scriptura
1631 574 1642 611 :
1678 555 1792 612 ιω.

197 663 328 720 tare,
356 655 682 719 adolescens,
713 654 767 706 in
781 656 1052 726 jnventute
1074 661 1162 706 tua
1189 650 1360 723 (Eccl.
1388 668 1463 717 si,
1495 651 1576 722 9).
1612 661 1639 690 ⁸
1682 652 1797 707 Non

200 746 360 802 unius
392 745 490 800 libi
515 745 653 800 dicit
674 755 888 814 tempus
913 745 1113 800 astatis.
1147 746 1241 799 Est
1268 743 1424 815 quasi
1448 743 1667 815 quidam
1699 745 1801 799 llos

203 839 328 894 vita:
354 879 371 902 .
405 838 784 907 bonorumque
819 846 953 892 tetas
981 851 1207 908 cperum
1232 878 1245 902 ,
1298 838 1366 892 de
1393 854 1495 908 qua
1540 840 1801 907 scriptum

202 941 319 988 est:
351 930 702 987 Renovabitur
726 930 861 984 sicut
891 932 1081 1000 aquilis
1091 933 1340 1004 juventus
1363 941 1453 984 tua
1483 929 1655 1002 (Psal.
1692 946 1764 985 cu
1785 972 1801 998 ,

204 1024 287 1095 5).
321 1023 392 1081 Et
420 1025 661 1088 oblectet,
699 1023 911 1095 inquit,
955 1033 1004 1079 te
1025 1040 1116 1079 cor
1146 1034 1288 1077 tuum
1318 1024 1369 1077 in
1396 1024 1577 1078 diebus
1622 1024 1802 1078 adole-

203 1119 412 1173 scentia
451 1127 578 1185 tute,
608 1126 656 1171 et
683 1118 892 1173 ambula
919 1120 974 1172 in
997 1118 1093 1171 viis
1129 1116 1301 1172 cordis
1347 1118 1423 1171 tui
1445 1118 1555 1173 sine
1578 1118 1805 1182 macula,

203 1220 250 1264 et
277 1215 331 1266 in
357 1221 568 1283 aspectu
595 1211 864 1265 oculorum
888 1221 1117 1277 tuorum,
1141 1220 1190 1265 et
1217 1228 1322 1265 non
1346 1210 1402 1265 in
1426 1210 1646 1265 audacia
1682 1228 1809 1265 ocu-

207 1305 376 1361 lorum
406 1316 616 1360 tuorum
642 1305 815 1375 (Eccl.
849 1321 925 1371 ιι,
960 1303 1059 1376 9);
1094 1304 1147 1360 in
1183 1316 1405 1375 aspectu
1433 1305 1619 1377 utique
1645 1303 1809 1375 spiri-

210 1400 325 1464 tali,
349 1415 457 1454 non
487 1400 538 1452 in
567 1398 795 1453 audacia
823 1397 1097 1453 molari.
1134 1397 1197 1451 Et
1218 1398 1347 1453 scito
1367 1397 1505 1468 quod
1525 1414 1677 1469 super
1702 1394 1813 1451 lure

210 1490 383 1546 omnia
399 1491 582 1545 educet
601 1499 652 1545 te
666 1489 809 1547 Dens
828 1491 882 1545 in
896 1491 1182 1564 judicium.
1211 1490 1276 1544 Et
1290 1490 1482 1558 repelle
1497 1491 1632 1543 iram
1655 1506 1685 1541 α
1700 1505 1815 1544 cor-

211 1590 276 1646 de
296 1600 409 1655 tuo,
432 1601 479 1645 et
506 1606 686 1645 atnove
709 1592 988 1659 nequitiam
1008 1606 1040 1643 a
1068 1599 1323 1644 carnetua
1353 1587 1580 1660 (Eccles.
1596 1586 1814 1658 ωλι).

284 1684 375 1739 70.
401 1683 620 1739 Attende
644 1684 756 1749 tibi,
788 1684 957 1754 virgo,
993 1692 1049 1738 et
1081 1693 1158 1749 tu,
1190 1692 1250 1737 ut
1284 1682 1508 1737 insistas
1554 1680 1814 1749 orationi,

214 1787 268 1832 et
315 1777 499 1831 vultus
538 1786 667 1831 tuus
705 1777 921 1832 assidua
964 1777 1345 1833 obsecratione
1393 1775 1680 1845 pallescat.
1710 1772 1816 1830 Sed

1975 558 2060 615 75.
2097 557 2226 612 Esto
2250 566 2306 610 ut
2331 559 2568 628 imperes
2598 555 2691 610 tibi
2725 555 3000 610 silentium
3024 598 3039 621 ,
3067 556 3327 626 numquid
3354 566 3511 627 potes

1901 650 2025 707 aliis
2041 652 2329 722 imperare,
2346 666 2413 707 ne
2431 650 2653 707 audias?
2672 650 2854 704 i’otest
2870 649 2991 719 quis
3007 649 3298 721 aliquando
3323 649 3506 705 frenos

1902 745 1984 800 ori
2017 760 2117 800 suo
2148 745 2449 815 imponere,
2498 753 2553 799 et
2601 744 2783 799 verbis
2814 755 3071 799 Slalt'l'altt
3102 761 3113 796 :
3148 744 3371 798 auribus
3400 758 3507 799 non

1905 850 2104 911 pctest.
2157 839 2328 912 Loqui
2363 840 2586 896 enimin
2618 840 2777 895 nobis
2800 848 2919 903 est.
2972 838 3164 895 audire
3210 854 3275 893 ex
3319 837 3504 893 aliena

1908 931 2106 1003 pendet
2128 939 2397 1004 potestate
2418 948 2432 997 ;
2454 948 2599 1001 stupe
2624 931 2770 987 enim
2794 930 3046 985 audimus
3066 930 3213 1003 quod
3234 929 3511 986 nolumus.

2527 1023 2758 1080 CAPUT
2800 1024 2893 1081 XI.

1908 1117 2094 1188 Jungit
2124 1135 2256 1174 nova
2287 1120 2483 1174 monita
2526 1118 2887 1191 superioribus
2912 1160 2928 1187 ,
2972 1135 3155 1189 nentpe
3212 1128 3266 1172 ut
3288 1119 3518 1194 juraudi

1981 1214 2282 1285 facilitatem
2334 1214 2515 1279 vitent,
2571 1214 2765 1269 ltetitite
2795 1214 3052 1284 laci-gntus
3076 1224 3399 1285 anteponant
3426 1231 3445 1268 ε
3487 1233 3521 1270 a

1986 1306 2114 1372 risu,
2131 1320 2223 1375 per
2241 1321 2391 1379 quem
2412 1305 2694 1382 Synogoga
2716 1307 2890 1379 periit,
2908 1308 3193 1363 abstineant
3210 1326 3228 1362 :
3241 1309 3371 1363 iram
3396 1318 3522 1364 tent-

1986 1410 2184 1471 pereut,
2207 1401 2289 1453 sin
2331 1400 2498 1454 minus
2526 1418 2638 1455 eam
2684 1402 2890 1455 valeant
2920 1402 3123 1472 penitus
3154 1402 3521 1475 exstinguere:

1989 1502 2247 1565 postremo
2275 1495 2320 1549 si
2353 1497 2546 1562 iustunt
2576 1494 2694 1551 istic
2735 1494 3066 1549 moderamen
3096 1510 3197 1548 non
3224 1496 3478 1549 tenuerint
3507 1537 3521 1563 ,

1991 1600 2423 1661 contpunganlur.

1991 1683 2082 1739 74.
2137 1683 2277 1753 Quid
2328 1683 2527 1740 deinde
2556 1681 2705 1740 aliud
2750 1700 2848 1743 nos
2901 1685 3179 1758 Scriptura
3221 1685 3523 1743 admoneat

1921 1780 2354 1837 consideremus.
2388 1779 2819 1852 Nonjurandum
2855 1782 3009 1836 facile
3044 1780 3216 1854 (Eccl.
3239 1798 3395 1849 mu,
3419 1779 3519 1854 9),

215 1879 341 1927 ante
372 1870 679 1926 orationem
719 1885 964 1941 praepara
997 1871 1240 1924 animam
1271 1878 1417 1924 tuam
1447 1864 1619 1937 (Eccl.
1647 1883 1780 1922 XVIII
1801 1907 1815 1933 ,
1850 1876 1897 1939 B
1924 1875 2049 1949 quia
2086 1875 2407 1948 plerumque
2432 1878 2586 1932 multi
2618 1894 2779 1933 casus
2805 1879 3080 1944 accidunt,
3107 1888 3167 1933 ut
3210 1894 3317 1934 non
3344 1877 3523 1949 possi-

216 1963 332 2034 25),
359 1971 419 2018 ut
446 1979 553 2018 non
585 1962 830 2017 videaris
857 1970 1068 2018 tentare
1090 1962 1285 2027 Deum,
1316 1976 1438 2016 cum
1461 1960 1774 2032 deprecaris
1800 1976 1816 2027 ;

220 2068 279 2116 ut
302 2059 354 2116 id
381 2058 532 2130 quod
558 2073 708 2125 oras,
736 2073 921 2117 mores
947 2059 1025 2112 tui
1057 2058 1369 2129 loquantur,
1395 2056 1531 2111 tldes
1557 2055 1776 2127 adjuvet
1802 2098 1818 2123 ,

220 2166 385 2223 opera
406 2151 816 2208 commendent.
848 2150 1071 2205 Attende
1117 2150 1250 2205 tibi:
1300 2148 1329 2187 δ
1380 2148 1529 2219 quod
1559 2149 1683 2204 dico
1726 2148 1819 2204 tibi

221 2245 546 2317 cuicumque
575 2245 794 2316 virgini.
825 2243 959 2300 Nam
1004 2244 1099 2301 tibi
1124 2244 1225 2314 pia:
1252 2258 1362 2299 non
1397 2243 1557 2300 deest
1594 2242 1820 2299 institu-

224 2340 384 2399 tionis
406 2343 696 2409 magistra.

295 2436 386 2491 71.
437 2435 714 2499 Attende,
770 2436 1028 2503 inquam,
1088 2434 1242 2503 virgo
1289 2447 1461 2489 sacra:
1518 2431 1821 2504 prmscrtim

223 2528 605 2599 professimtis,
637 2535 694 2582 et
720 2526 782 2582 ab
811 2527 953 2581 omni
977 2527 1272 2581 irreverenti
1301 2524 1467 2581 oculis
1493 2541 1631 2580 cave.
1673 2523 1741 2578 Et
1780 2523 1823 2579 si

220 2629 288 2683 ad
298 2638 503 2697 tempus
514 2624 820 2698 praterierit
836 2625 982 2693 quasi
1002 2624 1189 2689 viator,
1210 2630 1377 2676 tamen
1395 2637 1451 2676 es
1471 2637 1619 2676 suum
1632 2619 1823 2690 aperit,

221 2732 268 2777 et
292 2722 357 2776 ab
382 2721 529 2777 omni
549 2730 571 2759 ε
596 2735 733 2791 aqua
761 2718 1001 2790 proxima
1030 2716 1183 2783 bibet,
1214 2725 1274 2771 ut
1306 2727 1359 2771 te
1388 2716 1619 2771 inebriet
1650 2712 1823 2784 (Eccl.

220 2831 374 2881 xxvi,
400 2812 469 2869 Η
494 2823 540 2869 et
566 2814 723 2884 seq.).
754 2812 947 2867 Nullus
976 2813 1047 2866 sit
1074 2820 1196 2866 tuus
1223 2813 1344 2866 sine
1392 2820 1570 2865 matre
1601 2824 1824 2879 proces-

221 2925 316 2966 sus
342 2950 358 2973 ,
390 2924 513 2979 quae
563 2910 635 2961 sit
674 2907 834 2961 anxia
863 2914 1047 2961 custos
1074 2904 1320 2975 pudoris.
1348 2904 1467 2974 Ipsa
1496 2918 1714 2975 quoque
1760 2903 1825 2959 ad

222 3000 525 3058 Ecclesiam
558 2999 873 3072 progressio
900 3000 1081 3054 rarior
1111 3001 1181 3053 sit
1207 2996 1652 3053 adolescentulis.
1682 2996 1828 3051 Con-

219 3095 402 3152 sitlera
428 3104 633 3164 quanta
662 3093 831 3148 fuerit
857 3093 1048 3159 Maria,
1072 3101 1128 3146 et
1158 3101 1338 3146 tamen
1369 3106 1633 3161 nusquam
1673 3089 1824 3156 alibi,

224 3189 331 3247 nisi
352 3188 410 3243 in
437 3186 692 3243 cubiculo
716 3186 1009 3255 reperitur,
1038 3199 1161 3239 cum
1193 3185 1452 3253 qiizrritur
1475 3182 1625 3252 (an.
1649 3199 1688 3249 i,
1706 3182 1826 3253 ‘28).

1925 1984 2047 2024 mus
2070 1969 2298 2039 implere
2330 1971 2472 2041 quod
2499 1972 2884 2043 juraverimus.
2902 1972 3003 2037 Qui
3024 1979 3205 2028 autem
3231 1986 3338 2029 nou
3357 1971 3526 2039 jurat,

1925 2064 2110 2137 utique
2141 2080 2247 2118 non
2283 2064 2520 2135 pejerat:
2551 2064 2641 2138 qui
2663 2066 3050 2137 autemjurat,
3107 2064 3403 2135 aliquando
3436 2079 3531 2121 nc-

1925 2170 2082 2212 cessc
2138 2166 2222 2213 est
2269 2157 2469 2215 incidat
2509 2157 2564 2215 in
2611 2159 2909 2229 perjurium
2938 2175 2952 2227 ;
2986 2160 3111 2231 quia
3148 2152 3332 2215 omnis
3368 2158 3535 2215 homo

1925 2249 2157 2307 mendax
2190 2248 2365 2322 (Psal.
2398 2266 2528 2317 cxv,
2562 2249 2671 2324 ll).
2700 2249 2821 2307 Noli
2852 2268 2987 2325 ergo
3014 2252 3205 2325 jurare
3226 2294 3242 2321 ,
3274 2268 3342 2311 ue
3393 2251 3533 2308 inci-

1927 2342 2043 2414 pias
2076 2343 2345 2414 pejerarc.

1998 2439 2087 2494 75.
2113 2438 2190 2495 Ne
2214 2439 2384 2509 ipsam
2417 2439 2634 2511 quidem
2661 2439 2972 2499 liberiorem
3007 2440 3249 2497 betitiam
3275 2440 3326 2496 in
3364 2440 3532 2512 virgi-

1930 2534 2089 2589 nibus
2122 2533 2280 2590 decet
2308 2548 2449 2589 esse.
2482 2533 2613 2603 Qua:
2657 2535 2702 2590 si
2755 2551 2862 2590 non
2912 2534 3112 2593 habent
3160 2533 3304 2607 quod
3335 2534 3535 2603 beant,

1936 2624 1954 2664 ί
1991 2627 2157 2682 ilcant
2187 2628 2467 2696 srecnlum,
2505 2628 2666 2682 ﬂeaut
2690 2633 2874 2700 lapsus
2921 2630 3300 2700 peccantium;
3331 2629 3536 2687 ctenim

1928 2735 2051 2792 qum
2089 2719 2323 2774 aliorum
2356 2719 2537 2791 lapsus
2565 2718 2819 2787 lleverit,
2872 2736 3000 2778 suos
3056 2722 3290 2777 cavebit.
3343 2722 3539 2779 Fleant

1934 2821 2212 2880 postremo
2241 2812 2325 2867 vel
2360 2812 2448 2865 illa
2474 2811 2955 2885 contemplatione,
2983 2823 3041 2869 ut
3072 2816 3157 2869 hic
3182 2812 3398 2881 ﬂentes,
3422 2813 3538 2869 illic

1930 2906 2201 2977 accipiant
2229 2907 2693 2973 consolationem;
2738 2924 2805 2963 ne
2832 2907 2972 2963 sicut
3001 2908 3154 2965 dives
3187 2908 3282 2964 ille
3315 2908 3406 2981 qui
3445 2906 3533 2965 bic

1933 3001 2238 3058 luxuriatus
2266 3011 2370 3068 est,
2406 3001 2519 3057 illic
2550 3016 2740 3075 poenas
2769 3017 2962 3073 graves
2984 3002 3172 3059 subire
3200 3001 3413 3059 Domini
3441 3002 3538 3061 de-

1932 3096 2173 3151 claratur
2202 3094 2446 3164 oraculo,
2483 3106 2532 3151 et
2560 3105 2614 3151 tu
2641 3095 2866 3151 audias:
2899 3095 3161 3167 Recepisti
3190 3095 3321 3150 bona
3351 3095 3405 3149 in
3436 3096 3540 3150 vita

1936 3198 2023 3242 tua
2051 3186 2204 3262 (Luc.
2234 3205 2322 3245 xvi
2346 3230 2360 3255 ,
2393 3188 2465 3244 ‘25
2498 3199 2544 3243 et
2575 3189 2739 3259 δαίμ).
2789 3189 3004 3257 Quanto
3038 3188 3250 3245 beatior
3299 3187 3539 3245 Lazarus

226 3281 325 3337 Illa
352 3289 408 3337 te
434 3280 635 3336 doceat
662 3280 788 3350 quid
816 3280 1084 3350 sequaris.
1117 3281 1381 3350 Angelom
1417 3282 1470 3333 in
1502 3278 1685 3349 specie
1728 3278 1827 3333 viri
1856 3283 1902 3348 ί]
1935 3281 2025 3351 qui
2052 3281 2138 3334 hic
2164 3280 2312 3335 nevit
2333 3321 2349 3349 ,
2388 3291 2441 3335 et
2470 3281 2582 3335 illic
2606 3280 2844 3335 exsultat
2878 3298 2889 3334 :
2925 3279 3013 3335 bic
3045 3279 3307 3343 esui-ivit,
3336 3288 3392 3337 et
3430 3279 3543 3335 illic

229 3375 388 3438 vidit,
415 3384 471 3430 et
500 3374 730 3444 pavebat
756 3374 949 3440 corde,
978 3375 1431 3445 peregrinabatur
1451 3382 1692 3444 aspectu.
1724 3372 1835 3428 Un-

233 3469 303 3525 de
328 3468 464 3523 dicit
503 3468 567 3522 ad
593 3485 710 3527 eam
740 3469 967 3541 angelus
993 3486 1007 3523 :
1042 3467 1127 3523 Ne
1158 3470 1357 3534 timeas,
1395 3466 1589 3523 Maria.
1609 3463 1638 3503 ἀ
1661 3466 1836 3523 Docet

229 3562 478 3619 solitudo
499 3561 921 3618 verecundiam:
952 3570 1010 3617 et
1028 3561 1373 3633 gymnasium
1402 3559 1629 3632 pud-oris
1656 3574 1837 3615 secre-

233 3665 352 3711 ιυιιι
376 3664 481 3711 εει.

306 3748 398 3802 72.
421 3746 564 3815 Quid
584 3747 731 3803 enim
760 3748 857 3804 tibi
879 3763 1016 3818 opus
1038 3757 1121 3802 est
1142 3748 1223 3802 vel
1248 3746 1312 3802 ad
1334 3747 1644 3818 proximam
1676 3743 1839 3800 facile

229 3841 540 3899 accedere?
562 3840 667 3897 Pes
697 3842 835 3896 enim
873 3841 1009 3914 fatui
1033 3842 1089 3895 in
1129 3841 1302 3910 facilis
1329 3842 1538 3895 domum
1565 3840 1790 3912 proximi
1823 3855 1841 3893 :

229 3938 317 4009 qui
343 3946 522 3993 autem
546 3937 758 4006 sapiens
785 3944 863 3991 est
888 3977 904 4002 ,
936 3935 1319 3991 verecundatnr
1365 3934 1535 4006 (Eccl.
1581 3949 1693 4002 xxi,
1723 3932 1837 4005 95).

228 4030 366 4089 lude
386 4040 692 4087 nascuntur
723 4030 936 4095 fabulae,
968 4030 1037 4086 de
1054 4031 1254 4101 quibus
1272 4031 1504 4101 pulchre
1524 4029 1844 4086 admoneris

231 4133 293 4181 ut
317 4140 549 4191 caveas,
574 4139 698 4179 eum
726 4123 857 4180 dicit
886 4122 969 4179 vir
995 4124 1091 4179 tibi
1118 4126 1375 4195 sapiens:
1411 4124 1542 4192 Quis
1563 4123 1705 4178 dabit
1739 4123 1844 4177 dis-

230 4219 450 4289 ciplina
482 4233 611 4273 mea:
636 4217 983 4290 custodiam_,
1017 4226 1064 4271 et
1093 4233 1253 4288 supra
1272 4217 1415 4272 labia
1442 4234 1555 4273 mea
1582 4216 1746 4290 29']
1774 4217 1846 4271 si-

232 4313 527 4385 gnaculum
550 4322 757 4366 catum
784 4327 804 4378 ;
832 4320 859 4348 ε
888 4327 952 4365 ne
972 4311 1156 4365 cadam
1174 4311 1244 4364 ab
1270 4310 1401 4378 illis,
1423 4319 1470 4365 et
1509 4310 1691 4382 lingua
1734 4325 1849 4363 mea

233 4407 428 4479 perdat
451 4422 531 4461 nte
575 4404 749 4479 (Eccl.
779 4421 915 4469 nu,
949 4404 1063 4478 '55).
1122 4406 1181 4463 Si
1206 4406 1387 4462 virilis
1438 4420 1602 4461 sexus
1630 4404 1854 4476 iubetur

235 4513 429 4559 tacere
456 4516 639 4557 etram
662 4500 973 4558 senioribus
1005 4499 1180 4572 (Eccl.
1212 4500 1395 4571 mil),
1428 4514 1592 4572 quam
1630 4499 1853 4555 indeco-

1937 3374 2223 3445 epnlatur!
2273 3373 2328 3429 Si
2360 3374 2443 3429 vis
2473 3389 2604 3446 ergo
2634 3386 2686 3430 et
2722 3384 2775 3428 tu
2827 3374 3021 3430 bonam
3068 3374 3311 3431 ltetitiam
3346 3377 3538 3447 sequi,

1940 3467 2282 3522 demonstrat
2301 3467 2392 3521 tibi
2427 3466 2790 3524 Ecclesiastes
2808 3468 2945 3524 iiber
2961 3483 3123 3541 quam
3140 3470 3292 3541 sequi
3316 3468 3543 3535 debeas,

1941 3559 2151 3630 quiait:
2180 3558 2331 3625 Veni,
2366 3559 2621 3615 manduca
2676 3560 2729 3613 in
2765 3559 2947 3619 lwtitia
2974 3577 3156 3631 pauent
3189 3571 3335 3615 tuum
3363 3577 3378 3622 ;
3408 3577 3537 3631 quo-

1942 3653 2081 3707 niam
2098 3655 2215 3725 jnm
2242 3653 2546 3724 placuerunt
2578 3650 2687 3708 Deo
2715 3657 2853 3723 facta
2882 3663 2970 3707 tua
3000 3652 3226 3725 (Eccles.
3263 3670 3338 3724 ix,
3373 3655 3450 3727 7).

2017 3745 2107 3800 76.
2151 3744 2288 3814 Quid
2324 3758 2503 3800 autem
2535 3745 2680 3801 idem
2732 3746 3095 3803 Ecclesiastes
3126 3749 3398 3807 monuerit
3450 3764 3552 3805 nos

1945 3853 2137 3894 omnes
2154 3839 2222 3894 de
2244 3838 2697 3895 iminodcrationc
2720 3839 2954 3909 ridendi,
2972 3841 3409 3898 consideremus.
3434 3842 3553 3898 Sic-

1948 3944 2002 3989 ut
2026 3950 2144 4001 vox,
2180 3932 2373 4003 inquit,
2406 3934 2673 4004 spinarum
2700 3934 2794 3988 sub
2827 3937 2951 4005 olla,
2986 3937 3058 3991 ita
3098 3938 3235 3991 risus
3274 3937 3553 3993 stultorum

1950 4025 2180 4100 (Eccles.
2206 4043 2301 4092 vu,
2323 4027 2405 4097 7).
2428 4026 2637 4097 Nempe
2660 4028 2832 4099 Spinte
2858 4045 2979 4083 cum
3007 4029 3225 4095 ardent,
3251 4039 3476 4097 sonant,
3496 4040 3551 4085 et

1950 4120 2059 4176 cito
2081 4129 2419 4188 exuruntur;
2456 4130 2512 4177 ut
2540 4120 2721 4176 nullus
2751 4123 2955 4178 caloris
2982 4122 3056 4177 sit
3101 4122 3355 4183 t-ll‘ectus.
3398 4121 3558 4180 Unde

1954 4224 2010 4270 et
2058 4215 2127 4271 de
2156 4213 2361 4271 Judmis
2409 4214 2612 4270 dictum
2644 4223 2763 4271 est:
2800 4213 3119 4273 Exarserunt
3142 4217 3275 4270 sicut
3308 4216 3442 4288 ignis
3498 4216 3555 4271 in

1952 4309 2118 4379 spinis
2150 4307 2323 4381 (Psal.
2359 4325 2527 4377 cxvu,
2560 4308 2673 4381 12).
2710 4308 2902 4364 Exnsti
2925 4308 3067 4363 enim
3103 4324 3203 4363 suo
3232 4310 3345 4365 risu
3372 4349 3386 4376 ,
3428 4325 3559 4365 con-

1956 4403 2257 4474 ﬂagrarunt
2310 4403 2363 4459 in
2418 4402 2635 4459 Domini
2680 4404 2967 4475 passione,
3000 4403 3222 4474 quando
3272 4403 3322 4457 in
3356 4404 3554 4459 anima:

1959 4516 2073 4556 sum
2098 4499 2423 4570 iocabantur
2448 4495 2785 4563 incendium,
2807 4495 3092 4552 dicentes:
3118 4496 3364 4568 Speravit
3388 4497 3440 4553 iu
3457 4495 3566 4552 Do-

313 4692 343 4721 α
403 4682 536 4738 Mss.
561 4691 815 4750 quatuor,
849 4680 972 4736 Non
998 4697 1132 4736 unus
1157 4682 1250 4736 tibi
1276 4681 1404 4737 dicit
1430 4699 1442 4735 :
1477 4680 1701 4753 Tempus
1726 4691 1852 4736 teta-
1876 4690 1930 4751 ι)
1956 4696 2113 4738 sacro
2126 4680 2355 4736 codicea
2372 4679 2571 4735 nostris
2595 4678 2737 4735 baud
2753 4680 2968 4750 paulum
2997 4681 3221 4736 diverso
3246 4698 3400 4739 usum
3417 4697 3561 4747 esse.

238 4757 309 4812 tis
342 4763 419 4810 est
447 4754 616 4825 quasi,
644 4763 751 4810 etc.

314 4825 347 4865 δ
388 4824 595 4897 omnes
624 4825 783 4892 edit.,
831 4824 971 4895 quod
1020 4824 1135 4897 dico
1166 4824 1288 4897 tibi,
1320 4825 1623 4897 cuicumque
1660 4826 1854 4897 virgini

239 4901 467 4970 loquor;
491 4896 584 4951 sed
608 4912 749 4970 mss.
775 4899 1005 4970 verbum
1038 4896 1172 4970 rsine
1224 4895 1333 4970 ulla
1402 4895 1596 4951 sensus
1636 4895 1849 4967 jactura

240 4966 697 5044 praetermittam.
730 4968 927 5044 iterum
954 4968 1047 5044 ubi
1074 4966 1371 5044 vet.“edit.
1398 4977 1456 5022 et
1477 4972 1656 5044 cuncti
1691 4986 1845 5038 mss.,

241 5038 540 5115 prwsertim
568 5040 921 5166 pqqfessionis.
956 5040 1116 5095 Rom.
1144 5038 1274 5099 edit.
1302 5040 1547 5109 reposuit
1564 5043 1852 5109 prater-tim

245 5112 588 5166 professioni.
667 5130 734 5166 0n
766 5111 943 5166 belle:
974 5126 1147 5166 neque
1174 5112 1318 5166 enim
1350 5113 1585 5166 refertur
1622 5113 1690 5166 ad
1729 5129 1852 5166 ver-

244 5111 588 5187 professioni’.
618 5111 741 5187 Non
766 5111 943 5177 belle;
974 5126 1147 5187 neque
1174 5112 1318 5187 enim
1350 5113 1585 5168 refertur
1622 5113 1690 5168 ad
1729 5129 1853 5187 ver-

242 5182 382 5243 bum
413 5183 743 5259 attende,sed
762 5198 932 5239 Sacra:
954 5182 1193 5259 virgines
1216 5182 1666 5259 hicoppouuntur
1688 5186 1853 5259 virgi-

246 5259 419 5314 nibus
451 5255 574 5310 aliis
593 5256 671 5311 vde
690 5258 887 5326 quibus
908 5257 1068 5325 paulo
1089 5259 1362 5323 superius.
1388 5256 1637 5327 ﬂetuque
1662 5274 1758 5327 pro
1775 5255 1852 5314 ’ρο

247 5329 402 5401 quod
432 5328 662 5401 habetur
688 5329 741 5382 in
768 5329 1023 5401 omnibus
1048 5328 1183 5384 edit.
1215 5328 1278 5382 ab
1307 5326 1533 5383 hominis
1552 5326 1854 5386 inreveren-

249 5399 322 5457 t‘is
348 5418 370 5468 ;
404 5415 535 5452 mss.
588 5399 694 5452 duo
714 5441 728 5463 ,
751 5400 813 5453 ab
842 5402 982 5454 ontni
1008 5402 1364 5465 irreverentia,
1396 5401 1486 5456 alii
1521 5403 1765 5467 totidem,
1791 5405 1855 5457 ab

249 5474 429 5530 omnis
449 5471 805 5538 irreverentis;
826 5472 1018 5541 reliqui
1049 5471 1291 5538 tandem,
1323 5472 1385 5525 ab
1411 5474 1553 5526 omni
1574 5475 1858 5529 irreveren-

253 5548 316 5601 ti.
365 5542 565 5599 Totum
594 5551 779 5598 mitem
800 5545 989 5615 locum
1021 5546 1073 5599 in
1106 5559 1284 5607 graeco
1330 5544 1585 5600 idiomate
1617 5547 1691 5600 sic
1723 5546 1858 5615 legi-

1276 5620 1285 5635 Ι

254 5632 416 5691 mus:
448 5615 643 5671 Ὀπίσω
673 5614 910 5691 ἀγαιδοῦς
941 5618 1195 5691 ὀφθαλμιοῆ
1229 5618 1561 5691 φύλαξᾳι,καί
1587 5624 1655 5691 μή
1670 5614 1864 5691 Θαυμάζ-

255 5639 416 5673 mus:
461 5639 643 5671 υπισω
673 5639 910 5675 αναιοονς
941 5639 1193 5690 οφσαλμου

255 5689 471 5777 melius,
498 5691 570 5749 sle
596 5691 657 5743 σά
676 5689 1154 5777 ’τῇηεῳιλήαῃξυξῦς
1175 5639 1293 5762 dii;

1270 5698 1335 5744 ῶν
1366 5687 1633 5768 ὁδαίπορὸς
1661 5692 1719 5746 τὸ
1731 5765 1738 5768 _
1752 5687 1875 5746 ἀτό-

259 5760 571 5836 μαιάνοξγςι,
602 5764 688 5816 καὶ
712 5760 821 5836 ἀπρ
843 5760 1033 5836 natura;
1047 5760 1248 5823 {idcirco
1267 5769 1357 5817 τοῦ
1380 5760 1647 5836 ςύγεῇιγυς
1681 5765 1877 5836 πίεταιιῖ

261 5832 374 5890 nec
424 5832 494 5885 ab
544 5846 613 5887 eo
638 5832 846 5886 recedit
886 5832 1106 5899 Vulgata
1140 5836 1342 5889 versio.
1377 5834 1442 5887 Et
1472 5832 1597 5889 bi’n’e
1628 5843 1805 5903 potest
1829 5832 1881 5887 id

265 5905 615 5971 conﬁrmari,
639 5903 782 5976 quod
815 5904 1015 5959 alicubi
1041 5904 1150 5974 jam
1176 5904 1511 5975 monuimus,
1536 5903 1886 5962 Ambrosium

2034 4764 2057 4794 ο
2101 4754 2217 4808 Non
2253 4754 2409 4823 pauci
2462 4768 2620 4821 mss,
2651 4769 2787 4822 aqua
2812 4756 3052 4823 proxima
3078 4752 3221 4821 bibe;
3252 4756 3445 4809 melius
3472 4756 3564 4811 alii

1956 4834 2118 4896 atque
2134 4826 2299 4881 edit..
2448 4826 2599 4880 bibet.
2641 4826 2885 4881 Adverte
2920 4836 3102 4883 autem
3134 4839 3402 4896 quanth
3434 4829 3567 4883 seli-

1957 4897 2164 4954 tudinis
2186 4912 2428 4955 amorem
2453 4907 2674 4955 Sanctus
2709 4899 2911 4955 Doctor
2943 4898 3126 4967 exigat
3157 4914 3183 4948 a
3219 4897 3563 4967 virginibus,

1953 4970 2417 5051 quandoquidem
2463 4969 2595 5051 ipsis
2623 4971 2788 5051 etiam
2820 4969 3092 5029 erebriori
3142 4967 3409 5027 Ecclesia:
3450 4968 3566 5027 frc-

1952 5043 2305 5111 quentatione
2331 5041 2446 5096 vult
2474 5041 2848 5096 interdictum.

2024 5111 2051 5151 ἀ
2090 5112 2166 5168 ita
2194 5126 2328 5167 mss.
2358 5127 2550 5166 omnes
2578 5112 2793 5169 duobus
2830 5115 3076 5183 exceptis
3109 5129 3120 5165 :
3155 5111 3210 5167 hi
3259 5126 3390 5166 vero
3429 5126 3563 5167 eun-

1958 5194 2171 5255 ctaeque
2200 5183 2332 5239 edit.
2362 5183 2525 5238 Decet
2547 5185 2795 5241 solitudo.
2824 5185 3001 5242 Minus
3026 5185 3322 5247 concinne,
3344 5195 3399 5236 ut
3429 5186 3563 5240 satis

1960 5256 2200 5312 ostendit
2227 5256 2277 5310 id
2302 5273 2335 5328 q
2359 5256 2446 5311 iod
2476 5256 2744 5326 sequitur,
2774 5267 2821 5311 et
2843 5258 3169 5326 gymnasium
3190 5298 3203 5319 ,
3236 5267 3346 5311 etc.

2037 5338 2060 5366 °
2095 5328 2261 5383 Rom.
2291 5326 2449 5390 odit,
2484 5344 2547 5380 ne
2571 5328 2753 5382 cadam
2782 5330 2841 5382 ab
2863 5328 2979 5391 illa,
3012 5328 3296 5396 disciplina
3323 5326 3563 5391 scilicet;

1965 5415 2073 5474 non
2106 5416 2262 5474 secus
2289 5415 2352 5455 ac
2374 5400 2513 5474 apud
2544 5399 2718 5468 LXX,
2749 5403 2832 5457 ἵνα
2859 5406 2928 5474 μὴ
2954 5403 3099 5474 πέσω
3124 5399 3216 5455 ἀπ’
3246 5399 3442 5474 critic“.
3475 5414 3563 5451 ηε·

1965 5470 2140 5545 i'ertur
2184 5470 2250 5526 ad
2279 5470 2620 5545 superiorem
2671 5469 2894 5545 vocem,
2945 5473 3287 5545 primaint
3343 5469 3567 5545 reliqua:

1965 5543 2099 5600 edit.
2134 5559 2256 5599 cum
2290 5559 2419 5601 mss.
2453 5544 2731 5603 omnibus.
2760 5540 2963 5609 uitibus
2986 5543 3148 5601 etiam
3183 5540 3339 5608 Vulg.
3394 5542 3571 5596 \crsio

1978 5615 2333 5686 suifragatur,
2361 5632 2423 5669 ne
2447 5615 2631 5671 cadam
2658 5615 2719 5671 ab
2761 5617 2867 5671 illis
2886 5658 2899 5678 ,
2931 5615 3085 5673 labiis
3128 5613 3420 5679 nimirum,
3466 5612 3574 5671 huc

1980 5699 2084 5751 est.
2111 5706 2178 5757 ne
2204 5688 2271 5743 ab
2302 5687 2409 5743 illis
2442 5688 2695 5757 impellar
2735 5689 2786 5741 in
2829 5688 3064 5745 ruinam.

2059 5758 2080 5798 τ
2127 5756 2318 5816 Fleant
2346 5756 2597 5814 sarculum
2620 5801 2637 5824 ,
2668 5758 2851 5813 aberat
2887 5758 2955 5815 ab
2983 5758 3243 5813 omnibus
3288 5756 3446 5824 εδει,
3478 5758 3579 5814 sed

1988 5841 2186 5886 nostra!
2220 5846 2282 5883 ex
2313 5831 2566 5884 munibus
2597 5829 2815 5899 scriptis
2844 5829 2991 5898 cod.,
3022 5829 3222 5890 siduos
3250 5838 3461 5887 tantum
3484 5845 3584 5886 ex-

1989 5905 2059 5975 ci,
2078 5902 2179 5973 ias,
2204 5901 2446 5959 additum
2476 5910 2583 5959 cst.
