4054 6306
476 311 581 369 359
1830 299 2081 362 SANCTI
2122 299 2448 358 AMBROSII
3669 305 3766 364 350

476 425 618 482 mino
640 465 656 490 ,
679 422 866 494 eripiat
897 437 1043 489 eum;
1073 420 1274 477 salvum
1303 419 1461 493 faciat
1487 433 1608 474 eum
1629 458 1644 482 ,
1677 415 1921 488 quoniam
1962 413 2069 468 uult
2098 417 2153 478 Α
2177 424 2258 468 est
2281 413 2426 469 enim
2460 413 2869 484 patrimonium,
2898 427 2921 456 ο
2953 415 3058 472 nisi
3081 416 3222 473 bona
3262 417 3352 476 illa
3397 419 3666 492 gubernet
3718 433 3770 478 et

477 535 591 575 cum
623 514 797 590 (Psal.
828 531 940 583 ut,
972 513 1052 582 9).
1089 515 1156 570 Et
1181 514 1496 570 deridentes
1529 509 1902 584 percutiebant
1929 507 2073 562 cala-

479 629 572 672 mo
600 620 767 682 caput
791 609 931 681 ejus,
965 618 992 648 ι
1013 617 1070 666 et
1090 608 1347 680 quoniam
1373 605 1546 678 spinis
1571 620 1694 660 eum
1711 600 2074 665 coronabant,

2178 511 2430 581 operatio
2451 511 2475 565 l
2500 511 2654 570 Unde
2674 523 2897 569 sanctus
2917 512 3024 570 Job
3044 513 3203 570 dicit:
3234 511 3537 570 Benedictio
3560 515 3772 573 moritu-

2178 605 2226 660 ri
2250 622 2403 676 super
2433 623 2513 661 me
2563 608 2752 673 veniat,
2786 617 2834 664 et
2858 623 2916 663 os
2941 607 3114 665 uidua:
3132 624 3215 664 me
3237 607 3530 665 benedicat.
3575 608 3773 666 Oculus

481 718 646 780 atque
672 716 886 764 acetum
937 703 987 761 ei
1029 714 1089 759 ut
1120 703 1364 769 biberet,
1395 699 1740 765 oll'erebant;
1794 697 1888 752 ille
1937 696 2078 750 risus
2179 716 2321 755 eram
2344 715 2621 764 eiecerunt,
2649 712 2698 756 et
2725 719 2813 770 res
2841 703 3152 759 claudorum
3175 743 3191 767 ,
3240 703 3596 758 inualidorum
3635 715 3775 776 pater

481 800 822 874 Synagogam
838 795 1146 855 incenditin
1167 803 1433 852 azternum
1451 791 1646 860 (Marc.
1663 806 1754 857 xv,
1774 789 1838 844 l7
1857 797 1903 842 ct
1917 786 2076 859 seq.).

486 894 578 952 Sic
607 909 741 960 ergo
770 903 852 948 est
880 891 1023 948 risus
1049 889 1336 944 stultorum
1365 927 1381 954 ,
1409 885 1500 954 qui
1529 885 1649 941 sine
1677 883 1848 954 gratia
1877 889 2038 935 sonat
2065 921 2078 946 ,

484 999 543 1048 et
557 990 723 1046 ollam
752 988 1097 1057 suicorporis
1135 985 1260 1040 urit.
1292 982 1487 1038 Merito
1531 979 1764 1050 negabat
1791 977 1924 1032 Sara
1955 974 2081 1044 quia

487 1085 686 1143 riserat
714 1081 868 1150 (Gen.
893 1096 1022 1138 xvut
1045 1077 1162 1148 15),
1195 1093 1262 1132 ne
1289 1075 1573 1131 videretur
1613 1070 1844 1128 ridendo
1860 1068 1929 1124 de
1950 1066 2078 1122 cile-

489 1188 582 1236 ctu
609 1177 1000 1250 promissorum
1029 1169 1308 1226 dubitasse
1335 1167 1642 1224 cmlestium
1666 1180 1682 1230 ;
1713 1173 1766 1220 et
1791 1173 1967 1217 tamen
1993 1159 2087 1215 ille

489 1274 631 1330 risus
645 1271 837 1340 plenus
861 1265 1141 1338 gravitatis
1170 1263 1347 1319 fuerat
1375 1271 1426 1317 et
1463 1258 1706 1330 pudoris,
1742 1256 2085 1330 mquam

489 1381 653 1425 nemo
677 1365 817 1420 alitis
850 1362 1022 1428 testis,
1039 1359 1142 1415 nisi
1188 1358 1334 1415 Deus
1361 1355 1512 1412 solus
1532 1365 1910 1425 cognosceret,
1927 1363 2086 1420 quem

491 1460 706 1520 occulta
735 1474 840 1512 non
866 1456 1085 1512 fallunt.

2182 792 2329 865 (Job.
2363 810 2510 859 uix,
2533 795 2837 868 15etseq.).
2862 797 2925 853 Si
2950 797 3058 853 ridi
3076 797 3704 871 nudumprtetereuntem,
3731 811 3777 855 et

2185 906 2287 944 non
2309 891 2518 955 uestiui;
2543 892 2588 945 si
2614 907 2694 946 nte
2719 908 2821 946 non
2847 892 3212 948 benedia'erunt
3238 902 3444 964 egentes
3470 903 3520 947 et
3541 893 3609 948 de
3627 893 3779 948 velle-

2184 983 2326 1039 ribus
2356 985 2528 1040 ovium
2566 1001 2798 1040 mearum
2825 984 3070 1041 humeros
3110 1002 3289 1041 eorum
3316 1002 3419 1042 non
3455 987 3671 1058 calefeci
3693 1002 3712 1042 :
3737 988 3780 1043 si

2185 1077 2429 1134 abscondi
2443 1079 2722 1148 aliquando
2734 1090 3004 1152 peccatum
3027 1096 3214 1149 meum,
3238 1080 3377 1150 quod
3394 1081 3474 1136 vel
3489 1081 3782 1152 imprudens

2188 1188 2293 1226 non
2316 1187 2381 1227 ea:
2421 1170 2682 1226 uoluntate
2733 1172 3080 1227 commiserim
3102 1189 3121 1227 :
3166 1173 3212 1228 si
3249 1173 3532 1242 aliquando
3577 1173 3784 1246 permisi

2189 1279 2350 1319 uacuo
2381 1265 2498 1319 sinu
2526 1265 2668 1320 exire
2694 1265 2900 1335 inopem
2919 1269 3146 1340 jnnuam
3167 1282 3332 1320 meant
3361 1263 3506 1338 (Job.
3533 1281 3692 1334 xxxt,
3722 1266 3785 1323 l9

2192 1369 2239 1413 et
2268 1355 2432 1431 seq.)‘!
2459 1359 2553 1414 llis
2577 1357 2722 1416 enim
2751 1375 2950 1414 nomen
2981 1360 3182 1416 bonum
3212 1371 3459 1432 paratur.

2264 1455 2356 1510 8L
2379 1455 2492 1509 l’rze
2519 1456 2734 1510 Creteris
2753 1465 2932 1511 tamen
2957 1456 3008 1511 in
3035 1456 3245 1528 virgine
3267 1455 3530 1524 praecellit
3553 1455 3788 1512 studium

561 1555 650 1611 77.
699 1555 874 1620 Quam
932 1550 1219 1620 pulchrum
1250 1556 1306 1604 et
1351 1543 1524 1602 illud!
1584 1540 1714 1596 Noli
1749 1539 1996 1610 festinare
2036 1535 2092 1590 in

2226 1548 2533 1605 obrietatis.
2560 1549 2928 1607 Sobrietatem
2958 1550 3083 1607 dico
3104 1567 3211 1606 non
3235 1551 3346 1606 vini
3377 1553 3790 1621 abstinentiam,

487 1648 677 1720 spiritu
698 1656 790 1702 tuo
810 1645 999 1712 irasci;
1029 1643 1153 1714 quia
1171 1642 1253 1696 ira
1281 1641 1336 1695 in
1367 1639 1488 1694 sinu
1513 1637 1789 1693 stultorum
1820 1631 2092 1705 requiescit

2223 1642 2290 1698 ed
2319 1643 2618 1712 corporalis
2647 1645 2881 1700 lascivite
2901 1641 2928 1682 ιι
2953 1654 3009 1700 et
3035 1645 3794 1718 smeulariijaciantiae,

487 1743 660 1818 (Eccl.
693 1758 766 1800 vti
791 1783 806 1806 ,
840 1741 952 1812 10),
980 1739 1085 1796 hoc
1105 1747 1188 1794 est
1219 1756 1233 1794 :
1268 1738 1370 1794 etsi
1399 1751 1560 1791 causa
1608 1736 1676 1788 sit
1717 1747 1838 1804 qua:
1878 1735 2096 1786 moveat
2197 1750 2300 1805 qua
2331 1735 2545 1806 gravius
2575 1749 2736 1804 quam
2771 1736 2897 1790 vino
2928 1735 3298 1801 inebriamur;
3346 1741 3440 1790 dat
3467 1736 3614 1793 enim
3659 1737 3795 1794 cali-

485 1839 941 1910 indignalioncm.
973 1851 1082 1890 twn
1113 1834 1186 1890 sit
1211 1831 1409 1888 festina
1459 1828 1695 1885 Vindicla
1721 1843 1737 1892 ;
1771 1842 1839 1880 ne
1890 1825 2090 1878 ἱιιιῐῐιο-
2122 1819 2171 1881 Β
2197 1840 2318 1882 cem
2343 1825 2535 1893 ruitur,
2559 1834 2618 1882 et
2648 1827 2744 1882 irae
2771 1828 3042 1896 poculum.
3075 1827 3230 1882 Unde
3269 1834 3327 1882 et
3349 1827 3489 1884 dicit
3535 1827 3798 1884 Dominus

486 1933 730 1991 derntins
771 1931 925 1988 calor
967 1927 1358 2000 indignationis
1397 1931 1685 1979 exaestuet.
1741 1918 1859 1975 Non
1908 1919 2089 1988 potest
2188 1919 3101 1976 adllierusalem:Audihumiliatn
3117 1922 3648 1980 etebrianonauiuo.
3666 1921 3804 1980 Ecce

486 2026 656 2100 igitur
681 2025 898 2082 auferre
926 2022 1068 2092 qttod
1102 2018 1362 2076 naturalis
1393 2024 1479 2072 cst.
1504 2025 1685 2072 motus
1711 2055 1727 2080 ,
1757 2012 1854 2068 sed
1878 2024 2088 2066 moram
2192 2015 2366 2084 accepi
2383 2016 2446 2070 de
2472 2031 2626 2070 manu
2655 2027 2743 2071 tua
2763 2017 2976 2072 calicem
3003 2018 3242 2082 ruinar,et
3253 2019 3499 2088 poculum
3516 2021 3611 2074 ira
3639 2018 3800 2086 (lsai.

485 2119 710 2186 inst-rit,
743 2127 802 2174 ut
849 2115 1116 2182 medicina
1146 2111 1363 2170 consilii
1400 2117 1669 2179 tetnprret
1722 2105 2086 2161 iracundiam.
2195 2127 2279 2177 ιι,
2310 2109 2424 2184 17),
2453 2109 2559 2166 sed
2587 2109 2732 2166 hunc
2784 2120 2808 2149 c
2839 2112 3064 2168 calicem
3094 2112 3462 2169 εχίηεηενετίι
3490 2113 3796 2186 synagoga,

491 2215 584 2274 Sic
611 2214 758 2270 enim
789 2212 956 2268 David
986 2220 1112 2268 ante
1138 2211 1249 2280 jam
1281 2207 1533 2264 dixerat:
1569 2202 1894 2268 lrascimini,
1917 2210 1965 2254 el
1997 2215 2090 2253 ηο-
2197 2222 2302 2263 non
2328 2206 2656 2262 bibautﬁlia:
2686 2205 2969 2262 Ecclesim.
2984 2204 3284 2262 DeJutizcis
3298 2205 3660 2262 euimdictum
3678 2219 3802 2263 est:

493 2307 583 2363 lite
611 2321 822 2377 peccare
843 2303 1018 2378 (Psal.
1045 2318 1122 2368 tv,
1153 2301 1244 2376 5);
1269 2317 1379 2356 non
1401 2300 1546 2370 quod
1567 2294 2094 2367 imperaretiracun-

2223 2302 2354 2358 7'ilia:
2383 2320 2562 2359 eorum
2592 2302 2914 2372 compositae,
2946 2303 3338 2357 circumornata:
3363 2301 3626 2371 quomodo
3649 2303 3806 2358 simi-

493 2398 638 2456 diam
656 2441 672 2465 ,
701 2398 795 2455 sed
823 2397 968 2469 quod
995 2397 1050 2452 id
1079 2395 1226 2466 quod
1272 2402 1484 2448 natura:
1513 2401 1688 2460 esset,
1741 2389 1956 2444 auferre
1984 2401 2092 2444 non

2223 2396 2366 2452 itudo
2391 2396 2574 2465 templi
2595 2394 2771 2471 (Psal.
2801 2411 2989 2464 cunt,
3021 2395 3153 2468 12):
3189 2411 3293 2452 vos
3324 2407 3508 2452 autem
3539 2397 3806 2468 templum

493 2502 722 2566 posset:
749 2501 802 2546 ei
830 2492 981 2563 Quasi
1012 2489 1189 2545 bonus
1209 2486 1454 2544 medicus
1483 2483 1788 2542 remedium
1819 2482 2006 2550 ἀειΐθίο
2036 2488 2098 2536 ιιι
2201 2491 2296 2548 Dei
2342 2493 2500 2558 estis,
2532 2490 2657 2546 ﬁliai
2686 2492 2804 2562 ejus
2831 2493 2921 2562 qui
2953 2507 3058 2546 non
3089 2491 3514 2562 transﬁguntur
3557 2491 3613 2546 in
3642 2506 3810 2562 augeo

495 2586 617 2658 ipsa
649 2586 926 2642 iracundia
953 2599 1064 2640 non
1099 2591 1348 2640 noceret.
2201 2585 2312 2642 lum
2342 2587 2502 2652 lucis,
2533 2587 2628 2643 sed
2661 2603 2851 2644 verum
2879 2587 3065 2643 lumen
3093 2587 3186 2658 qui
3218 2585 3286 2642 de
3313 2600 3446 2641 vero
3473 2597 3556 2642 est
3577 2586 3804 2642 lumine.

571 2681 662 2736 7s.
692 2677 938 2751 Denique
967 2678 1132 2734 etiam
1160 2675 1206 2732 si
1233 2675 1354 2747 quis
1381 2675 1669 2746 prolapsus
1713 2679 1863 2729 esset
1889 2669 2056 2728 corde
2078 2709 2096 2737 9
2201 2679 2334 2736 ideo
2360 2680 2414 2734 in
2441 2678 2600 2737 vobis
2623 2695 2729 2736 non
2763 2678 3087 2746 similitudo,
3117 2677 3214 2735 sed
3253 2679 3456 2736 veritas
3497 2677 3590 2734 sit.
3622 2678 3812 2735 Iuliae

499 2773 758 2847 quoniam
807 2771 884 2826 ira
912 2770 1089 2826 nescit
1118 2781 1306 2825 lenel'c
1347 2768 1740 2833 ιιιοάθτίιηιθιιὶ
1793 2764 1988 2821 suade!
2041 2770 2103 2818 υῑ
2201 2784 2386 2830 autem
2415 2788 2537 2829 cum
2579 2772 2816 2829 studium
2841 2774 3114 2829 castitatis
3137 2771 3521 2842 proﬁteantur,
3549 2771 3816 2828 aﬂectant

500 2874 896 2937 compungatur
926 2864 979 2919 iu
1001 2863 1272 2920 cubilibus
1297 2861 1435 2929 suis,
1465 2872 1520 2917 et
1547 2877 1705 2916 suum
1729 2859 2102 2930 unusquisque

501 2961 834 3020 condemnet
860 2974 1129 3016 errorem.
1185 2958 1277 3016 Sic
1299 2957 1448 3014 enim
1475 2957 1740 3027 scriptum
1795 2965 1926 3010 est:
1971 2954 2104 3022 Qua:

502 3055 676 3112 dicitis
700 3056 755 3110 in
781 3055 1025 3110 cordibus
1053 3053 1256 3118 vestris,
1284 3061 1333 3106 et
1362 3052 1418 3106 in
1449 3051 1707 3105 cubilibus
1729 3048 1912 3104 uestris
1963 3063 2103 3102 com-

503 3150 793 3225 pungimini
823 3148 1036 3221 (lbid.).
1072 3147 1252 3204 Voluit
1278 3147 1462 3218 itaque
1492 3161 1682 3200 omnes
1707 3144 1958 3198 homines
1975 3155 2106 3196 suo-

2207 2866 2539 2923 adminicula
2561 2866 3020 2939 pulchritudinis;
3057 2877 3115 2922 ut
3135 2871 3468 2937 comptiores
3500 2866 3772 2937 prodeant
3795 2908 3812 2928 .

2213 2961 2472 3018 nitidiore
2503 2963 2652 3017 Vttllll
2696 2977 2860 3034 quam
2905 2976 3094 3018 sacras
3141 2961 3355 3018 Domini
3379 2961 3563 3028 decet,
3613 2961 3818 3027 quibus

2206 3054 2522 3125 Aposmlico
2550 3055 2644 3111 illo
2665 3070 2921 3111 sermone
2947 3054 3297 3126 respondeo:
3325 3052 3454 3121 Qua:
3476 3063 3675 3110 mortue
3693 3054 3819 3111 estis

2209 3165 2328 3203 cum
2373 3147 2580 3204 Christo
2624 3150 2688 3202 ab
2725 3150 2994 3206 elementis
3032 3150 3190 3221 hujus
3231 3150 3447 3213 mundi,
3477 3149 3606 3219 quid
3640 3150 3821 3204 adhuc

653 3244 976 3300 delictorum
1003 3256 1126 3298 esse
1145 3254 1436 3303 οεηεονεες
1469 3249 1527 3293 ill
1556 3237 1647 3309 (ιυί
1677 3235 1897 3308 ΡηΜῘεο
1943 3234 2103 3290 les“-
2132 3222 2179 3288 ο
2212 3241 2345 3298 velut
2371 3243 2622 3309 uiuentes,
2649 3241 2714 3297 de
2737 3241 2837 3297 hoc
2862 3243 3055 3298 mundo
3071 3243 3388 3298 decernitis?
3413 3241 3498 3298 Ne
3519 3243 3815 3318 tetigeritis,

505 3338 697 3397 monio
723 3352 830 3393 non
865 3343 1102 3402 tenetur,
1127 3349 1189 3391 se
1215 3334 1391 3405 ipsum
1417 3331 1657 3402 judicem
1687 3331 1778 3402 qui
1809 3330 1860 3384 in
1885 3327 2106 3385 occulto

505 3433 696 3506 lapsus
733 3440 840 3498 est,
873 3430 1198 3496 erubescat,
1245 3435 1300 3483 et
1329 3425 1517 3482 aculeo
1563 3422 1800 3496 quodam
1856 3428 2110 3479 coerceat

507 3523 884 3582 amaritudinis
913 3531 972 3578 et
992 3520 1240 3593 pudoris.

1115 3613 1200 3671 CA
1212 3613 1345 3672 PUT
1381 3612 1501 3669 XII.

509 3712 595 3770 Ad
627 3710 1000 3783 parcimoniam
1027 3709 1212 3763 transit
1237 3750 1252 3773 ,
1279 3723 1385 3780 qua
1410 3721 1600 3776 corpus
1640 3713 1901 3760 atteratur
1927 3719 1945 3758 :
1965 3703 2112 3778 jubet

589 3807 778 3862 bonam
801 3804 980 3878 parari
1000 3803 1439 3858 existimationem
1465 3817 1484 3856 :
1506 3799 1731 3854 maxime
1759 3813 1876 3853 vero
1903 3795 2117 3866 requirit

580 3905 636 3956 in
656 3900 853 3973 uirgine
875 3899 1203 3954 sobrietatem
1224 3912 1244 3952 :
1274 3896 1328 3950 id
1355 3905 1462 3960 est,
1493 3893 1857 3949 abstinentiam
1891 3908 1923 3946 a
1953 3891 2117 3946 lasci-

589 3993 675 4050 uia
693 4005 737 4048 et
767 3993 912 4048 canis
931 3990 1166 4062 corporis
1191 3988 1534 4055 ornamentis,
1561 4004 1679 4058 qua:
1703 3985 1938 4054 alfectari
1957 3987 2116 4041 etiam

580 4107 613 4146 α
641 4089 802 4145 sacris
844 4086 1152 4160 quibusdam
1195 4085 1485 4159 uerginibus
1514 4083 1670 4138 dolet.
1701 4082 1804 4138 His
1834 4083 2119 4152 opponitur

584 4180 878 4252 exemplum
904 4192 1102 4237 sancite
1130 4177 1388 4241 Sotheris,
1420 4192 1538 4246 qua:
1565 4179 1790 4247 formam
1815 4191 1966 4230 suam
1990 4175 2120 4230 adeo

593 4290 697 4330 non
727 4272 1012 4339 excolebat,
1045 4283 1101 4326 ut
1131 4271 1320 4342 {aciem
1367 4269 1673 4339 carniﬁcum
1711 4269 1900 4340 pugnis
1942 4267 2122 4322 lubens

590 4368 832 4425 obtulerit
881 4367 1281 4436 deturpandam.
1313 4363 1450 4432 Ejus
1497 4377 1615 4416 cum
1656 4359 1880 4416 Etrusco
1911 4361 2118 4432 juvene,

590 4476 738 4533 quem
765 4459 866 4514 sibi
891 4457 1092 4515 uultum
1133 4455 1355 4530 {mdasse
1384 4454 1712 4528 stigmatibus
1736 4457 1947 4525 ferunt,
1978 4470 2120 4509 com.

594 4554 818 4624 paratio.

2213 3335 2418 3407 iuqttit,
2448 3337 2896 3402 attaminaveritis,
2924 3353 2991 3391 ne
3023 3337 3378 3411 gustatu-ritis,
3409 3353 3526 3408 quae
3544 3348 3664 3392 sunt
3707 3354 3824 3392 onl-

2213 3433 2301 3486 nia
2319 3431 2389 3484 ad
2415 3430 2764 3500 corruptelam
2786 3427 3011 3504 (Coloss.
3045 3447 3082 3486 ιι
3099 3472 3117 3498 ,
3144 3431 3216 3487 ευ
3245 3441 3293 3486 et
3317 3430 3479 3503 seq.).

2283 3521 2374 3580 82.
2425 3523 2495 3578 At
2521 3538 2630 3579 non
2664 3535 2852 3578 sancta
2890 3521 3162 3592 Sothetis,
3210 3531 3269 3579 ut
3313 3523 3681 3580 domesticum
3713 3524 3824 3596 pia:

2215 3617 2456 3689 parentis
2495 3615 2836 3686 proferamus
2865 3615 3176 3687 exemplum
3217 3616 3506 3688 (habemus
3543 3617 3691 3672 enim
3720 3633 3828 3673 nos

2215 3708 2533 3766 sacerdotes
2563 3717 2806 3764 nostram
2855 3707 3195 3764 nobilitatem
3229 3707 3418 3779 pra-fet
3431 3708 3569 3764 turis
3596 3719 3651 3764 et
3678 3723 3827 3765 cou-

2215 3805 2485 3861 sulatibus
2513 3802 2937 3875 praeferendam;
2969 3801 3237 3859 habemus
3257 3844 3273 3871 ,
3304 3803 3544 3875 inquam,
3580 3802 3707 3858 ﬁdei
3739 3802 3832 3857 di-

2215 3902 2471 3972 gnitates,
2519 3915 2641 3971 qua:
2667 3899 2847 3970 perire
2878 3912 2984 3953 non
3017 3896 3243 3969 norunt)
3272 3912 3287 3963 ;
3335 3907 3392 3951 at
3421 3911 3555 3963 non,
3582 3905 3643 3952 ιιι
3669 3896 3785 3951 disi
3805 3939 3828 3964 ,

2218 3995 2467 4053 Sotheris
2504 3995 2683 4049 vultus
2722 3993 2807 4050 sui
2835 4008 3022 4049 curam
3058 3993 3278 4064 gerebat
3315 4009 3328 4048 :
3359 4005 3483 4063 quae
3523 4006 3647 4047 cum
3673 4001 3834 4049 esset

2220 4091 2418 4147 decora
2457 4087 2595 4144 facie
2629 4087 2810 4156 valde,
2841 4097 2896 4142 et
2925 4085 3128 4142 nobilis
3153 4086 3308 4157 virgo
3333 4084 3604 4157 majorum
3635 4099 3835 4156 prosa-

2221 4186 2331 4256 pia,
2363 4182 2678 4240 consulatus
2705 4189 2762 4238 et
2796 4177 3152 4252 praefecturas
3175 4187 3458 4250 parentum
3485 4191 3646 4234 sacra
3672 4186 3836 4250 post-

2222 4277 2416 4334 habuit
2444 4277 2572 4344 ﬁde,
2602 4285 2657 4332 et
2687 4274 2975 4331 immolare
2999 4273 3150 4344 jussa
3180 4287 3289 4328 non
3315 4270 3591 4342 acquievit
3617 4287 3634 4325 :
3661 4285 3832 4341 quam

2224 4382 2546 4446 persecutor
2572 4370 2828 4425 immanis
2849 4369 3046 4442 palmis
3065 4367 3203 4423 caedi
3227 4366 3522 4437 prmcepit;
3548 4375 3610 4421 ut
3640 4375 3836 4422 tenera

2224 4467 2380 4538 virgo
2408 4463 2584 4520 dolori
2621 4463 2880 4530 cederet,
2907 4471 3002 4518 aut
3043 4460 3258 4531 pudori.
3286 4457 3360 4515 At
3398 4458 3494 4514 illa
3536 4459 3630 4514 ubi
3667 4459 3834 4516 audi-

2225 4562 2304 4616 vit
2329 4561 2469 4615 hanc
2493 4574 2712 4625 vocem,
2739 4559 2944 4614 vultum
2971 4557 3210 4628 aperuit,
3252 4555 3353 4610 soli
3385 4553 3625 4609 invelata
3666 4566 3838 4623 atque

594 4613 685 4703 '79-
719 4643 859 4714 Quid
889 4643 956 4700 de
997 4640 1331 4714 Dareimm‘ia
1384 4641 1596 4712 ¹ο⁴1¹¹²¹νο
1628 4654 1751 4697 cum
1776 4639 2006 4712 Sapiens
2034 4639 2119 4696 ἀί-
2146 4613 2204 4677 D
2448 4613 2718 4724 martyrio
2749 4669 2764 4708 :
2795 4613 2852 4708 et
2877 4613 3072 4706 voleits
3099 4613 3309 4718 injuria:
3326 4650 3592 4715 occurrit,
3617 4613 3840 4704 vultum

519 4750 610 4800 cat
629 4758 646 4798 :
675 4741 839 4815 Aufer
863 4757 895 4794 a
926 4756 1005 4796 nte
1019 4739 1208 4796 uentris
1227 4733 1736 4810 concupiscentiamb
1754 4749 1800 4792 et
1822 4736 2120 4793 concubitus

521 4835 819 4909 cupiditatis
845 4849 910 4890 ne
935 4832 1288 4905 apprehendat
1308 4848 1389 4888 me
1417 4831 1646 4905 (Eccles.
1681 4847 1833 4895 xxttt,
1863 4833 1965 4898 δι’(
2007 4833 2120 4888 Nec

519 4929 895 4988 inﬁrmitatem
951 4943 1017 4984 ex
1041 4927 1250 5000 jejunio
1279 4937 1332 4982 et
1383 4927 1712 4983 abstinentia
1761 4927 2115 4994 reformides;

522 5023 814 5081 inﬁrmitas
839 5023 984 5079 enim
1015 5021 1200 5095 gravis
1226 5020 1465 5078 sobriam
1494 5019 1624 5076 facit
1651 5023 1915 5078 animam.

593 5117 686 5175 80.
717 5115 1003 5187 Quomodo
1032 5114 1195 5172 etiam
1222 5114 1424 5170 docent
1474 5113 1788 5171 Salomonis
1819 5114 2114 5170 Proverbia

521 5212 681 5272 bonan
710 5211 952 5284 opinioni
980 5210 1306 5268 studendum
1329 5251 1346 5278 ,
1373 5209 1604 5266 dicendo
1631 5227 1644 5266 :
1702 5208 1888 5266 Potius
1917 5220 1994 5266 est
2033 5227 2124 5264 no-

522 5328 640 5368 men
663 5311 872 5376 bonum,
895 5327 1052 5383 quant
1070 5309 1267 5366 dieitite
1288 5313 1464 5364 multa!
1491 5307 1676 5380 (Prov.
1707 5326 1841 5376 χιιι,
1868 5309 1962 5379 1)?
1983 5306 2124 5380 Quid

597 5437 624 5500 ξι
665 5427 792 5484 Mss.
823 5428 1051 5500 aliquot.
1085 5436 1133 5482 et
1159 5426 1224 5480 de
1249 5427 1419 5500 spinis
1441 5423 1779 5480 coronabant.

598 5498 626 5538 ι’
667 5500 835 5568 Edit.,
865 5498 929 5556 et'
946 5501 1241 5555 concubitus
1262 5498 1541 5566 cupiditas.

601 5581 624 5611 ο
663 5572 868 5628 Omnes
893 5573 1026 5628 edit.
1057 5586 1182 5626 cum
1211 5573 1396 5639 paucis
1424 5583 1581 5635 mss.,
1607 5570 1708 5624 nisi
1731 5569 1865 5624 bona
1886 5567 1980 5623 illa
2015 5587 2114 5640 gu-

529 5641 790 5710 bernatio;
819 5645 1005 5701 caeteri
1033 5657 1164 5698 mss.
1187 5657 1381 5708 tnagno
1399 5657 1644 5703 numero,
1674 5652 1734 5695 ut
1755 5643 1807 5694 in
1833 5652 2112 5698 centextu.

2225 4747 2492 4812 t-ll‘erens;
2527 4755 2584 4800 ιιι
2611 4745 2684 4800 ibi
2717 4744 2963 4817 martyrii
3003 4744 3158 4800 fieret
3185 4740 3540 4807 sacriﬁcium,
3571 4741 3662 4796 ubi
3690 4742 3842 4798 solet

2225 4857 2350 4898 esse
2381 4849 2774 4897 tentamentum
2801 4837 3043 4908 pudoris.
3076 4835 3358 4894 Gaudebat
3379 4835 3527 4892 enim
3562 4833 3582 4874 ί
3607 4835 3844 4908 dispen-

2227 4935 2319 4992 dio
2341 4933 2758 5006 pulchritudinis
2785 4935 3085 5004 periculum
3118 4931 3442 5002 integritatis
3469 4929 3707 4987 auferri.
3726 4931 3842 4988 Sed

2224 5030 2302 5087 illi
2352 5041 2639 5101 potuerunt
2687 5029 2904 5100 quidem
2932 5029 3140 5084 vultum
3169 5026 3288 5098 ejus
3312 5026 3602 5081 vulnerum
3643 5025 3846 5083 vibici-

2227 5124 2326 5180 hus
2349 5139 2600 5188 exarare,
2639 5121 2832 5180 faciem
2875 5134 3056 5179 tamen
3097 5121 3312 5177 virtutis
3353 5121 3472 5190 ejus
3509 5129 3568 5176 et
3595 5121 3840 5192 gratiam

2226 5218 2443 5274 decoris
2475 5215 2674 5272 interni
2705 5232 3050 5288 nequaquam
3071 5229 3304 5272 exarare
3327 5223 3651 5284 potuerunt.

2301 5311 2394 5368 85.
2436 5321 2461 5360 ις
2493 5310 2780 5367 Etruscum
2824 5309 3081 5380 juvenem
3115 5317 3329 5364 veteres
3379 5305 3578 5363 fabula:
3627 5305 3842 5374 ferunt,

2297 5436 2320 5464 ο
2362 5425 2522 5480 Rom.
2571 5423 2739 5491 edit.,
2771 5424 2989 5479 calicem
3033 5439 3182 5492 quem
3231 5420 3552 5492 exinaniait;
3601 5423 3731 5479 alia:
3786 5435 3844 5482 et

2223 5507 2400 5553 cuncti
2427 5512 2558 5551 mss.
2587 5500 2889 5566 elegantius
2911 5513 3009 5568 per
3029 5491 3442 5552 concessionem
3473 5491 3843 5565 rhetoricam,

2225 5569 2436 5625 calicem
2457 5568 2796 5624 exiuaniuerit
2815 5609 2833 5634 ,
2863 5580 2972 5624 etc.

2301 5638 2321 5678 ί
2360 5639 2535 5696 Paris.
2570 5641 2816 5712 qua-dam
2865 5640 3034 5710 edit.,
3090 5635 3350 5714 stipendio
3397 5634 3840 5708 pulchritudinis.

598 5712 626 5754 δ
669 5713 735 5770 Et
760 5715 1028 5772 sacuturis
1049 5714 1352 5786 jactantiw:
1375 5713 1605 5770 deerant
1636 5713 1721 5768 h:e
1743 5712 1974 5786 voce-sin
2003 5729 2120 5769 om-
2226 5711 2550 5786 Inoougrue.

533 5784 692 5842 nibus
713 5791 846 5872 emt.
879 5802 998 5856 quas
1028 5784 1079 5842 iii
1107 5798 1288 5844 nostra
1313 5785 1707 5858 propemodum
1749 5800 1814 5842 ex
1847 5784 2120 5842 universis

534 5871 668 5921 ωδε.
701 5866 1074 5916 restituuntur.

270 6028 371 6086 ..τί
390 6016 541 6086 Ἦ

238 6086 269 6101 Α¹

2300 5794 2325 5830 ε
2369 5777 2521 5856 ιῖιιιιο
2552 5784 2956 5842 adolescentem
3001 5784 3293 5856 Spurinam
3323 5786 3483 5836 vocat
3511 5777 3636 5837 Val.
3665 5783 3848 5846 laxi-

2223 5870 2344 5915 mus
2369 5855 2462 5914 lib.
2494 5872 2567 5928 tv,
2598 5871 2719 5930 cap.
2747 5857 2802 5927 5,
2831 5857 2895 5913 de
2931 5855 3272 5916 Verecundia.
