4054 6306
261 307 362 365 561

1227 307 1672 368 EXIIOR'I'ATIO
1713 308 2191 368 VIIIGINITATIS.
2239 311 2436 368 LIBER
2467 310 2670 370 UNUS.

3459 314 3566 372 362

259 440 384 480 cum
429 431 656 497 propter
682 423 1056 482 admirandam
1089 427 1198 481 oris
1241 427 1447 497 proprii
1499 425 1859 497 pulchritudi-
1885 429 1936 489 Α
1963 426 2088 501 55);
2122 435 2180 482 ut
2209 427 2404 483 melius
2428 428 2591 484 tacito
2614 425 2822 498 pudore
2848 427 3184 499 loquemur.
3211 429 3459 503 Denique
3484 433 3570 488 in-

261 536 386 576 nem
439 521 494 576 in
551 536 792 577 amorem
853 521 1170 577 incenderet
1219 519 1468 586 feminas,
1523 521 1864 592 stigmatibus

262 615 512 673 inarasse
544 618 755 674 vultum
801 633 998 683 suum,
1032 632 1098 673 ne
1137 631 1242 688 qua
1271 632 1395 673 eum
1429 627 1613 688 posset
1655 632 1860 672 amare.

261 711 463 767 Videro
490 714 685 780 intrum
723 724 904 768 castus
944 712 1104 768 fuerit
1153 713 1298 768 illius
1341 713 1590 779 animus;
1635 712 1863 768 aﬂ‘ectus

262 812 441 860 tamen
478 821 589 861 non
618 807 903 873 innocens,
939 816 1164 877 propter
1189 821 1351 877 quem
1401 805 1456 861 in
1500 821 1560 861 se
1591 807 1705 876 ipse
1744 807 1863 862 ani-

261 899 640 955 madverterit.
675 900 772 956 Ille
803 911 984 958 tamen
1003 902 1118 958 sola
1144 902 1360 973 excepit
1381 901 1634 966 vulnera,
1664 917 1737 959 ne
1766 918 1864 958 no-

260 1005 443 1050 ceret:
478 996 595 1051 liaec
639 995 998 1067 triumphales
1027 997 1220 1053 retulit
1249 996 1495 1070 martyrii
1542 998 1859 1066 cicatrices,

259 1095 316 1142 ut
345 1088 640 1160 imaginem
671 1089 763 1146 Dei
794 1105 956 1161 quam
986 1100 1292 1162 acceperat,
1322 1101 1651 1148 reservaret.

853 1203 1084 1261 CAPUT
1123 1203 1261 1260 XIII.

272 1291 510 1368 Virgines
538 1296 601 1350 de
630 1297 880 1352 servanda
911 1298 965 1352 in
994 1316 1046 1354 se
1091 1300 1313 1370 imagine
1349 1300 1531 1355 divina
1571 1309 1776 1367 monet;
1805 1310 1860 1354 ut

331 1407 360 1442 ιι
382 1387 494 1444 Deo
516 1391 629 1460 ipso
655 1391 876 1457 eruditi,
897 1393 1080 1446 alienae
1109 1393 1301 1466 lingua:
1331 1393 1596 1464 flagellum
1627 1409 1731 1448 non
1755 1409 1860 1448 me-

328 1498 494 1542 tuant.
527 1486 643 1542 Hoc
680 1505 798 1543 vero
841 1489 1097 1559 quomodo
1145 1499 1193 1543 et
1235 1501 1487 1560 quatenus
1533 1507 1635 1545 non
1679 1491 1860 1545 timen-

328 1580 489 1646 dum;
532 1597 636 1652 qua
683 1583 836 1636 etiam
886 1583 1090 1636 ratione
1138 1582 1234 1637 sibi
1281 1583 1564 1638 cavendum
1609 1601 1641 1638 a
1679 1584 1859 1656 lingua

329 1675 585 1743 pr0pria?
631 1674 746 1741 Quo
777 1676 889 1730 loco
920 1678 973 1730 in
999 1693 1112 1730 eam
1141 1693 1250 1731 rem
1297 1676 1575 1742 Susanme,
1605 1676 1821 1748 Josephi
1839 1720 1853 1745 ,

325 1766 565 1823 Dauielis
595 1778 642 1822 et
665 1767 786 1824 labi
811 1770 1048 1837 exempla
1077 1771 1395 1840 referuntur.

324 1926 415 1984 84.
459 1927 687 1986 Servate
727 1939 782 1986 et
811 1946 908 1987 vos
937 1929 1075 1986 hanc
1119 1931 1432 2002 imaginem,
1464 1930 1610 1997 tiliae,
1640 1943 1858 1989 servate

254 2022 552 2092 Scriptura:
576 2034 847 2094 praecepta
864 2025 1096 2090 divinae;
1125 2025 1192 2080 Ut
1211 2043 1359 2080 omne
1371 2027 1534 2098 300
1556 2043 1632 2092 os,
1657 2027 1855 2098 inquit,

253 2119 553 2170 obstruatur
584 2116 764 2189 (Rom.
799 2133 893 2183 ιιι,
926 2118 1036 2190 19).
1083 2118 1364 2187 Scriptum
1394 2132 1479 2174 est
1509 2121 1692 2174 enim:
1727 2119 1857 2174 Bea-

253 2220 335 2264 tus
383 2209 539 2265 homo
569 2228 718 2282 quem
753 2223 805 2266 tu
843 2213 1116 2279 erudieris,
1163 2211 1405 2279 Domine,
1439 2224 1486 2268 et
1520 2214 1584 2269 de
1631 2214 1738 2288 .‘rge
1768 2226 1857 2270 tua

252 2304 492 2359 docueris
513 2321 630 2360 eum
665 2304 842 2378 (Psal.
877 2321 1037 2373 xcnt,
1082 2307 1190 2380 l2).
1230 2308 1409 2364 Bonus
1437 2309 1700 2366 Dominus
1726 2326 1854 2366 eru-

250 2397 328 2454 dit
353 2407 411 2452 et
451 2397 633 2464 docet,
676 2410 732 2454 et
772 2400 1092 2472 plerumque
1115 2403 1294 2472 arguit
1325 2419 1338 2454 :
1371 2401 1469 2458 sed
1496 2403 1660 2458 etiam
1693 2417 1853 2474 quem

251 2497 450 2568 arguit,
477 2496 698 2553 beatum
724 2498 883 2564 facit;
915 2499 1105 2555 beatus
1134 2500 1281 2555 enim
1304 2499 1468 2556 homo
1488 2515 1648 2571 quem
1677 2502 1857 2573 arguit

253 2588 519 2645 Dominus
557 2589 734 2661 (Psal.
789 2607 952 2658 xcm,
1004 2591 1116 2664 12).
1171 2592 1237 2647 Et
1281 2591 1405 2648 ideo
1453 2593 1855 2663 increpationes

249 2686 368 2756 ejus
401 2701 509 2741 non
540 2687 803 2757 refugias,
853 2688 975 2757 quia
1023 2686 1306 2743 cltaritatis
1351 2696 1407 2742 et
1449 2688 1640 2758 gratia:
1693 2696 1849 2752 sunt;

249 2777 367 2850 ipse
399 2779 542 2835 enim
568 2780 826 2849 percutit,
854 2789 910 2834 et
937 2780 1061 2850 quia
1096 2780 1269 2836 bonus
1299 2781 1567 2847 medicus,
1601 2781 1854 2839 manibus

249 2873 364 2927 suis
393 2883 550 2928 sanat
582 2872 768 2944 (Deut.
803 2889 977 2941 χχχιι,
1011 2874 1123 2945 59).
1155 2884 1181 2912 ει
1213 2875 1417 2946 Septies
1446 2874 1510 2929 de
1531 2876 1854 2930 necessitati-

248 2968 344 3023 bus
377 2979 426 3022 te
449 2968 657 3035 liberat,
688 2969 742 3023 in
769 2970 990 3038 septimo
1027 2978 1201 3023 autem
1240 2985 1344 3022 non
1373 2979 1421 3022 te
1447 2970 1704 3040 continget
1741 2985 1853 3023 ma-

249 3063 378 3118 lum.
426 3062 492 3117 In
534 3065 672 3133 fame
710 3065 865 3134 eripit
914 3075 963 3118 te
989 3082 1020 3118 a
1056 3073 1242 3130 morte,
1285 3066 1342 3118 in
1371 3081 1551 3137 pugna
1587 3073 1757 3118 autem
1788 3065 1853 3119 de

248 3173 410 3212 manu
437 3158 569 3226 ferri
606 3168 652 3212 te
696 3161 857 3226 exuit,
897 3176 929 3212 a
955 3158 1165 3229 ﬂagello
1198 3159 1391 3229 lingua:
1432 3156 1460 3195 δ
1502 3168 1550 3212 te
1579 3157 1849 3213 abscondit

248 3251 374 3322 (Job
396 3269 452 3320 v,
488 3254 555 3310 l9
580 3265 626 3308 et
657 3253 816 3326 seq.).
837 3253 893 3310 Si
919 3255 1064 3309 enim
1095 3263 1150 3308 tu
1181 3254 1346 3309 nullis
1386 3257 1663 3324 putaveris
1693 3253 1853 3310 dero—

250 3346 511 3416 gandum,
543 3347 733 3402 aliena:
762 3349 960 3419 linguas
991 3346 1204 3419 ﬂagella
1239 3362 1346 3402 non
1374 3356 1606 3403 metues.

324 3437 415 3494 85.
459 3439 592 3496 Mire
619 3451 798 3497 autem
839 3455 1126 3496 sermones
1156 3439 1547 3496 maledicorum
1581 3441 1855 3512 expressit

246 3532 488 3590 dicendo
517 3535 710 3604 lingua:
746 3535 1041 3607 ﬂagellum,
1071 3535 1230 3604 cujus
1259 3551 1429 3591 sonus
1460 3536 1566 3591 late
1596 3536 1848 3591 resultat.

242 3631 290 3688 A
317 3647 428 3703 quo
452 3647 551 3686 nos
579 3647 835 3702 separare
857 3632 1083 3701 cupiens
1107 3631 1302 3687 Petrus
1330 3631 1634 3702 apostolus,
1665 3642 1850 3685 monet

241 3735 303 3781 ut
340 3741 449 3781 non
499 3724 791 3781 reddamus
835 3726 1036 3781 malum
1087 3741 1185 3794 pro
1217 3725 1381 3792 malo,
1413 3734 1467 3781 et
1499 3724 1847 3779 maledictum

235 3833 342 3890 pro
386 3817 677 3874 maledicto
703 3819 749 3888 (Ι
777 3817 922 3872 Petr.
956 3834 1044 3884 ιιι,
1067 3819 1124 3889 9)
1162 3816 1294 3872 :sed
1324 3817 1496 3889 magis
1531 3833 1654 3871 cum
1684 3815 1850 3872 male-

237 3911 442 3967 dicitur
484 3909 664 3973 nobis,
712 3909 1114 3966 benedictionis
1155 3909 1460 3965 referamus
1500 3910 1752 3979 gratiam.
1783 3909 1847 3964 Et

235 4003 366 4060 ideo
387 4001 524 4059 dicit
549 4019 561 4056 :
587 4001 778 4058 Cohibe
798 4003 1027 4074 linguam
1052 4012 1192 4056 tuam
1215 4019 1246 4056 a
1270 4003 1407 4057 malo
1437 4001 1615 4074 (Psal.
1651 4014 1845 4068 χχχιιι,

235 4095 356 4166 Li),
385 4106 660 4168 tamquam
687 4096 883 4167 linguae
914 4095 1166 4167 ﬂagello;
1197 4110 1296 4150 nec
1328 4096 1522 4151 timeas
1553 4095 1846 4151 verborum

233 4204 460 4255 sonum,
481 4191 525 4244 si
550 4189 748 4244 munda
775 4199 859 4245 est
878 4187 1215 4244 conscientia
1245 4197 1356 4243 tua.
1384 4187 1593 4243 Bonum
1619 4198 1702 4244 est
1723 4187 1845 4259 qni-

233 4285 388 4349 dem,
422 4283 656 4351 nullum,
685 4283 731 4337 si
766 4282 881 4338 ﬂeri
906 4281 1306 4354 potest,locum
1339 4281 1726 4338 obtrectationi
1753 4281 1848 4337 da-

229 4393 296 4436 re
326 4397 338 4432 :
386 4377 482 4432 sed
513 4376 638 4449 quia
671 4377 916 4448 plerique
948 4391 1055 4432 non
1084 4375 1253 4440 vitiis,
1297 4375 1392 4432 sed
1423 4375 1718 4431 virtutibus
1745 4375 1843 4431 de-

232 4483 470 4543 rogant;
513 4469 930 4541 reprehendant
975 4469 1122 4542 quod
1168 4468 1344 4525 laudis
1389 4477 1497 4538 est,
1533 4485 1639 4525 non
1688 4470 1843 4524 inve-

228 4565 392 4622 niant
420 4565 565 4635 quod
599 4564 804 4620 erroris
835 4574 940 4619 est.

307 4657 402 4713 86.
447 4657 554 4712 Sed
587 4657 728 4726 quod
755 4656 907 4726 pejus
939 4665 1044 4724 est,
1077 4673 1184 4712 non
1210 4654 1386 4712 solum
1411 4655 1589 4711 aliena
1618 4655 1800 4727 lingua
1821 4698 1836 4724 ,

227 4751 334 4809 sed
373 4749 540 4806 etiam
571 4759 751 4804 nostra
795 4749 1156 4820 ﬂagellamur.
1189 4747 1257 4802 Et
1294 4747 1410 4803 huic
1434 4757 1560 4802 sunt
1585 4748 1841 4818 graviora

225 4843 492 4907 verbera,
537 4857 658 4896 cum
687 4857 752 4896 ex
784 4840 1131 4911 multiloquio
1179 4850 1458 4909 peccatum
1492 4841 1836 4897 incurrimus.

227 4935 306 4994 Et
327 4937 451 4992 ideo
477 4935 711 5000 custodi,
732 4935 907 5006 virgo,
931 4935 1044 4987 vias
1072 4943 1226 4999 tuas;
1259 4943 1316 4988 ut
1337 4950 1444 4988 non
1473 4933 1760 5006 delinquas
1787 4938 1838 4990 in

224 5030 422 5100 lingua
453 5039 542 5083 tua
572 5025 745 5098 (Psal.
779 5044 1008 5094 xxxviii,
1036 5027 1119 5098 2).
1153 5028 1217 5081 Et
1255 5027 1395 5082 bona
1424 5027 1568 5098 l0qui
1598 5028 1841 5098 plerum-

222 5142 345 5200 que
376 5126 585 5180 crimen
617 5136 701 5180 cst
733 5125 979 5196 virginis.
1025 5122 1131 5179 Sed
1173 5122 1301 5190 quid
1345 5121 1560 5179 miraris
1585 5122 1654 5178 de
1681 5123 1843 5194 virgi-

221 5237 337 5285 ne,
365 5233 491 5273 cum
527 5218 720 5273 mulier
752 5219 806 5274 in
838 5218 1058 5273 silentio
1095 5215 1349 5286 jnbeatur
1385 5215 1600 5271 discere
1625 5215 1672 5285 (I
1705 5215 1837 5269 Tim.

217 5329 297 5383 ιι,
330 5310 470 5383 ll)?
497 5310 675 5366 Bonus
699 5320 783 5367 est
805 5310 979 5382 pudor
1004 5325 1166 5380 quem
1190 5308 1576 5363 commendant
1597 5307 1836 5364 silentia.

299 5406 399 5462 87.
443 5404 690 5460 Susanna
726 5403 1156 5474 periclitabatur,
1191 5411 1248 5458 et
1280 5401 1493 5457 tacebat
1522 5399 1685 5472 (Dan.
1721 5417 1836 5468 xm,

300 5534 328 5561 σι
378 5521 542 5575 Rom.
581 5520 746 5584 edit.,
780 5521 982 5576 Sextias
1018 5521 1081 5574 de
1111 5519 1516 5575 necessitatibus.

299 5597 330 5635 ι’
375 5593 436 5648 In
468 5608 601 5647 mss.
637 5593 806 5646 multo
837 5592 1083 5662 pluribus
1121 5593 1402 5660 sequentia
1435 5591 1832 5658 desiderantur,

213 5681 270 5728 te
293 5666 608 5722 abscondet.
641 5664 712 5737 Si;
731 5666 870 5737 enim
893 5674 948 5717 tu
978 5664 1136 5718 nullis
1167 5665 1426 5737 putaveris
1456 5663 1834 5737 derogandum,

211 5743 425 5799 cliente
446 5737 664 5809 linguae.
694 5735 802 5793 Sed
827 5739 1078 5793 lacunam
1097 5751 1221 5792 esse
1243 5735 1835 5806 quivislacileconces-

215 5821 452 5938 εειὲιιΙιιι
487 5894 617 5937 mss.
654 5896 865 5946 omnes,
895 5896 1003 5935 uno
1048 5889 1315 5953 excepto:
1359 5895 1481 5936 cum
1512 5877 1616 5937 hoc
1655 5887 1840 5936 autem

607 5974 879 6037 Ρλτιιοι..
930 5972 1102 6036 XVI.

1967 525 2117 580 venit
2143 525 2466 580 verecundia
2499 525 2876 591 defensorem,
2906 526 2996 597 qui
3039 525 3362 583 defenderet
3399 529 3565 583 casti-

1968 628 2151 675 tatem.
2184 619 2259 674 De
2284 634 2390 690 qua
2419 621 2557 675 bene
2582 617 2806 686 dicitur,
2835 619 2980 690 quod
3007 634 3127 676 eam
3160 635 3190 674 a
3215 619 3434 690 ﬂagello
3461 621 3561 675 lin-

1963 729 2084 786 gnte
2116 715 2379 770 Dominus
2406 714 2712 771 abscondit.

2035 807 2126 864 88.
2167 807 2307 877 Quid
2335 807 2403 863 de
2431 806 2650 863 feminis
2679 807 3170 880 dicimustJosepb
3200 810 3371 866 tacuit
3397 824 3557 867 accu-

1962 911 2114 958 satus
2147 901 2304 974 (Gen.
2337 918 2539 969 xxxix,
2585 900 2715 972 20),
2749 911 2806 957 ut
2837 903 3030 958 melius
3083 920 3206 959 eum
3252 905 3563 963 innocentia

1963 1012 2125 1068 quam
2170 997 2352 1068 lingua
2375 996 2714 1054 defenderet.
2743 997 2936 1054 Tacuit
2970 999 3155 1056 Daniel
3180 1001 3434 1058 omnibus
3462 1017 3556 1057 sa-

1962 1090 2219 1160 pientior,
2243 1097 2300 1146 et
2324 1105 2419 1146 ora
2445 1090 2641 1147 clausit
2667 1091 2888 1146 leonum
2915 1091 3077 1164 (Dan.
3103 1109 3215 1159 xiv,
3239 1093 3310 1151 29
3337 1105 3385 1150 et
3403 1096 3561 1168 seq.).

1967 1181 2118 1239 Unde
2160 1182 2386 1252 pulchre
2415 1193 2638 1239 sanctus
2686 1183 2854 1238 David
2897 1182 3076 1238 dicit:
3126 1183 3322 1251 Posui,
3356 1189 3562 1259 inquit,

1960 1277 2039 1331 ori
2070 1293 2182 1332 meo
2205 1277 2527 1340 custodiam,
2555 1277 2682 1332 dum
2710 1277 2948 1332 consistit
2977 1277 3252 1334 adversum
3277 1296 3358 1334 me
3382 1297 3565 1351 pecca-

1961 1383 2041 1426 tor
2071 1369 2247 1443 (Psal.
2275 1386 2514 1438 xxxvul,
2543 1370 2623 1442 2).

2031 1465 2120 1521 89.
2164 1464 2303 1534 Quid
2335 1465 2481 1520 enim
2523 1466 2604 1520 vis
2645 1465 2827 1537 loqui?
2861 1465 3082 1522 Vereris
3112 1481 3202 1532 ne,
3235 1474 3288 1523 te
3314 1475 3528 1524 tacente
3549 1509 3562 1533 ,

1960 1560 2174 1632 objecta
2204 1559 2518 1616 credantur.
2561 1559 2668 1614 Sed
2708 1559 2835 1613 audi
2869 1559 3068 1614 bonum
3118 1561 3435 1631 magistrum
3481 1560 3566 1615 di-

1959 1663 2174 1710 centem
2215 1662 2462 1707 sanctum
2507 1650 2645 1706 Job:
2679 1649 2816 1704 Ecce
2848 1651 2990 1706 rideo
3022 1652 3327 1722 opprobria,
3369 1661 3420 1706 et
3460 1667 3565 1706 non

1958 1748 2140 1817 loquor
2163 1763 2181 1800 :
2212 1748 2470 1811 clamabo,
2501 1754 2549 1800 et
2592 1761 2848 1817 nusquam
2863 1746 3130 1815 judicium
3168 1743 3290 1817 (Iob
3315 1761 3407 1801 χιχ
3429 1786 3444 1811 ,
3475 1745 3560 1816 7),

1888 1820 1937 1882 Β
1965 1839 2018 1895 id
2055 1851 2161 1908 est,
2212 1840 2534 1897 criminator
2576 1839 2775 1910 aliquis
2821 1842 3118 1912 opprobria
3171 1839 3336 1910 jacit?
3385 1841 3565 1897 Habes

1961 1934 2107 2004 quod
2130 1935 2270 1988 intra
2298 1944 2351 1989 te
2379 1933 2582 1998 rideas,
2609 1934 2653 1988 si
2683 1933 2889 1989 crimen
2918 1935 3254 1988 conscientia
3276 1949 3386 1988 non
3409 1946 3565 1990 reco-

1959 2029 2192 2097 gnoscit.
2219 2027 2361 2096 Quid
2389 2027 2535 2082 enim
2567 2025 2773 2082 releras
2818 2027 2983 2082 verba
3034 2025 3254 2082 verbis?
3300 2025 3554 2082 Nondum

1959 2129 2043 2175 est
2066 2119 2364 2190 judicium:
2409 2130 2464 2176 et
2512 2119 2558 2174 si
2587 2120 2826 2187 clames,
2860 2134 2967 2175 non
2995 2119 3414 2191 appropinquat.
3458 2120 3564 2176 De-

1959 2211 2158 2269 bentur
2188 2213 2282 2268 tibi
2312 2213 2365 2268 in
2399 2213 2502 2268 hoc
2529 2215 2733 2269 saeculo
2754 2214 2920 2269 multa
2951 2215 3274 2270 certamina.

2030 2308 2120 2365 90.
2166 2306 2384 2363 Vicerat
2415 2317 2644 2364 sanctus
2673 2307 2776 2363 Job
2797 2307 2978 2363 damni
3009 2308 3256 2364 dolorem
3284 2327 3297 2364 :
3330 2310 3560 2381 vicerat,

1956 2402 2126 2458 immo
2165 2401 2473 2457 excluserat
2494 2401 2672 2456 luctus
2695 2402 3048 2458 acerbitatem
3077 2401 3130 2456 in
3172 2403 3563 2460 amissionibus

1957 2496 2215 2559 filiorum,
2258 2495 2468 2551 vicerat
2495 2495 2783 2552 vulnerum
2835 2509 2859 2538 ο
2902 2498 3259 2566 asperitates:
3286 2497 3561 2552 vibicibus

1954 2590 2206 2661 corporis
2233 2589 2561 2645 adhibentur
2609 2590 2856 2645 mulieris
2884 2591 3042 2663 θοι
3100 2600 3458 2659 tentau:enta,
3504 2601 3562 2648 et

1955 2681 2070 2754 ipsa
2103 2697 2212 2738 non
2243 2682 2438 2739 sensit.
2472 2682 2669 2739 Adhuc
2706 2684 3006 2738 amicorum
3040 2684 3446 2753 increpationes
3487 2685 3556 2741 ad

1953 2788 2234 2835 certamen
2269 2780 2321 2836 ei
2363 2780 2612 2836 ultimum
2661 2790 3034 2836 reservantur.
3084 2779 3344 2835 Luctatus
3388 2779 3566 2836 fuerat

1951 2885 2077 2928 cum
2106 2873 2305 2929 aﬂ'ectu
2333 2875 2509 2943 patrio
2536 2871 2661 2944 (Job
2691 2891 2730 2942 ι,
2768 2873 2876 2945 l8),
2927 2873 3164 2928 luctatus
3208 2890 3333 2930 cum
3359 2874 3552 2932 dolore

1952 2968 2201 3038 corporis
2257 2977 2310 3023 et
2340 2966 2662 3038 a-gritudine
2693 2966 2813 3040 (Job
2860 2983 2929 3033 ιι,
2973 2968 3060 3038 7);
3103 2970 3390 3041 oportebat
3427 2985 3555 3026 eum

1952 3059 2138 3116 subire
2164 3061 2327 3117 etiam
2359 3076 2672 3118 sermonum
2707 3064 3055 3119 tentationes.

2547 3175 2777 3233 CAPUT
2821 3176 2960 3232 XIV.

1960 3264 2045 3321 Ea:
2070 3269 2410 3324 incommodis
2432 3271 2607 3325 saeculi
2645 3271 2710 3324 de
2736 3274 3039 3344 cujusquam
3070 3273 3249 3328 merito
3281 3290 3382 3329 non
3406 3275 3561 3348 judi-

2029 3363 2272 3424 candum,
2303 3379 2418 3416 cum
2453 3363 2537 3416 hic
2583 3362 2730 3418 locus
2773 3364 2842 3418 sit
2891 3365 3210 3429 certaminis,
3241 3383 3344 3421 non
3382 3377 3553 3422 autem

2027 3471 2251 3510 corona.
2295 3455 2448 3511 Hanc
2495 3455 2725 3509 Paulum
2771 3472 3084 3512 asseverasse
3133 3475 3249 3513 cum
3301 3461 3396 3516 sibi
3447 3471 3555 3515 tum

2028 3548 2220 3604 Christi
2261 3551 2536 3604 adventum
2582 3549 2916 3624 diligentibus
2955 3553 3257 3606 reservari:
3307 3570 3560 3608 annume-

2027 3643 2247 3697 randam
2277 3660 2393 3697 vero
2425 3643 2533 3697 illis
2569 3660 2680 3698 eam
2720 3642 2926 3698 viduam
2965 3661 3080 3714 qua:
3119 3645 3243 3714 ﬁliis
3288 3646 3556 3712 omnibus,

2025 3753 2150 3808 quos
2187 3739 2300 3805 ipsa
2353 3739 2676 3803 instituerat,
2723 3737 2833 3793 Deo
2889 3740 3235 3801 consecratis,
3287 3742 3549 3812 geminum

2022 3834 2288 3887 viduitatis
2318 3848 2425 3886 sua!
2454 3849 2516 3887 ac
2560 3833 2871 3904 virginitatis
2893 3834 3123 3904 ﬁliorum
3163 3835 3347 3888 obtulit
3373 3838 3540 3889 sacri-

2023 3927 2225 3997 ﬁcium.
2257 3927 2458 3992 Quibus
2494 3927 2790 3982 coronidem
2817 3927 3097 3982 admodum
3125 3928 3214 4002 pia
3246 3930 3540 3998 precatione

2020 4023 2164 4092 ponit
2187 4021 2488 4078 Ambrosius
2499 4060 2511 4075 .

2021 4177 2110 4233 9|.
2155 4177 2299 4250 Ergo
2323 4177 2540 4252 quando
2565 4177 2720 4234 vides
2762 4176 2982 4234 viduam
3025 4176 3329 4250 dispendiis
3359 4181 3556 4252 aliqui-

1947 4269 2050 4326 bus
2098 4271 2382 4340 laborare,
2427 4283 2522 4327 aut
2573 4274 2804 4327 liliornm
2853 4269 2881 4310 ἀ
2932 4272 3375 4330 incommoditate
3421 4278 3557 4332 :vel

1946 4365 2377 4434 mortejustum,
2410 4364 2493 4418 vel
2527 4363 2745 4435 injuriis
2790 4363 2970 4432 afﬁci;
3003 4366 3114 4421 noli
3152 4383 3216 4422 ex
3251 4368 3406 4423 istius
3445 4383 3550 4424 sa:-

1945 4456 2055 4512 culi
2111 4457 2476 4512 incommodis
2529 4458 2718 4512 merita
2770 4457 2888 4527 ejus
2937 4473 3195 4528 pensare,
3227 4469 3322 4513 aut
3363 4461 3550 4518 mirari

1944 4549 2088 4618 quod
2111 4549 2404 4605 derelictus
2429 4565 2458 4602 a
2489 4549 2720 4604 Domino
2751 4550 2842 4605 sit.
2875 4550 2970 4605 llic
3001 4551 3218 4622 quidem
3251 4555 3546 4622 luctamur,

1947 4642 2045 4699 sed
2069 4643 2193 4698 alibi
2220 4659 2570 4698 coronamur.
2594 4642 2710 4697 Non
2740 4643 2808 4699 de
2831 4661 2917 4698 me
2950 4654 3180 4710 tantum,
3207 4648 3302 4703 sed
3327 4647 3394 4703 de
3424 4666 3547 4704 om-

1945 4737 2108 4791 nibus
2135 4736 2443 4791 hominibus
2469 4737 2834 4792 communiter
2861 4753 2979 4792 sum
3009 4737 3244 4794 locutus.
3276 4739 3410 4797 Nam
3446 4758 3548 4797 un-

1948 4831 2015 4888 de
2045 4831 2177 4886 mihi
2211 4841 2416 4886 tantum
2458 4831 2660 4897 meriti,
2702 4832 2788 4885 cui
2829 4831 3161 4904 indulgentia
3195 4850 3295 4903 pro
3338 4850 3545 4892 corona

1947 4928 2068 4984 est?
2094 4925 2192 4981 llic
2220 4927 2383 4992 lucta,
2415 4925 2526 4980 illic
2555 4925 2804 4981 braviqu
2837 4940 2852 4979 :
2905 4924 2994 4980 hic
3039 4927 3256 4994 militia,
3297 4928 3411 4983 illic
3443 4931 3543 4984 sti-

1946 5021 2202 5091 pendium
2231 5028 2333 5074 est.
2373 5021 2516 5090 Ergo
2551 5019 2678 5073 dum
2719 5019 2772 5072 in
2820 5018 2922 5073 hoc
2948 5019 3150 5073 mundo
3183 5037 3334 5086 sum,
3366 5021 3545 5076 adhuc

1945 5115 2145 5180 luctor,
2177 5123 2199 5149 θ
2231 5112 2406 5168 adhuc
2448 5112 2720 5177 decerno,
2775 5111 2953 5166 adhuc
2991 5112 3245 5182 impellor
3287 5123 3343 5167 ut
3396 5113 3546 5169 deri-

1945 5208 2067 5263 datn
2101 5222 2116 5272 ;
2164 5206 2259 5261 sed
2295 5219 2488 5275 potens
2517 5214 2603 5261 est
2635 5204 2896 5259 Dominus
2918 5247 2933 5269 ,
2975 5204 3067 5274 qui
3100 5206 3391 5275 impulsum
3424 5222 3547 5261 sus-

1943 5302 2128 5371 cipiat,
2162 5299 2435 5354 labeutenl
2468 5308 2690 5364 statuat,
2717 5306 2998 5351 nutantem
3027 5297 3220 5366 erigat.
3251 5298 3386 5363 Quid
3415 5314 3546 5370 ergo

1943 5394 2163 5453 miraris
2189 5393 2427 5464 aliquem
2484 5389 2769 5446 laborare?
2816 5389 3003 5444 Donec
3051 5390 3105 5443 in
3151 5391 3250 5444 bac
3280 5389 3386 5443 vita
3435 5400 3542 5458 est,

1941 5529 2133 5572 omnes
2174 5512 2306 5568 edit.
2354 5511 2679 5583 asperitates,
2725 5510 2912 5564 vibices
2950 5509 3187 5580 corporis
3219 5524 3239 5564 ,ο
3291 5510 3542 5568 adhiben-

1999 5606 2042 5640 r.
2080 5597 2185 5640 etc.

1999 5606 2024 5640 r
2080 5599 2128 5640 et
2171 5624 2185 5638 .

1940 5599 2042 5696 ωίί
2082 5601 2284 5714 Oﬁines
2312 5655 2443 5712 edit.
2474 5671 2597 5710 cum
2644 5668 2754 5707 uno
2785 5667 2952 5714 mss.,
2999 5652 3417 5712 incommoditate
3456 5662 3538 5714 vel

1940 5733 2335 5802 morterjustum
2360 5728 2582 5802 injuriis
2621 5725 2798 5794 afﬁci;
2839 5723 3119 5802 reliqui_ut
3148 5744 3244 5802 nos
3277 5728 3328 5781 in
3365 5741 3531 5787 textu.

2020 5816 2042 5842 ε
2085 5796 2232 5858 Εῑιιι.
2255 5841 2269 5866 ,
2301 5796 2471 5854 adhuc
2496 5799 2740 5861 decerto;
2768 5810 2899 5850 mss.
2919 5837 2934 5862 ,
2966 5796 3138 5853 adhuc
3159 5799 3398 5857 decerno.

3029 5960 3105 6026 12
