4054 6306
495 318 600 404 365
985 361 990 364 -
1861 331 2112 392 ssnon
2151 325 2475 391 AMBROSII
3683 319 3788 384 δη

484 467 764 517 certamen
789 468 901 510 non
928 451 1130 518 deerit,
1160 463 1268 506 non
1287 449 1392 508 erit
1417 461 1646 505 corona.
1673 444 1866 503 Nullus
1889 446 2092 518 proba-
2117 449 2173 514 Α
2195 442 2374 498 ulcera
2403 447 2626 498 curaret
2653 438 2802 495 illius
2831 453 2858 492 a
2899 437 3204 494 latronibus
3231 435 3498 494 vulnerati
3528 436 3684 512 (Luc.
3719 455 3751 494 ι
3773 483 3788 507 ,

493 560 602 615 tur,
623 549 728 608 nisi
750 549 842 622 qui
865 545 1302 622 perseveraverit
1329 559 1498 616 usque
1526 544 1579 599 in
1611 544 1776 600 linem
1803 558 1819 610 ;
1851 550 1910 598 ut
1941 551 2094 614 post-
2197 534 2314 608 55).
2341 535 2487 607 Ergo
2514 533 2637 606 quia
2667 541 2724 590 et
2744 531 3047 589 secundum
3074 540 3227 587 vetns
3257 529 3666 589 Testamentum
3687 532 3798 587 Ma-

494 661 558 706 ea
583 644 758 718 possit
785 643 878 714 qui
909 642 1148 714 legitime
1174 641 1490 708 certaverit,
1517 635 1790 694 coronari.
2197 630 2296 686 riae
2325 629 2538 686 sororis
2585 629 2772 684 Aaron
2801 627 3167 700 virginitatem
3213 625 3416 699 (Exod.
3455 642 3546 695 xv,
3577 625 3699 699 20),
3745 637 3800 684 et

569 739 660 798 92.
701 737 836 806 Quis
867 735 1063 792 fortior
1112 733 1301 801 Paulo,
1342 733 1465 805 quis
1489 729 1738 788 beatior?
1767 729 1863 786 Ille
1911 738 2092 784 tamen
2195 725 2498 782 secundum
2523 739 2727 780 novum
2754 731 2958 780 sancire
2982 721 3170 779 Mariae
3200 722 3389 778 matris
3421 721 3638 777 Domini
3666 722 3803 777 inte-

497 849 598 891 vas
643 829 934 890 electionis
977 826 1282 886 Dominica:
1336 841 1444 882 non
1493 835 1620 882 ante
1673 823 1777 882 sibi
1830 837 2092 880 coronam
2196 822 2448 892 gritatem
2493 818 2712 894 (Matth.
2741 835 2796 888 t,
2823 818 2923 889 23)
2964 818 3020 874 in
3053 817 3236 874 studio
3260 831 3374 873 sua:
3401 817 3571 888 prolis
3597 816 3804 872 imitata

498 925 836 994 vindicavit,
893 937 1056 996 quam
1111 931 1384 978 certamen
1445 933 1611 975 omne
1661 924 2090 974 consummaret.
2198 925 2306 984 est,
2355 915 2856 972 remunerationem
2895 913 3022 970 ﬁdei
3053 913 3238 970 divino
3263 911 3472 984 judicio
3505 926 3808 982 conseque-

497 1019 734 1092 i‘deoque
753 1017 830 1075 ait
861 1033 876 1070 :
908 1013 1178 1071 Certamen
1207 1013 1395 1068 bonum
1433 1010 1629 1067 certavi
1649 1052 1662 1076 ,
1709 1026 1921 1066 cursum
1964 1025 2093 1064 con-
2198 1017 2320 1076 tur;
2345 1024 2470 1080 qua:
2513 1007 2648 1064 nihil
2678 1007 2784 1064 sibi
2813 1007 2880 1063 ad
2921 1006 3110 1064 saeculi
3147 1005 3455 1063 subsidium
3486 1006 3806 1070 reservavit,

495 1113 780 1178 mutavi,
807 1109 964 1182 fidem
989 1107 1188 1165 servavi
1217 1121 1236 1161 :
1264 1104 1405 1177 quod
1433 1104 1691 1176 reliquum
1712 1144 1728 1170 ,
1754 1103 1988 1175 reposita
2020 1112 2096 1158 est
2197 1103 2293 1162 sed
2325 1113 2496 1160 totum
2521 1104 2755 1160 Domino
2780 1103 2988 1160 sobolis
3013 1104 3117 1176 piae
3144 1118 3346 1160 munus
3371 1101 3659 1174 impendit.

496 1205 627 1261 mihi
653 1219 844 1261 corona
861 1200 1086 1276 justitia:
1113 1197 1183 1274 (ll
1202 1197 1340 1253 Tim.
1364 1213 1444 1266 tv,
1471 1198 1527 1262 7,
1561 1196 1658 1269 8);
1691 1212 1852 1268 quam
1881 1210 1989 1252 non
2013 1210 2096 1252 so-
2270 1196 2363 1254 94.
2394 1196 2471 1254 Te
2502 1211 2667 1265 nunc,
2689 1197 2942 1266 Domine,
2969 1197 3237 1268 deprecor
3261 1204 3322 1252 ut
3345 1189 3509 1266 supra
3540 1196 3681 1250 hanc
3709 1195 3808 1250 do-

490 1300 605 1356 lum
633 1299 793 1371 302
823 1296 958 1363 sibi,
991 1293 1090 1350 sed
1120 1293 1284 1350 etiam
1316 1289 1572 1347 omnibus
1611 1289 1966 1361 diligentibus
1994 1287 2091 1344 ad-

2209 1311 2345 1354 mum
2377 1303 2526 1352 tuam
2549 1338 2564 1364 ,
2595 1311 2760 1368 supra
2788 1296 2906 1353 haec
2937 1297 3157 1365 altaria,
3188 1312 3312 1369 qua
3352 1296 3517 1352 hodie
3544 1295 3810 1352 dedican-

497 1401 723 1450 ventum
747 1387 958 1446 Domini
987 1385 1120 1444 dicit
1143 1400 1270 1443 esse
1294 1384 1653 1442 reddendam.
1685 1381 1918 1440 Pulchre
1935 1381 2092 1450 dixit,
2197 1400 2307 1460 ιω»,
2344 1406 2505 1464 supra
2539 1393 2641 1450 nos
2687 1391 2900 1464 lapides
2945 1391 3246 1463 spiritales,
3295 1390 3500 1463 quibus
3547 1388 3814 1446 sensibile

492 1485 780 1544 adventum
824 1481 1043 1540 Christi
1067 1480 1455 1554 diligentibus;
1487 1493 1650 1536 nemo
1695 1479 1842 1536 enim
1873 1475 2098 1534 festinat
2197 1487 2295 1544 tibi
2318 1489 2373 1544 in
2401 1486 2632 1560 δίηευιί.
2659 1487 2924 1559 templum
2963 1495 3248 1552 “om”;
3278 1485 3634 1557 quorum,“
3671 1498 3815 1556 pm-

493 1579 564 1637 ad
589 1577 878 1651 judicium,
907 1576 1013 1634 nisi
1052 1577 1144 1648 qui
1171 1575 1242 1633 de
1272 1575 1581 1632 innocentia
1613 1589 1840 1631 securus
1871 1581 1976 1641 est,
2002 1580 2094 1628 aut

2212 1581 2284 1640 sui
2311 1579 2585 1647 intendas,
2611 1580 3002 1652 orationesque
3024 1593 3311 1634 servorum
3339 1586 3582 1644 tuorum,
3607 1591 3733 1648 quae
3757 1576 3813 1630 in

491 1673 584 1747 qui
621 1673 691 1730 de
717 1671 906 1728 labore
933 1671 1237 1743 praesumit,
1265 1672 1353 1728 cui
1395 1679 1491 1726 aut
1515 1669 1688 1742 gratia
1715 1667 1958 1738 Domini,
2002 1677 2095 1723 aut
2200 1673 2306 1730 hoc
2343 1674 2467 1730 loco
2511 1673 2835 1741 tunduntur,
2863 1671 3051 1731 divina
3082 1681 3172 1728 tua
3205 1670 3475 1742 suscipias
3501 1669 3818 1728 misericor-

488 1767 577 1838 pia
609 1779 708 1838 pro
727 1765 952 1822 Christo
979 1765 1280 1822 certamina
1307 1763 1697 1836 suii‘ragantur.
2199 1766 2309 1823 dia.
2375 1767 2496 1823 Fiat
2554 1767 2650 1824 tibi
2705 1777 2732 1806 ι
2768 1767 2822 1822 in
2871 1768 3101 1824 odorem
3141 1763 3598 1822 sanctiﬁcationis
3649 1776 3818 1818 omne

553 1857 651 1917 95-
691 1857 868 1926 Quam
900 1858 1086 1930 utique
1109 1856 1338 1915 habebit
1373 1857 1788 1930 praerogativam
1831 1865 1886 1912 et
1921 1870 1984 1912 ea
2013 1856 2093 1910 vi.
2122 1864 2172 1926 B
2198 1862 2527 1918 sacrificium
2549 1863 2696 1936 quod
2724 1861 2778 1918 in
2812 1861 2916 1918 hoc
2953 1859 3161 1932 templo
3197 1859 3305 1916 ﬁde
3333 1860 3577 1930 integra,
3609 1858 3695 1928 pia
3721 1871 3813 1912 se-

489 1953 597 2012 dua
621 1969 742 2026 quae
767 1953 912 2010 bene
935 1953 1080 2008 ﬁlios
1100 1951 1434 2020 educaverit,
1467 1951 1605 2008 etin
1642 1951 1829 2008 liberis
1853 1948 2094 2022 gratuia-
2200 1953 2432 2012 dulitate
2477 1953 2746 2012 defertur.
2779 1953 2847 2012 Et
2887 1970 3011 2011 cum
3040 1954 3108 2010 ad
3139 1955 3283 2010 illam
3316 1952 3550 2024 respicis
3577 1951 3816 2007 hostiam

489 2046 658 2114 bitur,
681 2053 742 2102 et
768 2045 1004 2102 maxime
1030 2061 1154 2118 quas
1181 2061 1374 2102 omnes
1403 2061 1538 2118 quos
1565 2043 1829 2118 suscepit,
1861 2045 2094 2101 Domino
2201 2047 2814 2120 salutarem,perquam
2836 2055 3118 2120 peccatum
3143 2045 3332 2102 mundi
3350 2045 3512 2124 hujus
3528 2042 3816 2108 aboletur;

486 2139 660 2197 dedit.
694 2137 852 2196 [inde
871 2148 928 2195 et
956 2138 1049 2194 ilia
1087 2138 1412 2210 Evangeiiea
1447 2138 1608 2194 vidua
1633 2138 1896 2194 divitibus
1939 2148 2094 2198 ante—
2200 2141 2467 2214 respicias
2492 2142 2660 2198 etiam
2695 2141 2765 2199 ad
2791 2141 2891 2198 has
2915 2143 3016 2214 piat
3044 2141 3254 2198 hostias
3284 2137 3576 2204 castitatis,
3613 2143 3672 2193 et
3695 2135 3822 2192 diu-

486 2231 665 2291 l‘ertur
691 2232 842 2306 (Luc.
875 2249 1000 2300 ιιι,
1024 2234 1080 2300 5,
1108 2233 1206 2306 4);
1233 2248 1342 2290 non
1369 2234 1549 2289 solum
1591 2233 1738 2290 enim
1767 2233 1896 2306 quia
1919 2240 2092 2288 totum
2201 2243 2366 2291 turno
2395 2250 2491 2292 eas
2519 2235 2724 2292 tuearis
2767 2235 3009 2302 auxilio;
3059 2244 3118 2290 ut
3171 2234 3304 2289 iiaut
3354 2230 3454 2288 tibi
3481 2228 3538 2286 in
3585 2227 3817 2284 odorem

490 2327 639 2399 quod
663 2326 878 2396 habuit,
918 2329 986 2384 ad
1015 2328 1216 2385 victum
1245 2342 1545 2400 pauperum
1575 2327 1758 2394 misit;
1791 2326 1888 2384 sed
1927 2328 2091 2385 etiam

2216 2329 2486 2386 suavitatis
2516 2329 2711 2385 hostiae
2739 2327 3133 2400 acceptabiies,
3180 2325 3411 2382 Christo
3440 2323 3670 2382 domino
3694 2323 3817 2396 pia-

489 2420 638 2493 quod
667 2419 774 2478 duo
802 2437 912 2479 tera
963 2421 1178 2491 detulit,
1223 2422 1507 2480 Dominica
1537 2436 1672 2479 voce
1715 2421 1992 2491 laudatur,
2040 2423 2096 2480 id
2201 2434 2412 2493 centes,
2442 2431 2500 2480 et
2531 2423 2802 2496 integrum
2849 2423 3101 2497 Spiritum
3151 2436 3366 2488 eorum,
3399 2428 3454 2476 et
3483 2419 3727 2474 animam
3757 2425 3821 2472 et

489 2523 598 2582 est,
629 2514 848 2586 plenam
879 2513 1064 2571 iidem.
1100 2515 1344 2587 Denique
1363 2515 1431 2570 ad
1457 2514 1697 2572 hominis
1723 2516 2010 2574 sanitatem
2042 2523 2098 2573 et
2200 2533 2406 2590 corpus
2435 2518 2559 2574 sine
2579 2517 2800 2592 querela
2833 2531 3009 2590 usque
3029 2517 3082 2572 in
3115 2515 3263 2574 diem
3285 2513 3504 2571 Domini
3526 2511 3708 2570 nostri
3727 2509 3823 2568 Je-

488 2607 584 2666 ilie
633 2603 1012 2666 Samaritanus
1037 2607 1158 2665 duo
1197 2624 1307 2664 aera
1351 2609 1654 2666 stabulario
1690 2608 1863 2678 dedit,
1891 2610 2095 2683 quibus
2200 2627 2266 2670 su
2292 2609 2500 2669 Christi
2525 2610 2622 2668 lilii
2644 2611 2724 2667 tui
2752 2624 2978 2668 servare
3004 2607 3267 2682 digneris.

496 2822 508 2835 ε
565 2761 594 2806 ι
631 2749 710 2814 Ita
733 2757 844 2820 vet.
885 2749 1112 2835 edit-sc
1138 2750 1298 2825 pauci
1325 2764 1484 2822 mssa
1511 2749 1610 2822 alii
1635 2763 1770 2815 vero
1799 2748 1962 2822 longe
1994 2750 2090 2821 plu

489 2841 545 2879 in
573 2824 781 2880 odorem
801 2833 1094 2880 suavitatis.

2229 2792 2248 2822 ,
2289 2751 2346 2816 in
2390 2752 2639 2820 honorem
2685 2749 3158 2820 sanctiﬁcationis;
3186 2755 3244 2806 at
3289 2745 3451 2818 Rem.
3501 2742 3638 2814 edit.
3671 2743 3818 2812 sola,

734 3053 857 3140 IN
929 3054 1389 3140 LIBRUM
1460 3053 1622 3138 DE
1696 3051 2075 3138 LAPSU
2149 3054 2686 3141 VIRGINIS
2757 3052 3561 3158 CONSECRATIE

1794 3185 2502 3287 ΑΒΜΟΝΙΤΙΟη

561 3467 869 3526 Continetur
895 3467 994 3522 hoc
1020 3468 1077 3522 in
1104 3480 1258 3538 opere
1279 3464 1728 3522 vehementissima
1755 3463 2075 3536 increpatio,
2097 3480 2200 3535 qua
2239 3465 2470 3540 puellam
2499 3482 2616 3535 quae
2647 3476 2764 3539 post
2786 3466 3101 3540 promissam
3129 3465 3200 3522 ad
3229 3481 3347 3532 aras
3373 3465 3729 3540 virginitatem
3751 3467 3830 3523 vi—

491 3567 613 3622 tiari
639 3582 694 3622 se
720 3564 784 3620 ab
807 3563 1072 3636 impudico
1099 3561 1426 3618 adolescente
1445 3562 1640 3634 saepius
1671 3577 1827 3631 passa
1865 3558 2024 3632 (Cap.
2057 3561 2111 3627 4,
2146 3577 2294 3616 num.
2330 3559 2445 3632 ii),
2469 3561 2624 3616 etiam
2651 3569 2957 3632 conceptum
2979 3577 3044 3616 ea:
3062 3577 3120 3616 eo
3140 3561 3395 3634 infantem
3427 3576 3632 3616 necasse
3663 3559 3828 3632 (Cap.

493 3659 552 3726 8,
573 3673 719 3714 nunt.
748 3656 841 3728 55)
867 3654 1157 3721 dicebatur,
1189 3669 1391 3708 summa
1421 3669 1539 3708 cum
1565 3654 1732 3708 animi
1756 3653 1940 3708 dolore
1965 3653 2210 3728 objurgat
2234 3653 2468 3728 ejusdem
2497 3653 2789 3726 episcopus.
2822 3651 3014 3728 Ingens
3040 3661 3148 3707 erat
3174 3664 3358 3724 suapte
3384 3665 3570 3708 natura
3594 3650 3698 3706 hoc
3725 3655 3834 3724 ﬂa-

493 3753 706 3824 gitium,
731 3749 820 3806 sed
847 3749 987 3804 illud
1012 3748 1172 3803 multo
1198 3751 1406 3822 gravius
1426 3765 1545 3804 cum
1575 3751 1685 3806 alia
1713 3749 1902 3816 multa,
1937 3761 2046 3805 tum
2074 3761 2251 3806 secuta
2277 3751 2400 3806 inde
2433 3751 2703 3808 hominum
2737 3749 2958 3822 offensio
2980 3749 3286 3812 reddiderat
3310 3747 3462 3824 (Cap.
3494 3749 3543 3821 ι,
3571 3765 3720 3821 num.
3748 3748 3830 3821 5).

498 3847 769 3911 Susanna,
800 3845 876 3898 sic
901 3845 1038 3898 enim
1065 3844 1162 3898 illa
1187 3843 1465 3908 vocabatur
1496 3843 1650 3917 (Cap.
1678 3845 1734 3909 i,
1760 3859 1906 3899 num.
1940 3843 2022 3916 5).
2053 3861 2080 3900 e
2098 3843 2268 3900 nobili
2291 3845 2496 3917 familia
2519 3843 2740 3900 ducebat
2767 3859 2940 3900 ortum
2966 3843 3120 3918 (Cap.
3144 3843 3201 3910 2,
3232 3859 3377 3905 nunt.
3401 3843 3481 3914 4).
3505 3841 3635 3900 Cum
3658 3855 3836 3899 autem

493 3949 797 4012 perpetuam
821 3952 1024 3992 servare
1057 3936 1368 4008 pudicitiam
1395 3937 1493 3992 sibi
1531 3937 1912 4010 proposuisset,
1945 3937 2234 3994 contrarias
2261 3954 2562 4012 expugnare
2602 3939 2830 4010 nequivit
2863 3947 3140 4011 parentum
3179 3937 3495 4008 voluntates,
3532 3937 3635 3999 nisi
3681 3947 3832 4006 post-

491 4049 652 4106 quam
679 4031 918 4104 terriﬁcis
943 4029 1252 4103 quibusdam
1281 4031 1404 4085 visis
1429 4028 1499 4084 ad
1525 4029 1582 4084 id
1604 4047 1658 4086 se
1689 4031 1888 4086 moveri
1925 4041 2104 4086 sancte
2129 4031 2413 4103 afﬁrmavit
2443 4030 2600 4109 (Cap.
2628 4033 2663 4088 4
2685 4073 2701 4100 ,
2731 4049 2874 4088 num.
2923 4031 3036 4104 i6).
3069 4029 3199 4102 Ipso
3235 4028 3452 4106 Domini
3481 4031 3838 4089 reviviscentis

495 4132 628 4200 festo
667 4127 722 4183 in
770 4125 1038 4200 prtecipua
1074 4122 1314 4192 basilica,
1351 4141 1514 4198 prope
1539 4126 1710 4184 altare
1740 4143 1841 4198 quo
1869 4143 1982 4187 eam
2011 4131 2393 4200 necphytorum
2425 4146 2604 4204 greges
2635 4145 2754 4190 cum
2783 4130 2940 4183 cereis
2971 4129 3202 4184 accensis
3234 4128 3560 4192 deduxerant
3585 4126 3749 4203 (Cap.
3777 4129 3836 4208 ξ,

498 4237 643 4278 nunt.
679 4217 793 4292 18),
818 4228 936 4274 vota
965 4233 1083 4285 sua,
1117 4215 1354 4272 universo
1381 4219 1576 4293 populo
1599 4220 1968 4293 respondente,
1997 4235 2184 4287 auten,
2227 4221 2580 4296 pronuntiavit
2610 4219 2775 4295 (Ibid.
2810 4237 2950 4280 num.
2989 4219 3104 4292 i9).
3150 4217 3281 4275 Mox
3307 4219 3409 4288 ipsi
3435 4219 3685 4285 imposito
3717 4228 3837 4292 post

503 4325 806 4372 consuetam
833 4311 1246 4369 exhortationem
1273 4311 1384 4366 velo
1423 4313 1569 4370 illaut
1605 4315 1723 4369 aliis
1761 4313 2244 4370 sanctimonialibus
2263 4317 2508 4389 junctam
2548 4314 2687 4370 idem
2724 4314 2920 4388 praesul
2944 4312 3156 4368 admisit
3181 4312 3234 4366 in
3260 4313 3570 4374 asceterium
3592 4310 3753 4385 (Cap.
3779 4316 3839 4384 7,

501 4427 650 4468 num.
677 4408 748 4463 27
767 4417 814 4462 et
833 4407 992 4479 seq.),
1011 4405 1097 4460 ubi
1115 4405 1348 4460 eamdem
1369 4407 1568 4472 idoneis
1587 4409 1858 4488 praeceptis
1875 4409 2120 4480 frequens
2147 4409 2378 4466 imbuere
2403 4427 2506 4465 non
2531 4408 2820 4486 negligebat
2849 4406 3064 4480 (Ibid.).
3093 4405 3263 4462 Vitam
3293 4405 3404 4461 illic
3430 4406 3844 4483 haudquaquam

501 4498 654 4554 duxit
670 4497 734 4552 ab
747 4497 886 4553 omni
905 4495 1136 4550 criminis
1158 4497 1324 4568 specie
1349 4515 1411 4552 ac
1429 4499 1770 4556 similitudine
1793 4501 1866 4556 ita
1890 4511 2142 4561 remotam
2169 4503 2294 4574 quin
2316 4519 2419 4558 non
2445 4502 2608 4557 multo
2639 4511 2754 4575 post
2789 4503 2902 4574 ejus
2928 4501 3138 4556 castitas
3156 4499 3388 4555 adversis
3413 4501 3712 4556 rumoribus
3730 4513 3841 4559 tra-

503 4589 780 4644 duceretur
802 4583 956 4662 (Cap.
981 4585 1036 4653 ϐ,
1065 4602 1208 4640 num.
1228 4585 1346 4660 24).
1381 4587 1495 4647 Hoc
1523 4589 1972 4664 impatientissime
2001 4591 2122 4654 tulit
2153 4593 2404 4650 Susanna
2422 4611 2442 4649 :
2473 4595 2746 4669 episcopus
2771 4609 2888 4650 vero
2905 4595 3196 4666 conjunctis
3218 4610 3335 4650 cum
3363 4595 3599 4668 ejusdem
3623 4609 3846 4666 parente

507 4682 680 4749 curis,
709 4678 908 4749 frustra
938 4689 994 4734 ut
1033 4688 1268 4741 auctores
1309 4681 1468 4758 hujus
1502 4683 1776 4744 calumnia:
1803 4685 1987 4756 detecti
2016 4687 2300 4744 canonicas
2327 4689 2526 4745 luerent
2547 4706 2743 4762 ptenas,
2777 4689 3066 4745 desudavit.
3092 4689 3176 4744 Ea
3213 4707 3334 4746 cum
3357 4689 3470 4760 ﬁeri
3499 4692 3703 4746 cautior
3725 4695 3852 4749 hinc

503 4775 790 4840 debuisset,
833 4774 1026 4845 elapsis
1047 4783 1218 4836 tamen
1257 4775 1421 4832 tribus
1452 4781 1607 4834 annis
1641 4776 1796 4853 (Cap.
1827 4780 1882 4848 7,
1909 4797 2055 4838 num.
2077 4780 2196 4855 29),
2223 4783 2418 4838 crimen
2441 4785 2594 4858 cujus
2619 4783 2758 4856 falsa
2793 4783 3013 4856 infamia
3041 4783 3188 4857 prius
3217 4781 3563 4850 laboraverat,
3600 4801 3708 4840 non
3737 4787 3852 4842 sine

508 4885 700 4945 magno
725 4866 1034 4934 Judatorum
1063 4887 1122 4924 ac
1147 4870 1417 4947 gentilium
1437 4873 1686 4928 seandalo
1709 4889 1826 4929 vere
1852 4877 2130 4932 commisit.
2175 4875 2413 4947 Omnem,
2447 4859 2662 4934 ut'illud
2691 4878 2904 4946 celaret,
2937 4878 3165 4949 lapidem
3195 4878 3354 4933 movit
3378 4895 3399 4934 :
3435 4895 3600 4950 neque
3627 4879 3744 4936 ulla
3763 4897 3852 4936 ra-

513 4969 655 5024 tione
673 4967 740 5022 ad
759 4967 924 5037 ipsius
943 4972 1318 5043 confessionem
1347 4973 1539 5036 adduci
1560 4976 1752 5044 potuit.
1779 4974 2026 5046 Convicta
2051 4979 2257 5034 demum
2279 4980 2424 5048 apud
2444 4977 2747 5048 antistitem,
2765 4977 2984 5050 publica:
3006 4979 3218 5036 addicta
3241 4987 3315 5034 est
3337 4978 3657 5046 paenitentite
3687 4979 3847 5056 (Cap.

513 5065 569 5137 6,
603 5079 747 5118 num.
776 5060 894 5133 25).
913 5061 1078 5138 Quam
1123 5081 1238 5120 cum
1270 5067 1361 5121 illa
1373 5068 1492 5138 jam
1518 5069 1756 5140 erupisset
1776 5087 1932 5142 agere
1956 5070 2110 5144 (Cap.
2145 5070 2202 5140 8,
2233 5088 2375 5136 num.
2402 5071 2496 5144 57)
2515 5113 2529 5140 ,
2563 5073 2730 5145 ipsam
2763 5073 3018 5128 acerrima
3039 5072 3275 5128 oratione
3299 5088 3366 5128 ea:
3390 5089 3494 5144 qua
3521 5083 3730 5142 constat
3750 5076 3853 5131 ista

509 5159 748 5230 scriptio,
773 5157 909 5226 idem
930 5161 1124 5232 praesul
1145 5161 1359 5241 aggredi
1389 5163 1632 5225 instituit.
1656 5163 1756 5224 Ubi
1789 5165 2053 5224 diritatem
2078 5167 2287 5226 sceleris
2310 5177 2420 5238 tum
2451 5167 2820 5240 adjunctorum
2849 5169 3254 5232 enumeratione,
3286 5176 3394 5224 tum
3416 5168 3731 5241 depulsione
3757 5185 3853 5224 ea:-

508 5249 842 5306 cusationum
867 5249 1033 5318 oculis
1061 5250 1311 5326 subjecit,
1342 5253 1490 5319 docet
1523 5253 1809 5311 remedium
1836 5255 2050 5316 unicum
2080 5257 2128 5321 ei
2168 5273 2459 5326 superesse,
2487 5259 2739 5332 aequalem
2767 5267 2974 5328 peccato
3000 5261 3353 5334 paenitentiam
3398 5257 3558 5332 (Cap.
3593 5259 3650 5328 8,
3699 5279 3855 5320 nunt.

511 5346 584 5402 35
601 5355 652 5401 et
681 5342 797 5416 55).
816 5342 977 5419 Cujus
1002 5346 1207 5420 quidem
1232 5345 1432 5412 labores
1454 5357 1612 5420 atque
1633 5347 1858 5410 dedecus
1879 5350 1924 5403 si
1945 5366 2192 5421 generose
2213 5350 2281 5417 ad
2317 5361 2604 5418 extremum
2624 5369 2782 5426 usque
2803 5353 3042 5428 spiritum
3080 5353 3373 5410 toleraverit
3395 5395 3409 5420 ,
3450 5355 3714 5426 promittit
3744 5359 3859 5427 fore

513 5449 568 5492 ut
597 5439 791 5508 inferni
811 5439 907 5494 sibi
929 5439 1090 5494 debiti
1116 5457 1216 5494 non
1242 5438 1473 5494 desitura
1495 5439 1682 5494 evadat
1705 5442 1970 5512 supplicia
2000 5440 2155 5517 (Cap.
2183 5443 2239 5512 8,
2272 5461 2414 5499 num.
2445 5443 2564 5516 '55).
2597 5442 2887 5516 Compellat
2907 5447 3064 5502 etiam
3087 5444 3323 5519 ejusdem
3353 5447 3738 5519 pseudonymce
3753 5449 3863 5502 vir-

517 5533 655 5604 ginis
677 5544 1029 5606 corruptorem
1058 5533 1223 5608 (Cup.
1245 5534 1302 5601 9,
1336 5548 1480 5588 num.
1503 5531 1624 5605 '58),
1657 5535 1803 5606 eique
1829 5533 2160 5596 Baltltasaris
2186 5554 2279 5592 nec
2301 5555 2402 5610 non
2437 5538 2829 5606 Sodomitarnm
2851 5551 2898 5595 et
2927 5537 3383 5595 Go‘marrhteorunt
3409 5540 3652 5612 exemplo
3676 5541 3863 5598 decla-

518 5636 602 5682 rat
625 5625 792 5696 (num.
817 5627 938 5700 ιο),
964 5645 1080 5701 qua:
1115 5629 1284 5702 ipsum
1325 5643 1490 5698 mente
1515 5637 1792 5698 maneant,
1829 5631 1931 5686 nisi
1953 5631 2152 5687 similes
2179 5633 2553 5703 resipiscemite
2591 5651 2700 5698 sua:
2729 5637 2967 5692 ostendat
2990 5636 3214 5706 fructus,
3240 5634 3310 5692 ad
3339 5651 3472 5706 quos
3499 5637 3752 5700 eumdem
3773 5654 3867 5704 etc—,-

517 5717 756 5777 stinutlat
781 5719 968 5792 (Num.
999 5723 1116 5793 il),
1143 5725 1416 5794 proposita
1445 5721 1665 5781 extremi
1711 5722 1896 5790 iudicii
1935 5725 2132 5781 nemini
2167 5724 2412 5778 evitanda
2439 5727 2769 5783 necessitate.
2807 5725 3041 5783 Tandem
3083 5743 3316 5783 reversus
3345 5726 3418 5781 ad
3445 5727 3792 5802 Smmm,
3819 5732 3870 5788 ei

527 5810 882 5879 quotidianam
905 5815 1092 5886 psalmi
1131 5815 1202 5872 50
1244 5813 1600 5870 recitationem
1641 5815 1824 5870 indicit
1849 5814 2004 5890 (Cap.
2037 5818 2127 5885 i0,
2177 5833 2318 5871 num.
2348 5815 2468 5890 42),
2517 5834 2579 5877 ac
2622 5831 2873 5892 prtrtcrea
2902 5821 3073 5876 varios
3100 5820 3328 5893 suggerit
3361 5820 3534 5892 (num.
3556 5819 3636 5878 45
3657 5832 3710 5880 et
3736 5822 3872 5896 seq.)

524 5900 712 5974 quibus
741 5913 788 5960 et
813 5922 867 5962 se
893 5905 960 5962 ad
995 5906 1226 5965 dolorem
1255 5919 1302 5966 et
1331 5906 1500 5966 Deum
1525 5907 1597 5967 ad
1626 5909 2042 5970 misericordiam
2067 5919 2291 5981 moveat,
2321 5917 2506 5968 mentis
2537 5911 2770 5981 affectus.
