4054 6306
238 240 347 302 565
799 251 888 311 DE
923 248 1147 315 LAPSU
1186 249 1488 315 VIRGINIS
1524 253 1839 315 COHSECI

1948 257 2010 315 ill
2048 254 2253 316 LIBER
2294 255 2496 316 UNUS.
2540 254 2940 317 ADMONITIO.
3446 240 3549 298 568

313 359 455 417 Citat
485 363 584 420 hac
611 381 745 439 opus
788 369 1019 435 secunda
1038 372 1273 444 synodus
1300 370 1518 431 Dasius.
1550 372 1649 429 sub
1672 371 1966 428 Mus
1994 372 2255 427 Ambrosii
2291 382 2444 443 atque
2473 372 2809 444 Hieronymi,
2845 379 2895 426 et
2919 383 3102 425 revera
3125 371 3259 424 inter
3287 370 3554 438 utriusque

242 463 403 523 opera
429 454 566 508 illud
590 459 860 528 reperitur.
896 458 1140 516 Erasmus
1165 463 1221 517 in
1241 463 1350 518 suis
1378 464 1675 518 earumdem
1701 461 1926 519 Patrum
1952 464 2263 520 editionibus
2291 482 2506 522 censura
2543 468 2765 521 maxime
2790 465 2993 521 diversa
3016 464 3192 536 ipsum
3217 463 3390 535 aﬁicit.
3423 461 3576 518 Cum.

244 546 382 600 enim
408 548 462 602 in
500 547 906 623 Hieranymiana
932 552 1159 613 editione
1188 556 1572 626 pronuntiasset
1597 557 1785 629 stglunt
1815 556 1988 629 palam
2015 573 2237 629 arguere
2266 574 2370 614 non
2404 575 2513 614 esse
2542 558 2854 630 Hieronymi
2872 599 2888 621 ,
2919 566 3131 631 gustum
3158 572 3275 611 vero
3309 554 3559 627 phraseos

244 640 496 696 accedere
523 643 592 697 ad
624 643 898 717 Augustini
928 639 1252 715 orationem;
1281 658 1469 705 contra
1489 649 1545 703 iu
1591 646 1937 705 Ambrosiana
1964 652 2152 705 asserit
2183 649 2335 723 (Cum
2362 649 2632 706 Perkinsio
2658 660 2705 705 et
2733 646 3081 721 Hospiniano)
3104 646 3558 703 declamationem

248 752 396 805 esse,
428 740 602 810 qualis
628 752 709 797 est
737 741 827 797 illa
863 742 921 799 S.
954 742 1270 817 Hieronymi
1301 745 1370 800 de
1402 752 1573 800 matre
1608 754 1662 802 et
1692 745 1805 801 lilia
1835 747 2278 804 reconciliandis.
2312 746 2484 815 Quam
2517 747 2911 804 similitudinem
2941 747 2985 802 si
3019 745 3322 801 elocutionis
3362 740 3559 797 intelli-

251 843 363 904 gat,
394 833 527 888 nihil
555 843 770 905 utroque
793 836 887 890 illa
901 835 1106 910 judicia
1136 846 1301 910 potest
1326 855 1436 899 esse
1462 838 1865 911 discrepantiam.
1894 838 1966 908 At
1992 841 2241 911 fortassis
2262 858 2379 907 eam
2409 842 2463 895 in
2496 842 2593 896 hac
2619 841 2731 895 solo
2751 839 2971 909 positam
2994 837 3179 899 uoluit,
3209 834 3348 908 quod
3374 834 3554 888 ambas

250 926 380 980 istas
411 926 862 981 commentationes
893 926 1298 983 declamationes
1325 929 1523 997 putavit
1548 946 1675 994 esse,
1707 930 1804 985 hoc
1831 940 1936 996 est,
1965 931 2019 984 in
2050 932 2171 999 ﬁcta
2196 941 2501 1003 argumenta
2530 931 2652 1002 styli
2677 928 2946 985 exercendi
2976 927 3149 1001 gratia
3174 927 3418 998 scriptas.
3447 922 3472 978 Ι
3482 932 3564 977 ιαε

252 1030 354 1085 que
386 1013 519 1069 nihil
548 1025 715 1070 matus
746 1014 841 1069 hac
857 1016 1202 1072 similitudine
1232 1016 1509 1073 Marianus
1538 1018 1721 1074 Victor
1752 1020 1885 1075 hanc
1911 1038 2012 1093 qua
2045 1020 2112 1077 de
2139 1023 2343 1098 agimus
2367 1064 2385 1097 ι
2416 1024 2469 1078 in
2513 1023 2756 1078 editionis
2788 1038 2895 1079 suta
2934 1020 3358 1093 Hieranymiance
3386 1020 3567 1091 rejecit

252 1106 613 1178 appendicem.
674 1107 1040 1167 Verumtamen
1073 1108 1280 1171 Erasmi
1307 1110 1375 1171 ds
1409 1111 1579 1177 ipsius
1598 1129 1715 1167 cum
1739 1098 1964 1179 dictione
1995 1115 2272 1190 Διομειιὶ
2304 1117 2547 1191 itﬁuium
2568 1118 2837 1193 judicium
2861 1116 3225 1195 perstrinxisse
3252 1121 3524 1169 contentus
3552 1152 3568 1175 ,

256 1214 352 1252 cur
380 1199 612 1253 eamdem
645 1197 962 1273 Hieranon
989 1201 1274 1258 crediderit
1294 1202 1699 1275 abjudicatsdam
1720 1247 1732 1271 ,
1766 1224 1982 1278 prorsus
2013 1208 2207 1264 reticet.
2240 1208 2399 1280 Atqui
2423 1210 2479 1265 in
2510 1220 2756 1282 promptu
2788 1220 2899 1266 erat
2926 1225 2991 1264 ea:
3012 1208 3244 1279 ejusdem
3266 1206 3441 1276 aperis
3468 1204 3572 1259 lec-

255 1290 400 1346 tione
421 1293 675 1346 rationem
692 1293 837 1348 illius
855 1296 933 1348 rei
950 1311 1131 1350 eruere
1157 1297 1298 1350 omni
1325 1298 1621 1368 exceptione
1642 1302 1915 1373 majorem.
1945 1300 2142 1356 Auctor
2168 1301 2421 1373 siquidem
2448 1304 2747 1376 episcapum
2774 1319 2886 1359 esse
2907 1320 2962 1359 se
2981 1302 3178 1373 passim
3197 1301 3415 1367 indicat,
3435 1298 3579 1371 quod

263 1382 586 1456 Hieronymo
610 1402 712 1441 non
742 1403 1028 1460 congruere
1052 1390 1258 1464 ignorat
1288 1408 1460 1447 nemo.

337 1473 589 1542 Quamvis
619 1488 793 1532 autem
821 1493 925 1532 nan
954 1488 1098 1533 tanta
1121 1481 1353 1536 videatur
1373 1484 1735 1555 repugnantia.
1768 1486 1813 1540 si
1836 1485 2107 1542 Ambrosio
2130 1486 2270 1543 idem
2296 1496 2549 1544 tractatus
2576 1489 2907 1552 attribuatur,
2942 1504 3047 1544 non
3073 1488 3261 1543 desunt
3288 1495 3457 1541 tamen
3486 1485 3577 1554 qui

261 1566 508 1621 eumdum
538 1583 566 1622 e
595 1568 943 1639 legitimarum
971 1572 1135 1625 sancti
1165 1570 1406 1627 Dactaris
1431 1573 1629 1642 fetuum
1654 1575 1895 1649 catalogo
1928 1586 2172 1632 censeant
2202 1577 2548 1633 eximendum.
2580 1577 2718 1634 Rob.
2757 1576 2925 1634 Cacus
2969 1576 3213 1650 (Censur.
3248 1576 3431 1648 script.
3453 1572 3579 1644 etc.)

264 1673 541 1735 propterea
575 1673 727 1737 negat
756 1665 1157 1722 Ambrosianum
1183 1684 1315 1732 esse,
1343 1668 1481 1739 quod
1506 1679 1691 1724 auctor
1714 1670 1903 1727 scribat
1927 1672 2081 1729 istam
2117 1674 2366 1743 puellam,
2395 1673 2441 1729 si
2466 1673 2762 1744 virginitate
2791 1673 2995 1747 integra
3021 1682 3242 1727 mortem
3264 1669 3544 1742 appetisset
3564 1709 3581 1725 .

268 1757 501 1827 futuram
527 1758 692 1831 fuisse
717 1775 813 1831 pro
834 1769 1104 1832 parentum
1127 1763 1350 1832 peccatis
1376 1761 1613 1817 hostiam
1640 1764 1842 1831 vivam,
1866 1765 2100 1824 Domino
2127 1766 2555 1838 proliitiatricem
2585 1765 2738 1839 (Cap.
2763 1767 2821 1832 4,
2848 1782 2994 1821 num.
3022 1764 3135 1836 i5).
3167 1764 3274 1820 Sed
3289 1762 3415 1835 quid
3435 1760 3586 1816 aliud

273 1851 463 1924 legitur
513 1852 604 1907 lib.
656 1851 763 1928 ide
792 1852 1000 1927 Virgin.
1040 1855 1128 1910 ubi
1160 1854 1461 1915 Ambrosias
1497 1869 1735 1931 parentes
1760 1860 2020 1937 virginum
2064 1862 2136 1918 sic
2173 1862 2462 1931 alloquitur
2489 1877 2510 1917 :
2536 1860 2613 1921 ιιι
2633 1860 2839 1923 habere
2861 1860 3091 1933 possm
3110 1873 3344 1935 Quarum
3376 1853 3590 1911 meritis

273 1954 454 2001 vestra
482 1945 684 2002 delicta
731 1946 1197 2006 redimantur.....
1230 1952 1382 2023 virgo
1405 1952 1599 2023 matris
1636 1951 1813 2019 hostia
1839 1995 1857 2025 ,
1904 1953 2062 2025 cujus
2100 1954 2427 2028 quotidiana.
2449 1953 2722 2023 sacriﬁcia
2748 1953 2837 2015 vis,
2860 1952 3051 2023 divina
3080 1950 3323 2023 placatur
3347 1946 3501 2023 (σερε
3532 1945 3587 2011 ἶ»

277 2056 419 2093 num.
450 2038 564 2111 '52).
598 2038 783 2110 Itaque
815 2039 1025 2098 Rivetus
1068 2041 1223 2118 (Crit.
1274 2044 1401 2103 Sac.
1445 2046 1535 2101 lib.
1568 2063 1653 2117 tu,
1675 2064 1792 2123 cap.
1835 2047 1949 2121 16),
1981 2050 2079 2104 hac
2107 2049 2304 2107 sodalis
2342 2050 2424 2109 sui
2462 2050 2665 2105 ratione
2693 2046 3085 2123 insuperbabita
3111 2088 3125 2111 ,
3172 2044 3308 2109 nihil
3345 2042 3598 2107 adverti“

279 2134 677 2189 Ambrasianam
720 2135 955 2208 ejusdem
994 2140 1166 2207 aperis
1216 2138 1603 2211 inscriptionem
1648 2140 1903 2210 opponit,
1938 2157 2093 2213 quam
2133 2141 2273 2214 quod
2313 2140 2567 2217 objiciunt
2613 2141 2853 2209 nannttlli
2901 2149 3174 2205 auctorum
3205 2135 3597 2196 Catholicarum

283 2225 573 2299 (Bellarm.
603 2235 649 2281 et
676 2225 943 2282 Passevin.
969 2225 1015 2301 ),
1054 2228 1289 2284 videlicet
1322 2247 1438 2300 cap.
1472 2230 1529 2297 8,
1556 2248 1609 2286 η.
1634 2231 1729 2301 40,
1758 2231 2067 2288 sententiam
2098 2233 2277 2288 haberi
2305 2250 2517 2305 prorsus
2550 2232 3100 2305 Novatianam,quam
3122 2226 3490 2297 duobuslibrit
3529 2224 3601 2281 de

282 2320 609 2377 Pmnitcntia
642 2322 909 2394 impugnat
936 2321 1237 2383 Ambrosius
1267 2322 1459 2399 (Nunt.
1491 2324 1814 2399 '57).Verum
1839 2327 1885 2383 si
1911 2338 2093 2383 auctor
2124 2329 2344 2402 hujusce
2379 2328 2677 2401 scriptionis
2703 2328 2805 2384 ista
2832 2328 3016 2382 haeresi
3044 2328 3264 2396 infectus
3291 2330 3465 2388 esset,
3496 2336 3602 2391 qua

283 2416 489 2470 ratione
531 2416 731 2488 lapsam
761 2416 829 2470 ad
858 2417 1212 2490 paenitentiam
1244 2418 1508 2486 publicam
1533 2419 1609 2477 ita
1635 2421 1974 2488 stimulasset,
2008 2432 2063 2479 ut
2091 2421 2246 2481 simul
2272 2432 2497 2481 cateruas
2524 2435 2703 2491 partas
2736 2434 2853 2491 qua
2884 2417 3070 2477 sceleri
3102 2431 3200 2472 suo
3243 2411 3565 2471 debebantur
3587 2452 3605 2477 ,

287 2508 517 2563 evitandi
546 2524 637 2581 spe
662 2509 998 2571 sublevaret?
1027 2510 1171 2564 Adde
1200 2512 1278 2565 his
1307 2513 1568 2583 quandam
1589 2511 1844 2573 Ecclesia
1869 2530 2064 2572 mat-ent
2104 2516 2266 2586 [uisse
2289 2556 2305 2583 ,
2350 2525 2407 2575 ut
2444 2516 2703 2577 atrocium
2729 2513 3075 2584 quorum!“
3099 2510 3379 2568 criminum
3403 2508 3506 2563 rcis
3539 2523 3606 2563 uc

288 2604 341 2657 in
368 2612 534 2657 morte
558 2602 766 2676 quidem
793 2604 940 2659 venia
967 2614 1013 2660 et
1035 2607 1389 2662 reconciliatio
1427 2609 1815 2673 concederetur,
1846 2611 2163 2682 praindeque
2192 2611 2473 2669 Auctorem.
2492 2611 2627 2667 inter
2654 2610 2833 2667 eodem
2860 2609 3085 2666 crimina
3120 2616 3172 2663 et
3208 2607 3308 2662 Isoc
3348 2605 3608 2662 Susanna:

290 2698 557 2771 ﬂagitium
584 2703 780 2771 referre
807 2700 917 2755 sine
947 2701 1058 2755 ulla
1083 2704 1277 2756 erroris
1309 2713 1432 2761 nata
1460 2703 1709 2771 potuisse.
1742 2702 2073 2777 Quapropter
2101 2720 2216 2776 quia
2245 2705 2533 2769 locutiones
2552 2704 2662 2765 illic
2698 2713 2979 2763 securum
3007 2702 3165 2773 paulo
3195 2700 3433 2757 citeriores
3458 2739 3473 2762 ,
3520 2712 3608 2753 eas

293 2805 396 2843 non
422 2790 531 2845 alia
560 2790 782 2846 consilio
810 2792 1069 2853 adhibitus
1093 2804 1357 2863 putamus,
1388 2811 1545 2863 quam
1577 2806 1629 2849 ut
1656 2797 1907 2868 majorem
1936 2795 2200 2861 commissi
2228 2796 2475 2868 propudii
2504 2796 2773 2857 horrerent
2791 2796 3119 2860 incutientes.
3149 2793 3327 2849 acrius
3348 2791 3417 2847 ad
3446 2788 3611 2862 potni-

292 2887 467 2940 tentiae
496 2901 656 2958 opera
678 2897 876 2941 sontem
903 2889 1211 2953 excitarent,
1243 2889 1589 2959 efﬁcerentque
1617 2906 1682 2945 ne
1704 2890 1781 2945 uel
1798 2890 2014 2961 propria
2038 2889 2253 2955 mollitie
2274 2891 2355 2947 uel
2381 2890 2693 2951 remissioris
2715 2890 3019 2964 cujuspiam
3039 2888 3267 2947 doctoris
3288 2884 3615 2957 indulgentia

295 2980 609 3051 quandoque
632 2981 697 3034 ab
727 2982 1026 3039 austeritate
1050 2982 1207 3037 semel
1233 2992 1470 3053 suscepta
1500 2992 1850 3038 revocaretur.

373 3073 504 3142 Qua:
530 3090 646 3127 cum
666 3074 739 3128 ita
763 3074 891 3142 sint,
921 3075 1053 3129 nihil
1072 3078 1188 3148 jam
1214 3086 1393 3131 contra
1420 3075 1749 3130 Ambrosium
1772 3093 2005 3148 pugnare
2022 3084 2191 3147 potest
2215 3085 2426 3149 excepto
2446 3077 2601 3150 μνία.
2629 3076 2773 3137 Licet
2799 3077 2937 3135 ωὼη
2965 3077 3185 3147 hiulca
3206 3075 3377 3147 opertis
3396 3073 3620 3131 elocutio

300 3168 611 3237 quibusdam
639 3184 745 3224 non
773 3169 989 3224 multum
1015 3170 1251 3223 videatur
1283 3167 1497 3237 differre
1526 3169 1591 3224 ab
1619 3168 1992 3237 Ambrosiana;
2023 3170 2297 3242 fatendum
2325 3180 2499 3227 tamen
2529 3180 2603 3228 est
2635 3180 2873 3227 sanctum
2901 3169 3189 3227 Pantaleon
3209 3169 3366 3223 etiam
3391 3166 3480 3223 ubi
3499 3181 3623 3220 ara-

308 3263 497 3319 tionem
518 3261 726 3318 adhibet
752 3263 978 3317 maxime
1005 3263 1312 3317 concitatam
1333 3303 1349 3329 ,
1377 3262 1548 3315 minus
1578 3261 1751 3315 densis
1777 3277 1839 3315 ac
1867 3262 2107 3317 brevibus
2129 3262 2307 3317 incisis
2338 3263 2431 3319 uti.
2469 3260 2625 3330 Quod
2651 3262 2806 3319 etiam
2831 3261 2995 3332 adjici
3024 3268 3189 3332 potest
3228 3259 3283 3313 in
3318 3261 3414 3315 hac
3445 3255 3622 3326 opella

308 3357 559 3427 quasdam
593 3358 873 3414 sententias
896 3367 1047 3430 atque
1089 3359 1323 3427 exenipla
1347 3358 1561 3431 reperiri
1588 3356 1860 3412 Ambrosio
1896 3358 2024 3419 satis
2061 3357 2349 3429 “miliaria
2374 3399 2389 3424 ,
2426 3358 2482 3413 in
2501 3358 2601 3423 hoc
2624 3356 2837 3430 quidem
2862 3363 3174 3417 militum
3207 3352 3429 3423 aliquod
3454 3352 3622 3411 inesse

312 3469 420 3508 non
448 3453 765 3524 inﬁciamur,
788 3456 878 3509 sed
898 3454 1031 3509 illud
1059 3453 1201 3509 haud
1234 3463 1507 3525 propterea
1536 3452 1779 3508 Achillazi
1798 3494 1815 3518 ,
1847 3462 1903 3507 ut
1928 3464 2137 3521 uacant,
2165 3453 2461 3524 argumenti
2486 3453 2598 3515 loco
2632 3452 2926 3515 habendum
2954 3459 3061 3518 est,
3089 3465 3208 3507 ctuti
3235 3450 3465 3507 diuersas
3495 3462 3629 3501 auc-

308 3556 447 3603 tores
464 3547 519 3602 in
541 3547 800 3603 similibus
819 3549 1093 3613 convenire
1109 3565 1211 3604 non
1238 3549 1304 3611 sit
1321 3548 1570 3609 insolens.
1595 3547 1755 3619 Atqui
1775 3557 1831 3602 ut
1851 3546 2075 3603 maxime
2091 3557 2349 3607 constaret
2369 3557 2637 3605 auctorem
2650 3546 2812 3621 hujus
2833 3546 3007 3618 aperis
3025 3560 3133 3601 non
3150 3560 3259 3601 esse
3274 3540 3624 3608 Ambrosinus,

311 3642 484 3719 nihilo
516 3643 671 3699 etiam
699 3645 871 3700 minus
898 3643 952 3698 id
980 3655 1179 3703 certum
1214 3652 1344 3701 esset
1368 3684 1384 3709 ,
1430 3642 1595 3699 eidem
1631 3643 1761 3716 fetui
1786 3653 1984 3716 patrem
2011 3640 2227 3701 Doctori
2249 3651 2427 3699 nostra
2456 3650 2610 3699 «etate
2637 3641 2847 3703 urinime
2883 3639 3184 3707 iuleriorem
3208 3634 3631 3699 atteihuendum;

310 3739 738 3813 quandoquidem
767 3741 922 3801 etiam
951 3748 1061 3797 tum
1093 3742 1181 3813 qui
1219 3740 1415 3803 cultum
1453 3740 1610 3795 idolis
1632 3738 1950 3803 exhiberem,
1976 3737 2155 3807 plures
2188 3736 2367 3809 fuisse,
2405 3752 2496 3792 nec
2526 3751 2723 3806 paucos
2743 3736 2903 3792 etiam.
2922 3734 3010 3805 qui
3031 3748 3181 3789 sacro
3202 3729 3467 3801 paschalis
3501 3732 3631 3800 festo

312 3835 673 3909 initiarentur,
699 3851 762 3889 ac
801 3836 1008 3899 tandem
1050 3850 1226 3895 eorum
1257 3850 1291 3887 a
1314 3833 1501 3904 quibus
1529 3832 1663 3889 inter
1682 3844 1905 3897 cateruas
1928 3848 2109 3900 poenas
2143 3841 2296 3903 atque
2320 3831 2544 3905 gloriam
2571 3839 2737 3895 status
2771 3830 2987 3902 quidam
3006 3828 3220 3884 medius-
3234 3822 3632 3892 admittebatur,

314 3942 551 3982 errarem
578 3927 803 4002 viguisse
820 3928 1158 4002 ntanifestum
1180 3936 1252 3985 est
1284 3925 1438 4000 (Cap.
1467 3926 1522 3995 8,
1546 3942 1691 3982 num.
1724 3926 1841 3998 35).

397 4019 521 4075 Non
550 4020 849 4094 ignoramus
880 4021 929 4076 Ν
936 4023 1119 4083 iactam
1143 4020 1424 4087 Daciarum
1449 4021 1782 4096 episcopum.
1815 4019 2091 4085 Gennadio.
2113 4017 2204 4091 (In
2232 4018 2437 4089 Cotol.)
2461 4028 2613 4085 teste,
2658 4018 2863 4075 dedisse
2889 4018 2963 4073 ad
3009 4017 3217 4087 lapsam
3257 4015 3526 4086 virginem
3572 4012 3639 4068 li-

320 4113 555 4185 bellum,
584 4116 840 4183 omnibus
869 4117 1177 4175 labentibus
1206 4117 1614 4183 emendationis
1642 4116 2006 4182 incentivum;
2046 4125 2200 4187 atque
2226 4116 2359 4171 adeo
2387 4132 2493 4170 non
2520 4115 2696 4171 deesse
2724 4116 2862 4169 uiros
2889 4114 3120 4173 eruditos
3140 4153 3157 4178 ,
3181 4113 3273 4183 qui
3301 4113 3440 4166 hunc
3466 4110 3639 4182 ipsum

324 4211 518 4266 librant
545 4212 596 4267 ei
622 4221 882 4283 tamquam
906 4228 1025 4267 vero
1048 4211 1256 4267 domina
1280 4210 1652 4267 restituendum
1683 4211 1928 4271 scribant.
1955 4210 2021 4266 At
2042 4210 2183 4267 enim
2201 4209 2331 4283 quid
2358 4218 2492 4265 votat
2516 4209 2784 4265 Ambrosio
2812 4223 3010 4281 quoque
3035 4208 3379 4268 occasionem,
3408 4204 3545 4258 unde
3569 4202 3639 4255 ad

322 4304 665 4373 tractandum
695 4305 834 4363 idem
861 4313 1225 4383 argumentum
1248 4303 1602 4372 induceretur,
1634 4304 1822 4363 nasci?
1847 4302 1993 4358 Certe
2021 4300 2205 4357 Basilii
2234 4310 2401 4359 exstat
2428 4301 2646 4373 epistola
2685 4299 2789 4372 (Ad
2841 4296 2987 4370 Virg.
3016 4294 3209 4368 ιαμ.)
3243 4296 3475 4366 ejusdem
3524 4308 3639 4347 uta-

327 4398 481 4465 teritp
503 4409 655 4470 atque
676 4397 1008 4469 epigrophes.
1040 4397 1108 4469 Et
1134 4398 1276 4469 apud
1314 4396 1639 4455 Ambrosium
1663 4396 1843 4467 ipsum
1866 4396 1917 4457 si,
1942 4396 2082 4467 virgo
2107 4394 2316 4453 Indicia
2339 4396 2463 4468 falsi
2491 4396 2723 4451 criminis
2750 4394 2917 4469 potuit
2946 4393 3187 4449 accusari
3204 4434 3218 4457 ,
3251 4391 3416 4463 potuit
3443 4397 3490 4444 et
3533 4387 3645 4443 alia

326 4490 439 4545 veri
457 4488 657 4575 (Epist.
682 4491 751 4559 ad
774 4490 1102 4565 Syagrium).
1123 4492 1377 4565 Quocirca
1404 4491 1599 4559 rationi
1621 4492 1784 4563 magis
1812 4506 2092 4549 consonum
2118 4490 2250 4546 nihil
2279 4490 2513 4557 videtur,
2545 4507 2705 4562 quam
2730 4501 2789 4545 ut
2815 4490 3014 4546 huncce
3037 4495 3314 4543 tractatum
3338 4482 3649 4539 auctoritate

330 4585 462 4639 edit.
495 4602 558 4657 ac
582 4602 708 4655 mss.
731 4587 989 4663 omnium,
1013 4587 1058 4651 si
1086 4587 1419 4647 recentiorem
1444 4604 1605 4647 unum
1627 4588 1879 4658 excipias.
1902 4604 1934 4645 a
1954 4603 2054 4656 qua
2079 4603 2349 4661 perperam
2378 4587 2620 4643 tribuitur
2638 4586 2838 4643 Jaanni
2858 4586 3246 4658 Chrysastomo,
3273 4585 3409 4637 inter
3428 4577 3653 4634 Ambro-

332 4678 511 4735 sianas
534 4679 671 4734 alias
698 4696 814 4750 qua:
832 4680 902 4734 ad
926 4680 1270 4756 uirginitatem
1296 4691 1548 4755 spectant,
1577 4681 2032 4745 commentationes
2052 4684 2408 4739 retineremus.
2436 4681 2505 4743 Et
2525 4682 2739 4754 quidem
2754 4681 2937 4743 nullus
2960 4690 3035 4743 est
3059 4681 3187 4751 quin
3210 4679 3437 4749 fateatur
3462 4690 3578 4732 eum
3605 4682 3656 4729 et

332 4775 615 4839 Ambrosio
639 4776 859 4849 dignum
888 4793 1021 4843 esse,
1041 4786 1089 4835 et
1116 4778 1403 4851 multiplici
1431 4779 1613 4835 veteris
1635 4776 1886 4839 Ecclesia:
1912 4781 2193 4851 disciplina
2220 4783 2509 4850 refertum:
2533 4779 2627 4835 sed
2656 4778 2797 4849 quod
2826 4780 3060 4832 eumdem
3098 4790 3194 4847 pro
3226 4771 3447 4846 epistola
3483 4766 3655 4823 cuncti

332 4871 447 4945 fere
471 4871 720 4938 habeant,
751 4870 843 4940 qui
862 4868 929 4928 de
946 4870 1043 4927 illo
1066 4872 1266 4941 aliquid
1284 4872 1565 4939 tradidere,
1592 4873 1647 4926 in
1668 4888 1729 4928 ea
1748 4872 2031 4927 certissime
2052 4882 2280 4926 erratum
2300 4878 2397 4926 est.
2424 4867 2566 4927 Nam
2585 4887 2613 4925 e
2638 4871 2884 4926 concione
2905 4870 3078 4942 ipsum
3098 4874 3335 4924 constare
3357 4861 3434 4917 vel
3452 4858 3566 4916 sala
3587 4856 3657 4912 ad

332 4976 703 5039 corruptorem
733 4965 1046 5037 apostropha
1069 4964 1285 5037 planum
1310 4966 1437 5038 facit
1464 4963 1619 5038 (Cap.
1651 4966 1708 5035 9,
1733 4982 1873 5027 num.
1897 4966 1968 5024 58
1994 4974 2043 5022 et
2072 4963 2225 5041 seq.).
