4054 6306
1879 302 2126 364 SANCTI
2163 301 2491 362 AMBROSII

3682 311 3792 371 368

1670 917 2319 982 MEDIOLANENSIS
2360 915 2716 982 EPISCOP]

1137 1144 1281 1299 DE
1365 1140 1736 1300 LAPSU
1844 1139 2374 1298 VIRGINIS
2477 1138 3210 1298 (10NSEGRATIE

1819 1457 2154 1534 LIBER
2218 1455 2362 1531 UN
2377 1456 2539 1532 US.

1637 1695 2108 1730 —-——G

931 1941 1096 2015 305
1131 1937 1365 1998 CAPUT
1406 1936 1690 1996 PRIMUM.

512 2063 791 2122 Silentium
811 2058 1074 2128 abrumpit
1098 2058 1320 2121 Auctor,
1349 2067 1395 2111 et
1418 2071 1594 2111 omnes
1621 2063 1677 2109 ut
1699 2053 1954 2110 Ecclesia:
1971 2070 2127 2126 prop-

586 2169 664 2213 ter
688 2170 852 2211 sacra:
880 2152 1097 2225 virginis
1133 2149 1516 2218 corruptionem
1562 2147 1757 2218 lugenti
1790 2145 2124 2213 condoleant,

587 2251 824 2307 excitat:
849 2245 1216 2318 propositoque
1257 2243 1570 2315 indignitate
1607 2239 1796 2312 ﬂagitii
1841 2256 1989 2294 suum
2027 2239 2126 2292 hac

593 2346 658 2399 de
683 2358 738 2397 re
766 2339 954 2412 promit
983 2352 1268 2393 mwrorem.

584 2502 641 2559 1.
671 2497 816 2567 Quid
845 2505 872 2535 ι
906 2505 1059 2552 taces
1083 2535 1099 2562 ,
1141 2495 1352 2564 anima;
1387 2493 1517 2565 quid
1551 2492 1979 2568 cogitationibus
2023 2507 2127 2549 (£35-

517 2606 684 2660 tuas;
727 2590 853 2663 quid
885 2604 994 2646 non
1025 2589 1270 2660 erumpis
1313 2589 1366 2644 in
1412 2603 1601 2645 vocem
1627 2628 1642 2653 ,
1686 2597 1743 2644 et
1787 2587 1988 2643 mentis
2019 2597 2126 2642 tua:

513 2685 752 2758 exponis
781 2682 1033 2739 ardorem
1061 2723 1077 2748 ,
1121 2690 1181 2738 ut
1215 2681 1430 2753 aliquod
1463 2681 1716 2737 solatium
1745 2681 1971 2752 capias?
2013 2679 2126 2736 Hoc

511 2784 681 2855 plane
706 2823 721 2850 ,
754 2783 858 2839 hoc
879 2781 985 2838 erit
1011 2781 1165 2852 quasi
1195 2778 1498 2835 remedium
1530 2777 1876 2849 aegritudinis
1903 2785 2009 2832 tua:
2035 2819 2051 2844 ,
2079 2775 2126 2832 si

514 2885 712 2947 aperto
731 2890 829 2931 ore
853 2881 1183 2945 conceptum
1211 2871 1435 2942 digeras
1460 2870 1660 2927 scelus.
1685 2869 1820 2926 Nam
1850 2878 1905 2926 et
1930 2867 2122 2924 ulcusb

511 2967 764 3041 quamvis
807 2965 1069 3023 tumidum
1090 3008 1105 3034 ,
1133 2980 1258 3022 cum
1291 2963 1456 3020 fuerit
1495 2972 1741 3034 apertum
1767 3005 1782 3028 ,
1815 2974 2126 3035 evaporans

513 3072 748 3136 przestat
775 3062 1122 3134 refrigerium
1151 3060 1445 3133 passionis.

581 3160 637 3215 Ξ.
673 3158 876 3215 Audite
910 3174 999 3213 me
1029 3170 1178 3213 nunc
1201 3154 1295 3226 qui
1327 3167 1498 3226 prope
1523 3152 1679 3220 estis,
1709 3161 1764 3209 et
1793 3151 1884 3222 qui
1916 3151 2076 3223 longe
2102 3190 2119 3218 ,

523 3264 580 3313 et.
607 3258 699 3328 qui
745 3253 954 3310 timetis
984 3252 1273 3308 Dominum
1301 3290 1318 3318 ,
1365 3259 1422 3306 et
1467 3248 1727 3304 Ecclesiae
1771 3247 1891 3318 ejus
1925 3244 2123 3318 gaudio

2118 1685 2699 1734 οῡ--α

2149 1939 2201 1998 Λ
2227 1944 2283 1993 et
2311 1935 2380 1992 ab
2408 1935 2709 1992 immundis
2740 1942 2796 1992 et
2826 1932 2990 1990 luteis
3015 1933 3320 2006 pretiosum
3356 1933 3520 2007 303
3546 1934 3812 1993 conculca-

2233 2037 2347 2084 tum
2377 2037 2464 2085 est
2489 2027 2825 2099 propositum
2857 2026 3147 2083 castitatis.

2299 2121 2355 2176 4.
2386 2120 2524 2177 Hinc
2550 2131 2717 2177 aestus
2749 2121 2932 2176 animo
2970 2135 3093 2177 meo
3117 2161 3132 2190 ,
3165 2119 3294 2177 hinc
3323 2126 3351 2166 d
3383 2120 3698 2178 insanabilis
3726 2120 3810 2175 do-

2230 2214 2348 2281 lor;
2382 2216 2506 2288 quia
2539 2231 2706 2272 unum
2737 2215 2940 2272 malum
2970 2215 3111 2271 bona
3142 2216 3374 2286 plurima
3403 2232 3589 2273 secum
3616 2215 3769 2273 trahit
3795 2233 3808 2269 :

2227 2317 2284 2364 et
2327 2309 2493 2364 unius
2536 2307 2803 2364 nubecula
2865 2307 3183 2378 peccatricis
3237 2317 3405 2363 totam
3470 2324 3609 2380 pene
3653 2309 3810 2363 lucem

2225 2401 2542 2457 obscuravit
2573 2399 2856 2457 Ecclesiae.
2890 2402 3183 2456 Assumam
3215 2415 3346 2472 ergo
3372 2415 3559 2456 vocem
3593 2400 3809 2472 prophe-

2228 2495 2392 2551 ticam
2417 2535 2433 2564 ,
2483 2503 2538 2550 et
2579 2493 2837 2550 ﬂebiliter
2881 2493 3100 2550 dicam:
3132 2494 3324 2548 Audite
3352 2511 3471 2560 me,
3513 2510 3683 2548 omnes
3726 2508 3811 2564 po-

2227 2588 2381 2660 puli,
2421 2599 2470 2643 et
2511 2588 2675 2643 videte
2716 2587 2948 2643 dolorem
2991 2604 3160 2642 meum
3189 2586 3408 2658 (Tliren.
3437 2601 3479 2653 ι,
3507 2586 3598 2660 ΙΞ)
3625 2604 3638 2642 :
3666 2585 3814 2657 virgi-

2231 2697 2331 2738 nes
2360 2696 2534 2749 meai,
2573 2691 2628 2738 et
2649 2681 2884 2752 juvenes
2925 2681 3031 2737 mei
3070 2682 3322 2737 abierunt
3350 2681 3402 2736 in
3437 2681 3809 2752 captivitatem.

2226 2774 2372 2831 Vere
2401 2773 2518 2830 hare
2539 2783 2624 2830 est
2651 2775 2938 2844 captivitas
2957 2817 2972 2842 ,
3025 2775 3115 2830 ubi
3145 2774 3340 2830 animm
3379 2789 3408 2828 a
3453 2783 3676 2845 peccato
3702 2787 3813 2845 cap-

2227 2870 2352 2926 tiva;
2374 2869 2648 2926 ducuntur
2670 2869 2738 2926 ad
2761 2879 3018 2937 mortem,
3039 2879 3093 2926 et
3115 2885 3146 2926 a
3164 2868 3431 2926 diabolica
3454 2867 3812 2926 dominatione

2227 2962 2596 3036 possidentur.

2857 3056 3088 3116 CAPUT
3127 3056 3194 3113 11.

2226 3171 2539 3244 Corruptam
2567 3138 2851 3244 alloquitur
2878 3189 2898 3229 :
2927 3183 2974 3229 et
3012 3174 3184 3245 qualis
3223 3190 3480 3247 quamque
3523 3175 3674 3231 beata
3716 3177 3812 3246 {tte-

2297 3266 2366 3321 rit
2407 3276 2529 3322 ante
2576 3266 2770 3322 crimen
2812 3265 3099 3322 admissum
3125 3308 3140 3332 ,
3191 3267 3245 3321 in
3285 3285 3442 3338 quam
3490 3285 3610 3325 vero
3654 3279 3812 3341 postea

521 3347 881 3421 congaudetis
906 3389 921 3415 ,
964 3355 1019 3402 et
1050 3343 1287 3401 tristitia:
1313 3342 1659 3440 coniugetis;
1691 3341 1832 3396 sicut
1857 3340 2122 3440 scriptum
2152 3333 2200 3393 B
2297 3363 2546 3418 dea-dem
2579 3364 2928 3419 catamitum”
2964 3381 3026 3419 ac
3062 3333 3440 3437 (“Wand-imm
3461 3406 3477 3434 ι
3521 3333 3812 3440 εῙ“⁸.πώ⁸

511 3454 603 3502 est
634 3462 648 3499 :
681 3441 924 3498 Gaudere
960 3456 1076 3495 eum
1109 3437 1485 3512 gaudentibus,
1519 3445 1566 3491 et
1596 3437 1719 3506 ﬂere
1741 3450 1856 3488 cum
1876 3432 2120 3504 ﬂentibus

509 3537 697 3606 (Rom.
733 3550 835 3601 xu,
879 3531 996 3604 15).
1031 3531 1172 3600 Vos,
1205 3531 1460 3602 inquam,
1493 3527 1714 3600 appello
1753 3526 1845 3596 qui
1872 3524 2118 3580 charita-

511 3639 623 3684 tem
648 3626 856 3682 Christi
888 3624 1228 3680 verissimam
1255 3622 1530 3686 retinetis,
1563 3630 1618 3676 et
1639 3634 1805 3690 super
1832 3617 2118 3690 iniquitate

515 3736 626 3777 non
668 3719 918 3790 gaudetis
943 3757 959 3783 ,
1009 3716 1104 3772 sed
1147 3717 1329 3787 potius
1371 3713 1748 3784 ingemiscitis.
1780 3724 1801 3751 ο
1835 3710 2118 3768 Advertite

511 3813 680 3871 verba
720 3812 834 3868 oris
867 3810 976 3865 mei
1004 3849 1018 3874 ,
1050 3818 1106 3866 et
1132 3823 1256 3880 qua:
1281 3823 1352 3864 ex
1373 3808 1524 3878 justo
1552 3807 1749 3862 dolore
1773 3803 2115 3877 procedunt,

505 3906 756 3980 iudicate
781 3921 796 3970 ;
827 3913 881 3960 et
910 3901 1113 3960 detecti
1145 3901 1374 3957 sceleris
1397 3898 1714 3972 qualitatem
1739 3913 1951 3956 mecum
1976 3896 2122 3969 pari-

513 4010 600 4057 ter
631 3998 979 4070 perborrete.

586 4094 640 4150 5.
673 4093 844 4164 Virgo
873 4088 1101 4155 nobilis,
1129 4087 1310 4144 dicata
1337 4086 1580 4154 Christo,
1611 4085 1852 4159 sapiens,
1877 4084 2115 4153 erudita,

511 4188 624 4244 ruit
661 4186 716 4241 in
765 4184 982 4239 foveam
1030 4178 1418 4252 turpitudinis,
1451 4179 1705 4248 concepit
1746 4178 2028 4244 dolorem,
2060 4187 2118 4234 et

507 4281 732 4352 peperit
759 4275 1103 4346 iniquitatem
1133 4289 1148 4328 :
1183 4287 1243 4328 se
1285 4271 1562 4343 perdidit,
1594 4282 1650 4328 et
1677 4273 1974 4329 Ecclesiam
2003 4288 2118 4328 ma-

520 4371 750 4428 culavit.
780 4368 920 4425 llinc
947 4367 1128 4422 omnis
1167 4366 1345 4420 anima
1383 4363 1695 4422 Christiana
1725 4381 1890 4438 grave
1918 4367 2118 4422 vulnus

519 4464 764 4537 excepit;
793 4462 918 4534 quia
946 4469 1194 4518 sanctum
1231 4460 1417 4517 datum
1449 4471 1534 4517 est
1555 4461 1805 4528 canibus,
1828 4472 1884 4517 et
1907 4477 2118 4535 marga-

513 4556 637 4614 ritzc
664 4557 846 4611 missae
869 4565 998 4610 sunt
1023 4563 1152 4610 ante
1182 4568 1382 4624 porcos
1407 4554 1626 4625 (Matth.
1650 4570 1746 4622 vn,
1778 4552 1836 4626 6)
1864 4572 1876 4609 :
1905 4570 1935 4611 a
1965 4556 2114 4612 rabi-

511 4651 600 4708 dis
619 4651 766 4707 enim
796 4648 1104 4705 hominibus
1124 4662 1326 4704 nomen
1354 4647 1650 4704 laceratum
1673 4657 1760 4704 est
1781 4649 2110 4719 sanctitatis,

2295 3457 2528 3530 subjicit.

2295 3617 2348 3674 5.
2380 3617 2462 3674 Ad
2489 3626 2542 3674 te
2563 3632 2694 3690 ergo
2725 3633 2872 3676 nunc
2893 3617 3027 3676 mihi
3047 3633 3230 3677 sermo
3259 3619 3354 3684 sit,
3385 3634 3507 3692 quae
3530 3628 3695 3694 caput
3720 3619 3810 3676 ho-

2223 3725 2342 3768 rum
2371 3720 2427 3767 et
2455 3725 2622 3767 causa
2650 3713 2919 3768 malorum
2943 3728 3004 3770 es
3028 3755 3043 3780 ,
3073 3728 3193 3785 qua:
3224 3711 3600 3782 multipliciter
3630 3715 3812 3771 misera

2221 3817 2346 3860 cum
2391 3803 2568 3874 gloria
2620 3803 2948 3873 virginitatis
3013 3819 3214 3860 nomen
3271 3803 3438 3860 etiam
3495 3802 3811 3876 perdidisti;

2223 3897 2376 3953 nefas
2406 3905 2492 3952 est
2513 3897 2663 3952 enim
2693 3896 3003 3954 Susannam
3032 3898 3216 3955 vocari
3247 3913 3356 3955 non
3388 3907 3598 3954 castam
3619 3941 3636 3967 ,
3667 3909 3690 3936 ε
3715 3913 3810 3954 non

2219 3991 2350 4049 licet
2379 3992 2551 4048 lilium
2579 3991 2853 4048 nominari
2883 3991 3033 4061 quod
3058 4007 3165 4048 non
3203 4006 3286 4048 es.
3321 3991 3478 4049 Unde
3519 3990 3813 4065 incipiam?

2219 4086 2348 4159 quid
2382 4087 2616 4158 primum
2641 4127 2657 4153 ,
2691 4085 2822 4158 quid
2856 4086 3109 4143 ultimum
3149 4083 3374 4142 dicam?
3404 4085 3554 4142 Bona
3577 4098 3812 4142 comme-

2220 4195 2430 4238 morem
2451 4223 2465 4246 ,
2501 4196 2622 4252 qua:
2647 4178 2974 4252 perdidisti;
3008 4194 3077 4234 an
3106 4177 3243 4234 mala
3273 4176 3507 4234 deﬂeam
3535 4219 3550 4245 ,
3581 4192 3710 4250 qua:
3736 4175 3811 4232 in-

2221 4275 2447 4332 venisti?

2292 4370 2348 4427 6.
2373 4370 2507 4426 Eras
2535 4368 2692 4441 virgo
2721 4369 2774 4426 in
2808 4367 3065 4440 paradiso
3106 4367 3242 4435 Dei,
3271 4367 3461 4440 utique
3483 4367 3634 4424 inter
3661 4365 3812 4424 liores

2218 4465 2519 4524 Ecclesiae:
2553 4479 2678 4520 eras
2704 4479 2905 4538 sponsa
2937 4462 3138 4520 Christi
3165 4505 3180 4532 ,
3219 4478 3343 4520 eras
3385 4461 3657 4536 templum
3685 4461 3806 4531 Dei,

2217 4574 2347 4617 eras
2392 4557 2761 4614 habitaculum
2811 4555 3052 4628 Spiritus
3092 4556 3290 4612 sancti.
3342 4553 3362 4593 ι
3415 4554 3484 4611 Et
3529 4569 3661 4610 cum
3701 4552 3810 4608 dico

2219 4655 2380 4710 toties
2404 4667 2560 4720 eras,
2591 4666 2820 4708 necesse
2847 4661 2932 4706 est
2965 4649 3128 4706 toties
3154 4649 3522 4720 ingemiscas;
3553 4647 3685 4720 quia
3713 4659 3810 4702 non

588 4775 614 4803 ⁸
645 4764 774 4821 Haec
801 4765 980 4838 omnia
1006 4779 1181 4838 usque
1211 4763 1278 4838 ad
1305 4772 1622 4836 sequentem
1647 4781 1958 4834 numerum,
1983 4783 2105 4838 quae
2133 4771 2178 4835 C
2282 4767 2310 4808 ι)
2343 4767 2938 4838 Pseudohieronymus,
2971 4781 3090 4820 cum
3117 4764 3276 4838 luerit
3303 4763 3600 4838 tumidum,
3637 4777 3809 4832 quam-

513 4837 570 4892 in
600 4836 970 4906 superioribus
999 4836 1086 4891 ed.
1115 4835 1569 4893 desiderabantur
1593 4879 1609 4902 ,
1647 4846 1848 4893 nostra:
1873 4854 1940 4893 ex
1965 4835 2098 4895 niss.

512 4907 849 4966 Floriaeensi
888 4922 950 4962 ac
992 4906 1446 4978 Regio-montano
1485 4919 1854 4966 accesserunt.
1897 4910 2100 4966 Eadem

509 4995 730 5052 quoque
750 4980 802 5032 in
834 4978 1353 5052 Pseudohieronymi
1375 4990 1554 5037 exstat
1578 4981 1808 5050 cpistola
1838 4997 1851 5034 :
1876 4982 1972 5037 sed
1996 4982 2104 5037 illis

511 5049 1161 5122 prmtiiittunturibidem
1210 5049 1315 5105 ista
1362 5053 1524 5107 verba
1565 5071 1578 5107 :
1616 5049 1762 5107 ’Puto
1802 5053 1966 5107 levius
1994 5070 2104 5108 esse

511 5120 708 5177 crimen
733 5163 748 5186 ,
791 5121 877 5175 ubi
924 5120 1076 5174 homo
1125 5131 1385 5185 peccatum
1427 5139 1576 5178 suum
1615 5124 1754 5179 ultro
1783 5126 2062 5189 conﬁtetur
2086 5166 2101 5191 ,

551 5212 668 5249 ttam
694 5191 984 5267 ubi_t_.'elans
1011 5193 1169 5258 mala,
1197 5193 1386 5267 invitus
1406 5193 1693 5267 detegitur,
1725 5206 1772 5248 et
1800 5196 1980 5250 nolens
2004 5212 2105 5267 pu-

546 5268 753 5321 licatur.
787 5263 958 5319 Nemo
987 5273 1166 5336 autem
1190 5279 1300 5336 non
1332 5263 1480 5320 videt
1515 5263 1705 5322 eadem
1743 5267 1828 5320 illa
1862 5263 2103 5336 pugnare

510 5353 636 5393 cum
666 5343 851 5392 mente
877 5333 1148 5396 auctoris;
1189 5334 1274 5391 hic
1310 5338 1456 5392 enim
1495 5353 1601 5392 non
1633 5353 1812 5402 suum,
1849 5333 1943 5393 sed
1969 5338 2105 5394 alie-

508 5425 640 5464 num
664 5411 872 5462 crimen
909 5406 1138 5479 detegit.
1182 5406 1313 5462 Nam
1355 5408 1497 5479 quod
1545 5408 1681 5464 infra
1723 5409 1921 5463 dicitur
1955 5426 2101 5463 eont-

510 5492 716 5550 ceptum
745 5479 943 5550 scelus,
995 5477 1097 5532 huc
1133 5479 1347 5548 quidem
1375 5477 1517 5534 nihil
1553 5481 1701 5536 aliud
1735 5480 1913 5548 signat
1940 5519 1956 5546 ,
1998 5481 2100 5535 nisi

507 5548 786 5622 cognitum
817 5548 998 5622 scelus
1038 5559 1093 5622 et
1126 5551 1342 5606 silentio
1371 5551 1635 5607 hactenus
1684 5566 1950 5619 pressum.
1982 5550 2099 5608 Huc

503 5619 670 5678 etiam
702 5619 913 5692 accedit
931 5620 1073 5692 quod
1098 5623 1286 5678 eadem
1317 5623 1480 5678 verba
1510 5625 1629 5678 sine
1655 5624 1762 5678 ulla
1791 5623 1904 5679 fere
1927 5633 2102 5678 mnta-

500 5693 659 5751 tinne
685 5691 1035 5763 reperiuntur
1062 5707 1180 5762 cap.
1205 5693 1260 5760 8,
1287 5709 1434 5749 num.
1457 5695 1550 5763 56,
1578 5695 1720 5750 unde
1747 5695 1817 5749 ab
1845 5695 2099 5763 imperito

497 5765 773 5895 Efﬁngit;
789 5765 844 5822 in
877 5765 1021 5823 hunc
1049 5765 1228 5823 locum
1256 5767 1516 5825 translata
1543 5765 1714 5825 fuisse
1742 5765 1947 5838 Oppido
1975 5780 2096 5826 cre-

541 5838 666 5897 ibile
688 5845 792 5894 est.

2121 5814 2178 5880 D

2209 4842 2284 4898 vis
2312 4849 2680 4911 suppuratum.
2701 4835 2997 4911 reuaporans
3021 4880 3037 4911 ,_
3069 4847 3176 4893 etc.
3211 4835 3388 4911 Minus
3415 4836 3709 4911 concinne.

2286 4924 2309 4953 ο
2342 4907 2470 4967 Mss.
2507 4907 2811 4976 nonnulli,
2841 4910 2886 4964 Α
2933 4909 3146 4965 ueritate
3185 4909 3339 4963 uerba
3369 4909 3475 4962 oris
3521 4907 3659 4972 mei,
3706 4912 3803 4960 etc.

2209 4984 2356 5041 Edit.
2397 4995 2452 5040 et
2488 4985 2642 5054 pauci
2683 4997 2942 5050 mss.,....
2973 4990 3021 5036 et
3049 4998 3119 5036 an
3143 4995 3208 5036 ea:
3226 4983 3376 5053 justo
3411 4978 3597 5033 dolore
3633 4991 3805 5047 proce-

2206 5060 2559 5196 dagtbliqunt
2595 5139 2755 5190 mss.,
2807 5125 3024 5181 insanus
3071 5123 3262 5190 dolor,
3307 5137 3450 5178 unus
3497 5118 3801 5196 insatiabilis

2205 5199 2376 5254 dolor.
2413 5191 2600 5254 Lectio
2632 5197 2813 5252 minus
2843 5199 3068 5270 elegans
3095 5238 3111 5265 ,
3153 5207 3210 5251 at
3238 5196 3400 5266 prior
3442 5193 3672 5250 minime
3695 5191 3801 5248 ἀίε-

2207 5271 2532 5398 Ριιὲῗῖἓηιιθε
2557 5340 2691 5397 edit.
2717 5354 2780 5394 ac
2804 5353 2937 5395 mss.
2966 5353 3074 5395 non
3098 5338 3252 5410 pauci
3277 5352 3402 5410 cum
3421 5335 3796 5410 Pseudohier-.

2205 5413 2330 5468 Non
2363 5415 2480 5469 licet
2507 5413 2766 5468 nominari
2795 5413 2933 5482 quod
2963 5407 3193 5476 est;alii
3239 5409 3474 5482 aliquot,
3508 5425 3611 5463 non
3638 5407 3797 5482 tilium

2203 5486 2486 5550 nominari,
2532 5484 2672 5555 quod
2730 5476 2832 5538 non
2895 5492 3006 5548 est;
3045 5495 3116 5555 at
3179 5476 3571 5555 manifestum_
3604 5491 3687 5535 εει
3736 5476 3796 5532 ad

2203 5557 2500 5627 perfectam
2529 5551 2858 5627 sententiam
2902 5570 2968 5611 ex
3007 5553 3152 5627 aliis,
3176 5564 3230 5627 et
3268 5554 3403 5608 edit.
3429 5551 3683 5627 _verbum
3713 5562 3798 5627 ac:

2200 5616 2530 5702 canendum
2575 5643 2719 5702 esse.
2756 5626 2880 5702 leii
2916 5641 3092 5702 porro
3141 5625 3232 5680 hic
3271 5624 3483 5680 mentio
3526 5625 3613 5686 lit,
3657 5616 3795 5702 quod

2199 5699 2468 5828 ﬁusannaa
2495 5700 2762 5756 vocabulo
2786 5698 2888 5756 ﬂos
2916 5699 3028 5766 ille,
3058 5712 3168 5757 non
3197 5711 3356 5754 secus
3384 5710 3451 5752 ac
3489 5708 3612 5751 rosa
3639 5698 3796 5762 signi-

2241 5780 2458 5828 centnr.

2241 5780 2458 5830 cantur.

2275 5841 2297 5882 τ
2331 5842 2502 5910 suae.
2527 5839 2599 5900 Et
2618 5843 2818 5916 quoties
2839 5843 2979 5898 dico.
