4054 6306
225 321 330 381 569

226 457 288 498 es
326 441 472 514 quod
516 441 691 499 fuisti.
734 441 1030 500 lucedebas
1075 445 1128 500 in
1161 444 1404 502 Ecclesia
1443 457 1702 519 tanquam
1735 461 1828 503 cu-
1855 447 1909 506 Α

226 534 409 592 lumba
449 536 538 592 illa
567 579 583 605 ,
630 536 698 592 de
733 553 841 608 qua
881 538 1142 608 scriptum
1185 552 1306 595 ess:
1342 537 1539 596 Penna:
1564 539 1817 595 columba

225 628 571 698 deargentata:
593 670 608 696 ,
649 638 698 682 et
731 629 1021 699 posteriora
1050 629 1193 684 dorsi
1236 631 1347 703 ejus
1370 639 1398 669 ι
1419 632 1472 687 in
1516 632 1686 702 specie
1709 633 1828 688 auri

224 719 400 791 (Psal.
431 737 598 789 mu,
640 720 752 795 ιι).
776 722 1116 794 Splendebas
1146 735 1200 780 ut
1229 736 1516 797 argentum
1537 769 1551 789 .
1579 727 1828 800 fulgebas

220 813 384 888 307
429 823 487 868 ut
527 829 719 869 aurum
746 856 762 877 ,
811 815 1032 886 quando
1079 831 1203 872 cum
1231 817 1447 874 sincera
1484 818 1816 876 conscientia

220 909 584 980 procedebas.
637 908 776 965 Eras
805 918 1079 982 tamquam
1125 910 1285 967 stella
1329 911 1546 968 radians
1579 914 1633 968 in
1662 928 1826 969 manu

223 1005 438 1060 Domini
459 1045 474 1071 ,
503 1003 712 1060 nullum
737 1011 956 1061 ventum
975 1045 992 1073 ,
1024 1004 1200 1061 nullas
1227 1006 1356 1063 belli
1393 1007 1625 1064 nebulas
1653 1008 1823 1081 perti-

223 1096 534 1153 meseebas.

288 1191 341 1244 7.
382 1188 516 1258 Quae
560 1190 663 1246 ista
703 1190 988 1247 subitanea
1026 1192 1358 1248 conversio?
1399 1193 1532 1262 Quae
1581 1197 1687 1250 ista
1729 1210 1818 1251 re-

216 1285 440 1354 pentina
471 1285 744 1341 mutatio?
797 1285 874 1342 De
908 1286 1002 1342 Dei
1034 1287 1243 1359 virgine
1271 1286 1410 1344 facta
1441 1303 1501 1344 es
1541 1289 1823 1361 corruptio

215 1376 461 1442 Satanae,
496 1377 565 1433 de
599 1392 804 1448 sponsa
828 1377 1037 1434 Christi
1079 1388 1320 1435 scortum
1350 1381 1722 1447 exsecrabile,
1753 1381 1822 1439 de

215 1469 419 1540 templo
449 1467 548 1524 Dei
583 1467 768 1524 fanum
796 1468 1178 1536 immunditim,
1209 1470 1277 1526 de
1309 1471 1620 1528 habitaculo
1647 1472 1823 1544 Spiri-

214 1573 302 1620 tus
337 1564 509 1619 sancti
541 1563 812 1636 tugurium
856 1563 1083 1621 diaboli.
1117 1564 1248 1635 Quae
1286 1565 1580 1622 incedebas
1604 1581 1727 1623 cum
1760 1568 1822 1623 fi-

209 1658 370 1715 ducia
394 1666 453 1714 ut
471 1657 746 1726 columba,
769 1672 916 1714 nunc
935 1658 1074 1715 lates
1095 1657 1150 1714 iu
1171 1659 1414 1716 tenebris
1444 1661 1589 1716 sicut
1613 1660 1816 1718 stellio.

210 1751 344 1820 Quae
390 1750 636 1821 fulgebas
676 1760 737 1805 ut
768 1765 959 1807 aurum
989 1749 1259 1822 propterb
1289 1751 1622 1824 virginitatis
1642 1751 1820 1811 hono-

1017 321 1108 378 DE
1147 319 1371 382 LAPSU
1419 321 1718 383 VIRGINIS
1753 320 2236 385 οοΝεεοιιΑτΑε
2275 325 2482 387 LIBER
2527 331 2728 392 UNUS.

3433 345 3542 401 570

2548 451 2784 510 CAPUT
2823 454 2916 514 ιν.

1931 559 2247 635 Confutatis,
2261 581 2388 636 quas
2407 576 2666 638 corrupte
2675 571 3042 627 excusationes
3053 572 3218 627 solent
3236 583 3538 644 prietexere,

2001 656 2072 712 ad
2099 658 2290 713 crimen
2325 660 2559 726 rediens,
2591 671 2862 733 parentum
2895 663 3007 734 ejus
3037 682 3098 720 ac
3138 666 3294 721 totius
3324 670 3540 739 familia:

2001 753 2163 807 vicem
2204 754 2478 809 miseratur
2507 774 2525 810 :
2551 757 2796 825 docetque
2830 759 2957 830 ipsis
2988 761 3273 830 optabilius
3301 767 3540 834 futurum

2005 846 2167 916 fuisse
2196 855 2251 900 ut
2285 849 2434 915 prius
2467 859 2753 903 moreretur
2780 865 2798 905 :
2839 867 2934 904 nec
2963 852 3069 906 illis
3096 869 3365 924 superesse
3389 856 3538 910 aliud

2003 937 2267 1000 solatium,
2293 955 2446 1009 quam
2467 941 2605 1011 quod
2634 941 2679 996 ei
2708 944 3020 1016 virginitatis
3049 947 3418 1018 professionem
3441 949 3540 1003 eli-

1999 1034 2139 1104 genti
2180 1034 2294 1088 sola
2335 1051 2427 1106 spe
2474 1036 2665 1091 divina:
2685 1040 3117 1094 remunerationis
3139 1043 3492 1098 consenserint
3521 1060 3541 1099 :

1999 1127 2167 1197 ipsam
2193 1142 2310 1182 vero
2335 1144 2520 1183 eorum
2540 1132 2973 1203 exspectationem
3001 1131 3270 1190 delusisse.

1996 1281 2086 1336 Η.
2119 1281 2225 1337 Sed
2242 1292 2265 1318 ε
2287 1282 2499 1338 dictura
2523 1301 2581 1340 es
2611 1285 2841 1341 forsitan
2870 1305 2884 1343 :
2906 1285 3025 1342 Non
3049 1289 3198 1358 potui
3222 1290 3494 1346 sustinuere
3517 1312 3530 1357 ;

1924 1373 2050 1444 quia
2116 1389 2338 1431 carnem
2413 1375 2659 1448 fragilem
2709 1379 3185 1437 circumferebam.
3217 1383 3383 1458 308
3427 1385 3535 1442 Re-

1923 1465 2214 1538 spondebit
2231 1468 2326 1525 tibi
2345 1469 2501 1526 beata
2524 1469 2724 1526 Thecla
2749 1486 2871 1527 cum
2896 1473 3011 1528 suis
3039 1474 3535 1532 innumerabilibus

1923 1562 2088 1618 sociis
2116 1580 2130 1618 :
2163 1562 2233 1618 Et
2270 1580 2368 1618 nos
2409 1563 2600 1621 eadem
2633 1580 2798 1622 carne
2826 1567 3040 1622 amicta:
3068 1566 3292 1634 fuimus,
3321 1584 3421 1625 uec
3449 1580 3533 1624 ta-

1921 1670 2046 1712 men
2070 1656 2290 1727 plenum
2323 1657 2666 1730 prepositum
2701 1659 2969 1714 castitatis
3000 1669 3220 1728 nostrae,
3251 1671 3345 1718 aut
3373 1661 3536 1734 fragi-

1920 1751 2045 1808 litas
2075 1751 2303 1810 carnisl
2350 1754 2527 1825 potuit
2562 1753 2818 1810 mutilare
2844 1796 2859 1821 ,
2902 1764 2993 1810 aut
3027 1756 3235 1811 saevitia
3267 1765 3532 1830 tyranno-

208 1860 362 1911 rem,
397 1860 541 1898 nunc
569 1843 732 1898 vilior
772 1842 909 1898 facta
941 1859 1002 1900 es
1041 1843 1161 1899 luto
1189 1845 1523 1913 platearum;
1568 1855 1626 1901 ut
1654 1847 1816 1903 etiam
1847 1845 1898 1907 B
1923 1861 2040 1902 rum
2075 1845 2250 1915 potuit
2277 1861 2374 1916 per
2402 1845 2547 1902 varia
2576 1855 2848 1902 tormenta
2879 1846 3140 1918 dejicere.
3169 1848 3380 1905 Revera
3411 1848 3532 1922 (ὅθ,

209 1937 556 2008 indignorum
588 1935 815 2008 pedibus
845 1936 1206 1994 couculceris.
1254 1937 1386 2006 Quae
1432 1938 1614 1995 fueras
1654 1940 1815 1997 stella

207 2031 430 2089 radians
458 2033 509 2087 in
541 2045 708 2086 manu
733 2030 980 2098 Domini,
1011 2031 1179 2088 veluti
1205 2031 1276 2088 de
1303 2033 1417 2089 alto
1448 2049 1611 2092 ruens
1638 2037 1814 2106 cmlo,

209 2128 396 2182 lumen
435 2133 588 2182 tuum
635 2125 967 2182 exstinctum
997 2133 1115 2191 est,
1151 2134 1207 2183 et
1233 2140 1496 2184 conversa
1527 2142 1586 2184 es
1617 2128 1672 2185 in
1699 2143 1816 2185 car-

210 2219 435 2276 bouem.

830 2310 1062 2370 CAPUT
1105 2311 1194 2368 ΙΙΙ.

208 2428 377 2496 Quam
400 2429 467 2483 sit
489 2428 680 2484 misera
701 2444 818 2499 qua:
831 2431 947 2501 jam
967 2427 1108 2502 apud
1128 2425 1300 2484 Deum
1319 2443 1581 2484 arcessunt
1599 2445 1702 2484 non
1723 2429 1817 2483 Ita-

280 2523 396 2576 beat
413 2539 434 2587 ;
471 2521 634 2577 immo
657 2537 780 2576 vero
808 2537 972 2592 neque
1001 2521 1144 2591 apud
1186 2521 1330 2590 ipsos
1368 2521 1598 2577 homines
1631 2537 1652 2577 :
1679 2523 1819 2578 unde

278 2617 607 2689 confusionis
627 2633 785 2688 quam
811 2615 1096 2688 aliquando
1121 2632 1296 2671 coram
1324 2618 1518 2672 sanctis
1540 2626 1695 2688 atque
1721 2634 1818 2674 an-

278 2710 406 2781 gelis
426 2726 650 2781 passura
670 2719 766 2776 est,
797 2709 1103 2781 magnitudo
1129 2709 1455 2781 intelligitur.

279 2869 337 2923 8.
369 2866 462 2924 Va:
488 2867 614 2937 tibi,
645 2867 866 2933 misera,
900 2874 956 2922 et
989 2866 1186 2921 iterum
1214 2881 1317 2934 ναξ,
1350 2882 1473 2938 quae
1501 2877 1646 2924 tanta
1675 2869 1814 2924 bona

205 2971 436 3033 propter
471 2960 627 3032 parvi
661 2960 923 3031 temporis
965 2958 1238 3016 luxuriam
1277 2961 1592 3034 perdidisti!
1635 2961 1814 3030 Quam

205 3054 305 3110 tibi
344 3068 495 3125 spem
525 3052 668 3124 apud
694 3050 975 3109 Christum
1005 3053 1298 3110 Dominum
1335 3055 1631 3126 reliquisti,
1661 3055 1816 3127 cujus

206 3148 454 3205 membra
486 3147 683 3204 tollens
711 3147 881 3204 fecisti
904 3147 1145 3204 membra
1173 3149 1477 3206 meretricis
1507 3147 1552 3222 (Ι
1579 3147 1699 3204 Cor.
1734 3165 1812 3218 Vl,

1919 1956 1970 2010 q.
2003 1939 2059 2006 5,
2084 1957 2133 1996 c.
2167 1939 2390 2011 Revera)
2418 1955 2525 1996 non
2557 1948 2737 2012 potest
2763 1955 2892 1996 caro
2920 1942 3220 2013 corrumpi,
3248 1942 3350 1998 nisi
3380 1957 3538 1999 mens

1917 2033 2083 2088 fuerit
2125 2043 2256 2089 ante
2307 2041 2582 2104 corrupta.
2639 2032 2964 2089 Bentanebit
3011 2050 3144 2106 ergo
3191 2035 3247 2091 in
3293 2035 3530 2092 crimine

1918 2127 2122 2192 anima,
2153 2141 2274 2197 qua:
2295 2142 2516 2182 carnem
2541 2126 2804 2198 praecedit
2834 2127 2886 2182 in
2910 2127 3208 2198 voluptate.

1992 2218 2079 2273 12.
2107 2218 2215 2275 Sed
2248 2218 2398 2274 dices
2432 2237 2444 2273 :
2470 2218 2632 2274 Nolui
2653 2219 2754 2274 hoc
2779 2219 3006 2288 malum,
3031 2220 3346 2277 violentiam
3370 2233 3530 2292 passa

1917 2328 2061 2369 sum.
2109 2313 2483 2384 Respondebit
2531 2313 2628 2368 tibi
2680 2312 2975 2369 fortissima
3002 2313 3098 2369 illa
3125 2313 3405 2382 Susanna,
3433 2329 3531 2370 cu-

1912 2406 2001 2476 jus
2029 2414 2086 2461 tu
2108 2420 2303 2461 nomen
2334 2405 2605 2461 fallaciter
2632 2405 2844 2476 bajulas
2867 2423 2882 2461 :
2904 2405 3016 2477 Ego
3049 2407 3193 2463 inter
3211 2406 3350 2463 duos
3376 2421 3532 2478 pres-

1917 2497 2141 2571 byteros
2209 2499 2418 2570 posita,
2460 2499 2604 2555 inter
2641 2498 2781 2556 duos
2829 2501 3016 2570 utique
3043 2499 3252 2569 iudices
3302 2499 3524 2572 populi,

1917 2593 2035 2650 sola
2066 2593 2206 2649 inter
2237 2593 2408 2648 silvas
2435 2591 2669 2663 paradisi
2701 2593 2992 2648 constituta
3019 2593 3181 2666 (Dan.
3212 2609 3308 2650 stu
3330 2636 3345 2662 ,
3367 2593 3442 2650 20
3473 2605 3523 2649 et

1917 2684 2051 2757 seq.)
2071 2685 2213 2740 vinci
2240 2701 2347 2740 nou
2377 2684 2560 2756 potui;
2581 2685 2707 2756 quia
2729 2700 2832 2741 nec
2855 2684 3023 2740 volui.
3049 2685 3132 2741 'l'u
3157 2685 3227 2742 ab
3249 2700 3358 2741 uno
3376 2687 3531 2757 inep-

1918 2779 2127 2835 tissimo
2151 2778 2501 2835 adolescente
2520 2819 2536 2844 ,
2566 2787 2624 2834 et
2660 2778 2714 2833 in
2745 2777 2926 2835 media
2966 2777 3186 2834 civitate
3206 2819 3223 2845 ,
3254 2777 3531 2850 quomodo

1917 2875 2025 2930 vim
2050 2873 2270 2944 potuisti
2286 2871 2533 2946 perferre
2551 2914 2564 2937 ,
2587 2872 2828 2943 nisiquia
2850 2872 2994 2927 ultro
3013 2881 3038 2919 ε
3066 2871 3246 2928 vitiari
3273 2871 3530 2928 voluisti?

1916 2965 2048 3037 Quis
2067 2966 2301 3037 denique
2330 2975 2450 3022 tuas
2478 2980 2642 3022 voces
2671 2964 2920 3021 audivit?
2970 2964 3105 3033 Quis
3131 2964 3527 3020 obluctationes

1916 3061 2126 3117 sensit?
2167 3058 2231 3118 Ut
2273 3068 2453 3117 autem
2495 3057 2614 3116 haec
2654 3059 2935 3126 omittam,
2980 3067 3131 3114 certe
3171 3067 3293 3129 post
3323 3057 3528 3114 illatam

1916 3151 2230 3209 violentiam
2261 3151 2492 3224 prodere
2521 3150 2702 3207 scelus
2731 3150 2776 3206 si
2807 3165 2915 3206 non
2957 3149 3114 3217 aliis,
3159 3149 3246 3204 vel
3286 3149 3525 3220 parenti-

208 3243 345 3314 15)?
373 3242 512 3312 Quid
539 3251 593 3299 te
622 3241 862 3315 Spiritus
889 3252 1111 3298 sanctus
1141 3241 1400 3311 visitabit,
1423 3257 1548 3298 cum
1571 3257 1698 3298 eum
1727 3256 1786 3298 re
1839 3233 1884 3297 C
1916 3248 2017 3304 bus
2037 3289 2052 3313 ,
2088 3247 2172 3302 vel
2216 3246 2322 3301 tuis
2361 3244 2640 3302 sororibus
2669 3243 2941 3308 debuisti;
2987 3251 3134 3299 esset
3171 3245 3317 3298 enim
3349 3256 3521 3297 excu-

207 3337 524 3410 putliaveris
543 3379 558 3402 ,
603 3337 696 3410 qui
726 3351 786 3394 se
820 3352 848 3392 a
879 3337 1302 3410 cogitationibus
1327 3353 1547 3409 quoque
1575 3335 1813 3394 sordidis

209 3433 375 3504 longe
403 3431 561 3487 facit?

282 3529 342 3585 9.
377 3527 486 3586 Sed
517 3527 796 3584 veniamus
824 3526 891 3583 ad
923 3527 1164 3583 humana
1188 3568 1204 3596 ,
1258 3535 1317 3582 ut
1361 3541 1457 3598 per
1501 3525 1590 3581 illa
1631 3525 1814 3582 divina

203 3631 527 3679 noscantur.
556 3621 754 3692 Aspice
790 3621 912 3692 quis
938 3628 1254 3677 sanctorum
1273 3663 1289 3688 ,
1323 3629 1417 3676 aut
1437 3635 1556 3693 quae
1585 3628 1816 3677 sancta-

203 3731 329 3772 rum
373 3713 477 3769 tibi
525 3713 909 3785 approximare
946 3728 1056 3770 non
1097 3713 1320 3768 horreat
1367 3730 1380 3767 :
1430 3714 1579 3785 aperi
1629 3712 1815 3768 oculos

202 3817 353 3872 tuos,
395 3807 442 3860 si
499 3814 694 3877 potes;
737 3805 886 3876 erige
917 3805 1185 3872 frontem,
1219 3805 1264 3859 si
1302 3805 1474 3860 audes
1517 3823 1531 3859 :
1579 3805 1812 3876 aliquem

199 3910 525 3956 sanctorum
555 3897 885 3956 fiducialiter
906 3900 1142 3955 intuere.
1177 3910 1199 3936 ο
1224 3897 1416 3954 Nonne
1447 3907 1592 3954 tuam
1622 3897 1812 3955 faciem

199 3994 544 4051 conscientia
573 3993 852 4050 commissi
879 4002 1153 4064 tamquam
1189 3991 1466 4063 plumbum
1509 3993 1732 4048 inclinat
1760 4001 1815 4050 et

202 4087 436 4161 premit?
465 4085 660 4143 Nonne
689 4087 930 4144 tenebras
964 4097 1093 4144 ante
1122 4088 1310 4144 oculos
1349 4098 1471 4143 tuos
1494 4097 1549 4143 et
1573 4087 1690 4144 dira
1719 4103 1812 4142 ca-

200 4180 317 4251 ligo
368 4179 716 4236 versabitur?
768 4179 958 4236 Nonne
1017 4180 1181 4236 timor
1223 4189 1278 4236 ct
1332 4190 1534 4236 tremor
1572 4179 1811 4236 animam

205 4283 361 4328 tuam
391 4284 446 4328 et
475 4275 718 4330 membra
746 4274 1062 4346 quassabit?

278 4367 370 4423 10.
392 4364 450 4421 Si
478 4382 609 4438 ergo
635 4366 884 4424 homines
915 4368 969 4423 in
992 4383 1160 4422 carne
1182 4367 1534 4434 constitutos,
1553 4377 1607 4425 et
1637 4368 1808 4424 alicu-

194 4460 288 4530 jus
337 4458 526 4516 delicti
571 4460 844 4516 obnoxios
887 4475 994 4516 non
1038 4468 1191 4531 potes
1240 4461 1477 4527 intueri,
1517 4472 1625 4516 tam
1659 4462 1812 4533 gravi

203 4550 540 4608 confusione
570 4553 804 4623 sepulta;
837 4551 964 4624 quid
990 4551 1162 4608 facies
1182 4568 1370 4608 coram
1403 4554 1570 4609 castis
1591 4563 1811 4625 aposto-

1915 3341 2055 3396 satio
2091 3338 2426 3395 infelicitatis
2457 3381 2473 3407 ,
2504 3347 2652 3395 esset
2677 3336 3027 3393 conscientia:
3055 3335 3212 3407 plena
3243 3335 3526 3406 purgatio,

1919 3434 1968 3490 si
1999 3434 2212 3489 hostem
2242 3431 2515 3504 pudicitiae
2548 3441 2654 3488 tua;
2680 3430 3001 3486 deduxisses
3029 3430 3081 3485 in
3114 3429 3412 3499 publicum.

1993 3528 2083 3585 15.
2113 3526 2219 3583 Sed
2266 3525 2531 3582 erubuisti
2563 3524 2824 3590 forsitan,
2869 3539 2937 3579 ne
2977 3532 3032 3580 te
3060 3523 3319 3578 violatam
3363 3523 3521 3578 multi

1917 3629 2341 3693 cognoscerent.
2377 3619 2442 3674 Et
2469 3617 2602 3689 quid
2630 3617 2858 3673 timuisti
2895 3615 2986 3672 ubi
3025 3630 3134 3672 non
3173 3624 3289 3672 erat
3322 3616 3525 3682 timor,

1919 3719 2022 3775 nisi
2055 3726 2114 3774 ut
2141 3715 2372 3774 tacendo
2392 3715 2600 3772 crimen
2631 3729 2754 3769 cum
2785 3711 3031 3768 adultero
3059 3711 3264 3782 smpius
3284 3712 3526 3768 sociare-

1915 3812 2027 3869 ris?
2074 3809 2102 3848 ιι
2127 3809 2261 3866 Esto
2299 3817 2482 3865 autem
2507 3848 2524 3875 ,
2573 3809 2746 3878 pudor
2775 3805 3059 3876 prohibuit
3085 3804 3366 3871 conﬁteri;
3391 3804 3526 3876 quid

1916 3907 1985 3962 de
2015 3902 2254 3962 secunda
2283 3900 2674 3958 commistione
2702 3899 2836 3955 dicis
2860 3941 2876 3967 ,
2907 3898 3043 3970 quid
3067 3897 3137 3955 de
3166 3899 3323 3955 tertia
3348 3939 3364 3964 ,
3394 3897 3529 3969 quid

1915 4001 1984 4056 de
2026 3996 2295 4070 frequenti
2347 3994 2679 4051 commercio
2723 3992 3026 4050 fmditatis?
3067 3990 3296 4058 Cesset,
3346 4001 3529 4047 cesset

1910 4094 2024 4164 jam
2051 4089 2324 4147 violentiae
2368 4088 2684 4159 figmentum
2707 4127 2724 4155 ,
2769 4094 2951 4142 cesset
2988 4084 3207 4140 ruboris
3235 4098 3527 4155 argumen-

1918 4196 2064 4252 tum;
2110 4183 2202 4240 ubi
2243 4182 2408 4238 toties
2450 4181 2692 4237 membra
2729 4179 2820 4235 illa
2850 4179 3031 4235 dicata
3050 4175 3272 4234 Christo
3297 4219 3310 4243 ,
3352 4176 3526 4234 scele-

1916 4278 2156 4336 stissimo
2179 4276 2396 4332 mmcho
2423 4274 2540 4330 suis
2565 4274 2868 4330 visceribus
2895 4271 3188 4345 polluenda
3219 4270 3522 4344 praebuisti.

1989 4372 2078 4429 l4.
2104 4371 2325 4436 Horret,
2349 4369 2537 4425 horret
2563 4366 2800 4431 animus,
2831 4381 2988 4423 mens
3020 4366 3280 4433 tabescit,
3303 4380 3428 4422 cum
3454 4365 3527 4420 ad

1915 4466 2121 4524 aditum
2161 4463 2386 4521 sceleris
2417 4461 2752 4534 pervenitur.
2787 4459 2924 4516 Nam
2965 4469 3022 4516 et
3056 4459 3301 4516 medicus
3334 4473 3527 4530 quam-

1916 4564 1998 4620 vis
2026 4561 2180 4619 fortis
2207 4562 2279 4618 sit
2307 4560 2494 4617 animo
2514 4601 2528 4625 ,
2552 4574 2675 4616 cum
2706 4558 2869 4614 altius
2898 4567 3078 4613 tamen
3108 4565 3258 4612 secat
3283 4555 3484 4613 vulnus
3503 4598 3522 4624 ,

202 4645 311 4701 lis?
364 4644 506 4714 Quid
555 4645 722 4702 facies
768 4660 950 4702 coram
987 4645 1134 4713 Elia,
1167 4645 1422 4714 Daniele,
1451 4656 1506 4702 et
1539 4655 1812 4704 tantorum
1839 4633 1894 4696 1)
1921 4663 2052 4726 puto
2079 4668 2147 4710 ex
2188 4661 2344 4724 parte
2375 4650 2556 4722 aliqua
2583 4648 2876 4705 sustinebit
2915 4647 3224 4704 horrorem.
3255 4645 3369 4702 Heu
3397 4660 3525 4717 per.

199 4739 456 4796 exercitu
488 4739 912 4811 prophetarum?
950 4741 1089 4810 Quid
1144 4742 1307 4799 facies
1345 4758 1530 4799 coram
1572 4741 1814 4800 Joanne?

199 4838 348 4908 Quid
371 4835 542 4893 facies
567 4851 750 4893 coram
773 4836 962 4905 Maria,
994 4836 1193 4893 Thecla
1227 4845 1283 4894 et
1321 4837 1507 4910 Agne,
1537 4835 1566 4875 ἀ
1615 4847 1672 4894 et
1714 4839 1817 4894 im-

202 4931 483 4989 maculato
509 4931 680 4988 choro
713 4931 998 5001 puritatis?
1026 4929 1166 5000 Quid
1210 4930 1444 5001 denique
1486 4946 1672 4988 coram
1713 4947 1814 4987 an-

200 5030 346 5099 gelis
370 5027 617 5084 sanctis?
657 5025 848 5083 Nonne
874 5026 1164 5098 splendore
1193 5035 1247 5083 et
1277 5026 1530 5084 claritate
1557 5027 1820 5086 immacu-

201 5121 441 5179 latorum
460 5120 616 5194 quasi
639 5119 950 5178 fulminibus
975 5134 1235 5194 percussa
1263 5120 1641 5180 combureris?

277 5390 302 5417 ε
334 5375 554 5434 Eaedem
579 5374 742 5441 edit.,
771 5374 827 5428 in
857 5373 1056 5444 pallore
1073 5371 1210 5444 auri.

279 5451 307 5489 δ
332 5448 480 5505 Edit.
511 5462 576 5503 ac
603 5461 736 5502 mss.
759 5443 990 5517 aliquot,
1018 5443 1330 5517 uirginitatis
1357 5443 1611 5517 decorem.

281 5536 302 5560 ε
337 5522 416 5576 lta
447 5533 580 5575 mss.
604 5533 712 5573 non
744 5513 899 5588 pauci
929 5529 994 5570 ac
1021 5513 1418 5588 Pseudohier._:
1449 5514 1542 5569 alii
1583 5527 1715 5588 vero
1751 5523 1810 5570 et

203 5607 402 5649 omnes
415 5591 542 5646 edit.
555 5632 570 5657 ,
590 5584 779 5645 Nonne
797 5598 900 5644 tua:
921 5589 1105 5654 {aciem
1122 5586 1448 5642 conscientiae
1465 5584 1784 5657 commissa..
1797 5627 1811 5640 .

208 5667 468 5723 inclinant
499 5655 832 5734 et'premunt.
859 5660 1006 5734 Infra
1031 5668 1214 5734 autem
1245 5659 1335 5734 ubi
1355 5673 1556 5734 omnes
1586 5655 1726 5734 edit.
1753 5672 1818 5712 ac

207 5753 348 5795 mss.
365 5729 618 5806 quatuor,
640 5731 1099 5806 alicujusforsitan
1109 5730 1308 5800 delicti,
1321 5729 1413 5788 alii
1427 5743 1558 5787 mss.
1579 5729 1822 5786 maximo

212 5805 449 5866 numero
467 5806 728 5861 omittunt
755 5805 997 5866 forsitan.

299 5880 326 5917 ιι
359 5878 578 5936 Amerb.
610 5872 835 5937 Gill.'ac
853 5875 1010 5932 Rom.
1053 5875 1185 5933 edit.
1215 5889 1337 5932 cum
1369 5887 1499 5932 mss.
1518 5872 1749 5945 aliquot,
1782 5883 1830 5928 et

1920 4748 2064 4813 dita,
2114 4747 2299 4817 jamne
2339 4743 2600 4814 intelligis
2641 4755 2834 4798 omnes
2865 4740 2962 4796 tibi
3000 4741 3116 4796 vias
3151 4738 3526 4796 excusationis

1917 4838 2249 4896 omnimodis
2287 4835 2538 4892 clausas?
2573 4833 2766 4890 Jamne
2790 4833 2962 4890 sentis
2988 4842 3252 4904 quantum
3276 4829 3372 4887 tibi
3396 4828 3526 4885 mali

1919 4944 1976 4991 et
2002 4934 2056 4990 in
2083 4946 2272 4999 carne,
2300 4940 2356 4987 et
2382 4931 2436 4986 in
2461 4929 2643 4985 anima
2670 4927 2876 4983 nefaria
2904 4925 3073 4981 libido
3101 4922 3431 4981 contulerit?

1995 5028 2088 5084 15.
2114 5024 2235 5083 Non
2256 5025 2417 5082 istam
2447 5023 2519 5079 de
2539 5030 2593 5078 te
2619 5020 3000 5077 confusionem
3027 5027 3151 5075 tuus
3172 5025 3524 5087 exspectave-

1921 5131 2008 5181 rat
2027 5129 2202 5196 pater,
2227 5119 2322 5194 qui
2338 5126 2394 5176 te
2412 5116 2518 5176 sibi
2537 5117 2872 5190 singularem
2894 5113 3124 5188 gloriam
3147 5107 3520 5184 computabat.

1913 5369 2248 5424 immaculato
2271 5367 2424 5423 thoro
2445 5381 2467 5422 :
2490 5365 2704 5423 Erasm.
2735 5373 2790 5422 et
2824 5365 3012 5437 plures
3037 5377 3172 5422 mss.
3203 5371 3255 5419 et
3269 5366 3520 5420 immacu-

1923 5442 2032 5496 lato
2056 5441 2236 5504 choro,
2259 5437 2576 5495 nonnulli...
2607 5438 2766 5492 clero.

1991 5510 2177 5639 σάκει.
2206 5511 2449 5584 aliquot,
2473 5509 2746 5566 redditura
2773 5517 2850 5565 est
2868 5506 3112 5580 forsitan.
3138 5504 3293 5564 Haud
3313 5506 3525 5565 incom-

1991 5596 2010 5638 δ
2049 5599 2103 5639 e.

1918 5596 2103 5642 moue.

1998 5654 2018 5694 τ
2046 5654 2162 5710 Non
2189 5655 2344 5725 pauci
2367 5669 2502 5711 mss.
2528 5652 2696 5723 potuit
2714 5651 2994 5725 maculare.

2000 5736 2026 5776 ε
2059 5721 2208 5784 Edit.
2229 5740 2292 5781 ac
2320 5727 2480 5798 pauci
2503 5721 2660 5798 mss.3
2684 5721 2892 5777 coluisti
2912 5722 3120 5798 violari.

2004 5800 2029 5835 ιι
2053 5798 2182 5857 Mss.
2209 5792 2474 5867 nonnulli,
2507 5793 2659 5853 Istud
2681 5801 2855 5852 autem
2881 5792 3052 5866 pudor
3079 5795 3361 5869 prohibuit.
