4054 6306
295 263 402 318 375

1112 255 1198 311 DE
1237 253 1459 312 LAPSU
1492 251 1787 310 VIRGINIS
1823 250 2314 310 CONSECRATJE
2356 252 2560 309 LIBER
2603 252 2802 312 UNUS.

3494 256 3599 314 574

297 379 338 450 (Ι
371 376 492 433 Cor.
531 392 604 432 vu
627 419 641 444 ,
687 373 766 448 9).
800 373 912 430 lloc
942 371 1140 428 dictum
1171 368 1241 424 ad
1265 385 1374 424 non
1408 368 1702 439 pollicitam
1723 367 1890 438 perti-
1917 369 1968 428 Α
1996 382 2154 436 quam
2206 367 2258 422 in
2303 367 2570 438 gurgitem
2601 367 2926 423 altissimum
2951 367 3323 440 demergebat,
3361 379 3414 426 et
3439 373 3597 443 quasi

296 482 423 536 net,
456 469 524 524 ad
569 468 806 524 nondum
838 466 1090 521 velatam.
1122 462 1395 518 Caeterum
1423 477 1542 532 quae
1572 476 1632 516 se
1661 474 1899 530 sp0p0n-

295 561 375 617 dit
400 560 644 627 Christo,
669 569 724 615 et
747 567 992 613 sanctum
1020 555 1264 611 velamen
1291 554 1534 624 accepit,
1557 551 1668 623 jam
1693 551 1896 623 nupsit,

288 653 399 725 jam
431 651 725 709 immortali
753 651 939 722 juncta
969 659 1052 704 est
1075 649 1211 702 viro.
1234 646 1299 701 Et
1321 646 1434 717 jam
1465 641 1510 700 si
1536 644 1769 700 voluerit
1800 661 1899 699 nu-

295 747 424 802 bere
454 745 728 800 communi
769 745 884 814 lege
913 741 1150 812 conjugii
1171 782 1185 807 ,
1218 739 1548 794 adulterium
1588 749 1896 809 perpetrat,

293 841 494 896 ancilla
536 839 729 895 mortis
758 837 1017 894 efficitur.
1052 836 1107 892 Si
1159 835 1263 890 hoc
1293 835 1363 888 ita
1403 843 1525 898 est,
1557 832 1684 904 quid
1715 832 1782 888 de
1806 833 1896 888 illa

293 935 587 992 dicendum
615 943 698 990 est
722 949 843 1005 quae
871 932 1082 988 occulta
1106 939 1162 987 et
1185 929 1378 985 furtiva
1411 927 1742 999 turpitudine
1765 943 1896 983 con-

293 1038 594 1100 stupratur,
637 1038 689 1082 et
735 1026 888 1097 tingit
922 1040 981 1080 se
1016 1039 1141 1080 esse
1171 1022 1312 1094 quod
1356 1036 1462 1076 non
1491 1022 1618 1076 est?
1648 1029 1673 1057 ιι
1698 1019 1895 1076 Habitu

295 1123 476 1192 virgo,
509 1119 652 1174 facto
702 1133 808 1173 non
855 1118 1042 1188 virgo:
1070 1116 1152 1172 bis
1184 1114 1462 1183 adultera,
1489 1124 1544 1170 et
1576 1115 1627 1169 in
1651 1123 1812 1181 actu,
1841 1124 1894 1170 et

290 1215 345 1270 in
378 1223 620 1284 aspectu.

908 1303 1141 1360 CAPUT
1186 1303 1270 1358 Vl.

292 1401 476 1472 Pergit
502 1417 564 1454 ea
603 1415 1002 1454 commemorare
1027 1439 1042 1464 ,
1087 1398 1273 1468 quibus
1313 1397 1466 1452 illam
1502 1415 1534 1451 a
1573 1397 1895 1469 turpitudine

361 1495 614 1548 deterreri
660 1501 974 1561 oportuerat.
1017 1490 1146 1546 Cum
1178 1504 1351 1546 autem
1401 1491 1580 1546 eadem
1615 1495 1732 1564 jam
1778 1501 1894 1546 ante

359 1590 643 1644 triennium
673 1589 884 1643 sinistra
907 1586 1189 1642 laborasset
1220 1587 1491 1657 opinione,
1521 1587 1686 1657 ipsius
1709 1601 1891 1639 amen-

359 1683 487 1736 tium
515 1683 753 1747 miratur,
780 1681 918 1751 quod
944 1681 1203 1746 inimicos,
1221 1682 1438 1748 amicos,
1456 1679 1692 1734 acDeum
1723 1681 1892 1750 ipsum

358 1776 575 1846 perinde
598 1791 863 1844 spernens,
898 1775 1103 1829 nullum
1123 1774 1318 1829 obicem
1338 1790 1439 1828 non
1468 1773 1793 1846 perfregerit.

357 1866 449 1920 33.
475 1865 581 1922 Sed
612 1865 679 1920 ad
713 1875 764 1920 te
800 1869 998 1922 iterum
1029 1865 1219 1932 redeo,
1255 1881 1376 1936 qua:
1406 1866 1736 1921 oblivionem
1771 1874 1892 1921 tan-

282 1967 463 2015 torum
494 1973 651 2029 passa
681 1957 1014 2027 bonorum}
1050 1959 1453 2029 receptaculum
1482 1968 1754 2014 tantorum
1775 1974 1890 2014 ma-

281 2056 461 2110 lorum
496 2054 635 2109 facta
666 2067 746 2109 es.
780 2052 1068 2122 Quomodo
1115 2053 1212 2107 tibi
1259 2054 1308 2107 in
1358 2064 1484 2108 actu
1521 2054 1616 2109 illo
1652 2054 1886 2123 ignomi-

279 2148 440 2204 nioso
485 2163 592 2203 non
640 2147 895 2203 veniebat
927 2147 980 2202 in
1014 2157 1251 2202 mentem
1296 2147 1512 2203 habitus
1558 2147 1841 2218 virginalis
1869 2189 1884 2216 ,

279 2257 574 2314 processus
596 2242 650 2298 in
681 2242 983 2298 Ecclesiam
1014 2242 1158 2298 inter
1178 2242 1454 2312 virgineos
1479 2243 1718 2298 choros?
1741 2243 1888 2311 Quo-

277 2336 445 2392 modo
476 2336 666 2391 oculos
699 2347 819 2390 tuos
849 2352 954 2390 non
988 2336 1391 2408 perstringebat
1418 2337 1509 2391 lux
1532 2338 1840 2408 vigiliarum
1869 2356 1884 2393 ε

275 2443 441 2484 aures
490 2436 610 2482 tuas
658 2441 765 2482 non
809 2427 1126 2496 penetrabat
1185 2428 1508 2499 hymnorum
1555 2428 1883 2499 spiritalium

273 2529 469 2575 cantus
520 2538 532 2574 :
581 2530 822 2575 mentem
879 2529 1024 2575 tuam
1080 2536 1187 2576 non
1242 2521 1543 2576 ventilabat
1591 2521 1883 2578 lectionum

272 2613 580 2670 etelestium
621 2613 825 2680 virtus;
876 2614 1002 2669 hinc
1031 2615 1117 2670 vel
1163 2615 1394 2670 maxime
1424 2616 1490 2671 ad
1526 2625 1578 2671 te
1613 2617 1884 2674 clamante

273 2707 548 2778 Apostolo
577 2725 593 2762 :
627 2705 820 2776 Fugite
845 2708 1262 2777 fornicationem;
1289 2711 1410 2778 quia
1447 2725 1599 2764 omne
1620 2721 1884 2780 peccatum

274 2800 634 2872 quodcumque
664 2798 839 2870 fecerit
863 2799 1016 2854 homo
1034 2842 1049 2866 ,
1073 2811 1221 2855 extra
1243 2818 1432 2872 corpus
1456 2811 1530 2855 est
1558 2817 1577 2856 :
1596 2804 1683 2873 qui
1713 2814 1884 2858 autent

270 2897 575 2966 fornicatur
596 2936 611 2961 ,
645 2896 698 2948 in
727 2911 917 2966 corpus
948 2911 1099 2949 suum
1138 2906 1312 2966 peccat
1338 2894 1379 2968 (l
1408 2896 1528 2951 Cor.
1557 2913 1626 2963 vi,
1666 2897 1788 2969 i7)?
1817 2899 1884 2954 Et

269 3006 394 3047 cum
428 2989 563 3044 dicit
594 3006 605 3042 :
636 2986 704 3042 In
726 3004 913 3058 corpus
940 3006 1125 3055 suum;
1165 2999 1345 3045 tanien
1377 2990 1427 3044 in
1455 2990 1729 3046 Christum
1755 3007 1878 3047 eum

271 3097 504 3154 peccare
535 3081 896 3137 demonstrat.
943 3079 1077 3135 Nam
1127 3081 1405 3153 subjungit
1457 3095 1525 3138 :c
1551 3083 1630 3137 An
1672 3085 1880 3138 nescitis

2004 458 2271 528 captivam
2305 459 2664 516 exsecrabilis
2702 459 2868 515 libido
2891 459 3140 516 ducebat.

2073 549 2163 607 24.
2190 547 2379 609 Nonne
2419 551 2506 609 vel
2537 552 2685 608 illum
2717 553 2898 610 locum
2930 547 3132 610 tabulis
3159 553 3491 625 separatum,
3541 555 3594 613 in

2000 662 2108 719 quo
2142 643 2193 702 in
2218 647 2462 704 Ecclesia
2501 648 2705 714 stabas,
2751 645 3033 703 recordari
3059 641 3322 717 debuisti,
3348 637 3414 704 ad
3436 663 3599 722 quem

2002 740 2269 811 religiosae
2319 751 2582 796 matronae
2621 753 2674 796 et
2714 741 2925 797 nobiles
2971 741 3222 798 certatim
3269 735 3596 811 currebant,

2001 841 2090 886 tua
2129 833 2312 888 oscula
2345 829 2618 904 petentes,
2652 841 2674 872 ε
2707 850 2826 905 quae
2875 837 3181 891 sanctiores
3222 846 3278 891 et
3319 835 3600 910 digniores

2003 937 2052 984 te
2073 932 2266 984 erant?
2301 929 2494 985 Nonne
2523 931 2604 986 vel
2640 931 2727 985 illa
2762 939 3032 1002 pra'cepta
3073 948 3192 1003 quze
3236 933 3409 990 oculis
3438 938 3544 991 tnis
3574 936 3591 974 ί

1999 1021 2116 1091 ipse
2146 1024 2383 1091 scriptus
2431 1025 2612 1093 paries
2647 1024 2970 1094 ingerebat,
3009 1026 3291 1082 recordari
3326 1028 3594 1085 debuisti:

2001 1113 2180 1169 Divisa
2205 1127 2280 1171 est
2301 1115 2485 1170 mulier
2513 1127 2560 1170 et
2590 1116 2732 1188 virgo
2760 1133 2778 1172 :
2807 1133 2924 1188 qua:
2949 1134 3051 1172 non
3075 1129 3148 1173 est
3179 1130 3359 1191 nupta,
3404 1123 3592 1195 cogitat

1996 1226 2110 1280 qua:
2136 1209 2346 1265 Domini
2369 1221 2508 1278 sunt,
2531 1211 2790 1281 quomodo
2809 1213 2876 1266 sit
2893 1223 3076 1267 sancta
3091 1230 3303 1286 corpore
3330 1226 3376 1271 et
3401 1219 3592 1288 spiritu

1999 1301 2040 1374 (l
2058 1299 2182 1358 Cor.
2209 1318 2301 1368 vn,
2328 1301 2445 1374 54).
2470 1303 2549 1358 Tu
2578 1311 2760 1359 autem
2796 1305 2848 1359 in
2869 1305 3211 1360 contrarium
3240 1309 3452 1364 vertisti
3470 1309 3587 1366 dic-

1999 1404 2133 1462 tum,
2160 1395 2230 1450 ita
2274 1396 2542 1468 cogitans,
2579 1397 2649 1452 ita
2704 1413 2874 1468 agens
2908 1409 2966 1453 ut
3014 1413 3115 1455 nec
3166 1415 3396 1472 corpore
3443 1418 3594 1460 esses

1997 1499 2208 1558 sancta,
2255 1506 2355 1548 nec
2398 1492 2596 1562 spiritu
2625 1509 2638 1545 :
2667 1507 2897 1563 corpore
2943 1493 3186 1564 quidem,
3239 1494 3589 1558 furnicando;

1997 1584 2190 1656 spiritu
2214 1595 2419 1649 autem,
2454 1585 2820 1657 virginitatem
2853 1586 3192 1643 mentiendo.

2055 1679 2144 1735 25.
2170 1678 2314 1733 Proh
2338 1680 2515 1734 uetas!
2536 1689 2560 1727 ε
2577 1677 2874 1734 soletfama
2887 1680 3145 1752 subsequi
3166 1680 3485 1752 factum,tua
3506 1701 3595 1740 au-

1922 1775 1970 1837 B
2001 1783 2105 1828 tem
2129 1773 2327 1827 malum
2357 1771 2494 1827 fama
2521 1774 2804 1843 prazvenit.
2824 1773 2960 1828 Nam
2990 1788 3114 1830 cum
3141 1786 3269 1832 ante
3302 1777 3593 1834 triennium

1996 1883 2184 1922 rumor
2213 1866 2431 1938 quidam
2482 1875 2538 1922 et
2573 1869 2909 1923 sussurratio
2947 1868 3016 1924 de
3049 1881 3101 1926 te
3140 1869 3335 1926 fuisset
3361 1912 3374 1936 ,
3406 1881 3460 1927 tu
3482 1871 3596 1927 sin-

1993 1962 2276 2016 ceritatem
2305 1961 2706 2031 pra-tendebas,
2734 1973 2792 2018 et
2821 1963 3122 2019 vindictam
3143 1964 3210 2019 de
3233 1965 3516 2022 maledicis
3538 1967 3593 2022 in

1994 2056 2237 2112 Ecclesia
2286 2057 2602 2127 postulabas
2643 2057 2882 2126 publice.
2913 2057 3060 2125 Quos
3085 2069 3253 2115 aestus
3281 2074 3382 2130 ego
3419 2061 3587 2116 susti-

1993 2149 2124 2205 nuit
2151 2149 2306 2216 Quos
2331 2161 2484 2219 pater
2511 2159 2634 2204 tuus
2663 2165 2765 2221 pro
2808 2161 2897 2206 tua
2942 2151 3201 2207 sustinuit
3224 2152 3483 2222 opinione
3510 2153 3588 2206 la-

1990 2243 2174 2307 bores,
2204 2242 2549 2314 requirentes
2590 2243 2855 2314 singulos,
2900 2242 3142 2313 singulos
3188 2244 3588 2314 astringenles;

1992 2345 2050 2390 ut
2090 2335 2158 2390 ad
2199 2345 2483 2390 auctorem
2539 2332 2777 2389 infamias
2826 2335 3184 2390 veniremus!
3217 2335 3394 2391 Grave
3439 2336 3585 2390 enim

1989 2438 2108 2484 erat
2142 2428 2296 2483 nobis
2323 2439 2378 2483 et
2399 2426 2652 2482 omnibus
2680 2426 2840 2481 bonis
2871 2427 3215 2483 intolerabile
3246 2427 3314 2482 de
3352 2427 3446 2482 Dei
3479 2428 3588 2483 vir-

1987 2523 2113 2592 gine
2142 2522 2222 2575 vel
2254 2533 2411 2591 turpe
2441 2519 2645 2590 aliquid
2667 2518 2794 2585 dici,
2826 2519 2912 2574 vel
2941 2520 3114 2576 credi.

2059 2613 2150 2668 26.
2183 2613 2290 2669 Nec
2323 2613 2429 2668 hoc
2462 2613 2634 2668 verita
2670 2627 2752 2678 es,
2787 2627 2890 2667 nec
2919 2620 3047 2667 ante
3084 2611 3273 2668 oculos
3309 2610 3581 2677 habuisti;

1989 2725 2057 2766 ne
2089 2709 2310 2766 venires
2356 2706 2592 2762 inimicis
2622 2707 2724 2760 tuis
2752 2707 2803 2761 in
2828 2706 3103 2777 gaudium,
3137 2719 3190 2763 ct
3230 2721 3326 2764 eos
3353 2704 3590 2762 haberes

1988 2803 2233 2859 infensos
2277 2803 2369 2872 qui
2421 2817 2518 2872 pro
2558 2809 2647 2855 tua
2676 2801 2936 2871 opinione
2982 2800 3323 2856 laborabant.
3355 2799 3583 2856 Multum

1987 2898 2188 2962 audax,
2239 2896 2468 2951 multum
2519 2893 2836 2960 temeraria;
2893 2903 2949 2948 ut
3003 2903 3055 2948 te
3101 2895 3442 2950 conscientia
3495 2904 3584 2948 tua

1989 3007 2096 3048 non
2129 3000 2361 3046 terreret
2395 3006 2408 3045 :
2443 2990 2539 3044 sed
2587 2989 2842 3043 simulata
2888 2987 3218 3058 virginitate,
3275 2998 3498 3060 putares
3533 2999 3583 3042 te

1987 3087 2148 3141 etiam
2183 3084 2352 3138 Deum
2397 3096 2560 3152 posse
2589 3081 2860 3150 decipere.
2886 3079 2992 3134 Sed
3027 3080 3118 3134 ille
3148 3078 3239 3151 qui
3268 3080 3404 3134 dixit
3434 3097 3445 3134 :
3475 3078 3581 3132 Ni-

271 3177 522 3246 quoniam
556 3173 782 3228 membra
810 3183 977 3228 vestra
1003 3176 1254 3242 templum
1289 3185 1364 3228 est
1404 3174 1639 3244 Spiritus
1677 3177 1840 3230 sancti
1861 3218 1876 3245 ,
1907 3176 1952 3239 C
1987 3179 2060 3232 hil
2089 3178 2347 3232 occultum
2388 3177 2526 3243 quod
2581 3191 2682 3228 non
2708 3172 3251 3244 revelabiturtMatth.
3288 3189 3341 3240 κ,
3371 3170 3498 3244 28);
3529 3173 3584 3227 cl

271 3287 388 3341 qua
417 3269 608 3324 habetis
630 3286 664 3322 a
682 3269 902 3324 Domino
921 3311 934 3331 ,
961 3279 1009 3323 et
1039 3285 1142 3322 non
1171 3270 1292 3323 estis
1315 3269 1474 3341 311
1500 3270 1651 3324 vestri
1675 3287 1692 3334 ;
1722 3271 1876 3342 empti

275 3365 416 3419 enim
437 3365 554 3418 estis
585 3365 748 3433 pretio
773 3379 956 3433 magno
975 3358 1020 3429 ,ά
1054 3361 1367 3433 gloriﬁcate,
1402 3373 1451 3416 et
1483 3372 1684 3432 portate
1713 3359 1882 3416 Deum

270 3461 328 3515 in
351 3475 568 3531 corpore
581 3471 742 3514 vestro
757 3457 904 3531 (Ibid
913 3498 950 3523 .,
971 3458 1086 3528 ΞΟ).
1105 3458 1378 3513 Etiterum
1398 3459 1531 3513 dicit
1551 3456 1877 3512 :Fornicatio

270 3562 448 3607 autem
483 3563 531 3607 et
582 3554 748 3606 omnis
797 3550 1127 3606 immunditia
1165 3567 1256 3604 nec
1283 3551 1579 3606 nominetur
1607 3551 1739 3604 inter
1770 3567 1877 3616 vos,

269 3648 404 3702 sicut
446 3647 588 3702 decet
628 3656 832 3701 sanctos
882 3643 1106 3718 (Ep/tes.
1133 3662 1186 3711 v,
1219 3645 1311 3717 5).
1353 3647 1420 3700 Et
1456 3645 1695 3716 seposita
1725 3645 1875 3699 omni

271 3743 612 3809 adulatione,
637 3744 962 3799 sententiam
998 3742 1110 3812 figit
1138 3742 1434 3813 Apostolus
1470 3764 1484 3799 :
1518 3741 1651 3809 Hoc,
1680 3742 1872 3812 inquit,

270 3838 456 3892 scitote
481 3837 822 3909 intelligentes
844 3837 966 3906 quia
997 3837 1164 3890 omnis
1193 3836 1498 3907 fornicator,
1528 3846 1617 3890 aut
1649 3837 1873 3890 immun-

272 3932 402 3996 dus,
440 3940 532 3985 aut
557 3948 745 3986 auarus
773 3947 876 3986 non
899 3931 995 3986 erit
1021 3932 1185 3987 luet-es
1210 3933 1264 3986 in
1293 3949 1453 4005 regno
1483 3930 1672 3986 Christi
1700 3939 1748 3984 et
1781 3928 1878 3984 Dei

272 4021 468 4096 (Ibid.,
499 4022 583 4094 δ).

343 4117 435 4172 25.
465 4117 592 4172 Haec
634 4128 804 4185 tanta,
833 4127 888 4172 et
930 4127 1040 4173 tam
1090 4119 1355 4174 terribilia
1387 4135 1494 4176 non
1538 4121 1632 4177 tibi
1678 4123 1870 4178 venie-

276 4211 407 4267 bant
437 4212 491 4266 in
526 4220 798 4280 mentem,
833 4228 956 4269 cum
1001 4213 1067 4268 ad
1112 4214 1243 4270 illud
1285 4229 1424 4285 opus
1461 4217 1729 4271 nefarium
1778 4226 1868 4272 tua

277 4303 524 4360 membra
575 4305 1054 4374 peterentur?Sed
1087 4307 1365 4362 mortifera
1389 4315 1457 4370 te
1504 4307 1705 4364 oblivio
1736 4317 1873 4364 tam-

348 4452 374 4520 ?
401 4442 546 4520 fidit.
577 4459 640 4498 ac
672 4459 829 4510 mss.,
853 4444 1058 4498 habitus
1084 4445 1412 4520 virginitatis.

357 4512 634 4581 hQuatuor
647 4531 778 4570 mss.
791 4557 804 4578 ,
821 4527 869 4570 et
883 4512 1235 4585 spectaculum
1257 4528 1532 4582 tantorum,
1550 4528 1655 4574 etc.
1675 4519 1873 4576 lterum

273 4594 456 4641 autem
504 4588 594 4640 ubi
645 4604 745 4642 nos
774 4604 841 4641 ex
889 4588 1083 4655 potiori
1116 4601 1268 4655 parte
1293 4606 1426 4645 mss.
1451 4591 1522 4643 ad
1551 4601 1598 4644 te
1625 4594 1877 4647 clamante

277 4658 561 4734 Apostolo;
587 4659 674 4734 alii
706 4660 910 4734 legunt,
942 4660 1494 4734 adtendeclamantem
1523 4663 1823 4734 Apostolum
1854 4682 1873 4719 :

274 4731 413 4786 edit.
441 4745 570 4786 vero
597 4730 751 4796 hinc,
780 4732 933 4784 lium.
961 4733 1074 4790 hoc.
1101 4732 1179 4785 vel
1205 4737 1426 4788 maxime
1449 4730 1731 4798 clamante,
1763 4744 1867 4790 etc.

351 4813 374 4840 θ
401 4802 563 4877 Solus
588 4803 758 4857 codex
785 4803 1031 4872 Regium.
1051 4806 1327 4877 l_iabet,An
1358 4809 1584 4872 nescitis,
1614 4823 1782 4877 usque
1805 4807 1870 4861 ad

276 4889 384 4927 non
415 4876 537 4928 estis
560 4877 712 4929 vestri
740 4892 757 4928 :
784 4878 881 4929 sed
913 4888 1033 4927 cum
1059 4875 1174 4930 haec
1206 4877 1410 4944 optime
1440 4893 1562 4932 cum
1586 4875 1730 4934 serie
1749 4894 1874 4932 ura-

278 4945 441 5002 tionis
461 4948 761 5015 quadrent,
790 4961 966 5014 neque
995 4962 1174 5000 rarum
1216 4949 1281 5001 sit
1316 4947 1612 5014 Scriptura:
1645 4950 1792 5004 lucos
1819 4951 1874 5005 in

280 5037 417 5076 mss.
444 5034 732 5074 occurrere
776 5018 920 5073 haud
975 5033 1163 5086 parum
1200 5018 1540 5083 dccurlatos;
1583 5021 1774 5076 eadem
1820 5023 1872 5074 in

279 5102 487 5147 textum
519 5092 762 5160 recipere
787 5104 894 5144 non
918 5088 1300 5145 dubitavimus.

348 5164 376 5201 ά
420 5165 548 5219 Mss.
603 5163 845 5233 aliquot,
895 5161 1184 5235 gloriﬁcate
1238 5161 1510 5216 Dominum
1555 5164 1608 5217 in
1663 5179 1876 5235 corpore

276 5250 467 5291 vestro.
501 5236 567 5290 Et
597 5231 759 5298 infra,
788 5238 843 5287 in
869 5231 1027 5303 regno
1055 5231 1169 5285 Dei.

358 5319 380 5346 ε
434 5309 594 5361 llum.
644 5307 828 5378 edit”,
861 5305 1007 5373 quasi
1055 5305 1402 5378 sanctiorisret
1444 5305 1734 5378 dignioris;
1765 5315 1876 5362 vet.

281 5389 491 5444 autem,
523 5394 586 5433 ac
633 5392 766 5432 mss.
818 5377 922 5431 huc
951 5387 1155 5430 tantum
1187 5375 1474 5437 dissident.
1500 5375 1650 5446 quod
1687 5378 1877 5432 horum

281 5469 390 5507 non
444 5451 600 5521 pauci
651 5466 769 5520 pro,
803 5459 850 5503 te
878 5459 1052 5513 erant,
1087 5447 1410 5521 scriptorum
1452 5450 1608 5521 lapsu
1640 5448 1882 5514 habent,

277 5520 546 5578 steterant.
584 5523 751 5577 Porro
775 5537 880 5574 non
913 5531 1040 5574 sunt
1066 5520 1311 5574 obeunda
1346 5520 1732 5589 perfunctorie,
1761 5536 1884 5590 quae

281 5598 387 5651 huc
428 5598 479 5647 in
519 5595 696 5661 capite
733 5593 1085 5648 continentur
1122 5591 1189 5643 ad
1225 5592 1498 5661 antiquam
1536 5593 1881 5660 disciplinam

285 5669 641 5740 pertinentia.
694 5664 960 5740 Nimirum
1016 5663 1203 5740 statim
1246 5663 1312 5716 ab
1360 5662 1475 5740 ejus
1507 5667 1675 5740 initio
1729 5665 1888 5719 (locet

298 5735 512 5797 vestem
560 5754 712 5792 suam
760 5735 1086 5805 peculiarem
1136 5736 1299 5806 luisse
1329 5735 1644 5803 virginibus,
1687 5750 1890 5806 easque

304 5829 416 5870 non
439 5810 706 5885 singulas,
741 5804 835 5863 Sed
867 5807 1066 5868 multas
1096 5804 1254 5862 simul
1285 5806 1350 5861 ad
1378 5806 1678 5862 Ecclesium
1710 5823 1740 5862 e
1771 5804 1886 5861 nio-

1981 3289 2087 3339 vos,
2121 3273 2318 3342 inquit,
2351 3271 2542 3340 fecistis
2567 3270 2619 3323 in
2645 3271 2883 3323 occulto:
2911 3285 3002 3340 ego
3025 3279 3195 3323 autem
3227 3269 3279 3322 in
3303 3270 3577 3338 manifesto

1981 3365 2410 3437 faciamUIIteg.
2443 3380 2498 3430 χ,
2529 3360 2640 3434 1⁸2).
2671 3361 2766 3416 Ille
2782 3363 2870 3433 qui
2901 3379 3010 3417 non
3029 3364 3310 3428 mentitur,
3327 3353 3584 3418 furtivum

1981 3462 2159 3517 scelus
2197 3459 2427 3514 deduxit
2455 3459 2507 3511 in
2535 3457 2838 3529 publicum,
2893 3465 2950 3512 et
3000 3457 3052 3511 in
3107 3467 3406 3526 conspectu
3447 3454 3584 3512 solis

1985 3556 2142 3626 hujus
2179 3553 2526 3609 tenebrarum
2571 3565 2874 3608 vestrarum
2902 3567 3066 3622 opera
3098 3549 3412 3606 denudavit.
3495 3627 3498 3632 _

2054 3649 2123 3705 27
2147 3643 2176 3684 h
2199 3648 2243 3705 Ο
2263 3648 2521 3722 quidquid
2555 3647 2841 3720 praetendit
2866 3661 3068 3712 sermo,
3098 3645 3402 3702 crudeliora
3417 3645 3581 3717 312

1986 3754 2280 3801 occurrunt
2305 3764 2318 3798 :
2341 3752 2398 3799 et
2417 3744 2644 3814 cupiens
2667 3740 2958 3808 moderari,
2980 3757 3088 3796 non
3105 3740 3308 3795 invenit
3331 3740 3576 3794 modum.

1985 3841 2163 3898 Oblita
2190 3854 2251 3894 es
2285 3836 2648 3909 propositum,
2681 3834 2843 3889 oblita
2869 3843 3148 3905 parentes,
3181 3833 3345 3888 oblita
3388 3848 3446 3887 cs
3480 3831 3584 3886 Ec—

1985 3937 2207 3993 clesiam
2256 3945 2446 3999 totam,
2495 3932 2660 3987 oblita
2711 3929 2940 4000 gloriam
2987 3927 3354 3998 virginitatis,
3405 3929 3579 3985 oblita

1988 4031 2251 4086 honorem
2280 4025 2582 4097 dignitatis,
2598 4023 2762 4078 etiam
2785 4022 2951 4077 oblita
2970 4022 3385 4090 promissionem
3401 4022 3577 4092 regni,

1981 4123 2150 4181 oblita
2171 4121 2436 4192 judicium
2466 4117 2712 4174 terribile
2746 4133 2758 4169 :
2785 4115 3032 4185 amplexa
3057 4129 3118 4170 es
3139 4116 3577 4187 corruptionem,

1981 4213 2262 4288 protulisti
2313 4211 2549 4266 fructum
2595 4205 2962 4273 confusionis;
3014 4205 3175 4261 linem
3211 4221 3340 4262 vero
3378 4205 3391 4243 ί
3432 4221 3580 4262 mor-

1983 4317 2093 4365 tem
2125 4305 2508 4368 szevissimam,
2541 4311 2594 4358 et
2617 4301 2897 4356 interitum
2928 4299 3347 4369 sempiternum.

1907 4449 1960 4510 D
1988 4449 2226 4506 nasterio
2253 4445 2588 4520 processisse
2612 4462 2625 4498 :
2652 4443 2754 4498 hoc
2777 4452 2956 4520 autem
2981 4443 3102 4520 loco
3125 4443 3229 4499 illis
3260 4445 3576 4520 attributam

1985 4522 2040 4576 in
2084 4516 2322 4577 Ecclesia
2370 4517 2557 4574 sedem
2589 4533 2695 4573 non
2722 4532 2752 4570 a
2780 4516 2909 4570 viris
2939 4517 3114 4569 solum
3147 4555 3163 4582 ,
3193 4517 3287 4571 sed
3313 4520 3479 4572 etiam
3508 4521 3578 4575 ab

1984 4593 2105 4648 aliis
2133 4591 2353 4648 feminis
2381 4598 2712 4659 separatam,
2746 4604 2844 4643 nee
2867 4603 2973 4641 non
3021 4587 3243 4644 honoris
3272 4605 3434 4646 causa
3465 4605 3580 4644 nia-

1985 4675 2168 4720 tronas
2201 4664 2410 4718 nobiles
2439 4662 2585 4729 pacis
2612 4660 2854 4715 osculum
2883 4662 2952 4715 ab
2995 4659 3106 4713 illis
3136 4673 3320 4730 petere
3349 4675 3579 4716 consue-

1983 4739 2154 4800 vissc;
2184 4751 2248 4790 ac
2279 4721 2496 4788 demum
2529 4733 2817 4800 inscriptas
2849 4731 3013 4786 fuisse
3047 4721 3236 4800 parieti
3278 4721 3578 4803 Scriptura:

1981 4809 2304 4872 sententias,
2335 4807 2534 4876 quibus
2561 4804 2767 4859 easdem
2801 4803 3040 4872 virgines
3085 4803 3250 4858 ofﬁcii
3301 4801 3578 4859 sui—com-

1981 4888 2352 4934 numerentur.

2055 4950 2074 4989 ί
2119 4949 2372 5004 Nonnulli
2403 4960 2561 5010 mss.,
2595 4948 2708 5013 ipsa
2729 4945 2983 5012 scriptura
3012 4944 3292 5016 ingerebat.

2053 5034 2077 5069 ις
2118 5022 2345 5089 Quidam
2379 5035 2536 5083 mss.,
2566 5017 2720 5072 Dolet
2749 5019 2943 5087 famam
2965 5019 3204 5086 subsequi
3240 5020 3454 5086 factmn,
3487 5027 3577 5069 tua

1979 5088 2154 5149 autem
2181 5094 2247 5146 ad
2286 5093 2480 5146 malum
2510 5093 2650 5162 fama
2681 5090 2976 5160 pervenit...
3009 5098 3057 5141 et
3086 5088 3416 5142 subsannatio
3445 5089 3508 5141 de
3531 5098 3578 5140 te

2005 5168 2179 5220 uisset.

1979 5169 2286 5291 [uirili-0m.
2317 5234 2450 5290 edit.
2481 5246 2537 5288 et
2569 5231 2925 5290 Pseudobier.
2963 5248 2976 5284 :
3012 5229 3079 5294 0,
3109 5229 3290 5300 inquit,
3321 5228 3576 5300 quigprw-

1983 5311 2145 5362 tendit
2192 5317 2475 5362 sermoiiem
2502 5345 2516 5372 ,
2557 5306 2852 5359 crudeliora
2881 5307 3109 5356 occurrit
3125 5318 3145 5366 ;
3176 5298 3577 5372 'Pseudoliierq

1987 5381 2202 5434 incurrit
2225 5396 2243 5433 :
2266 5379 2458 5433 melius
2479 5371 2509 5442 ;
2527 5377 2697 5431 Paris.
2732 5377 2888 5436 edit.,
2914 5376 3173 5426 crudelior
3197 5371 3453 5442 occurrit;
3477 5387 3578 5438 nec

1989 5451 2331 5506 incommode
2362 5449 2412 5502 id
2443 5449 2698 5517 quidem;
2745 5447 2837 5501 sed
2871 5455 3052 5517 tamen
3096 5445 3150 5497 in
3189 5441 3412 5496 aliarum
3442 5441 3576 5499 edit.

1990 5537 2053 5578 ac
2074 5538 2213 5594 mss.
2245 5516 2475 5577 lectione
2506 5520 2642 5573 nihil
2666 5516 3001 5594 mutandum.
3401 5583 3412 5594 .

2072 5593 2085 5630 ί
2137 5593 2357 5648 Mortem
2407 5594 2742 5646 strvisstmam
2767 5629 2782 5653 ,
2815 5589 2917 5640 huc
2944 5596 3028 5640 est
3054 5627 3068 5650 ,
3099 5598 3301 5655 angore
3328 5584 3493 5648 animi
3519 5599 3584 5640 ac

1993 5665 2380 5736 desperatione
2410 5665 2510 5716 nisi
2544 5663 2736 5730 dignus
2783 5657 3115 5736 poenitentizn
3162 5655 3580 5736 fructusfaciat,

1994 5728 2230 5806 plenam.
2262 5737 2373 5790 Nec
2399 5736 2544 5789 enim
2577 5728 2810 5795 unquam
2833 5728 2975 5806 apud
2998 5728 3326 5783 christianos
3342 5729 3584 5806 virgines

1998 5798 2275 5876 votifragte
2328 5806 2562 5862 violenta
2607 5809 2784 5857 morte
2829 5798 3079 5867 affectae,
3125 5798 3583 5872 quemadmodum
