4042 6294
472 265 583 323 375

1084 379 1314 439 CAPUT
1353 379 1471 437 VII.

481 496 700 554 Omnem
744 497 1057 570 episcopalis
1103 498 1269 570 of/icii
1295 513 1477 553 curam
1523 497 1603 553 illi
1637 515 1670 552 a
1698 513 1752 553 se
1794 498 2082 569 praestitam

553 591 719 663 fuisse
763 600 1070 646 asseverat:
1096 591 1186 646 sed
1233 591 1400 663 ipsam
1438 607 1542 646 non
1588 591 1756 646 solum
1784 589 1907 645 inde
1948 587 2083 644 nihil

550 683 857 755 profecisse,
883 697 1055 738 verum
1078 683 1233 737 etiam
1270 683 1388 738 aliis
1409 682 1655 755 objecisse
1682 696 1836 754 graue
1859 680 2083 736 scanda-

546 779 679 846 lum,
710 778 850 849 quod
876 778 1162 835 ostenditur
1182 778 1236 834 in
1266 776 1551 850 Evangelia
1574 776 1899 833 severissima
1929 791 2081 849 pana

555 871 821 928 damnari.

548 1034 644 1091 ξε.
671 1035 738 1090 Et
764 1044 914 1091 certe
942 1048 1049 1089 non
1079 1032 1249 1089 habes
1277 1032 1422 1104 quod
1465 1033 1533 1087 de
1575 1039 1763 1087 nostra
1794 1030 2081 1103 negligen-

478 1127 555 1182 tia
588 1127 977 1198 conqueraris;
1002 1124 1382 1197 quodcumque
1412 1122 1560 1180 enim
1589 1122 1658 1179 ad
1690 1123 1933 1179 ofticium
1958 1138 2083 1194 pas-

479 1220 619 1277 toris
663 1221 923 1292 pertinet,
955 1230 1008 1275 et
1037 1219 1133 1274 tibi
1159 1228 1216 1275 et
1245 1218 1500 1275 omnibus
1532 1232 1639 1273 non
1672 1227 1933 1289 negatum
1973 1224 2081 1272 est.

481 1323 508 1351 ⁸
538 1314 767 1371 Dilectio
794 1313 1056 1386 spiritalis
1081 1312 1346 1378 adhibita,
1372 1313 1729 1369 commonitio
1753 1319 1941 1368 sancta
1973 1325 2082 1366 non

478 1410 678 1468 defuit.
733 1409 913 1467 Oblita
966 1409 1189 1467 domum
1236 1411 1408 1481 patris
1437 1410 1539 1475 tui,
1599 1416 1659 1465 ut
1700 1409 1970 1480 scriptum
2000 1418 2087 1463 est

479 1503 652 1575 (Psal.
689 1519 835 1572 xuv,
870 1504 997 1576 lt),
1027 1504 1094 1559 ad
1140 1504 1539 1560 monasterium
1593 1502 1860 1574 virginale
1906 1512 2087 1557 trans-

482 1598 597 1654 isti.
630 1596 780 1654 Inter
819 1607 901 1654 tot
951 1599 1129 1669 posita
1159 1613 1271 1654 non
1314 1598 1491 1654 solum
1524 1596 1650 1652 dico
1678 1605 1803 1661 tuta
1833 1609 1958 1651 esse
1989 1594 2085 1651 de-

479 1692 698 1762 bueras,
725 1694 771 1748 si
806 1691 1081 1749 voluisses
1103 1707 1118 1758 ;
1139 1691 1233 1748 sed
1253 1691 1416 1747 etiam
1434 1690 1661 1747 tutelam
1682 1689 1804 1745 aliis
1822 1695 2085 1761 praestare

479 1786 777 1857 potuisses.
802 1785 912 1842 Sed
936 1786 1136 1843 frustra
1165 1785 1283 1841 haec
1308 1793 1367 1842 et
1391 1784 1499 1840 alia
1528 1785 1747 1855 provisa
1775 1792 1923 1839 sunt.

549 1880 644 1937 29.
681 1879 908 1937 Frustra
952 1877 981 1918 δ
1014 1880 1282 1954 hymnum
1318 1879 1651 1950 virginitatis
1679 1878 1942 1949 exposui;
1974 1892 2087 1949 quo

477 1983 532 2029 et
561 1972 793 2045 gloriam
818 1973 1110 2044 propositi,
1137 1980 1192 2028 ει
1212 1971 1623 2028 observantiam
1649 1970 1854 2042 pariter
1883 1968 2090 2026 decan-

480 2078 649 2124 tares.
682 2065 962 2125 Seminavi
991 2081 1153 2123 secus
1184 2066 1351 2129 viam,
1384 2064 1653 2122 seminavi
1694 2067 1747 2119 in
1771 2063 1970 2134 spinis,
2000 2077 2088 2120 se-

477 2160 682 2215 minavi
715 2159 769 2214 in
816 2167 1069 2229 petrosa;
1112 2166 1209 2213 aut
1254 2157 1402 2213 enim
1447 2174 1513 2213 ex
1559 2156 1728 2213 corde
1778 2167 1874 2211 tuo
1921 2157 2089 2212 verba

483 2269 605 2310 mea
645 2254 897 2310 volucres
928 2252 1097 2327 (Luc.
1129 2268 1247 2320 vtu,
1282 2254 1317 2310 ὅ
1343 2262 1390 2308 et
1416 2250 1550 2324 seq.)
1572 2294 1587 2318 ,
1639 2250 1694 2306 id
1735 2260 1820 2307 est
1844 2294 1860 2320 ,
1888 2251 2091 2306 daemo-

484 2361 583 2403 nes
613 2356 956 2419 rapuerunt:
987 2355 1084 2402 aut
1120 2345 1281 2403 malis
1309 2346 1422 2402 tuis
1460 2344 1889 2417 cogitationibus
1920 2343 2090 2401 suffo-

482 2450 602 2497 cata
652 2451 803 2508 sunt,
846 2450 940 2497 aut
965 2449 1233 2496 aruerunt
1281 2439 1451 2496 nimio
1493 2448 1632 2495 aestu
1659 2438 1930 2495 libidinis.
1972 2438 2093 2495 Heu

485 2549 596 2600 me,
621 2534 751 2605 quia
792 2533 883 2590 ubi
915 2534 1173 2604 putabam
1225 2532 1499 2589 mdilicare
1527 2548 1744 2603 aurum,
1777 2544 2089 2605 argentum,

483 2628 696 2700 lapides
725 2628 1022 2699 pretiosos,
1056 2629 1309 2684 inventus
1339 2643 1460 2684 sum
1491 2629 1725 2701 lignum,
1754 2628 1964 2695 fenum,
1995 2627 2093 2683 sti-

484 2720 698 2791 pulam,
715 2735 941 2777 arsuras
963 2722 1223 2776 materias
1247 2720 1526 2777 laborasse
1550 2722 1591 2795 (Ι
1612 2718 1733 2777 Cor.
1754 2738 1835 2788 ιιι,
1856 2720 1946 2794 12)
1964 2723 1978 2777 ε
1994 2720 2091 2776 Di-

485 2830 606 2871 cam
626 2825 796 2886 etego
810 2814 1110 2872 secundum
1137 2815 1494 2886 prophetam:
1521 2814 1639 2871 Heu
1663 2833 1762 2881 me,
1781 2817 1901 2888 quia
1926 2818 2093 2887 factus

485 2927 602 2967 sum
622 2911 754 2967 sicut
774 2912 863 2981 qui
883 2912 1080 2983 colligit
1100 2922 1122 2950 ο
1144 2910 1392 2981 stipulam
1405 2911 1458 2964 in
1475 2926 1636 2966 messe
1654 2908 1989 2979 (Michamn,
2011 2910 2092 2979 I)!

555 3005 648 3061 50.
680 3002 748 3060 Et
785 3004 1006 3076 quidem
1040 3005 1085 3060 si
1117 3002 1213 3059 tibi
1262 3003 1367 3059 soli
1397 3002 1657 3059 damnum
1692 3000 1940 3065 fecisses,
1976 3009 2096 3057 erat

484 3097 709 3169 quidem
751 3097 999 3165 tristitia,
1028 3098 1125 3154 sed
1154 3098 1384 3153 forsitan
1425 3095 1746 3153 tolerabilis.
1776 3093 1929 3151 Nunc
1958 3108 2094 3151 vero

1802 260 2057 321 SANCTI
2097 260 2423 320 AMBROSII

2108 389 2161 448 Α

3670 266 3763 324 376

2769 385 2997 444 CAPUT
3036 385 3175 443 VIII.

2188 496 2439 566 Quisnam
2480 498 2545 553 sit
2585 500 2801 555 remedii
2843 499 2984 571 quod
3027 500 3274 557 adhibere
3296 502 3462 573 cupit,
3496 503 3768 576 difﬁcultas

2208 596 2209 599 ‘
2254 600 2407 661 atque
2428 591 2563 645 ratio
2594 607 2613 646 :
2639 590 2860 648 suadere
2897 610 2951 649 se
2979 603 3035 648 ut
3055 595 3125 648 ad
3146 594 3499 665 paenitentiam
3530 613 3633 650 non
3651 614 3767 669 qua-

2257 684 2573 757 lemcumque
2625 685 2720 741 illa
2765 687 3074 760 confugiat,
3128 689 3219 744 sed
3263 705 3589 759 congruam;
3634 693 3768 763 cujus

2255 785 2404 832 actus
2442 778 2678 846 interior,
2710 794 2801 833 nec
2828 796 2931 834 non
2982 780 3244 836 exteriora
3284 782 3435 853 signa
3482 782 3567 836 hic
3592 799 3771 838 memo-

2257 879 2458 925 rantur.
2491 869 2661 927 Porro
2688 872 2921 945 ejusdem
2937 873 3184 943 bene/icto
3209 878 3345 944 fore,
3378 884 3431 928 ut
3457 875 3557 930 illa
3583 885 3771 930 «sternte

2257 978 2420 1035 preme
2455 966 2828 1020 immunitatem
2886 965 3151 1029 obtineat;
3196 966 3240 1019 si
3298 976 3469 1021 tamen
3521 982 3581 1022 eo
3630 967 3683 1021 in
3726 984 3771 1023 se

2256 1059 2415 1129 fuerit
2453 1060 2695 1123 severior,
2726 1075 2828 1127 quo
2859 1068 3125 1130 peccatum
3154 1059 3326 1113 minus
3371 1059 3535 1115 libere
3565 1061 3630 1114 sit
3662 1076 3772 1115 con-

2260 1154 2416 1224 fessa.
2450 1152 2531 1207 Ad
2544 1153 2683 1224 quod
2698 1154 2853 1209 etiam
2874 1155 3040 1226 futuri
3069 1153 3266 1228 judicii
3305 1155 3587 1210 atrocitate
3623 1154 3771 1227 ipsum

2260 1246 2517 1303 accendit.

2260 1411 2350 1467 52.
2384 1411 2559 1483 Cupio
2602 1412 2887 1484 prodesse,
2926 1414 3023 1471 sed
3057 1414 3351 1471 subvenire
3388 1429 3501 1470 non
3540 1429 3773 1486 possunt;

2187 1505 2315 1577 quia
2342 1515 2505 1561 totum
2528 1516 2690 1577 caput
2710 1507 2763 1562 in
2784 1507 2984 1574 dolore,
3009 1517 3059 1563 et
3077 1517 3241 1563 totum
3261 1524 3350 1564 cor
3374 1508 3430 1562 in
3453 1508 3692 1563 mtrstitia
3711 1524 3727 1563 :
3748 1525 3776 1561 tt

2190 1598 2407 1671 pedibus
2447 1616 2609 1672 usque
2634 1600 2703 1654 ad
2730 1610 2907 1674 caput,
2941 1602 3085 1657 sicut
3114 1603 3191 1657 ait
3219 1601 3425 1668 Esaias,
3457 1610 3653 1657 nonest
3682 1617 3776 1655 nta—

2189 1692 2359 1766 lagma
2382 1693 2646 1763 imponere
2676 1692 2848 1766 (Esai.
2875 1710 2912 1760 ι,
2932 1694 2987 1760 5,
3019 1695 3100 1754 6).
3148 1692 3446 1750 Inﬁrmitas
3498 1704 3591 1749 tua
3633 1709 3779 1750 omne

2116 1795 2165 1856 Β
2192 1783 2448 1839 humanae
2492 1784 2779 1841 medicina:
2820 1786 3051 1841 exclusit
3092 1786 3381 1841 auxilium.
3409 1785 3486 1842 Et
3518 1787 3647 1843 licet
3684 1794 3777 1841 tam

2190 1880 2317 1935 boni
2343 1895 2506 1950 quam
2531 1880 2659 1934 mali
2698 1881 2840 1949 justa
2869 1880 3244 1952 indignatione
3266 1881 3508 1952 permoti
3530 1923 3545 1948 ,
3570 1892 3623 1937 te
3649 1881 3779 1936 omni

2193 1983 2215 2013 ε
2247 1974 2673 2045 depopulatione
2703 1975 2947 2046 dignam,
2994 1985 3046 2031 te
3072 1974 3222 2030 omni
3270 1985 3675 2032 tormentorum
3701 1991 3782 2047 ge-

2193 2082 2325 2124 nere
2367 2068 2811 2124 discruciandam
2855 2068 3135 2139 judicent,
3179 2079 3355 2124 morte
3400 2067 3778 2137 mulctandam,

2192 2169 2289 2217 aut
2330 2162 2547 2233 ignibus
2596 2160 2938 2218 exurendam
2973 2178 2987 2216 :
3022 2175 3125 2232 ego
3159 2171 3343 2217 tamen
3381 2162 3479 2232 qui
3522 2162 3639 2218 scio
3678 2175 3784 2232 gra-

2190 2258 2342 2313 viora
2371 2256 2697 2313 facinorosis
2734 2256 2943 2313 servari
2976 2263 3272 2322 tormenta,
3303 2265 3360 2312 et
3388 2256 3515 2313 sine
3555 2257 3660 2311 line
3699 2255 3786 2309 im-

2194 2350 2316 2422 pias
2348 2351 2561 2406 animas
2590 2350 2868 2406 cruciatus
2895 2363 3150 2416 manere,
3184 2363 3292 2404 non
3336 2349 3675 2419 temporales
3698 2348 3785 2403 uti.

2196 2460 2324 2516 que,
2374 2445 2472 2500 scd
2520 2453 2794 2511 aeternos;
2825 2443 2950 2500 aliis
2987 2455 3039 2499 te
3080 2444 3205 2498 volo
3244 2444 3591 2501 cruciatibus
3636 2442 3783 2509 afﬁci,

2198 2538 2495 2611 profuturis
2516 2538 2729 2610 utique,
2763 2554 2870 2593 non
2900 2538 3142 2593 animam
3175 2537 3506 2608 perdituris.

2294 2632 2383 2688 5‘5.
2419 2632 2562 2702 Ergo
2612 2632 2914 2687 secundum
2968 2631 3209 2687 divinam
3267 2635 3608 2686 sententiam
3663 2629 3787 2686 dabo

2198 2726 2517 2792 consilium;
2570 2724 2745 2779 solum
2788 2726 2934 2780 enim
2976 2736 3034 2781 et
3063 2724 3284 2780 unicum
3310 2722 3331 2762 τ
3362 2725 3687 2781 tentandum
3713 2734 3786 2780 est

2199 2820 2502 2876 remedium
2551 2818 2716 2886 illud,
2761 2818 2908 2891 quod
2938 2818 3118 2874 divina
3149 2833 3258 2873 vox
3310 2833 3408 2886 per
3459 2818 3787 2875 Ezechielem

2201 2915 2415 2971 miseris
2456 2914 2686 2985 porrigit
2724 2930 2739 2969 :
2771 2912 2936 2981 Nolo,
2988 2913 3185 2982 inquit,
3236 2923 3454 2967 mortem
3505 2912 3785 2983 peccatoris,

2198 3017 2447 3078 quantum
2485 3016 2542 3060 ut
2572 3014 2922 3071 convertatur,
2972 3015 3023 3059 et
3053 3005 3189 3059 vivat
3215 3002 3430 3069 (Ezech.
3465 3020 3659 3070 χχχιιι,
3689 3003 3786 3074 ii).

2200 3098 2270 3154 Et
2302 3097 2502 3153 iterum
2545 3108 2667 3168 post
2705 3096 2825 3152 hare
2865 3096 3043 3166 inquit
3073 3095 3358 3160 Dominus,
3401 3096 3523 3151 dixi
3546 3112 3565 3152 :
3591 3095 3789 3152 Conver-

487 3204 718 3266 quantas
748 3194 960 3250 animas
1009 3204 1104 3249 tuo
1157 3194 1369 3249 scelere
1398 3191 1681 3258 sauciasﬁ,
1710 3202 1942 3263 quantas
1972 3192 2093 3247 ani-
2121 3199 2167 3262 (ι
2202 3204 2306 3248 tere
2329 3192 2397 3247 ad
2414 3208 2510 3247 me.
2538 3190 2812 3262 Numquid
2837 3192 3012 3245 resina
3039 3207 3140 3245 non
3167 3201 3240 3245 est
3260 3192 3313 3245 in
3345 3189 3790 3259 Galaad,autnte-

484 3300 605 3343 mas
634 3296 861 3357 propter
885 3295 938 3342 te
964 3284 1033 3341 de
1081 3285 1365 3357 proposito
1409 3297 1512 3339 suo
1558 3283 1828 3354 paenitere
1876 3282 2087 3340 fecisti!

486 3382 698 3450 Quanta
747 3379 891 3435 labia
936 3380 1101 3436 etiam
1148 3377 1391 3434 ﬁdelium
1438 3377 1720 3447 inquinata
1764 3385 1915 3439 sunt,
1946 3377 2089 3431 viam

488 3474 704 3530 Domini
735 3473 1205 3545 blasphemando!
1256 3473 1488 3543 Aperuit
1513 3470 1566 3526 in
1598 3487 1697 3527 nos
1722 3470 2005 3543 gentilitas
2029 3485 2093 3527 os

489 3585 649 3626 suum
680 3588 695 3624 :
745 3571 1009 3627 adversus
1049 3580 1292 3626 sanctam
1340 3567 1645 3625 Ecclesiam
1678 3567 1964 3640 Synagoga
1995 3566 2092 3623 Ju-

488 3662 733 3719 dworum
760 3659 787 3700 δ
812 3678 907 3733 per
937 3673 1082 3719 tuum
1111 3662 1350 3729 dedecus
1375 3661 1691 3717 exsultavit.

563 3754 654 3809 ⁸51.
706 3754 860 3824 Quod
896 3755 942 3811 si
986 3756 1032 3810 is
1070 3755 1158 3826 qui
1206 3769 1371 3809 unum
1416 3751 1903 3818 scandalizaverit,
1947 3750 2092 3805 mola

490 3848 899 3919 circumligatus
918 3848 1113 3919 jactari
1143 3846 1302 3903 debet
1337 3847 1390 3901 in
1415 3860 1567 3901 mare
1591 3843 1807 3919 (Matth.
1830 3859 1983 3909 xvnt,
2011 3842 2091 3914 6);

491 3941 620 4013 quid
650 3940 720 3998 de
746 3950 798 3997 te
817 3942 1169 4015 pronuntias,
1204 3953 1300 4009 per
1320 3939 1476 4009 cujus
1495 3938 1677 3994 scelus
1705 3938 1889 3993 omnis
1914 3936 2096 3991 anima

490 4036 730 4091 sauciata
764 4044 869 4099 est,
896 4045 950 4089 et
978 4048 1179 4089 nomen
1212 4031 1429 4087 Domini
1455 4032 1508 4086 in
1544 4030 1801 4102 gentibus
1837 4029 2095 4099 blasphe-

495 4137 702 4183 matum
754 4125 916 4199 313
944 4125 1062 4181 cst?
1105 4123 1297 4180 Nonne
1336 4122 1552 4194 qu0tics
1581 4122 1818 4178 dicitur:
1851 4118 1897 4175 0
1928 4120 2093 4192 virgi-

495 4238 614 4290 nes,
648 4222 812 4277 toties
848 4221 942 4276 tibi
993 4220 1247 4275 cumulus
1300 4218 1604 4290 iniquitatis
1641 4215 1911 4290 augetur?
1934 4214 2090 4272 Iaces

494 4330 624 4373 ecce
650 4314 952 4382 vulnerata,
969 4312 1119 4384 jaces
1138 4327 1269 4369 ecce
1296 4319 1592 4384 prostrata.

2198 3283 2342 3338 dicus
2387 3299 2489 3337 non
2533 3292 2608 3338 est
2641 3282 2759 3337 ibi?
2800 3283 2974 3351 Quare
3014 3299 3118 3337 non
3167 3283 3402 3338 ascendit
3447 3286 3647 3339 sanitas
3674 3283 3782 3354 ﬁlia

2198 3376 2382 3447 populi
2417 3377 2517 3431 mei
2569 3375 2809 3450 (Jerem.
2865 3391 2984 3441 vni,
3015 3374 3169 3448 22)?
3222 3376 3351 3431 Haec
3420 3378 3616 3450 utique
3665 3376 3786 3431 dicta

2197 3470 2576 3542 paenitentiam
2604 3469 2860 3539 sapiunt,
2901 3469 2984 3523 hre
3014 3470 3307 3524 sententiae
3339 3468 3435 3525 Dei
3491 3477 3688 3526 vocant
3732 3467 3785 3523 ad

2199 3564 2568 3635 paenitentiam
2620 3572 2646 3608 ε
2699 3571 3059 3632 peccatores:
3098 3562 3382 3631 paenitudo
3442 3563 3599 3619 enim
3642 3562 3788 3632 lapsis

2197 3655 2506 3711 necessaria
2534 3663 2637 3723 est,
2671 3655 2818 3709 sicut
2839 3654 3141 3710 vulneratis
3172 3663 3299 3710 sunt
3332 3653 3650 3710 necessaria
3687 3665 3787 3708 meo

2199 3747 2496 3803 dlcamina.

2267 3840 2431 3915 315.
2452 3843 2543 3897 54.
2572 3842 2679 3900 Sed
2708 3851 2907 3914 quanta
2951 3852 3140 3912 putas,
3175 3852 3229 3897 et
3270 3843 3449 3912 qualis
3495 3840 3783 3900 necessaria

2194 3934 2696 4006 poenitentiamuaa
2717 3946 2810 3990 aut
2844 3945 3026 4006 :equet
3053 3935 3310 4001 crimina,
3338 3946 3432 3991 aut
3467 3947 3780 3993 certeexee—

2196 4029 2307 4084 dat.
2345 4029 2479 4084 Vide
2527 4044 2658 4100 ergo
2697 4029 2741 4083 si
2774 4029 3004 4099 simplex
3054 4029 3158 4084 hoc
3206 4039 3501 4099 peccatum
3552 4027 3783 4086 adulterii

2200 4130 2302 4189 est,
2346 4137 2415 4177 an
2448 4120 2650 4193 duplex
2675 4122 2744 4176 sit
2785 4138 2884 4193 pro
2913 4123 3001 4177 illa
3030 4137 3166 4177 nece
3194 4138 3318 4195 quae
3348 4122 3491 4179 facta
3519 4123 3715 4180 dicitur
3739 4120 3782 4176 in

2198 4217 2419 4272 occulto
2467 4234 2480 4270 :
2532 4227 2588 4271 et
2639 4216 2940 4273 secundum
2987 4218 3345 4274 conscientiae
3400 4220 3605 4276 molem
3647 4216 3783 4275 exhi-

2198 4309 2373 4367 benda
2416 4317 2500 4365 est
2540 4310 2873 4380 paenitentia:
2919 4311 3255 4383 magnitudo.
3309 4310 3640 4368 Pmnitcntia
3666 4322 3782 4378 ergo

492 4520 635 4593 apud
683 4519 937 4577 ethnicos
976 4519 1210 4576 vestales
1255 4520 1307 4573 in
1354 4529 1499 4574 terra
1547 4518 1682 4574 vivae
1733 4515 2089 4575 defodieban-
2117 4520 2171 4582 D
2195 4515 2400 4593 Christi
2428 4516 2663 4593 dignitas
2687 4558 2701 4581 ,
2729 4515 3009 4593 et_quibus
3034 4515 3254 4593 easdem
3281 4518 3469 4593 ornari
3500 4515 3775 4593 convenit,

494 4602 602 4649 tur.

563 4672 594 4703 ⁸
630 4660 818 4721 Codex
865 4661 1115 4733 Regiom.
1139 4703 1156 4729 ,
1190 4658 1362 4716 Lectio
1406 4660 1695 4733 spiritalis;
1726 4670 1782 4716 et
1816 4659 2091 4733 continuo

491 4745 617 4806 post
645 4732 1240 4806 Pseudohicronytnus,
1268 4732 1560 4806 communio
1586 4740 1785 4806 sancta.
1812 4732 1970 4787 Licet
1997 4747 2092 4786 au-

491 4804 602 4863 tem
634 4806 753 4861 haec
779 4804 1024 4876 ingressa
1051 4804 1265 4876 dicatur
1296 4805 1348 4858 in
1377 4804 1766 4876 monasterium
1796 4844 1809 4865 .
1854 4813 2086 4876 cum_ta-

488 4894 618 4935 men
648 4892 717 4934 eo
764 4873 1008 4944 tempore
1055 4875 1454 4946 partltenonutn
1499 4876 1679 4929 aditus
1725 4873 2087 4930 invisenttbns

492 4951 628 5006 viris
672 4947 1070 5005 concederetur
1091 4987 1105 5010 ,
1143 4946 1338 5000 mirum
1367 4947 1556 5014 utique
1587 4962 1691 5001 non
1724 4954 1809 5001 est
1836 4946 1879 5000 si
1906 4946 2089 5013 perdi-

490 5030 671 5077 torum
724 5019 999 5074 hominum
1050 5018 1355 5073 temeritate
1396 5017 1544 5072 hunc
1593 5017 1859 5072 etiamin
1906 5018 2083 5073 locum

491 5095 740 5160 irrepere
767 5093 928 5161 culpa
961 5090 1220 5161 potuerit.

561 5157 904 5237 ΙιἨγιιιιιιιιιι
944 5157 1273 5237 quandoque
1300 5160 1577 5237 sumi‘pro
1602 5160 1748 5237 omni
1779 5157 2084 5237 Scriptura,

491 5237 584 5293 sed
635 5228 870 5292 nissime
901 5228 1003 5305 pro
1029 5231 1258 5305 psal_mis
1299 5229 1574 5305 Davidicis
1597 5229 1768 5305 jam_a
1801 5228 1958 5283 nobis
1990 5244 2089 5305 an—

490 5316 733 5363 notatum
783 5318 865 5363 est
904 5299 1004 5361 lib.
1030 5299 1109 5360 'de
1140 5300 1285 5371 Fuga
1314 5303 1528 5366 smeuli,
1564 5315 1684 5369 cap.
1711 5300 1768 5369 4,
1799 5316 1961 5371 nttnt_._
1990 5299 2081 5355 20.

490 5379 562 5434 Et
587 5380 712 5435 hinc
739 5377 878 5434 forte
908 5393 1015 5432 non
1060 5367 1256 5443 injuria
1288 5372 1395 5443 dici
1432 5374 1603 5441 possit
1630 5367 1882 5442 hymnum
1916 5367 2089 5443 Virgi—

488 5451 664 5504 nitatis
706 5451 808 5507 hoc
854 5451 974 5505 loco
1012 5442 1147 5503 nihil
1178 5442 1327 5499 aliud
1364 5459 1517 5510 esse,
1552 5443 1652 5497 nisi
1682 5452 1778 5496 aut
1805 5442 2086 5507 inscripta:

489 5520 598 5575 illm
631 5523 819 5589 parieti
850 5520 1140 5577 sententiae
1165 5558 1178 5577 .
1208 5515 1279 5570 de
1318 5517 1513 5589 quibus
1540 5528 1710 5589 supra
1756 5531 1771 5567 :
1808 5521 1903 5566 aut
1943 5511 2089 5580 quod

490 5581 830 5658 probabilius
876 5601 1003 5658 est,
1050 5589 1298 5663 ultitnattt
1334 5581 1552 5663 'psaltni
1599 5581 1669 5637 Η
1722 5596 1972 5663 partem;
2023 5597 2087 5637 ea

490 5651 691 5730 quippe
731 5662 937 5718 scilicet
966 5651 1000 5718 εἰ
1026 5658 1302 5717 versiculo
1349 5651 1444 5730 io,
1480 5670 1667 5730 usque_
1694 5655 1760 5707 ad
1808 5651 2084 5730 ultimum.

491 5722 662 5785 multa
698 5738 829 5804 qua:
876 5734 945 5788 ad
990 5735 1041 5804 gl
1056 5733 1221 5788 ariam
1252 5738 1307 5804 et
1347 5722 1778 5804 observantiam.
1807 5722 2088 5793 virginalis

487 5795 755 5875 preposit'i
794 5795 1097 5875 pertiue'ni,
1125 5801 1507 5864 continentur;
1535 5795 1590 5853 id
1622 5796 1728 5865 est,
1757 5809 2084 5868 sponsarum

2196 4589 2353 4643 dotes
2379 4602 2445 4644 ac
2476 4584 2730 4643 virtutes.
2778 4586 2839 4641 Si
2873 4588 2996 4658 quis
3022 4602 3157 4659 vero
3184 4589 3253 4643 de
3279 4588 3486 4659 hymno
3515 4590 3695 4659 aliquo
3719 4584 3777 4640 ad

2194 4674 2319 4714 eum
2354 4675 2511 4714 usum
2539 4661 2843 4729 composito
2870 4657 3020 4713 malit
3042 4657 3296 4729 intelligi,
3320 4657 3433 4715 non
3463 4657 3778 4730 pertinacius

2193 4730 2629 4797 obluctabimur;
2676 4745 2838 4801 supra
2880 4730 3062 4802 enim,
3084 4744 3206 4802 cap.
3239 4730 3305 4797 5,
3337 4733 3429 4787 ubi
3461 4749 3518 4788 ιι.
3555 4733 3622 4788 18
3647 4745 3776 4802 qua}-

2193 4802 2316 4856 dam
2342 4816 2409 4856 ex
2437 4816 2505 4857 eo
2534 4803 2743 4873 psalmo
2771 4801 3095 4856 inanioravit
3133 4801 3302 4858 fuisse
3331 4805 3558 4859 recitata
3580 4845 3598 4870 ,
3631 4801 3777 4873 paulo

2197 4880 2317 4942 post
2344 4872 2566 4940 subdit,
2597 4872 2767 4928 His...
2789 4873 2950 4946 dictis
2975 4884 3023 4926 et
3051 4873 3230 4928 multis
3259 4891 3417 4946 supra
3444 4876 3678 4930 castitate
3699 4883 3777 4946 tua

2190 4940 2497 5016 prtcconiis;
2524 4959 2644 5011 qua:
2674 4944 2894 5015 quidem
2912 4946 3092 5016 _verha
3123 4960 3229 5000 non
3261 4940 3487 5002 niiniutn
3511 4955 3696 5002 coacte
3714 4940 3774 4997 ad

2195 5014 2506 5087 ltujusmodi
2539 5014 2795 5087 hymnum
2838 5014 3035 5072 referri
3069 5028 3318 5084 possunt.

2191 5158 2211 5212 ι
2270 5096 2292 5124 ο
2334 5084 2497 5144 Pauci
2526 5084 2684 5155 mss.,
2705 5088 2913 5157 spinam
2938 5088 2998 5142 in
3020 5089 3219 5143 inesse?
3239 5088 3308 5143 Et
3326 5088 3535 5161 quidem
3554 5089 3603 5144 si
3630 5096 3677 5143 te
3699 5101 3772 5140 so-

2213 5173 2319 5212 am.
2351 5168 2458 5212 CIC.

2213 5173 2319 5222 am,
2351 5168 2458 5213 etc.

2264 5225 2554 5300 dnl’lurimi
2585 5230 2744 5285 codd.
2769 5238 3013 5300 perpetuo
3040 5230 3290 5287 dedecore
3309 5232 3621 5298 exsultabit;
3650 5243 3768 5287 non-

2193 5298 2349 5361 nulli,
2381 5301 2675 5357 exsultavit.

2268 5382 2292 5448 εί
2332 5370 2566 5426 Floriac.
2620 5372 2791 5429 codex
2839 5382 2895 5428 ct
2943 5373 3336 5443 Pseudohier.,
3384 5375 3770 5448 depopulatione

2192 5442 2567 5498 dedecoratam.

2268 5513 2287 5550 ί
2330 5513 2458 5569 Mss.
2490 5515 2758 5581 nonnulli,
2790 5518 3092 5571 tentandum
3128 5527 3202 5571 est
3230 5519 3484 5573 auxilium
3518 5518 3671 5572 illud.

2265 5594 2290 5631 ε
2332 5584 2460 5640 Post
2481 5601 2665 5642 vocem
2687 5600 2999 5660 peccatores,
3028 5588 3183 5643 Rom.
3209 5589 3343 5644 edit.
3370 5605 3401 5645 e
3427 5588 3760 5660 Pseudohier.

2192 5657 2245 5710 in
2282 5665 2485 5733 textum
2536 5657 2885 5715 transtulerat
2942 5670 3183 5733 reuocant
3219 5660 3283 5714 ab
3325 5677 3528 5732 errore,
3562 5674 3678 5733 qua:
3714 5659 3763 5713 in

2191 5738 2302 5784 ant.
2336 5727 2465 5784 edit.
2498 5743 2561 5785 ac
2592 5747 2722 5789 mss.
2757 5733 2956 5791 nostris
2984 5732 3385 5791 desiderantur.
