4042 6294
277 275 384 334 577

1085 280 1173 338 DE
1211 280 1435 341 LAPSU
1476 281 1772 342 VIRGINIS
1807 281 2289 345 CONSECRATE
2331 285 2536 344 LIBER
2575 286 2779 347 UNUS.

3455 301 3463 310 '
3481 293 3588 352 578

279 407 392 448 non
417 391 608 449 verbis
636 393 847 466 agenda
880 403 986 462 est,
1019 394 1114 451 sed
1148 402 1206 451 et
1238 393 1403 451 facto.
1438 395 1565 452 Haec
1596 407 1776 454 autem
1803 397 1884 455 sic
1908 408 1961 467 Α
1989 401 2171 458 cilicio
2217 402 2629 473 perhorrescat;
2659 402 2807 475 quod
2851 403 2997 460 male
3038 402 3145 461 sibi
3176 404 3246 464 de
3283 406 3588 479 pulchritu-

277 484 480 556 agitur,
505 485 554 542 si
600 486 698 541 tibi
744 495 872 544 ante
921 487 1112 543 oculos
1141 500 1314 558 ponas
1353 487 1423 544 de
1452 498 1654 559 quanta
1704 490 1879 561 gloria

278 578 483 645 rueris,
528 589 587 636 et
637 579 708 638 de
736 596 847 653 quo
877 580 1018 637 libro
1055 583 1179 637 vitte
1202 595 1400 638 nomen
1434 591 1583 638 tuum
1628 582 1878 641 deletum

280 670 383 737 sit;
415 679 474 726 et
503 672 551 727 si
593 681 647 728 te
666 672 780 744 jam
824 674 1017 729 credas
1049 688 1219 744 prope
1267 674 1410 743 ipsas
1445 675 1678 746 positam
1730 685 1885 732 tene-

279 762 409 820 bras
437 766 772 832 exteriores,
805 766 895 822 ubi
923 767 1032 823 erit
1059 768 1221 823 ﬂetus
1248 767 1557 836 oculorum,
1596 780 1649 825 et
1678 770 1884 826 stridor

278 856 529 914 dentium
563 857 684 915 sine
729 860 861 917 line.
904 858 1043 916 Cum
1086 861 1206 917 hate
1252 870 1405 917 certa
1435 860 1562 930 ﬁde,
1594 864 1735 918 sicut
1772 872 1879 931 est,

278 950 464 1007 animo
493 951 837 1023 conceperis,
861 953 988 1024 quia
1021 967 1245 1009 necesse
1270 963 1358 1009 est
1389 954 1882 1025 praevaricatricem

278 1048 516 1103 animam
550 1049 806 1104 tartareis
835 1048 1035 1119 poenis,
1058 1058 1115 1104 et
1162 1048 1430 1120 gehennae
1476 1049 1691 1120 ignibus
1720 1049 1880 1118 tradi,

280 1158 383 1201 nec
426 1143 575 1199 aliud
623 1143 926 1201 remedium
974 1145 1334 1202 constitutum
1380 1160 1504 1201 esse
1549 1154 1671 1216 post
1717 1160 1883 1201 unum

281 1237 614 1309 baptismum
639 1253 802 1310 quam
842 1240 1180 1310 poenitentiae
1210 1240 1497 1307 solatium;
1538 1240 1884 1313 quantamvis

278 1330 661 1403 afﬂictionem,
693 1336 1045 1405 quantumvis
1075 1335 1318 1392 laborem
1348 1337 1534 1392 subire
1560 1377 1573 1402 ,
1606 1346 1725 1393 esto
1750 1351 1882 1393 con-

282 1434 453 1495 tenta,
481 1425 779 1484 dummodo
808 1429 878 1485 ab
902 1429 1257 1487 aeternalibus
1278 1431 1455 1502 poenis
1484 1431 1756 1489 libereris.

348 1520 442 1577 35.
471 1521 614 1592 Ergo
644 1523 763 1579 haec
791 1532 846 1579 ιιι
880 1533 1057 1580 tecum
1088 1525 1357 1597 cogitans,
1383 1537 1441 1583 et
1461 1536 1644 1583 mente
1674 1538 1881 1583 retrac—

278 1623 423 1684 tans,
459 1615 588 1673 facti
618 1618 694 1674 tui
741 1620 857 1689 ipsa
896 1618 1064 1691 iudex
1108 1629 1229 1676 esto
1272 1620 1572 1677 crudelior.
1602 1621 1658 1677 In
1692 1621 1884 1692 primis

276 1712 462 1766 omnis
502 1726 632 1767 cura
681 1713 809 1768 vita:
856 1712 1016 1785 hujus
1046 1723 1069 1750 ἰ
1111 1714 1472 1770 interimenda
1521 1715 1617 1771 tibi
1659 1725 1780 1784 est,
1828 1725 1883 1772 et

1985 493 2112 551 dine
2142 494 2366 567 placuit.
2399 492 2509 552 Cor
2539 510 2671 552 vero
2694 496 2767 552 sit
2792 495 3105 569 liquescens
3132 507 3406 571 tamquam
3435 516 3585 572 cera,

1981 590 2208 663 jejuniis
2255 592 2565 663 inquietans
2597 593 2864 665 seipsum,
2897 602 2952 650 et
2982 593 3402 666 cogitationibus
3455 612 3586 653 ven-

1987 685 2168 751 lilans,
2192 701 2361 757 quare
2382 687 2451 741 sit
2474 687 2543 743 ab
2568 686 2794 743 inimico
2819 688 3168 745 subversum.
3190 687 3399 746 Sensus
3420 690 3584 747 etiam

1986 780 2293 845 crucietur;
2341 781 2468 849 quia
2514 781 2567 835 in
2614 779 2856 837 membra
2893 782 3145 852 corporis
3192 796 3316 839 cum
3359 782 3587 842 haberet

1984 874 2438 942 dominationem,
2472 876 2618 931 malo
2648 879 2815 931 cessit
2844 876 3096 947 imperio.

2057 965 2147 1023 '56.
2189 967 2338 1023 Talis
2384 967 2491 1023 vita
2518 1009 2534 1035 ,
2566 967 2687 1024 talis
2736 969 2878 1026 actio
2920 970 3280 1042 ptenitentite,
3324 971 3369 1028 si
3421 971 3587 1030 fuerit

1986 1076 2341 1132 perseverans
2362 1105 2377 1131 ,
2425 1062 2648 1119 audebit
2692 1078 2916 1135 sperare
2940 1107 2956 1131 ,
2993 1077 3014 1103 ε
3045 1067 3150 1122 etsi
3196 1080 3304 1122 non
3328 1066 3580 1139 gloriam,

1985 1153 2148 1228 315
2192 1164 2340 1212 certe
2390 1172 2564 1228 pinnae
2614 1159 2989 1226 vacationem;
3019 1157 3151 1215 dicit
3194 1159 3338 1216 enim
3389 1160 3580 1217 Deus:

1986 1245 2353 1306 Convertimini
2381 1253 2450 1307 ad
2487 1270 2586 1319 me,
2613 1262 2660 1307 et
2683 1262 2952 1310 convertar
2982 1255 3051 1310 ad
3078 1271 3185 1311 vos.
3219 1255 3584 1313 Convertimini

1986 1358 2049 1398 ea:
2071 1353 2175 1398 toto
2199 1344 2356 1401 corde
2380 1354 2569 1413 vestro,
2586 1348 2638 1401 in
2651 1348 2877 1420 jejunio,
2896 1357 2944 1403 et
2963 1351 3016 1403 in
3037 1350 3185 1420 ﬂetu,
3204 1360 3253 1405 et
3273 1352 3327 1406 iu
3347 1351 3583 1425 planctu;

1986 1435 2264 1509 dirumpite
2300 1439 2460 1494 corda
2484 1450 2674 1507 vestra,
2707 1450 2754 1495 et
2784 1458 2886 1497 non
2917 1443 3300 1510 vestimentum;
3338 1446 3584 1516 quoniam

1988 1529 2210 1599 piusdet
2234 1532 2527 1587 misericors
2577 1542 2651 1586 est
2682 1531 2825 1604 (lae!
2852 1549 2910 1595 ιι,
2939 1533 3044 1600 22,
3072 1534 3189 1607 23).
3228 1536 3319 1593 Sic
3357 1551 3587 1594 conver-

1987 1638 2080 1677 sus
2128 1638 2355 1694 magnus
2402 1624 2494 1680 ille
2540 1625 2705 1680 David
2749 1626 3080 1697 jnstilicatus
3125 1639 3237 1696 est;
3267 1631 3346 1687 sic
3392 1630 3585 1689 Ninive

1988 1716 2259 1784 peccatrix
2294 1717 2380 1772 illa
2410 1717 2601 1773 civitas
2630 1718 3028 1776 incumbentem
3058 1720 3160 1776 sibi
3204 1722 3377 1778 evasit
3399 1722 3586 1780 interi-

276 1803 436 1873 quasi
459 1817 731 1862 mortuam
764 1815 816 1864 te
840 1808 1164 1864 existimans
1185 1851 1201 1875 ,
1240 1810 1384 1865 sicut
1411 1819 1466 1865 et
1496 1825 1578 1874 es,
1610 1810 1883 1881 quomodo
1912 1819 1961 1880 Β
1990 1820 2101 1866 tum
2136 1810 2199 1883 (ll
2229 1810 2358 1883 Reg.
2393 1828 2488 1879 xu,
2524 1813 2638 1881 l3).
2674 1812 2935 1869 Peccator
2963 1829 3100 1887 ergo
3133 1815 3177 1870 si
3208 1816 3311 1872 sibi
3343 1816 3445 1888 ipsi
3475 1831 3583 1875 non

279 1895 460 1966 possis
487 1900 839 1969 reviviscere,
868 1902 1070 1972 cogita.
1106 1901 1313 1958 Deinde
1345 1902 1588 1974 lugubris
1615 1903 1708 1958 tibi
1740 1905 1883 1958 acci-

280 1992 481 2064 pienda
510 2003 600 2051 est
629 1997 817 2063 vestis,
845 2007 900 2053 et
929 2013 1084 2053 mens
1111 2012 1176 2054 ac
1206 1998 1449 2054 membra
1480 1998 1689 2069 singula
1720 1999 1881 2069 digna

277 2089 645 2158 castigatione
675 2091 969 2162 punienda.
1018 2092 1388 2161 Amputentur
1413 2093 1626 2161 crines,
1658 2094 1751 2164 qui
1784 2109 1884 2165 per

280 2197 485 2240 vanam
532 2184 764 2256 gloriam
815 2187 1161 2243 occasionem
1211 2187 1439 2244 luxuria:
1489 2190 1877 2260 praestiterunt.

278 2275 537 2333 Defluant
561 2280 704 2335 oculi
736 2280 1025 2354 lacrymis,
1057 2282 1149 2352 qui
1183 2283 1481 2338 masculum
1515 2298 1622 2338 non
1670 2283 1881 2355 simpli-

277 2369 423 2425 eiter
469 2382 820 2444 aspexerunt.
867 2373 1135 2429 Pallescat
1177 2373 1374 2440 facies,
1403 2390 1523 2446 quae
1551 2375 1822 2446 quondam
1851 2375 1878 2414 δ

279 2460 514 2519 irrubuit
560 2466 853 2537 impudice.
908 2468 1148 2538 Denique
1197 2477 1366 2523 totum
1414 2483 1616 2539 corpus
1666 2469 1879 2541 injuriis

278 2561 336 2609 et
359 2555 586 2626 jejuniis
613 2568 921 2616 macerctur
946 2600 961 2627 ,
1001 2561 1186 2616 cinere
1224 2576 1507 2629 aspersum
1541 2569 1595 2617 et
1625 2571 1875 2632 opertum

357 2686 382 2748 ξι
423 2675 502 2731 Ita
522 2691 712 2733 omnes
739 2676 869 2733 edit.
895 2692 1017 2732 cum
1048 2692 1177 2732 mss.
1203 2678 1369 2732 multo
1393 2678 1678 2748 pluribus:
1708 2678 1876 2734 Pseu-

280 2746 498 2803 dobier.
545 2758 726 2805 autem
758 2764 881 2805 cum
914 2763 1045 2803 mss.
1078 2749 1289 2804 duobus
1310 2791 1324 2813 ,
1355 2746 1742 2806 intermittenda
1788 2750 1878 2805 tibi

280 2828 383 2893 est.
416 2820 592 2875 Minus
619 2821 907 2877 concinne.
944 2821 1040 2876 llic
1068 2836 1231 2890 porro
1261 2822 1576 2877 summatim
1611 2823 1881 2893 ptrniten-

284 2892 375 2964 tia:
406 2893 666 2964 exercitia
698 2902 1088 2964 proponuntur,
1123 2903 1228 2946 tam
1260 2893 1517 2948 interiora
1544 2892 1703 2963 quam
1727 2905 1881 2951 exte-

283 2962 457 3019 riora.
514 2962 570 3018 lu
621 2962 815 3036 quibus
857 2964 1138 3034 lugubrem
1196 2976 1400 3018 vestem
1452 2976 1503 3019 et
1555 2962 1874 3034 eapillorum

282 3036 681 3107 resecationem
708 3036 980 3092 numerari
1009 3037 1052 3091 si
1082 3036 1201 3107 quis
1232 3037 1517 3091 mirabitur
1540 3078 1554 3098 ,
1588 3040 1746 3093 adeat
1767 3039 1880 3092 Mo-

282 3106 465 3161 riumn
489 3108 558 3163 de
584 3108 873 3164 Administ.
891 3103 1208 3164 Pmnitﬁlih.
1233 3123 1310 3171 tv,
1332 3124 1453 3176 cap.
1481 3109 1569 3169 17,
1594 3126 1746 3164 num.
1775 3112 1805 3164 7
1829 3120 1885 3167 et
1911 3103 1955 3164 C

283 3192 402 3248 seq.
435 3178 525 3234 ubi
557 3180 747 3235 eadem
780 3181 870 3235 illa
896 3189 1025 3235 tunc
1070 3180 1332 3250 temporis
1359 3181 1746 3250 paenitentibus
1779 3183 1884 3236 im-

288 3259 478 3317 perata
523 3266 645 3306 esse
691 3254 947 3321 reperiet.
987 3251 1182 3307 Verum
1226 3267 1350 3307 cum
1387 3264 1577 3313 agatur
1612 3254 1713 3307 hoc
1761 3254 1884 3309 loco

289 3322 360 3375 de
398 3323 603 3392 virgine
651 3325 759 3379 Deo
809 3335 1144 3385 consecrata,
1177 3325 1279 3378 alia
1335 3323 1627 3378 difﬁcultas
1668 3341 1732 3378 ex
1785 3340 1883 3379 usu

292 3396 545 3466 praesenti
575 3412 682 3466 quo
723 3396 864 3451 solet
899 3398 1071 3452 sacris
1110 3396 1409 3463 virginibus
1443 3410 1598 3450 coma
1644 3395 1881 3462 tonderi,

290 3464 554 3538 oboritur.
596 3464 761 3538 ’Διαιιί
808 3478 1015 3524 certum
1060 3477 1143 3521 est
1186 3467 1313 3522 olim
1363 3467 1543 3521 hacin
1575 3481 1633 3521 re
1678 3468 1883 3522 variam

287 3550 393 3607 pro
442 3537 700 3595 varietate
750 3541 993 3594 locorum
1042 3538 1208 3593 fuisse
1255 3538 1619 3606 disciplinam.
1671 3538 1881 3593 Etenim

287 3618 489 3682 prmter
529 3611 722 3682 synodi
768 3609 972 3681 Gangr.
1018 3625 1164 3665 anno
1191 3652 1204 3674 ,
1234 3621 1289 3682 ut
1324 3609 1513 3665 volunt
1536 3652 1550 3675 ,
1576 3609 1705 3675 324,
1734 3610 1881 3665 cele-

287 3681 459 3734 brata:
504 3681 630 3737 can.
664 3682 752 3750 17,
803 3684 996 3738 velatis
1037 3681 1383 3751 virginibus,
1412 3691 1470 3736 ut
1518 3697 1622 3737 non
1672 3682 1883 3738 levibus

283 3752 593 3808 rationibus
641 3765 831 3809 contra
881 3755 1170 3809 Baronium
1200 3770 1227 3806 τι
1256 3769 1365 3822 quo
1412 3752 1553 3808 idem
1598 3768 1772 3808 canon
1813 3753 1884 3810 de

285 3824 626 3897 tnuligrculis
661 3826 979 3895 quihusdam
1010 3826 1283 3881 haereticis
1315 3825 1367 3878 in
1398 3824 1548 3897 Notis
1582 3826 1647 3879 ad
1680 3825 1879 3897 Marty-

283 3895 388 3967 τοι.
422 3894 586 3951 Rom.
618 3894 692 3952 xu
731 3897 837 3953 kal.
872 3898 992 3953 Oct.
1028 3898 1367 3967 intelligitur,
1403 3895 1646 3953 defendit
1675 3894 1883 3950 Gotho-

283 3965 473 4022 fredus
497 4011 513 4031 ,
547 3985 679 4039 ergo
711 3981 907 4038 praeter
941 3971 1082 4023 hunc
1113 3965 1235 4024 cati.
1271 3980 1492 4022 toosura
1521 3970 1623 4024 sub
1648 3967 1879 4025 anathe-

284 4049 432 4111 niate
460 4039 768 4107 virginibus
795 4040 1206 4095 interdieeutem
1228 4082 1244 4105 ,
1290 4048 1495 4105 etstat,‘
1520 4042 1637 4111 ipso
1664 4055 1881 4111 quoque

282 4108 487 4183 [alente
538 4112 773 4168 Baronio
798 4154 811 4176 ,
863 4112 1155 4168 Theodosii
1207 4112 1290 4166 lex
1335 4112 1438 4175 27,
1474 4108 1553 4167 de
1589 4108 1881 4183 Epirscfet

282 4179 509 4249 Cleric.,
540 4199 644 4255 qua
676 4184 804 4239 illud
838 4185 1014 4253 ipsum
1059 4183 1261 4238 eisdem
1288 4183 1593 4255 virginibus
1624 4179 1879 4253 prohibe-

285 4263 389 4311 tur.
427 4257 558 4310 Data
585 4256 681 4311 fuit
710 4272 772 4312 ea
802 4257 886 4311 lex
913 4271 1002 4310 an.
1037 4255 1164 4316 590.
1190 4254 1333 4309 etde
1363 4271 1631 4309 consensu
1659 4255 1876 4324 quidem

281 4326 703 4396 episcoporum;
728 4344 849 4381 cum
874 4327 1061 4382 eadem
1090 4340 1305 4396 queque
1335 4326 1697 4397 anathematis
1721 4342 1876 4396 pmna

282 4398 536 4467 imposita
562 4402 655 4454 sit.
692 4400 905 4455 Puellas
932 4412 1117 4454 sacras
1147 4399 1352 4452 crinem
1398 4398 1597 4453 aluisse
1623 4414 1685 4451 ac
1714 4416 1878 4466 SpOll-

1988 1905 2331 1976 pepercerit,
2358 1920 2389 1960 a
2422 1905 2537 1962 Deo
2568 1907 2647 1962 illi
2678 1918 2932 1978 parcetur
2964 1906 3146 1981 (Joan.
3180 1925 3258 1979 ιιι,
3288 1911 3323 1967 5
3354 1921 3401 1967 et
3426 1913 3585 1986 seq.).

1986 1999 2056 2055 Et
2079 2000 2123 2054 si
2156 1998 2365 2055 futuras
2392 2013 2583 2070 poenas
2602 2002 2868 2071 gehennm
2891 2011 3183 2072 perpetuas
3204 2002 3257 2058 in
3284 2002 3387 2060 hoc
3415 2017 3588 2074 parvo

1987 2094 2111 2150 vita:
2160 2098 2336 2163 spatio
2362 2095 2821 2166 compensaverit,
2845 2096 3085 2170 seipsum
3111 2098 3183 2154 ab
3211 2109 3418 2158 aeterno
3447 2099 3590 2172 iudi-

1986 2187 2071 2243 cio
2098 2187 2372 2243 liberabit.

2058 2282 2149 2337 '57.
2175 2281 2377 2339 Grandi
2420 2283 2592 2354 plaga:
2620 2283 2728 2340 alta
2777 2293 2835 2340 et
2876 2284 3086 2353 prolixa
3115 2300 3254 2356 opus
3284 2294 3372 2343 est
3414 2287 3589 2344 medi-

1987 2376 2109 2432 cina
2160 2392 2174 2429 :
2222 2374 2431 2445 grande
2467 2374 2646 2430 scelus
2692 2374 2954 2447 grandem
3008 2377 3172 2434 habet
3217 2380 3583 2436 necessariam

1990 2468 2435 2524 satisfactionem.
2486 2480 2509 2506 θ
2536 2468 2671 2525 Nam
2695 2483 2802 2525 non
2850 2478 2935 2526 est
2968 2469 3194 2527 dubium
3237 2471 3412 2528 levius
3460 2488 3585 2530 esse

1986 2563 2216 2631 crimen,
2242 2562 2330 2617 ubi
2359 2572 2642 2633 peccatum
2673 2578 2830 2619 suum
2854 2562 2999 2620 ultro
3021 2562 3189 2622 homo
3209 2564 3590 2634 coniitetur,et

1987 2677 2112 2733 riari
2161 2680 2246 2749 pia
2300 2679 2647 2735 aemulatione
2695 2688 2951 2736 testatum
3000 2682 3222 2737 vellent.
3264 2681 3371 2739 Sed
3400 2683 3471 2739 de
3501 2682 3586 2740 bis

1989 2763 2191 2826 przeter
2202 2763 2532 2826 memoratos
2541 2762 2802 2826 auctores
2826 2753 3129 2809 luculenter
3154 2763 3384 2826 egerunt
3408 2757 3586 2826 Spen-

1986 2837 2131 2877 cteus
2184 2824 2278 2878 lib.
2321 2839 2354 2876 v
2398 2823 2468 2880 de
2512 2822 2634 2879 Voti
2689 2824 2999 2894 liedempt.,
3047 2839 3167 2892 cap.
3198 2825 3266 2889 3;
3296 2822 3588 2884 Menardus

1989 2905 2181 2968 noster
2207 2896 2258 2950 in
2293 2896 2539 2968 Sacram.
2572 2894 2802 2966 Gregor.
2853 2912 2974 2968 pag.
3010 2896 3164 2968 72l2;
3208 2895 3436 2953 Heeften
3467 2899 3587 2954 Dis-
3650 2940 3655 2943 μ

1987 2967 2129 3042 quis.
2158 2969 2388 3024 Monast.
2420 2966 2604 3042 liva,
2634 2968 2775 3039 disq.
2810 2966 2967 3042 7‘,et
3004 2967 3326 3025 'l‘homassin
3357 2970 3585 3042 Discipl.

1990 3036 2227 3111 Eccles.,
2258 3048 2398 3107 part.
2428 3055 2469 3111 ι,
2500 3040 2592 3096 lib.
2626 3055 2663 3107 ι,
2692 3036 2812 3111 cap.
2843 3041 2932 3096 50.

2063 3109 2090 3149 ι»
2129 3113 2330 3166 Omnes
2374 3109 2508 3166 edit.
2554 3126 2619 3166 ac
2663 3109 2797 3167 mss.
2843 3113 3089 3182 aliquot,
3121 3112 3278 3167 viruit
3305 3112 3584 3182 impudice.

1991 3182 2207 3241 Minime
2239 3182 2409 3249 male;
2449 3182 2615 3238 viruit
2643 3184 2789 3239 enim
2814 3185 2951 3238 sumi
2983 3185 3262 3254 eleganter
3283 3193 3463 3254 potest
3485 3200 3586 3254 pro

1990 3254 2177 3327 viguit,
2205 3269 2315 3324 quo
2342 3268 2505 3308 sensu
2522 3254 2737 3327 Tullius
2759 3256 3066 3309 viriditatem
3081 3253 3302 3320 habere,
3326 3265 3380 3327 et
3413 3253 3588 3311 Hora-

1989 3326 2096 3381 tius
2126 3326 2285 3379 vinre
2304 3341 2469 3395 genua
2499 3326 2755 3380 dixerunt
2780 3344 2792 3374 :
2818 3327 2910 3380 alii
2939 3340 3115 3381 tamen
3146 3341 3278 3381 mss.
3314 3326 3494 3396 plures
3523 3341 3588 3384 ac

1986 3399 2252 3483 potiores,
2278 3397 2496 3451 irrubuit
2509 3397 2802 3483 impudice.
2834 3396 3017 3483 Neque
3050 3396 3154 3452 hoc
3194 3398 3393 3483 ip‘sum‘
3414 3399 3587 3483 magis

1988 3468 2206 3551 inscite;
2237 3482 2361 3551 nam
2392 3477 2749 3549 praeterquam
2778 3470 2924 3551 quod
2979 3470 3118 3524 inter
3143 3468 3393 3551 pauescat
3417 3480 3467 3551 et
3506 3468 3579 3525 ir-

1985 3540 2162 3593 rubuit
2207 3538 2527 3594 concinnius
2574 3550 2657 3594 est
2700 3538 3001 3594 antitheton
3026 3582 3040 3605 ,
3085 3539 3251 3595 rubor
3282 3540 3332 3595 in
3362 3538 3500 3596 facie
3527 3552 3587 3597 ut

1986 3612 2144 3666 bona:
2174 3609 2526 3676 valetudinis,
2560 3611 2632 3666 ita
2660 3612 2825 3666 etiam
2877 3611 3215 3666 vehementis
3242 3611 3468 3667 aifectus
3502 3611 3586 3668 in-

1985 3683 2185 3737 dicium
2215 3691 2318 3737 est.
2348 3683 2547 3738 lterum
2580 3698 2680 3753 pro
2706 3683 2911 3751 injuriis
2939 3692 2987 3736 et
3009 3683 3253 3754 jejnniis,
3286 3696 3416 3737 mss.
3448 3698 3585 3740 non-

1985 3755 2140 3820 nulli,
2169 3754 2371 3809 incuria
2418 3763 2465 3809 et
2494 3755 2734 3827 jejuttiis.
2768 3754 2883 3810 Non
2930 3754 3169 3827 absurde
3198 3754 3456 3827 quidem,
3486 3757 3585 3813 sed

1986 3835 2164 3881 tamen
2195 3842 2301 3880 non
2336 3825 2592 3879 mutanda
2626 3840 2727 3897 vox
2778 3826 3023 3897 injuriis;
3056 3825 3376 3897 idemenim
3408 3836 3496 3882 est
3518 3843 3584 3883 ac

1982 3898 2152 3968 rigida
2184 3907 2238 3952 et
2264 3911 2455 3968 aspera
2502 3896 2876 3968 castigatione,
2912 3907 2969 3951 ut
2995 3897 3092 3952 lib.
3124 3912 3161 3952 ιι
3188 3896 3256 3953 de
3282 3897 3581 3966 Abraham,

1981 3965 2103 4038 ca'p.
2132 3968 2187 4034 8,
2220 3965 2369 4022 nutu.
2401 3965 2492 4030 5i,
2524 3967 2687 4021 vitula
2719 3967 2916 4022 dicitur
2946 3967 3151 4023 domari
3188 3969 3415 4036 injuriis.
3446 3965 3583 4025 P084

1984 4050 2159 4095 tremo
2183 4040 2287 4097 ubi
2304 4053 2493 4094 omnes
2519 4039 2649 4094 edit.
2677 4054 2741 4094 ac
2763 4055 2895 4094 mss.
2924 4050 3154 4109 excepto
3183 4038 3355 4094 Flor..
3381 4041 3447 4094 de
3466 4042 3588 4110 pul-

1981 4111 2275 4236 (/llrillfziilw
2317 4111 2553 4182 placuit;
2584 4110 2727 4166 idern
2758 4111 2901 4168 Flor.
2934 4112 3097 4169 habet
3123 4153 3140 4179 ,
3168 4112 3233 4165 de
3264 4112 3585 4184 turpitudine

1981 4201 2012 4236 υ
2036 4199 2150 4236 acui
2183 4222 2196 4236 .

2036 4184 2196 4237 acuit.

2017 4201 2196 4237 ιαειιιι.

1977 4201 2012 4254 p
2057 4267 2078 4293 ο
2120 4253 2303 4310 Codex
2332 4253 2609 4324 Regiom.,
2634 4256 2727 4309 etsi
2755 4273 2856 4310 non
2876 4271 3149 4319 coronant,
3167 4264 3335 4308 tamen
3356 4254 3579 4321 neniam,

1978 4336 2025 4378 et
2056 4339 2257 4397 certum
2293 4341 2455 4396 pwna:
2489 4329 2865 4381 evacuationem
2893 4342 2912 4380 :
2935 4326 3126 4397 reliqui
3157 4334 3337 4381 autem
3366 4336 3421 4381 et
3445 4326 3584 4383 edit.

1980 4399 2112 4453 nihil
2162 4396 2446 4461 dilferunt.
2481 4398 2585 4452 nisi
2630 4399 2773 4468 quod
2806 4400 2897 4453 ubi
2943 4396 3075 4452 edit.
3130 4411 3195 4452 ac
3241 4398 3398 4467 pauci
3443 4412 3581 4454 mss.

281 4484 464 4549 sarum
518 4473 987 4549 instarAsparsum
1029 4469 1875 4549 ges_sisse__aue_tor_est_Optatus
1906 4487 1956 4549 ι)
1985 4468 2302 4538 ριωΐειυιιι,
2332 4470 2687 4549 υαειιριὶοιιειιι
2732 4480 2827 4525 aut
2847 4469 3280 4549 Δειγηειιιιιξοιιειρη
3306 4469 3397 4524 alii
3446 4484 3581 4527 mss.

281 4540 647 4598 Milevitanus.
691 4538 1010 4599 Ambrosius
1036 4538 1216 4596 Veliam
1262 4540 1355 4594 lib.
1387 4540 1456 4595 de
1497 4538 1675 4596 Instit.
1700 4538 1876 4611 ‘Virg.

280 4628 402 4685 cap.
456 4615 524 4670 17
568 4626 621 4668 ει
666 4612 998 4686 Augustinus
1044 4614 1204 4686 epist.
1248 4611 1350 4667 l09
1399 4613 1543 4686 satis
1574 4612 1876 4677 declarant.

278 4683 421 4757 apud
458 4683 988 4757 populares'suosiut
1017 4683 1254 4754 virgines
1275 4697 1485 4757 comam
1515 4684 1875 4757 deponerent.

279 4755 491 4813 morem
524 4755 634 4814 non
676 4757 861 4812 fuisse.
906 4755 1091 4826 Neque
1138 4770 1266 4811 vero
1317 4755 1449 4809 illud
1494 4756 1634 4811 idem
1685 4772 1875 4825 parum

277 4840 470 4898 aperte
512 4830 712 4885 iudicat
768 4829 1127 4898 Hieronymus
1186 4827 1346 4896 epist.
1377 4829 1464 4891 48,
1522 4828 1588 4881 ad
1631 4827 1878 4882 Sabinia-

276 4918 432 4968 num,
463 4902 687 4972 quando
723 4899 946 4970 quidem
991 4915 1114 4953 eutn
1156 4899 1386 4972 capillos
1412 4900 1616 4954 amoris
1658 4900 1877 4972 obsides

275 4970 560 5043 accepisse
590 4974 749 5027 docet
775 4973 845 5043 ah
869 4985 932 5025 ea
970 4970 1199 5043 rmoniali
1224 5011 1238 5036 ,
1269 4984 1427 5043 quam
1460 4982 1790 5043 corruperat
1816 4971 1874 5027 in

277 5041 613 5100 monasterio
642 5042 1116 5106 Bethlehcmitico,
1155 5043 1205 5096 in
1235 5041 1378 5112 quod
1416 5042 1507 5096 illa
1537 5057 1659 5097 cum
1688 5041 1876 5099 Romae

276 5119 461 5170 velum
491 5116 811 5186 accepisset,
862 5129 923 5169 se
968 5112 1508 5186 receperat._(1ontra
1554 5114 1872 5186 vero_itlent

276 5182 649 5260 Hieronymus
673 5186 1025 5260 citataiepist.
1057 5182 1551 5260 traditobtinuisse
1579 5186 1632 5260 in
1654 5182 1877 5257 Αἴθρη)ιί

274 5270 325 5315 et
342 5255 522 5331 Syrius
565 5258 886 5314 monasteriis
900 5255 921 5331 ν,
952 5266 1007 5311 ut
1034 5265 1138 5311 tam
1176 5255 1337 5331 Virgo
1365 5272 1518 5325 quam
1544 5256 1697 5331 viduo
1716 5255 1877 5327 ,iqua:

275 5349 335 5386 se
362 5328 472 5385 Deo
499 5332 792 5388 noverint...
834 5330 1026 5384 crinem
1055 5328 1484 5400 monasteriorum
1514 5329 1765 5383 matribus
1796 5333 1877 5400 of-

277 5407 477 5475 ferrent
497 5404 867 5475 desecandum.
887 5401 1000 5456 lluc
1026 5401 1164 5475 adde
1180 5399 1485 5475 Palladium
1504 5401 1555 5455 in
1572 5399 1871 5475 Lausiacis,

275 5470 400 5546 cap.
451 5477 516 5531 41
550 5517 565 5538 ,
597 5475 686 5530 ubi
732 5473 1000 5544 virginum
1050 5470 1582 5546 hujusmodi_fuisse
1631 5472 1873 5528 hahitunt

274 5540 492 5608 scribit.
526 5558 582 5601 ut
611 5555 773 5601 essent
802 5540 962 5599 tonsa:
988 5554 1034 5599 et
1056 5540 1345 5599 cucullattv.
1377 5540 1588 5599 Citatur
1614 5552 1874 5614 praeterea

275 5634 404 5674 can.
438 5619 511 5674 66
538 5619 739 5674 Niemn.
769 5615 932 5685 Alph.
968 5615 1172 5682 Pisani;
1201 5629 1303 5671 nec
1343 5630 1449 5670 non
1508 5618 1673 5670 etiam
1702 5615 1868 5669 Atha-

272 5692 422 5747 nasii
449 5693 521 5746 de
566 5689 704 5746 Vera
734 5689 928 5758 virgin.
965 5703 1060 5757 pro
1106 5687 1300 5743 eodem
1347 5702 1486 5753 usu,
1517 5687 1606 5755 qui
1656 5686 1871 5758 tandem

272 5762 438 5836 solus
467 5762 714 5836 invaluit,
736 5757 861 5836 cum
891 5758 1107 5836 femina;
1135 5758 1581 5836 sanctimoniales
1613 5757 1875 5836 pmiiiten-

273 5835 369 5892 litt
411 5828 712 5906 insignibus
742 5833 862 5892 sesi:
892 5828 1000 5888 non
1030 5828 1207 5888 minus
1238 5833 1397 5902 quam
1430 5831 1727 5887 monachos
1753 5829 1872 5898 glo-

1986 4556 2180 4613 magno
2203 4556 2432 4613 numero
2463 4540 2669 4611 legunt,
2693 4542 3031 4596 vacationem.
3054 4538 3391 4613 Nondesunt
3418 4556 3586 4613 porro

1983 4610 2097 4682 qui'
2117 4627 2241 4669 cum
2268 4627 2337 4667 ex
2368 4612 2452 4666 his
2479 4610 2661 4668 verbis
2692 4622 2802 4668 tum
2833 4629 2900 4668 ex
2944 4613 3066 4667 aliis
3110 4611 3271 4682 epist.
3299 4610 3337 4665 2
3374 4610 3444 4668 ad
3474 4611 3587 4668 Ho-

1986 4693 2132 4739 ront.
2186 4684 2531 4739 Ambrosium
2592 4685 2855 4741 accedere
2913 4684 3169 4740 Veterum
3221 4684 3583 4753 quorumdam

1983 4754 2250 4824 opinioni,
2289 4770 2394 4826 qua
2424 4756 2674 4811 feruntur
2722 4757 2866 4811 inter
2908 4755 3191 4811 beatorum
3241 4754 3470 4823 gloriam
3519 4771 3584 4812 ac

1983 4826 2363 4882 damnatorum
2410 4841 2599 4895 pinnas
2645 4827 2879 4883 medium
2926 4826 3217 4896 quemdam
3247 4833 3450 4883 statum
3480 4828 3579 4883 ad-

1983 4899 2217 4965 misisse,
2240 4899 2309 4952 de
2331 4914 2440 4969 quo
2464 4901 2670 4953 dicetur
2695 4898 2762 4954 ad
2789 4899 3036 4955 eamdem
3064 4898 3227 4969 epist.
3260 4896 3373 4953 lloc
3401 4907 3582 4955 autem

1985 4971 2105 5043 loco
2156 4979 2364 5024 tantum
2417 4985 2702 5043 monemus
2755 4972 2897 5042 tangi
2946 4970 3168 5043 quidem
3224 4969 3584 5043 abAAuctgt-e

1982 5041 2390 5108 difﬁcultatem,
2438 5040 2533 5096 sed
2586 5039 3003 5098 inexamitfatam
3053 5041 3421 5111 prietermitti.
3480 5039 3582 5096 Hie

1982 5114 2127 5168 enim
2154 5113 2388 5167 oratoria
2427 5115 2712 5169 concessio
2739 5123 2841 5182 est,
2870 5114 3021 5183 quasi
3050 5114 3278 5177 diceret,
3308 5112 3435 5183 etsi
3457 5110 3580 5182 glo-

1984 5184 2119 5239 riam
2150 5184 2375 5255 adipisci
2404 5200 2513 5241 non
2545 5185 2886 5256 contingeret
2908 5229 2923 5251 ,
2952 5187 3023 5242 de
3048 5197 3157 5255 quo
3191 5198 3298 5239 non
3329 5182 3576 5256 disputo;

1982 5255 2176 5311 saltem
2233 5252 2520 5327 pinnarum
2563 5252 2834 5314 obtinebis
2896 5252 3310 5312 immunitatem.
3357 5252 3415 5311 Si
3458 5256 3581 5327 quis

1986 5337 2162 5400 tamen
2210 5339 2482 5384 exsortem
2513 5329 2703 5400 gloria:
2753 5329 2991 5385 futuram
3037 5327 3184 5400 illam
3218 5327 3482 5400 virginem
3510 5326 3580 5381 ab

1984 5398 2223 5456 Auctore
2245 5396 2854 5466 afﬁrmari'contendat,
2887 5398 3181 5456 dummodo
3210 5413 3318 5452 non
3347 5396 3578 5466 gloriam

1978 5484 2198 5543 otnuem
2224 5471 2511 5543 intelligat,
2546 5473 2640 5528 sed
2663 5473 2996 5543 singularem
3033 5470 3175 5523 illam
3207 5483 3326 5543 quin
3354 5469 3578 5543 virgini-

1978 5540 2081 5597 bus
2112 5552 2320 5612 pactam
2350 5538 2556 5600 ctialesti
2597 5538 2795 5614 sponso
2832 5542 2996 5598 fidem
3038 5538 3379 5595 servantibus
3408 5539 3577 5597 desti-

1976 5621 2103 5668 nata
2135 5623 2239 5681 est,
2271 5629 2462 5670 manus
2492 5615 2757 5670 dabimus.

2048 5682 2075 5723 ά
2098 5686 2223 5742 Edit
2250 5698 2303 5741 et
2326 5687 2542 5756 quidam
2566 5702 2724 5753 mss.,
2747 5696 2795 5741 et
2825 5685 3117 5756 misericors
3135 5700 3268 5739 sunt.

2054 5768 2076 5795 ο
2108 5754 2370 5829 Sequenti
2400 5759 2688 5829 sententia:
2718 5772 2879 5827 quam
2914 5755 3058 5829 apud
3077 5754 3436 5829 ‘Pseudohicr.
3457 5757 3579 5828 ipso

1976 5829 2153 5887 statim
2183 5825 2343 5901 hujus
2371 5829 2497 5887 libri
2534 5827 2690 5885 initio
2718 5825 3248 5897 exstare—diximus,
3295 5825 3573 5902 proprium
