4042 6294
474 244 579 302 579

1858 245 2101 304 5ΑΝ6Τ1
2139 245 2464 306 Ληθηοειι

475 359 737 431 poenitet:
771 370 830 417 at
859 361 948 418 ubi
975 363 1118 419 celat
1139 363 1280 419 mala
1311 378 1430 434 sua,
1465 363 1668 422 invitus
1694 365 1987 437 detegitur,
2016 372 2074 420 et
2099 367 2150 426 Α
2180 365 2254 419 tui
2283 364 2545 436 propositi
2571 365 2884 432 immemor,
2907 375 2964 423 et
2978 366 3172 436 iudicii
3191 368 3366 425 divini
3388 375 3759 446 contemptor!

477 457 670 513 nolens
693 457 1032 528 publicatur;
1057 458 1186 515 illud
1211 460 1429 531 gravius
1455 462 1635 518 scelus
1665 473 1770 517 est.
1795 459 1950 530 Quod
1976 460 2074 517 tibi

477 551 666 622 utique
698 551 1024 621 provenisse
1053 568 1252 626 negare
1285 569 1396 610 non
1445 555 1670 626 poteris.
1701 556 1768 611 Et
1808 555 1932 612 ideo
1965 555 2077 612 lor-

480 645 590 701 tius
610 645 944 713 dolendum;
976 646 1102 718 quia
1129 657 1407 717 peccatum
1439 657 1527 704 est
1554 647 1766 704 fortius.

553 738 642 794 58.
671 737 728 794 Si
756 746 938 794 mente
964 748 1286 796 cernerentu
1308 739 1556 796 homines
1581 749 1894 811 peccatores
1915 741 2078 811 quale

479 830 743 904 judicium
773 833 988 890 emittet
1017 833 1159 890 Deus
1198 835 1252 889 in
1287 834 1518 897 mundo,
1562 845 1618 890 et
1657 848 1851 890 sensus
1881 833 2076 890 buma-

484 941 588 982 nus
611 941 720 982 non
749 926 1158 998 dispergeretur
1182 925 1420 983 vanitate
1443 926 1718 993 steculari,
1751 942 1858 984 non
1886 926 2080 983 inlide-

485 1019 641 1078 litate
665 1030 982 1092 gravaretur
1014 1040 1029 1076 :
1070 1022 1414 1093 quantumvis
1442 1030 1500 1079 et
1527 1021 1831 1094 qualemvis
1869 1025 2080 1079 crucia-

486 1120 598 1169 tum
627 1113 694 1168 ad
729 1129 972 1186 praesens
995 1113 1355 1172 libentissime
1382 1116 1673 1174 sullerreut
1695 1158 1709 1182 ,
1751 1119 1964 1173 etiamsi
1993 1131 2079 1174 es-

487 1216 568 1264 set
589 1206 802 1279 longior
851 1207 994 1276 vita;
1041 1209 1340 1266 dummodo
1389 1211 1444 1266 in
1493 1211 1616 1268 illas
1659 1227 1851 1284 paruas
1886 1215 2078 1271 aeterni

489 1304 628 1377 ignis
665 1319 770 1360 non
799 1304 1165 1362 incurrerent.
1193 1305 1300 1362 Sed
1331 1314 1388 1362 tu
1431 1323 1552 1378 qua:
1593 1307 1705 1377 jam
1751 1310 1992 1379 ingressa
2020 1324 2083 1366 es

484 1416 713 1474 agonem
743 1402 1098 1472 poenitentiae,
1115 1404 1332 1472 insiste,
1347 1406 1545 1460 misera
1565 1423 1578 1460 :
1607 1403 1820 1462 fortiter
1837 1404 2080 1462 inhaeret

485 1505 737 1566 tanquam
769 1494 825 1551 in
857 1494 1151 1567 naufragiis
1180 1495 1400 1562 tabulae,
1438 1511 1670 1568 sperans
1699 1512 1804 1570 per
1825 1499 1996 1570 ipsam
2029 1507 2082 1554 te

485 1587 553 1644 de
583 1587 851 1658 profundo
895 1589 1187 1645 criminum
1221 1589 1460 1646 liberari.
1511 1588 1722 1647 lnbmre
1748 1591 2082 1662 paenitentia

486 1696 656 1752 usque
677 1681 745 1736 ad
774 1691 1080 1738 extremum
1109 1682 1255 1746 vitta.
1292 1697 1393 1740 nec
1425 1683 1521 1740 tibi
1550 1698 1849 1755 praesumas
1885 1687 1955 1744 ab
1983 1687 2085 1743 hu-

2178 457 2372 513 Melius
2390 457 2564 513 fuerat
2577 458 2802 514 omnino
2831 468 2882 515 te
2907 475 3016 515 non
3029 460 3199 518 luisse
3227 471 3441 532 natum,
3461 473 3658 537 1“quam
3685 467 3758 525 sie

2179 556 2382 616 natum,
2413 559 2468 604 ut
2495 559 2548 605 te
2564 549 2669 606 sibi
2688 550 2937 622 gebenna
2956 553 3238 624 proprium
3263 554 3435 610 lilium
3458 557 3757 615 vindicaret.

2248 642 2338 699 40.
2370 643 2432 698 Et
2455 643 2582 700 licet
2607 654 2660 700 te
2681 645 2798 717 ipsa
2819 645 3152 703 conscientia
3181 649 3404 705 sceleris
3425 659 3550 722 agat
3577 665 3672 722 per
3690 652 3762 708 dl-

2177 752 2337 794 versa
2369 738 2712 810 pratcipitem
2759 739 2917 813 (fugit
2943 740 3090 797 enim
3115 743 3310 814 impius
3351 743 3538 818 (Prov.
3563 761 3721 803 xxvm
3745 785 3762 818 ,

2181 831 2269 900 1),
2319 833 2526 887 nemine
2567 846 2902 906 persequente
2933 837 3206 908 se),licet
3245 847 3304 896 te
3341 841 3479 896 dirae
3517 844 3766 914 imagines

2179 928 2386 998 peccati
2406 927 2771 987 dormientem
2799 945 3018 1003 quoque
3033 941 3378 1003 perterreant
3398 973 3418 1003 ,
3465 945 3576 990 non
3605 937 3765 993 solum

2179 1020 2523 1088 vigilantem;
2553 1033 2732 1079 tamen
2764 1039 2836 1080 ne
2869 1023 3004 1096 quid
3049 1040 3078 1080 a
3123 1033 3344 1096 pastore
3373 1027 3462 1082 ovi
3495 1029 3767 1098 morbida,

2180 1113 2266 1170 vel
2295 1115 2572 1170 moriturae
2593 1115 2974 1172 medicaminis
2993 1117 3322 1189 denegatum
3343 1120 3453 1186 sit,
3503 1117 3577 1176 do
3599 1123 3768 1176 consi-

2181 1207 2334 1263 lium.
2376 1206 2537 1264 Petas
2567 1208 2712 1264 ultro
2735 1206 2754 1246 ί
2780 1221 3062 1265 carcerem
3089 1211 3446 1278 pmoitentie,
3478 1213 3770 1283 obstringss

2181 1300 2392 1356 catenis
2417 1301 2650 1368 viscera,
2689 1301 2929 1358 animum
2957 1311 3102 1358 tuam
3135 1303 3428 1374 gemitibus
3448 1304 3773 1377 ieiuniisqu

2183 1393 2432 1462 cruries;
2465 1402 2781 1450 sanctorum
2805 1403 2961 1467 petas
2985 1396 3277 1464 auxilium,
3300 1397 3490 1468 iaceas
3505 1397 3614 1454 sub
3637 1399 3773 1470 pedi-

2181 1487 2284 1545 bus
2304 1489 2604 1546 electorum
2631 1507 2648 1558 ;
2676 1497 2738 1545 ut
2761 1504 2867 1545 non
2899 1490 2996 1547 tibi
3023 1505 3120 1547 cor
3143 1491 3502 1562 impmnitens
3519 1492 3773 1548 thesauri-

2183 1593 2270 1640 zet
2296 1584 2431 1640 iram
2470 1583 2525 1639 in
2555 1583 2646 1641 die
2695 1585 2790 1640 ira:
2831 1592 2889 1642 et
2912 1585 3046 1657 justi
3077 1585 3269 1658 iudicii
3299 1587 3437 1654 Dei,
3467 1587 3568 1659 qui
3597 1586 3774 1644 reddet

2183 1679 2476 1752 unicuique
2495 1679 2794 1737 secundum
2823 1691 2989 1752 Opera
3019 1695 3119 1738 sua
3165 1681 3347 1754 (Rom.
3379 1698 3441 1748 tt,
3471 1683 3534 1748 5,
3565 1681 3648 1753 6).
3677 1681 3774 1738 Nec

485 1789 640 1830 mana
667 1774 758 1831 die
791 1778 1006 1831 veniam
1045 1775 1166 1832 dari
1196 1793 1212 1843 ;
1245 1777 1370 1848 quia
1399 1777 1602 1848 decipit
1631 1787 1686 1835 te
1726 1781 1818 1850 qui
1859 1780 1963 1837 hoc
1989 1782 2082 1838 tibi
2114 1777 2160 1838 Β
2191 1783 2242 1830 te
2265 1775 2532 1830 ineorum
2561 1787 2843 1830 numerum
2873 1774 3202 1840 constituas,
3229 1789 3370 1846 quos
3389 1774 3543 1844 luget
3567 1773 3772 1828 Paulus:

485 1867 730 1946 polliceri
765 1867 1018 1925 voluerit.
1066 1868 1198 1938 Quae
1247 1869 1392 1928 enim
1430 1871 1648 1942 proprie
1693 1871 1747 1928 in
1798 1873 2084 1931 Dominum

487 1963 747 2032 peccasti,
786 1973 809 2002 ο
832 1963 902 2018 ab
941 1963 1060 2034 ipso
1107 1964 1228 2020 solo
1270 1973 1323 2022 te
1362 1965 1624 2022 convenit
1665 1966 1721 2022 in
1760 1966 1851 2026 die
1894 1967 2086 2040 iudicii

486 2065 814 2128 etSpectare
843 2055 1166 2113 remedium.

1105 2169 1336 2230 CAPUT
1380 2171 1472 2228 IX.

497 2265 755 2339 Objurgat
791 2266 1009 2340 uirginis
1054 2276 1452 2336 corruptorem;
1511 2283 1728 2340 eumque
1766 2269 2093 2330 Baltbasaris

565 2363 800 2434 exemplo
828 2371 1003 2419 terret.
1054 2363 1220 2430 Quem
1249 2365 1436 2420 deinde
1469 2375 1526 2421 ut
1576 2383 1679 2422 non
1709 2377 1975 2425 contentus
2007 2371 2095 2426 in-

565 2464 712 2512 terno
741 2457 1004 2524 cruciatu,
1036 2457 1320 2529 legitimam
1346 2460 1693 2531 paenitentiam
1731 2463 2090 2533 amplectatur,

569 2559 742 2606 monet
761 2567 781 2605 :
803 2561 1062 2620 postremo
1089 2568 1153 2606 ne
1177 2553 1277 2608 sibi
1311 2553 1376 2608 de
1413 2555 1736 2626 peccantium
1764 2557 2095 2615 multitudine

571 2642 892 2711 blandiatur,
940 2645 1042 2716 ipsi
1082 2644 1330 2702 Sodoma:
1355 2656 1404 2702 et
1429 2648 1654 2703 aliarum
1677 2647 1883 2703 urbium
1919 2649 2097 2705 incen-

570 2735 716 2790 dium
735 2753 1009 2811 suggerens
1027 2779 1041 2806 ,
1093 2740 1164 2795 ad
1209 2741 1605 2815 confringendos
1637 2741 1836 2797 inimici
1888 2742 2097 2814 laqueos

572 2841 740 2900 urget.

575 2989 665 3048 '59.
702 2991 776 3047 De
809 2996 861 3048 te
883 2999 1064 3048 autem
1100 2992 1232 3064 quid
1263 2992 1437 3050 dicam
1462 3033 1479 3060 ,
1506 2991 1619 3050 tilio
1654 2993 1925 3066 serpentis
1946 3039 1962 3064 ,
1995 2995 2100 3050 mi-

502 3083 676 3142 nistro
703 3084 941 3153 diaboli,
963 3085 1234 3143 violatore
1266 3086 1450 3159 templi
1480 3087 1577 3144 Dei
1601 3106 1614 3142 :
1637 3089 1729 3160 qui
1758 3087 1814 3144 in
1845 3102 1957 3144 uno
1980 3103 2099 3144 sce-

2192 1866 2294 1934 Qui
2309 1877 2428 1922 ante
2454 1876 2811 1940 peccaverunt,
2833 1877 2882 1924 et
2909 1881 3010 1924 non
3025 1878 3244 1940 egerunt
3256 1869 3618 1939 prs-nitentium
3639 1869 3777 1941 super

2187 1961 2517 2016 immunditia
2547 1973 2598 2016 et
2625 1961 2968 2035 fornicatione
3001 1972 3053 2017 et
3103 1959 3406 2018 libidinibus
3449 1977 3590 2032 quas
3625 1975 3780 2033 gesse-

2187 2063 2312 2110 runt
2336 2053 2406 2128 (ll
2429 2053 2549 2110 Cor.
2582 2070 2658 2110 stt
2675 2095 2692 2120 ,
2714 2053 2830 2126 Si).

2262 2151 2354 2206 41.
2382 2149 2496 2206 Nec
2535 2149 2630 2205 tibi
2669 2149 2736 2206 de
2781 2148 3129 2206 multitudine
3158 2150 3506 2222 peccantium
3537 2147 3779 2204 similium

2192 2243 2491 2300 blandiaris
2517 2285 2532 2308 ,
2565 2255 2621 2299 et
2653 2243 2806 2300 dicas
2831 2261 2846 2300 :
2872 2242 2992 2300 Non
3020 2243 3174 2300 solus
3202 2243 3307 2300 hoc
3327 2255 3432 2313 ego
3451 2244 3567 2315 egi,
3597 2241 3781 2299 nullos

2193 2335 2370 2393 habeo
2404 2334 2627 2392 socios:
2659 2335 2756 2392 sed
2807 2337 3076 2406 recogita,
3123 2335 3249 2408 quia
3292 2335 3590 2392 multitudo
3619 2334 3778 2390 socio-

2193 2447 2314 2486 rum
2351 2431 2732 2502 impunitatem
2761 2446 2866 2486 nou
2895 2428 3027 2486 facit
3055 2430 3368 2487 criminum.
3402 2429 3542 2486 Nam
3595 2428 3650 2484 in
3692 2428 3782 2485 So.

2195 2523 2354 2580 doma
2402 2535 2458 2580 et
2495 2523 2802 2580 Gomorrba
2834 2533 2888 2580 et
2929 2523 2983 2578 in
3025 2524 3154 2580 totis
3187 2523 3432 2595 quinque
3485 2521 3782 2579 civitatibus

2197 2616 2624 2674 innumerabiles
2659 2615 2844 2688 utique
2885 2615 3206 2672 habitabant
3243 2616 3464 2688 populi,
3505 2626 3564 2672 et
3613 2626 3783 2669 omnes

2197 2713 2402 2784 pariter
2449 2712 2541 2782 qui
2589 2711 2880 2768 libidinose
2937 2725 3170 2783 corpora
3222 2726 3321 2767 sua
3375 2715 3780 2772 tractaverunt.

2199 2805 2376 2877 igneis
2408 2803 2674 2862 imbribus
2696 2803 3102 2876 conﬂagrarunt
3135 2801 3290 2876 (Gen.
3323 2817 3415 2858 xix
3435 2845 3448 2870 ,
3481 2801 3582 2875 25)
3609 2819 3624 2856 :
3653 2801 3784 2856 solus

2198 2905 2379 2955 autem
2411 2895 2548 2955 Loth
2579 2898 2648 2954 de
2673 2898 2768 2954 illo
2797 2897 3100 2954 inevitabili
3133 2892 3390 2953 incendio
3410 2893 3592 2954 evasit
3613 2890 3781 2968 (Ibid.

2199 2993 2292 3068 29)
2317 3011 2332 3061 ;
2363 2994 2487 3066 quia
2515 2994 2584 3050 ab
2613 2993 2701 3049 illa
2727 2992 3063 3064 turpitudine
3094 3007 3156 3048 se
3181 2991 3418 3047 alienum
3444 2989 3784 3060 praestiterat.

2269 3090 2362 3149 Η..
2397 3089 2635 3148 Exclude
2660 3103 2790 3162 ergo
2819 3090 2904 3146 vel
2929 3099 3074 3146 nunc
3098 3127 3113 3154 ,
3140 3087 3331 3145 infelix
3360 3127 3375 3154 ,
3411 3085 3483 3143 de
3511 3086 3681 3142 corde
3706 3093 3784 3138 tuo

501 3177 616 3234 lere
662 3177 772 3233 duo
799 3179 1028 3234 crimina
1059 3181 1384 3252 perpetrasti
1413 3221 1427 3248 ,
1457 3178 1786 3238 adulterium
1817 3182 2004 3252 utique
2044 3185 2100 3239 et
2125 3165 2166 3229 (Ἴ
2205 3178 2572 3242 blandimenta
2613 3185 2884 3258 Serpentis
2906 3227 2920 3252 ,
2957 3183 3010 3241 el
3053 3184 3228 3251 luctu,
3267 3189 3323 3239 et
3373 3179 3599 3238 ﬂetibus
3625 3175 3784 3236 conti-

500 3275 900 3349 sacrilegium?
951 3275 1309 3350 Sacrilegium
1366 3277 1566 3351 plane,
1624 3279 1715 3336 ubi
1760 3295 1855 3336 vas
1884 3279 2099 3336 Christo

499 3371 766 3438 oblatum,
821 3371 1050 3428 Domino
1100 3372 1410 3430 dediCatum
1443 3412 1459 3441 ,
1515 3374 1756 3430 dementi
1791 3374 2100 3431 temeritate

500 3461 762 3534 polluisti.
787 3463 1071 3521 Balthasar
1096 3465 1260 3539 313
1284 3482 1383 3522 rex
1409 3466 1502 3523 ille
1541 3467 1830 3524 Persarum
1855 3507 1872 3536 ,
1923 3465 2014 3538 qui
2041 3467 2098 3522 in

505 3555 650 3611 vasis
679 3555 914 3621 Domini,
947 3573 1066 3628 quae
1096 3567 1152 3613 et
1179 3573 1208 3612 a
1242 3559 1444 3630 templo
1469 3555 1862 3632 Hierosolymis
1885 3557 2101 3614 fuerant

502 3660 530 3699 a
565 3655 720 3716 patre
746 3647 864 3716 ejus
886 3647 1090 3714 ablata,
1125 3648 1312 3706 bibere
1339 3665 1468 3706 cum
1485 3651 1602 3708 suis
1628 3650 1822 3707 amicis
1865 3660 1919 3707 ct
1967 3665 2100 3706 con-

503 3743 715 3800 cubinis
751 3745 1068 3816 usurpavit;
1096 3747 1212 3816 ipsa
1249 3757 1412 3804 nocte
1453 3747 1638 3819 angeli
1663 3761 1829 3803 manu
1876 3753 2098 3820 percus-

504 3850 597 3891 sus
620 3835 1030 3910 crudeli‘morte
1057 3840 1276 3910 punitus
1301 3847 1384 3897 est
1405 3839 1568 3915 (Dan.
1601 3856 1658 3911 v,
1686 3837 1780 3912 50)
1812 3857 1828 3898 :
1857 3828 1986 3913 quid
2031 3841 2100 3900 de

505 3937 558 3985 te
579 3929 896 3998 arbitraris,
931 3931 1142 4003 perdite
1169 3935 1372 4005 pariter
1398 3945 1453 3992 et
1485 3934 1750 4005 perditor,
1774 3935 1864 4006 qui
1891 3949 1988 3992 vas
2013 3949 2102 3990 ra-

505 4025 770 4082 tionabile
807 4037 1186 4084 consecratum
1216 4027 1435 4086 Christo
1454 4071 1468 4096 ,
1495 4027 1524 4068 '1
1551 4030 1951 4087 sanctiﬁcatum
1977 4028 2102 4101 Spi-

503 4119 630 4176 ritui
657 4129 870 4190 sancto,
910 4121 1080 4194 impie
1101 4126 1376 4181 temerasti
1403 4167 1418 4193 ,
1447 4123 1690 4196 polluisti
1709 4119 1976 4198 sacrilege
2001 4167 2017 4193 ,
2047 4134 2103 4182 et

504 4253 649 4324 hunc
671 4252 850 4308 locum
875 4268 998 4312 esse
1019 4255 1239 4324 negabit
1261 4272 1441 4314 nemo.
1469 4257 1668 4316 Eadem
1687 4269 1868 4316 autem
1891 4257 2102 4316 discere

505 4333 596 4404 est
605 4323 756 4379 illam
783 4323 1422 4404 priscorumftemporum
1447 4329 1618 4404 fuisse
1646 4329 1984 4404 disciplinam
2003 4372 2019 4399 ,
2047 4341 2104 4388 ut

505 4395 598 4466 qui
636 4399 988 4466 occultorum
1029 4395 1324 4456 criminum
1371 4401 1441 4456 ab
1475 4403 1598 4458 aliis
1648 4395 2104 4460 insimulabantur

2204 3279 2328 3334 nuis
2349 3321 2365 3346 ,
2404 3277 2530 3337 dum
2563 3275 2616 3334 iu
2649 3292 2880 3349 corpore
2899 3286 2991 3333 tuo
3015 3275 3297 3333 immundo
3325 3275 3506 3331 anima
3537 3273 3631 3330 illa
3659 3283 3786 3328 tene-

2205 3375 2363 3430 brosa
2391 3383 2638 3430 versatur
2661 3415 2676 3440 ,
2723 3382 2751 3421 ε
2777 3372 3076 3428 remedium
3103 3371 3200 3428 tibi
3241 3372 3297 3426 in
3334 3371 3424 3426 die
3454 3367 3783 3426 necessitatis

2203 3469 2425 3539 acquirc
2459 3509 2472 3532 ,
2520 3478 2737 3537 semper
2761 3473 2888 3522 ante
2927 3465 3117 3522 oculos
3147 3469 3270 3521 tuo‘s
3302 3461 3516 3520 habens
3560 3456 3784 3534 Apustoli

2205 3551 2533 3618 sententiam
2571 3584 2584 3618 :
2617 3561 2756 3631 Quia
2780 3578 2957 3617 omnes
2987 3577 3081 3616 nos
3113 3569 3312 3632 Oportet
3341 3554 3668 3630 mauil'estari
3689 3565 3788 3608 ante

2207 3655 2436 3710 tribunal
2466 3655 2679 3723 Christi,
2703 3663 2756 3709 ut
2783 3653 2974 3725 referat
2999 3653 3352 3723 unusquisque
3374 3651 3595 3720 propria
3621 3661 3786 3720 corpo-

2205 3747 2278 3802 ris
2303 3748 2382 3803 sui
2403 3749 2684 3804 secundum
2709 3747 2848 3820 quod
2877 3746 3067 3820 gessit,
3092 3745 3196 3801 sive
3222 3745 3408 3800 bonum
3429 3784 3447 3811 ,
3469 3745 3579 3799 sine
3615 3740 3786 3796 malum

2209 3829 2275 3916 (ll
2304 3840 2425 3898 Cor.
2458 3860 2507 3911 v,
2543 3843 2654 3912 10).

2752 3979 2914 4054 317
2936 3972 3168 4035 carur
3220 3973 3290 4031 χ.

2209 4125 2290 4182 Ad
2327 4125 2575 4198 virginem
2609 4123 2812 4194 lapsam
2853 4119 3060 4176 demum
3113 4115 3352 4182 rediens,
3399 4109 3480 4169 illi
3527 4109 3788 4168 concitatas

2211 4266 2530 4314 consuetum
2553 4297 2568 4322 ,
2605 4255 2692 4311 hic
2721 4252 3076 4324 praeferimus.
3121 4250 3388 4324 Craterum
3421 4246 3512 4319 qui
3543 4258 3575 4303 e
3602 4254 3788 4324 postre-

2211 4330 2313 4386 mis
2342 4330 2492 4385 liisce
2514 4316 2754 4396 periodis
2796 4323 2919 4380 huic
2944 4321 3154 4396 auctori
3181 4316 3788 4396 novatiannrum’hai‘re-

2211 4380 2312 4459 sini
2344 4380 2656 4456 animum:
2679 4440 2692 4466 ,
2735 4411 2829 4453 eos
2867 4395 3013 4451 nulla
3043 4402 3189 4452 certa
3232 4392 3332 4448 niti
3371 4388 3671 4458 rationein
3695 4380 3789 4442 Ad-

506 4465 1000 4558 δρυιξθρῇοριιυηι,
1031 4469 1224 4558 sedulo
1251 4484 1464 4544 peracta
1497 4474 1872 4558 inquisitione,
1890 4476 2103 4558 gravio-
2125 4491 2180 4558 ι)
2207 4475 2506 4558 munitione
2530 4469 2960 4558 demonstratum
2983 4475 3086 4558 est.

507 4537 660 4593 ribus
703 4541 878 4608 poenis
909 4537 1432 4619 condemnarentur,
1457 4537 1615 4618 quam
1649 4547 1692 4601 si
1719 4537 1932 4619 seipsos
1960 4545 2105 4619 ultro

509 4619 883 4689 accusassent.
912 4612 1026 4689 Qua
1055 4615 1217 4689 de_re
1251 4612 1517 4689 consulat,
1551 4619 1638 4677 cui
1675 4612 1914 4686 libuerit,
1944 4617 2104 4677 Mori—

513 4683 765 4810 glmbde
804 4683 1095 4743 Adutiuist.
1121 4687 1318 4747 Posuit.
1345 4687 1438 4749 lib.
1475 4683 1514 4762 ιζ
1541 4707 1665 4765 cap.
1701 4693 1790 4760 il),
1825 4699 1882 4748 et
1901 4683 2003 4748 lib.
2035 4705 2102 4761 tt.

509 4764 630 4821 cap.
664 4764 718 4810 6.

585 4835 618 4908 ξι.
637 4827 839 4908 omnes
867 4829 1002 4887 edit.
1033 4848 1096 4908 ac
1123 4833 1492 4908 mss._aliquot
1511 4879 1527 4904 ,
1550 4835 1782 4892 homines
1812 4845 2106 4906 peccatores

513 4897 666 4982 (edit.
699 4901 1012 4982 Ramnetum
1053 4897 1408 4982 Pseudohier.
1439 4897 1646 4982 delevit
1674 4897 1991 4980 peccatores)
2005 4909 2105 4978 ju-

511 4970 702 5046 dicium
732 4973 962 5033 imminet
981 4979 1194 5046 mundo,
1221 4995 1400 5036 sensus
1427 4970 1802 5035 humanus..."
1831 4982 1876 5036 si
1906 4970 2108 5036 no'n'in-

509 5041 760 5112 ﬁdelitate
783 5059 1102 5124 gravaretur,
1127 5041 1284 5106 Rom.
1305 5051 1436 5107 edit.
1465 5063 1519 5108 et
1544 5052 1900 5108 Pseudohier.
1922 5070 2108 5124 gravo.

508 5117 936 5208 remugicmteri
963 5117 1095 5176 mss.
1127 5125 1298 5208 magis
1319 5124 1564 5195 apposite
1592 5135 1645 5179 ut
1669 5117 2034 5208 iiLcontez'ttu.

583 5185 612 5226 δ
643 5189 784 5245 Edit.
821 5203 1041 5260 omnes,
1069 5201 1124 5250 et
1151 5185 1368 5266 quidam
1393 5185 1530 5251 'is.
1565 5212 1685 5252 cum
1715 5195 2104 5266 Pseudohier.,

514 5265 755 5349 tanquam
787 5266 1074 5349 naufragus
1105 5265 1313 5349 tabula;2
1337 5281 1551 5349 sperans
1573 5285 1664 5349 per
1682 5269 1884 5349 ipsam;
1912 5265 2110 5349 maligni

515 5343 671 5410 iusst,
701 5343 947 5410 tanquam
974 5337 1025 5390 in
1049 5337 1508 5410 naufragiis,etc.,
1535 5337 1636 5395 nisi
1659 5337 1802 5410 quod
1844 5337 2112 5394 omittitur

515 5401 568 5453 in
591 5401 820 5478 Floriac'.
836 5450 850 5474 ,
866 5401 1166 5478 peripsam:
1182 5401 1320 5467 lnl'i-a
1341 5401 1470 5469 vero
1495 5401 1584 5468 ubi
1613 5401 1744 5467 edit.
1759 5411 1965 5467 eaedem
1987 5423 2110 5465 cum

517 5475 704 5539 [laticis
725 5475 874 5555 mss.
894 5481 958 5535 ab
987 5480 1218 5538 humano
1244 5485 1326 5540 die
1349 5501 1498 5555 posse
1527 5485 1726 5538 veniant
1752 5482 1889 5549 dari,
1917 5489 1972 5536 et
1993 5497 2114 5536 rur-

516 5555 610 5625 Stls
636 5589 650 5610 ,
683 5549 746 5602 ab
773 5551 866 5626 illo
899 5555 1012 5608 solo
1037 5571 1210 5626 quwre
1231 5549 1546 5622 remedium;
1572 5555 1666 5609 alii
1697 5567 1833 5626 mss.
1859 5567 2113 5626 numero-

517 5620 691 5674 siores
739 5623 1015 5680 nobiscum
1049 5620 1298 5693 iaciunt,
1349 5620 1580 5696 excepto
1631 5623 1774 5695 quod
1823 5620 1876 5678 in
1922 5620 2110 5696 ultima

527 5701 681 5782 Paite
713 5705 864 5782 ἠυῑρ
888 5708 1182 5782 exhibent,
1209 5709 1281 5782 ab,
1300 5710 1414 5782 ipso
1439 5695 1612 5781 qurere
1639 5695 2004 5782 remediumJ‘:
2005 5697 2106 5751 lor.

522 5781 703 5850 autem
733 5787 796 5850 ac
824 5775 1096 5850 Regium.
1129 5772 1194 5836 ab
1223 5772 1462 5836 illo'solo'
1481 5790 1530 5834 te
1555 5774 1808 5850 convenit,
1837 5783 1942 5829 etc.
1966 5772 2116 5850 Quos

538 5845 663 5929 quia
686 5843 1048 5921 scriptoribus
1074 5851 1331 5910 breviare
1355 5891 1371 5920 ,
1406 5865 1566 5926 quam
1621 5844 1918 5922 producere
1945 5843 2118 5918 mauis

2283 4525 2468 4600 6⁷δίὲεῖ
2490 4525 2703 4614 magno
2735 4553 2962 4596 numero
2985 4579 2999 4605 ,
3043 4538 3108 4593 ab
3143 4535 3256 4610 ipso
3279 4545 3454 4608 quare
3479 4536 3535 4590 in
3560 4533 3643 4591 die
3659 4525 3789 4606 judi-

2208 4619 2275 4674 cii
2299 4615 2602 4686 remedium.
2785 4681 2816 4686 _
2902 4679 2913 4686 Δ
3261 4679 3313 4686 η
3612 4675 3644 4686 ,,

2278 4685 2306 4726 ἀ
2331 4687 2464 4742 Cod.
2501 4685 2644 4740 Flor.
2685 4691 2742 4739 et
2785 4679 3056 4752 Regiam,
3107 4679 3486 4752 sanctiﬁcatum
3532 4693 3565 4732 a
3607 4675 3786 4752 Spiritu

2206 4769 2408 4826 sancto;
2431 4754 2812 4823 Pseudobier.,
2839 4744 3219 4823 sanctiﬁcatum
3243 4744 3448 4828 piritu
3474 4744 3790 4828 sanctoille:

2206 4817 2372 4906 glom.
2389 4817 2547 4906 'solus
2568 4817 2984 4898 consequenter,
3009 4817 3299 4881 temerario
3321 4835 3366 4880 et
3389 4823 3548 4894 impio
3575 4817 3785 4892 polluisti

2206 4903 2518 4974 Sacrilegio.‘
2586 4971 2642 4974 ᾧ
3277 4964 3311 4974 ,,
3628 4970 3638 4974 τί
3731 4958 3744 4970 .

2282 4955 2554 5033 alios.
2585 4971 2759 5039 Flor.;
2791 4969 2878 5024 alii
2902 4977 3083 5025 autem
3130 4975 3186 5024 et
3226 4964 3582 5039 edit..rquam
3625 4970 3670 5016 te
3704 4955 3786 5013 sibi

2209 5051 2447 5122 gehenna
2478 5041 2941 5122 premium-ﬁlium
2964 5041 3270 5122 vindicaret;
3291 5039 3344 5094 lu
3367 5038 3638 5110 plerisque
3661 5045 3782 5088 mss.

2212 5115 2374 5178 voces
2399 5115 2675 5192 proprium
2698 5115 2862 5186 ﬁlium
2887 5126 2994 5169 non
3019 5115 3290 5184 leguntur.
3329 5183 3343 5192 _
3455 5180 3467 5192 .

2289 5175 2307 5231 ί
2361 5175 2710 5260 N'on'pauci'
2733 5199 2864 5260 mss.
2893 5226 2910 5251 ,
2965 5175 3158 5240 turre»:
3207 5180 3535 5260 penitentiw.
3591 5175 3788 5260 Minime

2213 5265 2390 5329 male;
2418 5248 2734 5334 paenitentia
2761 5248 2904 5314 enim
2931 5248 3318 5334 propugnaculi
3345 5248 3788 5334 cujusdamitisltlf

2209 5335 2280 5391 ab
2320 5325 2398 5390 ira
2418 5325 2604 5390 ldit‘ina
2631 5335 2777 5387 tutos
2805 5344 2906 5384 nos
2932 5325 3176 5399 pruistat.
3209 5326 3316 5383 Sed
3347 5329 3526 5399 potest
3552 5325 3704 5376 etiam
3731 5325 3787 5399 eo

2213 5407 2448 5478 referri,
2491 5405 2635 5478 quod
2669 5391 2960 5459 Ambrosio
2992 5397 3260 5478 familiare
3285 5391 3367 5478 cst
3397 5391 3788 5478 {iduummptfj

2214 5461 2588 5550 eapulsiotmm
2632 5489 2784 5550 suam
2819 5487 2851 5529 e
2879 5471 3130 5550 paradiso
3155 5473 3224 5550 .iu
3253 5465 3476 5550 castello
3527 5461 3785 5550 religatng

2214 5523 2610 5609 .‘iic'lfr'é'iiiiig
2633 5523 3124 5618 ii‘iii'..ip's"éi-iiin
3155 5523 3517 5618 animum“.
3543 5523 3788 5618 aSs-Ervail

2216 5605 2408 5681 nonius
2437 5665 2448 5686 ,
2477 5621 2620 5692 quod
2652 5605 2773 5676 cum
2802 5615 3030 5692 aliorum
3061 5615 3196 5672 mss.
3233 5623 3394 5684 atque
3415 5607 3544 5664 edit.
3574 5605 3788 5660 omnium

2219 5697 2450 5752 lectione
2474 5687 2636 5750 sensu
2667 5687 2939 5766 convenit.
2981 5762 2992 5766 _
3037 5759 3088 5766 η
3325 5751 3336 5763 β
3391 5753 3422 5766 η
3484 5765 3487 5766 ν

2297 5749 2707 5826 ti'Pluresniss.
2734 5771 2790 5820 et
2819 5759 3202 5831 l‘seudubier.,
3230 5751 3509 5815 renietliunt
3536 5749 3624 5809 tibi
3641 5753 3791 5802 necti-

2215 5839 2403 5900 sitatis.
