  <div class='ocr_page' id='page_1' title='image "/cluster/home/n/w/nwhite01/storage/ocr_20150623/16/hvd.32044015471998/196.png"; bbox 0 0 4042 6294; ppageno 0'>
   <div class='ocr_carea' id='block_1_1' title="bbox 267 341 366 397">
    <p class='ocr_par' dir='ltr' id='par_1_1' title="bbox 267 341 366 397">
     <span class='ocr_line' id='line_1_1' title="bbox 267 341 366 397; baseline -0.01 0"><span class='ocrx_word' id='word_1_1' title='bbox 267 341 366 397; x_wconf 75' lang='lat'><strong><em>38!</em></strong></span> 
     </span>
    </p>
   </div>
   <div class='ocr_carea' id='block_1_2' title="bbox 1068 333 3569 398">
    <p class='ocr_par' dir='ltr' id='par_1_2' title="bbox 1068 333 3569 398">
     <span class='ocr_line' id='line_1_2' title="bbox 1068 333 3569 398; baseline 0.003 -8"><span class='ocrx_word' id='word_1_2' title='bbox 1068 333 1156 390; x_wconf 86' lang='lat' dir='ltr'><strong><em>DE</em></strong></span> <span class='ocrx_word' id='word_1_3' title='bbox 1197 334 1419 392; x_wconf 76' lang='lat' dir='ltr'><strong><em>LAPSU</em></strong></span> <span class='ocrx_word' id='word_1_4' title='bbox 1464 333 1761 391; x_wconf 76' lang='lat' dir='ltr'><strong><em>VIRGINIS</em></strong></span> <span class='ocrx_word' id='word_1_5' title='bbox 1801 334 2286 395; x_wconf 68' lang='lat' dir='ltr'><strong><em>CONSECRATE</em></strong></span> <span class='ocrx_word' id='word_1_6' title='bbox 2327 338 2530 394; x_wconf 78' lang='lat' dir='ltr'><strong><em>LIBER</em></strong></span> <span class='ocrx_word' id='word_1_7' title='bbox 2571 338 2772 396; x_wconf 78' lang='lat' dir='ltr'><strong><em>UNUS.</em></strong></span> <span class='ocrx_word' id='word_1_8' title='bbox 3465 345 3569 398; x_wconf 64' lang='lat'><strong><em>552</em></strong></span> 
     </span>
    </p>
   </div>
   <div class='ocr_carea' id='block_1_3' title="bbox 3503 383 3571 400">
    <p class='ocr_par' dir='ltr' id='par_1_3' title="bbox 3503 383 3571 400">
     <span class='ocr_line' id='line_1_3' title="bbox 3503 383 3571 400; baseline 0 0"><span class='ocrx_word' id='word_1_9' title='bbox 3503 383 3510 396; x_wconf 73' lang='grc' dir='ltr'><strong><em>ι</em></strong></span> <span class='ocrx_word' id='word_1_10' title='bbox 3540 383 3571 400; x_wconf 70' lang='grc' dir='ltr'><strong>ἀι</strong></span> 
     </span>
    </p>
   </div>
   <div class='ocr_carea' id='block_1_4' title="bbox 333 450 3577 530">
    <p class='ocr_par' dir='ltr' id='par_1_4' title="bbox 333 450 3577 530">
     <span class='ocr_line' id='line_1_4' title="bbox 333 450 3577 530; baseline 0.002 -18"><span class='ocrx_word' id='word_1_11' title='bbox 333 458 593 530; x_wconf 77' lang='lat' dir='ltr'><strong><em>quasdam</em></strong></span> <span class='ocrx_word' id='word_1_12' title='bbox 621 455 940 526; x_wconf 79' lang='lat' dir='ltr'><strong><em>precationes</em></strong></span> <span class='ocrx_word' id='word_1_13' title='bbox 962 463 1011 508; x_wconf 87' lang='lat' dir='ltr'><strong><em>et</em></strong></span> <span class='ocrx_word' id='word_1_14' title='bbox 1039 453 1209 506; x_wconf 81' lang='lat' dir='ltr'><strong><em>uarios</em></strong></span> <span class='ocrx_word' id='word_1_15' title='bbox 1237 451 1547 521; x_wconf 65' lang='lat' dir='ltr'><strong><em>pestilentia</em></strong></span> <span class='ocrx_word' id='word_1_16' title='bbox 1595 450 1812 518; x_wconf 67' lang='lat' dir='ltr'><strong><em>electas</em></strong></span> <span class='ocrx_word' id='word_1_17' title='bbox 1841 469 1868 508; x_wconf 88' lang='lat' dir='ltr'><strong><em>e</em></strong></span> <span class='ocrx_word' id='word_1_18' title='bbox 1895 463 1947 522; x_wconf 75' lang='grc' dir='ltr'><strong>Α</strong></span> <span class='ocrx_word' id='word_1_19' title='bbox 1974 453 2153 526; x_wconf 82' lang='lat' dir='ltr'><strong><em>imago</em></strong></span> <span class='ocrx_word' id='word_1_20' title='bbox 2174 467 2293 510; x_wconf 84' lang='lat' dir='ltr'><strong><em>mea</em></strong></span> <span class='ocrx_word' id='word_1_21' title='bbox 2322 454 2514 528; x_wconf 84' lang='lat' dir='ltr'><strong><em>(Psal.</em></strong></span> <span class='ocrx_word' id='word_1_22' title='bbox 2550 467 2693 510; x_wconf 76' lang='lat' dir='ltr'><strong><em>Lxxtt</em></strong></span> <span class='ocrx_word' id='word_1_23' title='bbox 2712 499 2726 521; x_wconf 94' lang='lat'><strong><em>,</em></strong></span> <span class='ocrx_word' id='word_1_24' title='bbox 2759 454 2847 522; x_wconf 84' lang='lat' dir='ltr'><strong><em>l9,</em></strong></span> <span class='ocrx_word' id='word_1_25' title='bbox 2879 453 3002 529; x_wconf 67' lang='lat'><strong><em>20).</em></strong></span> <span class='ocrx_word' id='word_1_26' title='bbox 3039 455 3285 515; x_wconf 87' lang='lat' dir='ltr'><strong><em>Deletnm</em></strong></span> <span class='ocrx_word' id='word_1_27' title='bbox 3317 467 3398 515; x_wconf 80' lang='lat' dir='ltr'><strong><em>est</em></strong></span> <span class='ocrx_word' id='word_1_28' title='bbox 3421 463 3484 517; x_wconf 90' lang='lat' dir='ltr'><strong><em>de</em></strong></span> <span class='ocrx_word' id='word_1_29' title='bbox 3514 461 3577 517; x_wconf 86' lang='lat' dir='ltr'><strong><em>li—</em></strong></span> 
     </span>
    </p>
   </div>
   <div class='ocr_carea' id='block_1_5' title="bbox 337 544 1453 621">
    <p class='ocr_par' dir='ltr' id='par_1_5' title="bbox 337 544 1453 621">
     <span class='ocr_line' id='line_1_5' title="bbox 337 544 1453 621; baseline -0.009 -14"><span class='ocrx_word' id='word_1_30' title='bbox 337 551 631 621; x_wconf 79' lang='lat' dir='ltr'><strong><em>Scripturis</em></strong></span> <span class='ocrx_word' id='word_1_31' title='bbox 659 550 782 604; x_wconf 72' lang='lat' dir='ltr'><strong><em>hinc</em></strong></span> <span class='ocrx_word' id='word_1_32' title='bbox 810 548 932 603; x_wconf 85' lang='lat' dir='ltr'><strong><em>inde</em></strong></span> <span class='ocrx_word' id='word_1_33' title='bbox 958 547 1112 602; x_wconf 82' lang='lat' dir='ltr'><strong><em>lectos</em></strong></span> <span class='ocrx_word' id='word_1_34' title='bbox 1137 544 1453 616; x_wconf 78' lang='lat' dir='ltr'><strong><em>suppeditat.</em></strong></span> 
     </span>
    </p>
   </div>
   <div class='ocr_carea' id='block_1_6' title="bbox 345 656 1876 731">
    <p class='ocr_par' dir='ltr' id='par_1_6' title="bbox 345 656 1876 731">
     <span class='ocr_line' id='line_1_6' title="bbox 345 656 1876 731; baseline -0.008 -10"><span class='ocrx_word' id='word_1_35' title='bbox 345 667 435 721; x_wconf 72' lang='grc' dir='ltr'><strong>ιδ.</strong></span> <span class='ocrx_word' id='word_1_36' title='bbox 465 661 595 731; x_wconf 82' lang='lat' dir='ltr'><strong><em>Quis</em></strong></span> <span class='ocrx_word' id='word_1_37' title='bbox 627 662 920 717; x_wconf 83' lang='lat' dir='ltr'><strong><em>consoletur</em></strong></span> <span class='ocrx_word' id='word_1_38' title='bbox 947 670 1022 725; x_wconf 88' lang='lat' dir='ltr'><strong><em>te,</em></strong></span> <span class='ocrx_word' id='word_1_39' title='bbox 1053 658 1197 728; x_wconf 67' lang='lat' dir='ltr'><strong><em>uirgo</em></strong></span> <span class='ocrx_word' id='word_1_40' title='bbox 1223 658 1334 726; x_wconf 70' lang='lat' dir='ltr'><strong><em>ﬁlia</em></strong></span> <span class='ocrx_word' id='word_1_41' title='bbox 1358 656 1513 723; x_wconf 84' lang='lat' dir='ltr'><strong><em>Sion;</em></strong></span> <span class='ocrx_word' id='word_1_42' title='bbox 1535 657 1656 728; x_wconf 86' lang='lat' dir='ltr'><strong><em>quia</em></strong></span> <span class='ocrx_word' id='word_1_43' title='bbox 1688 671 1876 728; x_wconf 82' lang='lat' dir='ltr'><strong><em>magna</em></strong></span> 
     </span>
    </p>
   </div>
   <div class='ocr_carea' id='block_1_7' title="bbox 269 751 1875 834">
    <p class='ocr_par' dir='ltr' id='par_1_7' title="bbox 269 751 1875 834">
     <span class='ocr_line' id='line_1_7' title="bbox 269 751 1875 834; baseline -0.006 -19"><span class='ocrx_word' id='word_1_44' title='bbox 269 765 408 834; x_wconf 66' lang='lat' dir='ltr'><strong><em>lucta</em></strong></span> <span class='ocrx_word' id='word_1_45' title='bbox 435 768 510 814; x_wconf 87' lang='lat' dir='ltr'><strong><em>est</em></strong></span> <span class='ocrx_word' id='word_1_46' title='bbox 541 759 674 812; x_wconf 76' lang='lat' dir='ltr'><strong><em>sicut</em></strong></span> <span class='ocrx_word' id='word_1_47' title='bbox 695 773 838 811; x_wconf 85' lang='lat' dir='ltr'><strong><em>mare</em></strong></span> <span class='ocrx_word' id='word_1_48' title='bbox 865 755 1108 810; x_wconf 74' lang='lat' dir='ltr'><strong><em>contritio</em></strong></span> <span class='ocrx_word' id='word_1_49' title='bbox 1139 763 1248 808; x_wconf 78' lang='lat' dir='ltr'><strong><em>tua.</em></strong></span> <span class='ocrx_word' id='word_1_50' title='bbox 1282 751 1508 817; x_wconf 71' lang='lat' dir='ltr'><strong><em>Effunde</em></strong></span> <span class='ocrx_word' id='word_1_51' title='bbox 1529 753 1661 806; x_wconf 83' lang='lat' dir='ltr'><strong><em>sicut</em></strong></span> <span class='ocrx_word' id='word_1_52' title='bbox 1689 769 1875 822; x_wconf 85' lang='lat' dir='ltr'><strong><em>aquam</em></strong></span> 
     </span>
    </p>
   </div>
   <div class='ocr_carea' id='block_1_8' title="bbox 269 843 1871 920">
    <p class='ocr_par' dir='ltr' id='par_1_8' title="bbox 269 843 1871 920">
     <span class='ocr_line' id='line_1_8' title="bbox 269 843 1871 920; baseline -0.006 -12"><span class='ocrx_word' id='word_1_53' title='bbox 269 868 357 908; x_wconf 85' lang='lat' dir='ltr'><strong><em>cor</em></strong></span> <span class='ocrx_word' id='word_1_54' title='bbox 387 861 533 905; x_wconf 72' lang='lat' dir='ltr'><strong><em>tuum</em></strong></span> <span class='ocrx_word' id='word_1_55' title='bbox 578 858 695 904; x_wconf 85' lang='lat' dir='ltr'><strong><em>ante</em></strong></span> <span class='ocrx_word' id='word_1_56' title='bbox 742 850 927 920; x_wconf 77' lang='lat' dir='ltr'><strong><em>facient</em></strong></span> <span class='ocrx_word' id='word_1_57' title='bbox 975 845 1184 901; x_wconf 84' lang='lat' dir='ltr'><strong><em>Domini</em></strong></span> <span class='ocrx_word' id='word_1_58' title='bbox 1234 843 1447 915; x_wconf 83' lang='lat' dir='ltr'><strong><em>(Thren.</em></strong></span> <span class='ocrx_word' id='word_1_59' title='bbox 1499 859 1558 900; x_wconf 89' lang='lat' dir='ltr'><strong><em>tt.</em></strong></span> <span class='ocrx_word' id='word_1_60' title='bbox 1596 845 1699 912; x_wconf 75' lang='lat' dir='ltr'><strong><em>i3&#39;,</em></strong></span> <span class='ocrx_word' id='word_1_61' title='bbox 1735 843 1871 915; x_wconf 82' lang='lat' dir='ltr'><strong><em>i9):</em></strong></span> 
     </span>
    </p>
   </div>
   <div class='ocr_carea' id='block_1_9' title="bbox 270 939 1879 1009">
    <p class='ocr_par' dir='ltr' id='par_1_9' title="bbox 270 939 1879 1009">
     <span class='ocr_line' id='line_1_9' title="bbox 270 939 1879 1009; baseline -0.006 -9"><span class='ocrx_word' id='word_1_62' title='bbox 270 943 474 1000; x_wconf 79' lang='lat' dir='ltr'><strong><em>extolle</em></strong></span> <span class='ocrx_word' id='word_1_63' title='bbox 505 941 571 996; x_wconf 89' lang='lat' dir='ltr'><strong><em>ad</em></strong></span> <span class='ocrx_word' id='word_1_64' title='bbox 608 953 732 996; x_wconf 88' lang='lat' dir='ltr'><strong><em>eum</em></strong></span> <span class='ocrx_word' id='word_1_65' title='bbox 782 951 977 994; x_wconf 86' lang='lat' dir='ltr'><strong><em>manus</em></strong></span> <span class='ocrx_word' id='word_1_66' title='bbox 1019 947 1139 993; x_wconf 86' lang='lat' dir='ltr'><strong><em>tuas</em></strong></span> <span class='ocrx_word' id='word_1_67' title='bbox 1167 946 1192 975; x_wconf 70' lang='grc' dir='ltr'>α</span> <span class='ocrx_word' id='word_1_68' title='bbox 1219 952 1320 1009; x_wconf 90' lang='lat' dir='ltr'><strong><em>pro</em></strong></span> <span class='ocrx_word' id='word_1_69' title='bbox 1341 939 1582 992; x_wconf 85' lang='lat' dir='ltr'><strong><em>remedio</em></strong></span> <span class='ocrx_word' id='word_1_70' title='bbox 1629 947 1879 1008; x_wconf 86' lang='lat' dir='ltr'><strong><em>peccato-</em></strong></span> 
     </span>
    </p>
   </div>
   <div class='ocr_carea' id='block_1_10' title="bbox 272 1030 1878 1102">
    <p class='ocr_par' dir='ltr' id='par_1_10' title="bbox 272 1030 1878 1102">
     <span class='ocr_line' id='line_1_10' title="bbox 272 1030 1878 1102; baseline -0.003 -11"><span class='ocrx_word' id='word_1_71' title='bbox 272 1048 390 1091; x_wconf 88' lang='lat' dir='ltr'><strong><em>rum</em></strong></span> <span class='ocrx_word' id='word_1_72' title='bbox 427 1045 664 1089; x_wconf 85' lang='lat' dir='ltr'><strong><em>tuorum.</em></strong></span> <span class='ocrx_word' id='word_1_73' title='bbox 708 1030 911 1102; x_wconf 78' lang='lat' dir='ltr'><strong><em>Accipe</em></strong></span> <span class='ocrx_word' id='word_1_74' title='bbox 958 1032 1124 1102; x_wconf 88' lang='lat' dir='ltr'><strong><em>igitur</em></strong></span> <span class='ocrx_word' id='word_1_75' title='bbox 1153 1031 1476 1086; x_wconf 72' lang='lat' dir='ltr'><strong><em>Iumentum.</em></strong></span> <span class='ocrx_word' id='word_1_76' title='bbox 1535 1030 1602 1086; x_wconf 83' lang='lat' dir='ltr'><strong><em>Et</em></strong></span> <span class='ocrx_word' id='word_1_77' title='bbox 1645 1032 1878 1101; x_wconf 85' lang='lat' dir='ltr'><strong><em>primum</em></strong></span> 
     </span>
    </p>
   </div>
   <div class='ocr_carea' id='block_1_11' title="bbox 271 1122 1881 1199">
    <p class='ocr_par' dir='ltr' id='par_1_11' title="bbox 271 1122 1881 1199">
     <span class='ocr_line' id='line_1_11' title="bbox 271 1122 1881 1199; baseline -0.002 -19"><span class='ocrx_word' id='word_1_78' title='bbox 271 1127 493 1199; x_wconf 79' lang='lat' dir='ltr'><strong><em>quidem</em></strong></span> <span class='ocrx_word' id='word_1_79' title='bbox 517 1126 670 1181; x_wconf 84' lang='lat' dir='ltr'><strong><em>nullo</em></strong></span> <span class='ocrx_word' id='word_1_80' title='bbox 699 1125 789 1180; x_wconf 86' lang='lat' dir='ltr'><strong><em>die</em></strong></span> <span class='ocrx_word' id='word_1_81' title='bbox 810 1124 1292 1195; x_wconf 84' lang='lat' dir='ltr'><strong><em>quinquagesimus</em></strong></span> <span class='ocrx_word' id='word_1_82' title='bbox 1323 1122 1562 1193; x_wconf 80' lang='lat' dir='ltr'><strong><em>psalmus</em></strong></span> <span class='ocrx_word' id='word_1_83' title='bbox 1612 1123 1881 1176; x_wconf 84' lang='lat' dir='ltr'><strong><em>intermit-</em></strong></span> 
     </span>
    </p>
   </div>
   <div class='ocr_carea' id='block_1_12' title="bbox 276 1214 1880 1292">
    <p class='ocr_par' dir='ltr' id='par_1_12' title="bbox 276 1214 1880 1292">
     <span class='ocr_line' id='line_1_12' title="bbox 276 1214 1880 1292; baseline -0.004 -16"><span class='ocrx_word' id='word_1_84' title='bbox 276 1231 457 1285; x_wconf 91' lang='lat' dir='ltr'><strong><em>tatur;</em></strong></span> <span class='ocrx_word' id='word_1_85' title='bbox 488 1221 613 1292; x_wconf 82' lang='lat' dir='ltr'><strong><em>quis</em></strong></span> <span class='ocrx_word' id='word_1_86' title='bbox 643 1219 694 1272; x_wconf 90' lang='lat' dir='ltr'><strong><em>in</em></strong></span> <span class='ocrx_word' id='word_1_87' title='bbox 729 1217 823 1272; x_wconf 84' lang='lat' dir='ltr'><strong><em>tali</em></strong></span> <span class='ocrx_word' id='word_1_88' title='bbox 851 1215 1071 1286; x_wconf 88' lang='lat' dir='ltr'><strong><em>negotio</em></strong></span> <span class='ocrx_word' id='word_1_89' title='bbox 1098 1226 1349 1271; x_wconf 87' lang='lat' dir='ltr'><strong><em>cantatus</em></strong></span> <span class='ocrx_word' id='word_1_90' title='bbox 1378 1223 1494 1270; x_wconf 90' lang='lat' dir='ltr'><strong><em>est:</em></strong></span> <span class='ocrx_word' id='word_1_91' title='bbox 1525 1223 1581 1270; x_wconf 91' lang='lat' dir='ltr'><strong><em>et</em></strong></span> <span class='ocrx_word' id='word_1_92' title='bbox 1613 1229 1784 1285; x_wconf 88' lang='lat' dir='ltr'><strong><em>usque</em></strong></span> <span class='ocrx_word' id='word_1_93' title='bbox 1811 1214 1880 1270; x_wconf 87' lang='lat' dir='ltr'><strong><em>ad</em></strong></span> 
     </span>
    </p>
   </div>
   <div class='ocr_carea' id='block_1_13' title="bbox 277 1305 1882 1369">
    <p class='ocr_par' dir='ltr' id='par_1_13' title="bbox 277 1305 1882 1369">
     <span class='ocr_line' id='line_1_13' title="bbox 277 1305 1882 1369; baseline -0.003 -3"><span class='ocrx_word' id='word_1_94' title='bbox 277 1313 605 1369; x_wconf 78' lang='lat' dir='ltr'><strong><em>versiculum</em></strong></span> <span class='ocrx_word' id='word_1_95' title='bbox 657 1312 812 1365; x_wconf 92' lang='lat' dir='ltr'><strong><em>illum</em></strong></span> <span class='ocrx_word' id='word_1_96' title='bbox 845 1328 857 1362; x_wconf 89' lang='lat'><strong>:</strong></span> <span class='ocrx_word' id='word_1_97' title='bbox 886 1307 986 1363; x_wconf 89' lang='lat' dir='ltr'><strong><em>Cor</em></strong></span> <span class='ocrx_word' id='word_1_98' title='bbox 1013 1310 1290 1362; x_wconf 85' lang='lat' dir='ltr'><strong><em>contritum</em></strong></span> <span class='ocrx_word' id='word_1_99' title='bbox 1320 1319 1367 1362; x_wconf 88' lang='lat' dir='ltr'><strong><em>et</em></strong></span> <span class='ocrx_word' id='word_1_100' title='bbox 1396 1309 1722 1362; x_wconf 80' lang='lat' dir='ltr'><strong><em>humiliatum</em></strong></span> <span class='ocrx_word' id='word_1_101' title='bbox 1744 1305 1882 1361; x_wconf 87' lang='lat' dir='ltr'><strong><em>Deus</em></strong></span> 
     </span>
    </p>
   </div>
   <div class='ocr_carea' id='block_1_14' title="bbox 279 1401 1883 1478">
    <p class='ocr_par' dir='ltr' id='par_1_14' title="bbox 279 1401 1883 1478">
     <span class='ocr_line' id='line_1_14' title="bbox 279 1401 1883 1478; baseline -0.002 -17"><span class='ocrx_word' id='word_1_102' title='bbox 279 1420 377 1461; x_wconf 85' lang='lat' dir='ltr'><strong><em>non</em></strong></span> <span class='ocrx_word' id='word_1_103' title='bbox 414 1406 612 1477; x_wconf 76' lang='lat' dir='ltr'><strong><em>spernit</em></strong></span> <span class='ocrx_word' id='word_1_104' title='bbox 645 1403 818 1478; x_wconf 83' lang='lat' dir='ltr'><strong><em>(Psal.</em></strong></span> <span class='ocrx_word' id='word_1_105' title='bbox 853 1419 906 1470; x_wconf 78' lang='grc'><strong><em>1.,</em></strong></span> <span class='ocrx_word' id='word_1_106' title='bbox 939 1401 1052 1473; x_wconf 80' lang='lat' dir='ltr'><strong><em>i9),</em></strong></span> <span class='ocrx_word' id='word_1_107' title='bbox 1094 1415 1216 1458; x_wconf 86' lang='lat' dir='ltr'><strong><em>cum</em></strong></span> <span class='ocrx_word' id='word_1_108' title='bbox 1263 1402 1521 1474; x_wconf 85' lang='lat' dir='ltr'><strong><em>lacrymis</em></strong></span> <span class='ocrx_word' id='word_1_109' title='bbox 1570 1401 1883 1473; x_wconf 74' lang='lat' dir='ltr'><strong><em>gemituque</em></strong></span> 
     </span>
    </p>
   </div>
   <div class='ocr_carea' id='block_1_15' title="bbox 279 1513 569 1568">
    <p class='ocr_par' dir='ltr' id='par_1_15' title="bbox 279 1513 569 1568">
     <span class='ocr_line' id='line_1_15' title="bbox 279 1513 569 1568; baseline -0.003 -14"><span class='ocrx_word' id='word_1_110' title='bbox 279 1513 569 1568; x_wconf 88' lang='lat' dir='ltr'><strong><em>percurre.</em></strong></span> 
     </span>
    </p>
   </div>
   <div class='ocr_carea' id='block_1_16' title="bbox 348 1588 1884 1671">
    <p class='ocr_par' dir='ltr' id='par_1_16' title="bbox 348 1588 1884 1671">
     <span class='ocr_line' id='line_1_16' title="bbox 348 1588 1884 1671; baseline -0.001 -25"><span class='ocrx_word' id='word_1_111' title='bbox 348 1589 438 1646; x_wconf 65' lang='grc'><strong>44.</strong></span> <span class='ocrx_word' id='word_1_112' title='bbox 469 1590 696 1671; x_wconf 72' lang='lat' dir='ltr'><strong><em>lusuper</em></strong></span> <span class='ocrx_word' id='word_1_113' title='bbox 722 1589 888 1646; x_wconf 88' lang='lat' dir='ltr'><strong><em>etiam</em></strong></span> <span class='ocrx_word' id='word_1_114' title='bbox 938 1590 1076 1646; x_wconf 85' lang='lat' dir='ltr'><strong><em>hanc</em></strong></span> <span class='ocrx_word' id='word_1_115' title='bbox 1119 1590 1561 1645; x_wconf 73' lang='lat' dir='ltr'><strong><em>lamentationem</em></strong></span> <span class='ocrx_word' id='word_1_116' title='bbox 1607 1603 1714 1643; x_wconf 90' lang='lat' dir='ltr'><strong><em>nou</em></strong></span> <span class='ocrx_word' id='word_1_117' title='bbox 1765 1588 1884 1644; x_wconf 86' lang='lat' dir='ltr'><strong><em>sine</em></strong></span> 
     </span>
    </p>
   </div>
   <div class='ocr_carea' id='block_1_17' title="bbox 280 1681 1882 1756">
    <p class='ocr_par' dir='ltr' id='par_1_17' title="bbox 280 1681 1882 1756">
     <span class='ocr_line' id='line_1_17' title="bbox 280 1681 1882 1756; baseline 0 -16"><span class='ocrx_word' id='word_1_118' title='bbox 280 1685 702 1756; x_wconf 83' lang='lat' dir='ltr'><strong><em>compunctione</em></strong></span> <span class='ocrx_word' id='word_1_119' title='bbox 722 1685 905 1740; x_wconf 79' lang='lat' dir='ltr'><strong><em>contis</em></strong></span> <span class='ocrx_word' id='word_1_120' title='bbox 933 1685 986 1740; x_wconf 92' lang='lat' dir='ltr'><strong><em>in</em></strong></span> <span class='ocrx_word' id='word_1_121' title='bbox 1004 1693 1302 1756; x_wconf 88' lang='lat' dir='ltr'><strong><em>conspectu</em></strong></span> <span class='ocrx_word' id='word_1_122' title='bbox 1335 1684 1429 1739; x_wconf 88' lang='lat' dir='ltr'><strong><em>Dei</em></strong></span> <span class='ocrx_word' id='word_1_123' title='bbox 1451 1681 1648 1755; x_wconf 89' lang='lat' dir='ltr'><strong><em>judicis</em></strong></span> <span class='ocrx_word' id='word_1_124' title='bbox 1682 1681 1882 1740; x_wconf 80' lang='lat' dir='ltr'><strong><em>tunde:</em></strong></span> 
     </span>
    </p>
   </div>
   <div class='ocr_carea' id='block_1_18' title="bbox 281 1775 1886 1849">
    <p class='ocr_par' dir='ltr' id='par_1_18' title="bbox 281 1775 1886 1849">
     <span class='ocr_line' id='line_1_18' title="bbox 281 1775 1886 1849; baseline -0.002 -17"><span class='ocrx_word' id='word_1_125' title='bbox 281 1777 408 1845; x_wconf 79' lang='lat' dir='ltr'><strong><em>Quis</em></strong></span> <span class='ocrx_word' id='word_1_126' title='bbox 437 1778 577 1832; x_wconf 78' lang='lat' dir='ltr'><strong><em>dabit</em></strong></span> <span class='ocrx_word' id='word_1_127' title='bbox 604 1778 761 1848; x_wconf 79' lang='lat' dir='ltr'><strong><em>capiti</em></strong></span> <span class='ocrx_word' id='word_1_128' title='bbox 790 1794 902 1833; x_wconf 80' lang='lat' dir='ltr'><strong><em>ineo</em></strong></span> <span class='ocrx_word' id='word_1_129' title='bbox 928 1794 1139 1849; x_wconf 83' lang='lat' dir='ltr'><strong><em>aquam,</em></strong></span> <span class='ocrx_word' id='word_1_130' title='bbox 1161 1788 1209 1831; x_wconf 91' lang='lat' dir='ltr'><strong><em>et</em></strong></span> <span class='ocrx_word' id='word_1_131' title='bbox 1241 1777 1403 1831; x_wconf 77' lang='lat' dir='ltr'><strong><em>oculis</em></strong></span> <span class='ocrx_word' id='word_1_132' title='bbox 1433 1777 1560 1830; x_wconf 84' lang='lat' dir='ltr'><strong><em>meis</em></strong></span> <span class='ocrx_word' id='word_1_133' title='bbox 1589 1776 1782 1846; x_wconf 74' lang='lat' dir='ltr'><strong><em>fontem</em></strong></span> <span class='ocrx_word' id='word_1_134' title='bbox 1810 1775 1886 1829; x_wconf 88' lang='lat' dir='ltr'><strong><em>la-</em></strong></span> 
     </span>
    </p>
   </div>
   <div class='ocr_carea' id='block_1_19' title="bbox 1976 548 3576 616">
    <p class='ocr_par' dir='ltr' id='par_1_19' title="bbox 1976 548 3576 616">
     <span class='ocr_line' id='line_1_19' title="bbox 1976 548 3576 616; baseline 0.004 -13"><span class='ocrx_word' id='word_1_135' title='bbox 1976 550 2074 603; x_wconf 89' lang='lat' dir='ltr'><strong><em>bro</em></strong></span> <span class='ocrx_word' id='word_1_136' title='bbox 2105 548 2229 605; x_wconf 68' lang='lat' dir='ltr'><strong><em>vitm</em></strong></span> <span class='ocrx_word' id='word_1_137' title='bbox 2267 561 2465 605; x_wconf 84' lang='lat' dir='ltr'><strong>nomen</strong></span> <span class='ocrx_word' id='word_1_138' title='bbox 2493 563 2674 604; x_wconf 90' lang='lat' dir='ltr'><strong><em>meum</em></strong></span> <span class='ocrx_word' id='word_1_139' title='bbox 2705 592 2718 616; x_wconf 89' lang='lat'><strong><em>,</em></strong></span> <span class='ocrx_word' id='word_1_140' title='bbox 2754 550 2898 605; x_wconf 77' lang='lat' dir='ltr'><strong><em>facta</em></strong></span> <span class='ocrx_word' id='word_1_141' title='bbox 2933 563 3050 606; x_wconf 92' lang='lat' dir='ltr'><strong><em>sum</em></strong></span> <span class='ocrx_word' id='word_1_142' title='bbox 3107 551 3246 606; x_wconf 87' lang='lat' dir='ltr'><strong><em>sicut</em></strong></span> <span class='ocrx_word' id='word_1_143' title='bbox 3286 562 3480 608; x_wconf 76' lang='lat' dir='ltr'><strong><em>noctua</em></strong></span> <span class='ocrx_word' id='word_1_144' title='bbox 3525 556 3576 610; x_wconf 93' lang='lat' dir='ltr'><strong><em>in</em></strong></span> 
     </span>
    </p>
   </div>
   <div class='ocr_carea' id='block_1_20' title="bbox 1975 641 3580 713">
    <p class='ocr_par' dir='ltr' id='par_1_20' title="bbox 1975 641 3580 713">
     <span class='ocr_line' id='line_1_20' title="bbox 1975 641 3580 713; baseline 0.003 -16"><span class='ocrx_word' id='word_1_145' title='bbox 1975 641 2255 698; x_wconf 86' lang='lat' dir='ltr'><strong><em>domicilio</em></strong></span> <span class='ocrx_word' id='word_1_146' title='bbox 2280 685 2293 707; x_wconf 88' lang='lat'><strong><em>,</em></strong></span> <span class='ocrx_word' id='word_1_147' title='bbox 2329 643 2468 697; x_wconf 85' lang='lat' dir='ltr'><strong><em>sicut</em></strong></span> <span class='ocrx_word' id='word_1_148' title='bbox 2496 657 2684 713; x_wconf 84' lang='lat' dir='ltr'><strong><em>passer</em></strong></span> <span class='ocrx_word' id='word_1_149' title='bbox 2709 643 2898 699; x_wconf 86' lang='lat' dir='ltr'><strong><em>unicus</em></strong></span> <span class='ocrx_word' id='word_1_150' title='bbox 2936 643 2991 698; x_wconf 91' lang='lat' dir='ltr'><strong><em>in</em></strong></span> <span class='ocrx_word' id='word_1_151' title='bbox 3037 641 3268 699; x_wconf 62' lang='lat' dir='ltr'><strong><em>aedilicio</em></strong></span> <span class='ocrx_word' id='word_1_152' title='bbox 3299 664 3311 697; x_wconf 89' lang='lat'><strong>:</strong></span> <span class='ocrx_word' id='word_1_153' title='bbox 3358 661 3464 700; x_wconf 88' lang='lat' dir='ltr'><strong><em>non</em></strong></span> <span class='ocrx_word' id='word_1_154' title='bbox 3497 655 3580 702; x_wconf 88' lang='lat' dir='ltr'><strong><em>est</em></strong></span> 
     </span>
    </p>
   </div>
   <div class='ocr_carea' id='block_1_21' title="bbox 1975 735 3584 810">
    <p class='ocr_par' dir='ltr' id='par_1_21' title="bbox 1975 735 3584 810">
     <span class='ocr_line' id='line_1_21' title="bbox 1975 735 3584 810; baseline 0.006 -23"><span class='ocrx_word' id='word_1_155' title='bbox 1975 735 2068 804; x_wconf 89' lang='lat' dir='ltr'><strong><em>qui</em></strong></span> <span class='ocrx_word' id='word_1_156' title='bbox 2112 735 2428 791; x_wconf 89' lang='lat' dir='ltr'><strong><em>consoletur</em></strong></span> <span class='ocrx_word' id='word_1_157' title='bbox 2473 751 2581 791; x_wconf 90' lang='lat' dir='ltr'><strong><em>me.</em></strong></span> <span class='ocrx_word' id='word_1_158' title='bbox 2631 736 2935 794; x_wconf 84' lang='lat' dir='ltr'><strong><em>Considero</em></strong></span> <span class='ocrx_word' id='word_1_159' title='bbox 2966 754 2993 791; x_wconf 91' lang='lat' dir='ltr'><strong><em>a</em></strong></span> <span class='ocrx_word' id='word_1_160' title='bbox 3025 737 3190 810; x_wconf 77' lang='lat'><strong><em>318</em></strong></span> <span class='ocrx_word' id='word_1_161' title='bbox 3238 737 3482 807; x_wconf 83' lang='lat' dir='ltr'><strong><em>dextris,</em></strong></span> <span class='ocrx_word' id='word_1_162' title='bbox 3528 749 3584 796; x_wconf 85' lang='lat' dir='ltr'><strong><em>et</em></strong></span> 
     </span>
    </p>
   </div>
   <div class='ocr_carea' id='block_1_22' title="bbox 1978 830 3584 902">
    <p class='ocr_par' dir='ltr' id='par_1_22' title="bbox 1978 830 3584 902">
     <span class='ocr_line' id='line_1_22' title="bbox 1978 830 3584 902; baseline 0.003 -20"><span class='ocrx_word' id='word_1_163' title='bbox 1978 830 2140 884; x_wconf 87' lang='lat' dir='ltr'><strong><em>video</em></strong></span> <span class='ocrx_word' id='word_1_164' title='bbox 2165 830 2289 900; x_wconf 90' lang='lat' dir='ltr'><strong><em>quia</em></strong></span> <span class='ocrx_word' id='word_1_165' title='bbox 2333 843 2442 884; x_wconf 91' lang='lat' dir='ltr'><strong><em>non</em></strong></span> <span class='ocrx_word' id='word_1_166' title='bbox 2475 840 2559 886; x_wconf 74' lang='grc' dir='ltr'><strong>εει</strong></span> <span class='ocrx_word' id='word_1_167' title='bbox 2588 831 2676 900; x_wconf 86' lang='lat' dir='ltr'><strong><em>qui</em></strong></span> <span class='ocrx_word' id='word_1_168' title='bbox 2700 842 2961 901; x_wconf 83' lang='lat' dir='ltr'><strong><em>agnoscat</em></strong></span> <span class='ocrx_word' id='word_1_169' title='bbox 2985 847 3072 887; x_wconf 88' lang='lat' dir='ltr'><strong><em>me</em></strong></span> <span class='ocrx_word' id='word_1_170' title='bbox 3107 833 3404 902; x_wconf 72' lang='lat' dir='ltr'><strong><em>(Psat.c1,</em></strong></span> <span class='ocrx_word' id='word_1_171' title='bbox 3460 833 3490 888; x_wconf 88' lang='lat'><strong>7</strong></span> <span class='ocrx_word' id='word_1_172' title='bbox 3537 844 3584 887; x_wconf 89' lang='lat' dir='ltr'><strong><em>et</em></strong></span> 
     </span>
    </p>
   </div>
   <div class='ocr_carea' id='block_1_23' title="bbox 1979 921 3582 995">
    <p class='ocr_par' dir='ltr' id='par_1_23' title="bbox 1979 921 3582 995">
     <span class='ocr_line' id='line_1_23' title="bbox 1979 921 3582 995; baseline 0.003 -20"><span class='ocrx_word' id='word_1_173' title='bbox 1979 923 2114 992; x_wconf 77' lang='lat' dir='ltr'><strong><em>seq.)</em></strong></span> <span class='ocrx_word' id='word_1_174' title='bbox 2139 921 2304 976; x_wconf 83' lang='lat' dir='ltr'><strong><em>Periit</em></strong></span> <span class='ocrx_word' id='word_1_175' title='bbox 2331 922 2456 994; x_wconf 76' lang='lat' dir='ltr'><strong><em>fuga</em></strong></span> <span class='ocrx_word' id='word_1_176' title='bbox 2487 939 2518 977; x_wconf 76' lang='grc' dir='ltr'><strong><em>α</em></strong></span> <span class='ocrx_word' id='word_1_177' title='bbox 2541 939 2640 988; x_wconf 87' lang='lat' dir='ltr'><strong><em>me,</em></strong></span> <span class='ocrx_word' id='word_1_178' title='bbox 2667 933 2716 976; x_wconf 94' lang='lat' dir='ltr'><strong><em>et</em></strong></span> <span class='ocrx_word' id='word_1_179' title='bbox 2738 939 2838 978; x_wconf 88' lang='lat' dir='ltr'><strong><em>non</em></strong></span> <span class='ocrx_word' id='word_1_180' title='bbox 2867 935 2941 978; x_wconf 90' lang='lat' dir='ltr'><strong><em>est</em></strong></span> <span class='ocrx_word' id='word_1_181' title='bbox 2982 925 3071 994; x_wconf 87' lang='lat' dir='ltr'><strong><em>qui</em></strong></span> <span class='ocrx_word' id='word_1_182' title='bbox 3101 926 3327 995; x_wconf 74' lang='lat' dir='ltr'><strong><em>requirat</em></strong></span> <span class='ocrx_word' id='word_1_183' title='bbox 3356 926 3582 980; x_wconf 80' lang='lat' dir='ltr'><strong><em>animum</em></strong></span> 
     </span>
    </p>
   </div>
   <div class='ocr_carea' id='block_1_24' title="bbox 1980 1013 3579 1089">
    <p class='ocr_par' dir='ltr' id='par_1_24' title="bbox 1980 1013 3579 1089">
     <span class='ocr_line' id='line_1_24' title="bbox 1980 1013 3579 1089; baseline 0.004 -22"><span class='ocrx_word' id='word_1_184' title='bbox 1980 1025 2146 1068; x_wconf 86' lang='lat' dir='ltr'><strong><em>meam</em></strong></span> <span class='ocrx_word' id='word_1_185' title='bbox 2171 1013 2346 1086; x_wconf 77' lang='lat' dir='ltr'><strong><em>(Psal.</em></strong></span> <span class='ocrx_word' id='word_1_186' title='bbox 2373 1029 2520 1082; x_wconf 75' lang='lat' dir='ltr'><strong><em>cui,</em></strong></span> <span class='ocrx_word' id='word_1_187' title='bbox 2545 1015 2628 1085; x_wconf 72' lang='grc' dir='ltr'><strong><em>ὅ).</em></strong></span> <span class='ocrx_word' id='word_1_188' title='bbox 2661 1015 2826 1071; x_wconf 86' lang='lat' dir='ltr'><strong><em>Facta</em></strong></span> <span class='ocrx_word' id='word_1_189' title='bbox 2851 1032 2968 1072; x_wconf 88' lang='lat' dir='ltr'><strong><em>smn</em></strong></span> <span class='ocrx_word' id='word_1_190' title='bbox 2999 1019 3139 1072; x_wconf 87' lang='lat' dir='ltr'><strong><em>sicut</em></strong></span> <span class='ocrx_word' id='word_1_191' title='bbox 3168 1033 3260 1073; x_wconf 86' lang='lat' dir='ltr'><strong><em>vas</em></strong></span> <span class='ocrx_word' id='word_1_192' title='bbox 3286 1019 3579 1089; x_wconf 84' lang='lat' dir='ltr'><strong><em>perditum,</em></strong></span> 
     </span>
    </p>
   </div>
   <div class='ocr_carea' id='block_1_25' title="bbox 1980 1106 3585 1178">
    <p class='ocr_par' dir='ltr' id='par_1_25' title="bbox 1980 1106 3585 1178">
     <span class='ocr_line' id='line_1_25' title="bbox 1980 1106 3585 1178; baseline 0.004 -18"><span class='ocrx_word' id='word_1_193' title='bbox 1980 1106 2159 1161; x_wconf 83' lang='lat' dir='ltr'><strong><em>audivi</em></strong></span> <span class='ocrx_word' id='word_1_194' title='bbox 2204 1107 2664 1178; x_wconf 75' lang='lat' dir='ltr'><strong><em>vituperationem</em></strong></span> <span class='ocrx_word' id='word_1_195' title='bbox 2716 1111 2958 1164; x_wconf 88' lang='lat' dir='ltr'><strong><em>omnium</em></strong></span> <span class='ocrx_word' id='word_1_196' title='bbox 3007 1111 3155 1164; x_wconf 86' lang='lat' dir='ltr'><strong><em>circa</em></strong></span> <span class='ocrx_word' id='word_1_197' title='bbox 3207 1125 3292 1166; x_wconf 91' lang='lat' dir='ltr'><strong><em>me</em></strong></span> <span class='ocrx_word' id='word_1_198' title='bbox 3338 1111 3585 1166; x_wconf 87' lang='lat' dir='ltr'><strong><em>habitan-</em></strong></span> 
     </span>
    </p>
   </div>
   <div class='ocr_carea' id='block_1_26' title="bbox 1981 1201 3581 1278">
    <p class='ocr_par' dir='ltr' id='par_1_26' title="bbox 1981 1201 3581 1278">
     <span class='ocr_line' id='line_1_26' title="bbox 1981 1201 3581 1278; baseline 0.004 -20"><span class='ocrx_word' id='word_1_199' title='bbox 1981 1202 2136 1258; x_wconf 90' lang='lat' dir='ltr'><strong><em>tium.</em></strong></span> <span class='ocrx_word' id='word_1_200' title='bbox 2169 1202 2263 1259; x_wconf 71' lang='lat' dir='ltr'><strong><em>Vm</em></strong></span> <span class='ocrx_word' id='word_1_201' title='bbox 2289 1203 2397 1259; x_wconf 90' lang='lat' dir='ltr'><strong><em>diei</em></strong></span> <span class='ocrx_word' id='word_1_202' title='bbox 2431 1204 2508 1259; x_wconf 89' lang='lat' dir='ltr'><strong><em>illi</em></strong></span> <span class='ocrx_word' id='word_1_203' title='bbox 2535 1201 2587 1258; x_wconf 87' lang='lat' dir='ltr'><strong><em>in</em></strong></span> <span class='ocrx_word' id='word_1_204' title='bbox 2617 1219 2726 1275; x_wconf 91' lang='lat' dir='ltr'><strong><em>quo</em></strong></span> <span class='ocrx_word' id='word_1_205' title='bbox 2747 1220 2836 1260; x_wconf 91' lang='lat' dir='ltr'><strong><em>me</em></strong></span> <span class='ocrx_word' id='word_1_206' title='bbox 2870 1206 2894 1235; x_wconf 72' lang='grc' dir='ltr'>ε</span> <span class='ocrx_word' id='word_1_207' title='bbox 2921 1203 3106 1261; x_wconf 81' lang='lat' dir='ltr'><strong><em>infelix</em></strong></span> <span class='ocrx_word' id='word_1_208' title='bbox 3142 1209 3327 1278; x_wconf 82' lang='lat' dir='ltr'><strong><em>genuit</em></strong></span> <span class='ocrx_word' id='word_1_209' title='bbox 3367 1219 3540 1264; x_wconf 84' lang='lat' dir='ltr'><strong><em>mater</em></strong></span> <span class='ocrx_word' id='word_1_210' title='bbox 3566 1252 3581 1276; x_wconf 90' lang='lat'><strong><em>,</em></strong></span> 
     </span>
    </p>
   </div>
   <div class='ocr_carea' id='block_1_27' title="bbox 1982 1297 3582 1371">
    <p class='ocr_par' dir='ltr' id='par_1_27' title="bbox 1982 1297 3582 1371">
     <span class='ocr_line' id='line_1_27' title="bbox 1982 1297 3582 1371; baseline 0.004 -19"><span class='ocrx_word' id='word_1_211' title='bbox 1982 1307 2037 1352; x_wconf 89' lang='lat' dir='ltr'><strong><em>et</em></strong></span> <span class='ocrx_word' id='word_1_212' title='bbox 2080 1297 2174 1352; x_wconf 77' lang='lat' dir='ltr'><strong><em>lux</em></strong></span> <span class='ocrx_word' id='word_1_213' title='bbox 2230 1298 2334 1352; x_wconf 84' lang='lat' dir='ltr'><strong><em>ista</em></strong></span> <span class='ocrx_word' id='word_1_214' title='bbox 2367 1298 2608 1354; x_wconf 85' lang='lat' dir='ltr'><strong><em>crudelis</em></strong></span> <span class='ocrx_word' id='word_1_215' title='bbox 2661 1299 2916 1371; x_wconf 83' lang='lat' dir='ltr'><strong><em>excepit!</em></strong></span> <span class='ocrx_word' id='word_1_216' title='bbox 2970 1299 3300 1370; x_wconf 68' lang='lat' dir='ltr'><strong><em>Oportucrat</em></strong></span> <span class='ocrx_word' id='word_1_217' title='bbox 3350 1317 3436 1358; x_wconf 90' lang='lat' dir='ltr'><strong><em>me</em></strong></span> <span class='ocrx_word' id='word_1_218' title='bbox 3474 1321 3582 1358; x_wconf 82' lang='lat' dir='ltr'><strong><em>non</em></strong></span> 
     </span>
    </p>
   </div>
   <div class='ocr_carea' id='block_1_28' title="bbox 1983 1390 3582 1466">
    <p class='ocr_par' dir='ltr' id='par_1_28' title="bbox 1983 1390 3582 1466">
     <span class='ocr_line' id='line_1_28' title="bbox 1983 1390 3582 1466; baseline 0.004 -21"><span class='ocrx_word' id='word_1_219' title='bbox 1983 1390 2149 1447; x_wconf 80' lang='lat' dir='ltr'><strong><em>fuisse</em></strong></span> <span class='ocrx_word' id='word_1_220' title='bbox 2188 1403 2409 1460; x_wconf 86' lang='lat' dir='ltr'><strong><em>natam,</em></strong></span> <span class='ocrx_word' id='word_1_221' title='bbox 2460 1409 2621 1463; x_wconf 83' lang='lat' dir='ltr'><strong><em>qtmm</em></strong></span> <span class='ocrx_word' id='word_1_222' title='bbox 2667 1393 2747 1448; x_wconf 90' lang='lat' dir='ltr'><strong><em>sic</em></strong></span> <span class='ocrx_word' id='word_1_223' title='bbox 2786 1393 2838 1448; x_wconf 91' lang='lat' dir='ltr'><strong><em>in</em></strong></span> <span class='ocrx_word' id='word_1_224' title='bbox 2869 1396 3122 1466; x_wconf 77' lang='lat' dir='ltr'><strong><em>gentibus</em></strong></span> <span class='ocrx_word' id='word_1_225' title='bbox 3177 1396 3352 1451; x_wconf 83' lang='lat' dir='ltr'><strong><em>fabula</em></strong></span> <span class='ocrx_word' id='word_1_226' title='bbox 3397 1397 3582 1453; x_wconf 88' lang='lat' dir='ltr'><strong><em>lierem</em></strong></span> 
     </span>
    </p>
   </div>
   <div class='ocr_carea' id='block_1_29' title="bbox 1983 1481 3587 1560">
    <p class='ocr_par' dir='ltr' id='par_1_29' title="bbox 1983 1481 3587 1560">
     <span class='ocr_line' id='line_1_29' title="bbox 1983 1481 3587 1560; baseline 0.005 -22"><span class='ocrx_word' id='word_1_227' title='bbox 1983 1484 2161 1555; x_wconf 71' lang='lat' dir='ltr'><strong><em>(Prol.</em></strong></span> <span class='ocrx_word' id='word_1_228' title='bbox 2216 1501 2326 1542; x_wconf 81' lang='lat' dir='ltr'><strong><em>xxx</em></strong></span> <span class='ocrx_word' id='word_1_229' title='bbox 2353 1528 2367 1552; x_wconf 89' lang='lat'><strong><em>,</em></strong></span> <span class='ocrx_word' id='word_1_230' title='bbox 2401 1481 2490 1553; x_wconf 79' lang='lat' dir='ltr'><strong><em>i3,</em></strong></span> <span class='ocrx_word' id='word_1_231' title='bbox 2541 1486 2653 1560; x_wconf 76' lang='grc'><strong>14).</strong></span> <span class='ocrx_word' id='word_1_232' title='bbox 2682 1486 2916 1559; x_wconf 84' lang='lat' dir='ltr'><strong><em>PrOpter</em></strong></span> <span class='ocrx_word' id='word_1_233' title='bbox 2942 1505 3026 1544; x_wconf 92' lang='lat' dir='ltr'><strong><em>me</em></strong></span> <span class='ocrx_word' id='word_1_234' title='bbox 3058 1489 3309 1546; x_wconf 78' lang='lat' dir='ltr'><strong><em>confusio</em></strong></span> <span class='ocrx_word' id='word_1_235' title='bbox 3339 1490 3475 1546; x_wconf 83' lang='lat' dir='ltr'><strong><em>facta</em></strong></span> <span class='ocrx_word' id='word_1_236' title='bbox 3504 1502 3587 1547; x_wconf 75' lang='lat' dir='ltr'><strong><em>est</em></strong></span> 
     </span>
    </p>
   </div>
   <div class='ocr_carea' id='block_1_30' title="bbox 1985 1581 3587 1657">
    <p class='ocr_par' dir='ltr' id='par_1_30' title="bbox 1985 1581 3587 1657">
     <span class='ocr_line' id='line_1_30' title="bbox 1985 1581 3587 1657; baseline 0.005 -21"><span class='ocrx_word' id='word_1_237' title='bbox 1985 1581 2241 1637; x_wconf 86' lang='lat' dir='ltr'><strong><em>omnibus</em></strong></span> <span class='ocrx_word' id='word_1_238' title='bbox 2273 1582 2492 1638; x_wconf 82' lang='lat' dir='ltr'><strong><em>famulis</em></strong></span> <span class='ocrx_word' id='word_1_239' title='bbox 2520 1583 2772 1652; x_wconf 89' lang='lat' dir='ltr'><strong><em>Domini,</em></strong></span> <span class='ocrx_word' id='word_1_240' title='bbox 2822 1593 2874 1639; x_wconf 88' lang='lat' dir='ltr'><strong><em>et</em></strong></span> <span class='ocrx_word' id='word_1_241' title='bbox 2905 1599 3027 1640; x_wconf 91' lang='lat' dir='ltr'><strong><em>eum</em></strong></span> <span class='ocrx_word' id='word_1_242' title='bbox 3068 1583 3229 1657; x_wconf 85' lang='lat' dir='ltr'><strong><em>digne</em></strong></span> <span class='ocrx_word' id='word_1_243' title='bbox 3283 1588 3587 1644; x_wconf 85' lang='lat' dir='ltr'><strong><em>colentibus</em></strong></span> 
     </span>
    </p>
   </div>
   <div class='ocr_carea' id='block_1_31' title="bbox 1986 1671 2341 1745">
    <p class='ocr_par' dir='ltr' id='par_1_31' title="bbox 1986 1671 2341 1745">
     <span class='ocr_line' id='line_1_31' title="bbox 1986 1671 2341 1745; baseline 0.003 -19"><span class='ocrx_word' id='word_1_244' title='bbox 1986 1671 2128 1742; x_wconf 82' lang='lat' dir='ltr'><strong><em>(Job.</em></strong></span> <span class='ocrx_word' id='word_1_245' title='bbox 2155 1687 2233 1739; x_wconf 92' lang='grc' dir='ltr'><strong>ιιι,</strong></span> <span class='ocrx_word' id='word_1_246' title='bbox 2261 1672 2341 1745; x_wconf 78' lang='lat'><strong><em>3).</em></strong></span> 
     </span>
    </p>
   </div>
   <div class='ocr_carea' id='block_1_32' title="bbox 2057 1767 3589 1844">
    <p class='ocr_par' dir='ltr' id='par_1_32' title="bbox 2057 1767 3589 1844">
     <span class='ocr_line' id='line_1_32' title="bbox 2057 1767 3589 1844; baseline 0.005 -22"><span class='ocrx_word' id='word_1_247' title='bbox 2057 1767 2150 1822; x_wconf 73' lang='grc'><strong>47.</strong></span> <span class='ocrx_word' id='word_1_248' title='bbox 2195 1767 2397 1839; x_wconf 82' lang='lat' dir='ltr'><strong><em>Lugete</em></strong></span> <span class='ocrx_word' id='word_1_249' title='bbox 2421 1785 2529 1832; x_wconf 91' lang='lat' dir='ltr'><strong><em>me,</em></strong></span> <span class='ocrx_word' id='word_1_250' title='bbox 2563 1778 2779 1826; x_wconf 88' lang='lat' dir='ltr'><strong><em>montes</em></strong></span> <span class='ocrx_word' id='word_1_251' title='bbox 2809 1780 2863 1828; x_wconf 91' lang='lat' dir='ltr'><strong><em>et</em></strong></span> <span class='ocrx_word' id='word_1_252' title='bbox 2885 1772 3090 1838; x_wconf 87' lang='lat' dir='ltr'><strong><em>colles;</em></strong></span> <span class='ocrx_word' id='word_1_253' title='bbox 3128 1771 3307 1844; x_wconf 78' lang='lat' dir='ltr'><strong><em>lugete</em></strong></span> <span class='ocrx_word' id='word_1_254' title='bbox 3337 1791 3441 1839; x_wconf 87' lang='lat' dir='ltr'><strong><em>me,</em></strong></span> <span class='ocrx_word' id='word_1_255' title='bbox 3469 1774 3589 1830; x_wconf 70' lang='grc' dir='ltr'><strong>Γινιι-</strong></span> 
     </span>
    </p>
   </div>
   <div class='ocr_carea' id='block_1_33' title="bbox 278 1862 3586 1943">
    <p class='ocr_par' dir='ltr' id='par_1_33' title="bbox 278 1862 3586 1943">
     <span class='ocr_line' id='line_1_33' title="bbox 278 1862 3586 1943; baseline 0.001 -20"><span class='ocrx_word' id='word_1_256' title='bbox 278 1885 574 1942; x_wconf 72' lang='lat' dir='ltr'><strong><em>crgmarum</em></strong></span> <span class='ocrx_word' id='word_1_257' title='bbox 626 1868 848 1941; x_wconf 69' lang='lat' dir='ltr'><strong><em>(larem.</em></strong></span> <span class='ocrx_word' id='word_1_258' title='bbox 879 1886 956 1937; x_wconf 76' lang='grc' dir='ltr'><strong><em>ιι,</em></strong></span> <span class='ocrx_word' id='word_1_259' title='bbox 988 1869 1063 1943; x_wconf 86' lang='lat' dir='ltr'><strong><em>i),</em></strong></span> <span class='ocrx_word' id='word_1_260' title='bbox 1094 1879 1155 1926; x_wconf 91' lang='grc' dir='ltr'><strong><em>ιιι</em></strong></span> <span class='ocrx_word' id='word_1_261' title='bbox 1179 1869 1408 1926; x_wconf 83' lang='lat' dir='ltr'><strong><em>deﬂeam</em></strong></span> <span class='ocrx_word' id='word_1_262' title='bbox 1432 1869 1656 1924; x_wconf 81' lang='lat' dir='ltr'><strong><em>vulnera</em></strong></span> <span class='ocrx_word' id='word_1_263' title='bbox 1685 1868 1883 1924; x_wconf 63' lang='lat' dir='ltr'><strong><em>animos</em></strong></span> <span class='ocrx_word' id='word_1_264' title='bbox 1915 1863 1962 1926; x_wconf 89' lang='lat' dir='ltr'><strong>B</strong></span> <span class='ocrx_word' id='word_1_265' title='bbox 1992 1873 2071 1918; x_wconf 87' lang='lat' dir='ltr'><strong><em>tes</em></strong></span> <span class='ocrx_word' id='word_1_266' title='bbox 2095 1869 2149 1918; x_wconf 90' lang='lat' dir='ltr'><strong><em>et</em></strong></span> <span class='ocrx_word' id='word_1_267' title='bbox 2181 1862 2400 1918; x_wconf 84' lang='lat' dir='ltr'><strong><em>ﬂumina</em></strong></span> <span class='ocrx_word' id='word_1_268' title='bbox 2428 1881 2441 1929; x_wconf 93' lang='lat'><strong><em>;</em></strong></span> <span class='ocrx_word' id='word_1_269' title='bbox 2475 1863 2597 1935; x_wconf 86' lang='lat' dir='ltr'><strong><em>quia</em></strong></span> <span class='ocrx_word' id='word_1_270' title='bbox 2628 1864 2786 1920; x_wconf 80' lang='lat' dir='ltr'><strong><em>ﬂetus</em></strong></span> <span class='ocrx_word' id='word_1_271' title='bbox 2819 1864 2930 1921; x_wconf 90' lang='lat' dir='ltr'><strong><em>lilia</em></strong></span> <span class='ocrx_word' id='word_1_272' title='bbox 2954 1883 3056 1938; x_wconf 81' lang='lat' dir='ltr'><strong><em>ego</em></strong></span> <span class='ocrx_word' id='word_1_273' title='bbox 3083 1883 3226 1923; x_wconf 86' lang='lat' dir='ltr'><strong><em>smn.</em></strong></span> <span class='ocrx_word' id='word_1_274' title='bbox 3247 1867 3450 1940; x_wconf 82' lang='lat' dir='ltr'><strong><em>Lugete</em></strong></span> <span class='ocrx_word' id='word_1_275' title='bbox 3479 1887 3586 1938; x_wconf 91' lang='lat' dir='ltr'><strong><em>me,</em></strong></span> 
     </span>
    </p>
   </div>
   <div class='ocr_carea' id='block_1_34' title="bbox 278 1962 1886 2030">
    <p class='ocr_par' dir='ltr' id='par_1_34' title="bbox 278 1962 1886 2030">
     <span class='ocr_line' id='line_1_34' title="bbox 278 1962 1886 2030; baseline -0.002 -11"><span class='ocrx_word' id='word_1_276' title='bbox 278 1963 436 2020; x_wconf 65' lang='lat' dir='ltr'><strong><em>meat?</em></strong></span> <span class='ocrx_word' id='word_1_277' title='bbox 467 1962 734 2019; x_wconf 80' lang='lat' dir='ltr'><strong><em>Conversi</em></strong></span> <span class='ocrx_word' id='word_1_278' title='bbox 767 1974 894 2020; x_wconf 89' lang='lat' dir='ltr'><strong><em>sunt</em></strong></span> <span class='ocrx_word' id='word_1_279' title='bbox 920 1963 1038 2020; x_wconf 86' lang='lat' dir='ltr'><strong><em>dies</em></strong></span> <span class='ocrx_word' id='word_1_280' title='bbox 1060 1964 1182 2020; x_wconf 81' lang='lat' dir='ltr'><strong><em>festi</em></strong></span> <span class='ocrx_word' id='word_1_281' title='bbox 1211 1964 1316 2018; x_wconf 91' lang='lat' dir='ltr'><strong><em>mel</em></strong></span> <span class='ocrx_word' id='word_1_282' title='bbox 1345 1965 1397 2017; x_wconf 90' lang='lat' dir='ltr'><strong><em>in</em></strong></span> <span class='ocrx_word' id='word_1_283' title='bbox 1428 1963 1653 2030; x_wconf 77' lang='lat' dir='ltr'><strong><em>luc&#39;um,</em></strong></span> <span class='ocrx_word' id='word_1_284' title='bbox 1681 1971 1733 2018; x_wconf 92' lang='lat' dir='ltr'><strong><em>et</em></strong></span> <span class='ocrx_word' id='word_1_285' title='bbox 1757 1975 1886 2016; x_wconf 79' lang='lat' dir='ltr'><strong><em>cau-</em></strong></span> 
     </span>
    </p>
   </div>
   <div class='ocr_carea' id='block_1_35' title="bbox 278 2055 1883 2129">
    <p class='ocr_par' dir='ltr' id='par_1_35' title="bbox 278 2055 1883 2129">
     <span class='ocr_line' id='line_1_35' title="bbox 278 2055 1883 2129; baseline -0.004 -16"><span class='ocrx_word' id='word_1_286' title='bbox 278 2058 383 2113; x_wconf 87' lang='lat' dir='ltr'><strong><em>tica</em></strong></span> <span class='ocrx_word' id='word_1_287' title='bbox 415 2058 474 2113; x_wconf 91' lang='lat' dir='ltr'><strong><em>in</em></strong></span> <span class='ocrx_word' id='word_1_288' title='bbox 506 2058 953 2114; x_wconf 76' lang='lat' dir='ltr'><strong><em>lamentationem</em></strong></span> <span class='ocrx_word' id='word_1_289' title='bbox 987 2058 1167 2129; x_wconf 80' lang='lat' dir='ltr'><strong><em>(Amos</em></strong></span> <span class='ocrx_word' id='word_1_290' title='bbox 1192 2072 1287 2112; x_wconf 82' lang='lat' dir='ltr'><strong><em>vni</em></strong></span> <span class='ocrx_word' id='word_1_291' title='bbox 1311 2097 1326 2122; x_wconf 93' lang='lat'><strong><em>,</em></strong></span> <span class='ocrx_word' id='word_1_292' title='bbox 1358 2055 1449 2127; x_wconf 71' lang='lat'><strong><em>10)</em></strong></span> <span class='ocrx_word' id='word_1_293' title='bbox 1477 2075 1490 2111; x_wconf 89' lang='lat'><strong>:</strong></span> <span class='ocrx_word' id='word_1_294' title='bbox 1532 2055 1762 2111; x_wconf 85' lang='lat' dir='ltr'><strong><em>recessit</em></strong></span> <span class='ocrx_word' id='word_1_295' title='bbox 1790 2067 1883 2108; x_wconf 92' lang='lat' dir='ltr'><strong><em>so-</em></strong></span> 
     </span>
    </p>
   </div>
   <div class='ocr_carea' id='block_1_36' title="bbox 275 2148 1886 2222">
    <p class='ocr_par' dir='ltr' id='par_1_36' title="bbox 275 2148 1886 2222">
     <span class='ocr_line' id='line_1_36' title="bbox 275 2148 1886 2222; baseline -0.003 -16"><span class='ocrx_word' id='word_1_296' title='bbox 275 2167 378 2207; x_wconf 83' lang='lat' dir='ltr'><strong><em>nus</em></strong></span> <span class='ocrx_word' id='word_1_297' title='bbox 408 2152 770 2222; x_wconf 81' lang='lat' dir='ltr'><strong><em>hymnorum,</em></strong></span> <span class='ocrx_word' id='word_1_298' title='bbox 819 2161 876 2207; x_wconf 88' lang='lat' dir='ltr'><strong><em>et</em></strong></span> <span class='ocrx_word' id='word_1_299' title='bbox 917 2150 1102 2204; x_wconf 82' lang='lat' dir='ltr'><strong><em>laetitia</em></strong></span> <span class='ocrx_word' id='word_1_300' title='bbox 1155 2148 1517 2220; x_wconf 88' lang='lat' dir='ltr'><strong><em>psalmorum,</em></strong></span> <span class='ocrx_word' id='word_1_301' title='bbox 1565 2157 1620 2204; x_wconf 91' lang='lat' dir='ltr'><strong><em>et</em></strong></span> <span class='ocrx_word' id='word_1_302' title='bbox 1667 2161 1886 2204; x_wconf 81' lang='lat' dir='ltr'><strong><em>succes-</em></strong></span> 
     </span>
    </p>
   </div>
   <div class='ocr_carea' id='block_1_37' title="bbox 271 2239 1888 2298">
    <p class='ocr_par' dir='ltr' id='par_1_37' title="bbox 271 2239 1888 2298">
     <span class='ocr_line' id='line_1_37' title="bbox 271 2239 1888 2298; baseline -0.002 -2"><span class='ocrx_word' id='word_1_303' title='bbox 271 2242 346 2297; x_wconf 86' lang='lat' dir='ltr'><strong><em>sit</em></strong></span> <span class='ocrx_word' id='word_1_304' title='bbox 389 2241 596 2298; x_wconf 85' lang='lat' dir='ltr'><strong><em>stridor</em></strong></span> <span class='ocrx_word' id='word_1_305' title='bbox 642 2241 886 2298; x_wconf 85' lang='lat' dir='ltr'><strong><em>dentium</em></strong></span> <span class='ocrx_word' id='word_1_306' title='bbox 916 2251 971 2298; x_wconf 88' lang='lat' dir='ltr'><strong><em>et</em></strong></span> <span class='ocrx_word' id='word_1_307' title='bbox 997 2241 1155 2297; x_wconf 85' lang='lat' dir='ltr'><strong><em>ﬂetus</em></strong></span> <span class='ocrx_word' id='word_1_308' title='bbox 1196 2241 1497 2296; x_wconf 80' lang='lat' dir='ltr'><strong><em>oculorum.</em></strong></span> <span class='ocrx_word' id='word_1_309' title='bbox 1547 2239 1794 2294; x_wconf 78' lang='lat' dir='ltr'><strong><em>Obmutui</em></strong></span> <span class='ocrx_word' id='word_1_310' title='bbox 1839 2247 1888 2293; x_wconf 90' lang='lat' dir='ltr'><strong><em>et</em></strong></span> 
     </span>
    </p>
   </div>
   <div class='ocr_carea' id='block_1_38' title="bbox 275 2336 1888 2408">
    <p class='ocr_par' dir='ltr' id='par_1_38' title="bbox 275 2336 1888 2408">
     <span class='ocr_line' id='line_1_38' title="bbox 275 2336 1888 2408; baseline -0.002 -16"><span class='ocrx_word' id='word_1_311' title='bbox 275 2336 562 2408; x_wconf 82' lang='lat' dir='ltr'><strong><em>humiliata</em></strong></span> <span class='ocrx_word' id='word_1_312' title='bbox 589 2353 707 2391; x_wconf 69' lang='lat' dir='ltr'><strong><em>sunt</em></strong></span> <span class='ocrx_word' id='word_1_313' title='bbox 731 2347 778 2392; x_wconf 85' lang='lat' dir='ltr'><strong><em>et</em></strong></span> <span class='ocrx_word' id='word_1_314' title='bbox 808 2338 930 2391; x_wconf 80' lang='lat' dir='ltr'><strong><em>silui</em></strong></span> <span class='ocrx_word' id='word_1_315' title='bbox 954 2353 986 2390; x_wconf 92' lang='lat' dir='ltr'><strong><em>a</em></strong></span> <span class='ocrx_word' id='word_1_316' title='bbox 1014 2336 1160 2391; x_wconf 80' lang='lat' dir='ltr'><strong><em>bonis</em></strong></span> <span class='ocrx_word' id='word_1_317' title='bbox 1184 2375 1200 2403; x_wconf 89' lang='lat'><strong><em>,</em></strong></span> <span class='ocrx_word' id='word_1_318' title='bbox 1235 2345 1283 2389; x_wconf 90' lang='lat' dir='ltr'><strong><em>et</em></strong></span> <span class='ocrx_word' id='word_1_319' title='bbox 1330 2336 1480 2390; x_wconf 86' lang='lat' dir='ltr'><strong><em>dolor</em></strong></span> <span class='ocrx_word' id='word_1_320' title='bbox 1541 2349 1682 2389; x_wconf 76' lang='lat' dir='ltr'><strong><em>meus</em></strong></span> <span class='ocrx_word' id='word_1_321' title='bbox 1737 2349 1888 2389; x_wconf 88' lang='lat' dir='ltr'><strong><em>reno-</em></strong></span> 
     </span>
    </p>
   </div>
   <div class='ocr_carea' id='block_1_39' title="bbox 275 2427 1888 2492">
    <p class='ocr_par' dir='ltr' id='par_1_39' title="bbox 275 2427 1888 2492">
     <span class='ocr_line' id='line_1_39' title="bbox 275 2427 1888 2492; baseline -0.002 -8"><span class='ocrx_word' id='word_1_322' title='bbox 275 2439 427 2484; x_wconf 81' lang='lat' dir='ltr'><strong><em>vatus</em></strong></span> <span class='ocrx_word' id='word_1_323' title='bbox 444 2440 539 2484; x_wconf 87' lang='lat' dir='ltr'><strong><em>est.</em></strong></span> <span class='ocrx_word' id='word_1_324' title='bbox 578 2429 856 2485; x_wconf 84' lang='lat' dir='ltr'><strong><em>Concaluit</em></strong></span> <span class='ocrx_word' id='word_1_325' title='bbox 886 2447 976 2484; x_wconf 88' lang='lat' dir='ltr'><strong><em>cor</em></strong></span> <span class='ocrx_word' id='word_1_326' title='bbox 1003 2441 1173 2486; x_wconf 78' lang='lat' dir='ltr'><strong><em>nteant</em></strong></span> <span class='ocrx_word' id='word_1_327' title='bbox 1201 2432 1340 2483; x_wconf 84' lang='lat' dir='ltr'><strong><em>intra</em></strong></span> <span class='ocrx_word' id='word_1_328' title='bbox 1363 2445 1442 2482; x_wconf 87' lang='lat' dir='ltr'><strong><em>me</em></strong></span> <span class='ocrx_word' id='word_1_329' title='bbox 1465 2467 1480 2492; x_wconf 93' lang='lat'><strong><em>,</em></strong></span> <span class='ocrx_word' id='word_1_330' title='bbox 1508 2439 1559 2482; x_wconf 90' lang='lat' dir='ltr'><strong><em>et</em></strong></span> <span class='ocrx_word' id='word_1_331' title='bbox 1593 2427 1647 2482; x_wconf 87' lang='lat' dir='ltr'><strong><em>in</em></strong></span> <span class='ocrx_word' id='word_1_332' title='bbox 1671 2429 1888 2482; x_wconf 82' lang='lat' dir='ltr'><strong><em>medita-</em></strong></span> 
     </span>
    </p>
   </div>
   <div class='ocr_carea' id='block_1_40' title="bbox 277 2522 1892 2596">
    <p class='ocr_par' dir='ltr' id='par_1_40' title="bbox 277 2522 1892 2596">
     <span class='ocr_line' id='line_1_40' title="bbox 277 2522 1892 2596; baseline 0 -19"><span class='ocrx_word' id='word_1_333' title='bbox 277 2525 419 2578; x_wconf 85' lang='lat' dir='ltr'><strong><em>tione</em></strong></span> <span class='ocrx_word' id='word_1_334' title='bbox 446 2540 559 2578; x_wconf 84' lang='lat' dir='ltr'><strong><em>mea</em></strong></span> <span class='ocrx_word' id='word_1_335' title='bbox 585 2526 883 2579; x_wconf 71' lang='lat' dir='ltr'><strong><em>exardescet</em></strong></span> <span class='ocrx_word' id='word_1_336' title='bbox 934 2525 1086 2596; x_wconf 78' lang='lat' dir='ltr'><strong><em>ignis.</em></strong></span> <span class='ocrx_word' id='word_1_337' title='bbox 1122 2522 1300 2578; x_wconf 86' lang='lat' dir='ltr'><strong><em>Timor</em></strong></span> <span class='ocrx_word' id='word_1_338' title='bbox 1333 2535 1377 2577; x_wconf 91' lang='lat' dir='ltr'><strong><em>et</em></strong></span> <span class='ocrx_word' id='word_1_339' title='bbox 1406 2533 1599 2577; x_wconf 87' lang='lat' dir='ltr'><strong><em>tremor</em></strong></span> <span class='ocrx_word' id='word_1_340' title='bbox 1649 2533 1892 2577; x_wconf 84' lang='lat' dir='ltr'><strong><em>venerunt</em></strong></span> 
     </span>
    </p>
   </div>
   <div class='ocr_carea' id='block_1_41' title="bbox 277 2615 1887 2688">
    <p class='ocr_par' dir='ltr' id='par_1_41' title="bbox 277 2615 1887 2688">
     <span class='ocr_line' id='line_1_41' title="bbox 277 2615 1887 2688; baseline -0.001 -15"><span class='ocrx_word' id='word_1_341' title='bbox 277 2635 436 2688; x_wconf 85' lang='lat' dir='ltr'><strong><em>super</em></strong></span> <span class='ocrx_word' id='word_1_342' title='bbox 462 2635 563 2684; x_wconf 83' lang='lat' dir='ltr'><strong><em>me,</em></strong></span> <span class='ocrx_word' id='word_1_343' title='bbox 594 2627 641 2671; x_wconf 89' lang='lat' dir='ltr'><strong><em>et</em></strong></span> <span class='ocrx_word' id='word_1_344' title='bbox 662 2627 993 2673; x_wconf 71' lang='lat' dir='ltr'><strong><em>contexerant</em></strong></span> <span class='ocrx_word' id='word_1_345' title='bbox 1031 2633 1110 2672; x_wconf 82' lang='lat' dir='ltr'><strong><em>me</em></strong></span> <span class='ocrx_word' id='word_1_346' title='bbox 1131 2616 1350 2672; x_wconf 80' lang='lat' dir='ltr'><strong><em>lcnebru:</em></strong></span> <span class='ocrx_word' id='word_1_347' title='bbox 1373 2615 1546 2687; x_wconf 81' lang='lat' dir='ltr'><strong><em>(Psal.</em></strong></span> <span class='ocrx_word' id='word_1_348' title='bbox 1573 2630 1806 2680; x_wconf 74' lang='lat' dir='ltr'><strong><em>sxxvut,</em></strong></span> <span class='ocrx_word' id='word_1_349' title='bbox 1832 2617 1887 2678; x_wconf 79' lang='grc'><strong>5,</strong></span> 
     </span>
    </p>
   </div>
   <div class='ocr_carea' id='block_1_42' title="bbox 277 2708 1894 2783">
    <p class='ocr_par' dir='ltr' id='par_1_42' title="bbox 277 2708 1894 2783">
     <span class='ocr_line' id='line_1_42' title="bbox 277 2708 1894 2783; baseline -0.001 -17"><span class='ocrx_word' id='word_1_350' title='bbox 277 2711 366 2783; x_wconf 70' lang='grc'><strong><em>4).</em></strong></span> <span class='ocrx_word' id='word_1_351' title='bbox 391 2713 616 2783; x_wconf 79' lang='lat' dir='ltr'><strong><em>Abyssas</em></strong></span> <span class='ocrx_word' id='word_1_352' title='bbox 643 2711 979 2766; x_wconf 78' lang='lat' dir='ltr'><strong><em>circumdedit</em></strong></span> <span class='ocrx_word' id='word_1_353' title='bbox 1003 2726 1086 2765; x_wconf 86' lang='lat' dir='ltr'><strong><em>me</em></strong></span> <span class='ocrx_word' id='word_1_354' title='bbox 1106 2751 1121 2777; x_wconf 89' lang='lat'><strong><em>,</em></strong></span> <span class='ocrx_word' id='word_1_355' title='bbox 1176 2719 1432 2781; x_wconf 84' lang='lat' dir='ltr'><strong><em>postremo</em></strong></span> <span class='ocrx_word' id='word_1_356' title='bbox 1463 2708 1705 2764; x_wconf 80' lang='lat' dir='ltr'><strong><em>demersit</em></strong></span> <span class='ocrx_word' id='word_1_357' title='bbox 1735 2719 1894 2780; x_wconf 78' lang='lat' dir='ltr'><strong><em>caput</em></strong></span> 
     </span>
    </p>
   </div>
   <div class='ocr_carea' id='block_1_43' title="bbox 280 2803 1551 2878">
    <p class='ocr_par' dir='ltr' id='par_1_43' title="bbox 280 2803 1551 2878">
     <span class='ocr_line' id='line_1_43' title="bbox 280 2803 1551 2878; baseline 0 -18"><span class='ocrx_word' id='word_1_358' title='bbox 280 2823 451 2861; x_wconf 86' lang='lat' dir='ltr'><strong><em>meum</em></strong></span> <span class='ocrx_word' id='word_1_359' title='bbox 473 2804 500 2844; x_wconf 71' lang='grc' dir='ltr'>δ</span> <span class='ocrx_word' id='word_1_360' title='bbox 531 2807 583 2860; x_wconf 88' lang='lat' dir='ltr'><strong><em>in</em></strong></span> <span class='ocrx_word' id='word_1_361' title='bbox 607 2807 859 2861; x_wconf 84' lang='lat' dir='ltr'><strong><em>scissuras</em></strong></span> <span class='ocrx_word' id='word_1_362' title='bbox 884 2805 1137 2860; x_wconf 84' lang='lat' dir='ltr'><strong><em>montium</em></strong></span> <span class='ocrx_word' id='word_1_363' title='bbox 1164 2803 1335 2878; x_wconf 70' lang='lat' dir='ltr'><strong><em>(Iona:</em></strong></span> <span class='ocrx_word' id='word_1_364' title='bbox 1361 2817 1398 2858; x_wconf 87' lang='lat' dir='ltr'><strong><em>tt</em></strong></span> <span class='ocrx_word' id='word_1_365' title='bbox 1426 2847 1440 2872; x_wconf 96' lang='lat'><strong><em>,</em></strong></span> <span class='ocrx_word' id='word_1_366' title='bbox 1469 2805 1551 2876; x_wconf 80' lang='lat'><strong><em>6).</em></strong></span> 
     </span>
    </p>
   </div>
   <div class='ocr_carea' id='block_1_44' title="bbox 356 2899 1895 2972">
    <p class='ocr_par' dir='ltr' id='par_1_44' title="bbox 356 2899 1895 2972">
     <span class='ocr_line' id='line_1_44' title="bbox 356 2899 1895 2972; baseline -0.001 -17"><span class='ocrx_word' id='word_1_367' title='bbox 356 2901 446 2958; x_wconf 68' lang='grc'><strong><em>45.</em></strong></span> <span class='ocrx_word' id='word_1_368' title='bbox 475 2899 590 2956; x_wconf 83' lang='lat' dir='ltr'><strong><em>Heu</em></strong></span> <span class='ocrx_word' id='word_1_369' title='bbox 617 2916 726 2966; x_wconf 90' lang='lat' dir='ltr'><strong><em>me,</em></strong></span> <span class='ocrx_word' id='word_1_370' title='bbox 756 2901 880 2972; x_wconf 83' lang='lat' dir='ltr'><strong><em>quia</em></strong></span> <span class='ocrx_word' id='word_1_371' title='bbox 909 2900 1049 2954; x_wconf 81' lang='lat' dir='ltr'><strong><em>facta</em></strong></span> <span class='ocrx_word' id='word_1_372' title='bbox 1077 2915 1195 2954; x_wconf 90' lang='lat' dir='ltr'><strong><em>sum</em></strong></span> <span class='ocrx_word' id='word_1_373' title='bbox 1219 2901 1361 2955; x_wconf 85' lang='lat' dir='ltr'><strong><em>sicut</em></strong></span> <span class='ocrx_word' id='word_1_374' title='bbox 1392 2899 1650 2966; x_wconf 84' lang='lat' dir='ltr'><strong><em>Sodoma,</em></strong></span> <span class='ocrx_word' id='word_1_375' title='bbox 1676 2909 1895 2956; x_wconf 82' lang='lat' dir='ltr'><strong><em>etcom-</em></strong></span> 
     </span>
    </p>
   </div>
   <div class='ocr_carea' id='block_1_45' title="bbox 283 2989 1896 3065">
    <p class='ocr_par' dir='ltr' id='par_1_45' title="bbox 283 2989 1896 3065">
     <span class='ocr_line' id='line_1_45' title="bbox 283 2989 1896 3065; baseline -0.001 -15"><span class='ocrx_word' id='word_1_376' title='bbox 283 2995 445 3050; x_wconf 82' lang='lat' dir='ltr'><strong><em>busta</em></strong></span> <span class='ocrx_word' id='word_1_377' title='bbox 475 2994 618 3048; x_wconf 85' lang='lat' dir='ltr'><strong><em>sicut</em></strong></span> <span class='ocrx_word' id='word_1_378' title='bbox 647 2992 955 3049; x_wconf 82' lang='lat' dir='ltr'><strong><em>Gomorrha</em></strong></span> <span class='ocrx_word' id='word_1_379' title='bbox 986 2989 1140 3065; x_wconf 80' lang='lat' dir='ltr'><strong><em>(Gen.</em></strong></span> <span class='ocrx_word' id='word_1_380' title='bbox 1174 3007 1286 3059; x_wconf 82' lang='lat' dir='ltr'><strong><em>xu,</em></strong></span> <span class='ocrx_word' id='word_1_381' title='bbox 1314 2991 1429 3062; x_wconf 76' lang='grc'><strong>24),</strong></span> <span class='ocrx_word' id='word_1_382' title='bbox 1463 2993 1586 3064; x_wconf 89' lang='lat' dir='ltr'><strong><em>quis</em></strong></span> <span class='ocrx_word' id='word_1_383' title='bbox 1611 2992 1896 3048; x_wconf 83' lang='lat' dir='ltr'><strong><em>miserabi-</em></strong></span> 
     </span>
    </p>
   </div>
   <div class='ocr_carea' id='block_1_46' title="bbox 285 3085 1891 3156">
    <p class='ocr_par' dir='ltr' id='par_1_46' title="bbox 285 3085 1891 3156">
     <span class='ocr_line' id='line_1_46' title="bbox 285 3085 1891 3156; baseline -0.002 -13"><span class='ocrx_word' id='word_1_384' title='bbox 285 3096 378 3143; x_wconf 91' lang='lat' dir='ltr'><strong><em>tur</em></strong></span> <span class='ocrx_word' id='word_1_385' title='bbox 420 3087 640 3144; x_wconf 83' lang='lat' dir='ltr'><strong><em>cineres</em></strong></span> <span class='ocrx_word' id='word_1_386' title='bbox 686 3086 877 3142; x_wconf 76' lang='lat' dir='ltr'><strong><em>meos?</em></strong></span> <span class='ocrx_word' id='word_1_387' title='bbox 921 3087 1120 3142; x_wconf 88' lang='lat' dir='ltr'><strong><em>Durius</em></strong></span> <span class='ocrx_word' id='word_1_388' title='bbox 1156 3085 1356 3141; x_wconf 80' lang='lat' dir='ltr'><strong><em>oil‘endi</em></strong></span> <span class='ocrx_word' id='word_1_389' title='bbox 1408 3101 1569 3156; x_wconf 88' lang='lat' dir='ltr'><strong><em>quam</em></strong></span> <span class='ocrx_word' id='word_1_390' title='bbox 1622 3087 1891 3154; x_wconf 81' lang='lat' dir='ltr'><strong><em>Sodoma;</em></strong></span> 
     </span>
    </p>
   </div>
   <div class='ocr_carea' id='block_1_47' title="bbox 283 3179 1895 3253">
    <p class='ocr_par' dir='ltr' id='par_1_47' title="bbox 283 3179 1895 3253">
     <span class='ocr_line' id='line_1_47' title="bbox 283 3179 1895 3253; baseline 0 -17"><span class='ocrx_word' id='word_1_391' title='bbox 283 3183 413 3253; x_wconf 88' lang='lat' dir='ltr'><strong><em>quia</em></strong></span> <span class='ocrx_word' id='word_1_392' title='bbox 434 3181 528 3237; x_wconf 91' lang='lat' dir='ltr'><strong><em>illa</em></strong></span> <span class='ocrx_word' id='word_1_393' title='bbox 559 3183 733 3253; x_wconf 84' lang='lat' dir='ltr'><strong><em>legem</em></strong></span> <span class='ocrx_word' id='word_1_394' title='bbox 775 3180 1030 3238; x_wconf 86' lang='lat' dir='ltr'><strong><em>nesciens</em></strong></span> <span class='ocrx_word' id='word_1_395' title='bbox 1060 3179 1384 3251; x_wconf 80' lang='lat' dir='ltr'><strong><em>deliquerat.</em></strong></span> <span class='ocrx_word' id='word_1_396' title='bbox 1419 3197 1520 3253; x_wconf 87' lang='lat' dir='ltr'><strong><em>ego</em></strong></span> <span class='ocrx_word' id='word_1_397' title='bbox 1550 3193 1754 3249; x_wconf 88' lang='lat' dir='ltr'><strong><em>autem,</em></strong></span> <span class='ocrx_word' id='word_1_398' title='bbox 1791 3199 1895 3236; x_wconf 86' lang='lat' dir='ltr'><strong><em>ac-</em></strong></span> 
     </span>
    </p>
   </div>
   <div class='ocr_carea' id='block_1_48' title="bbox 1988 1955 3592 2031">
    <p class='ocr_par' dir='ltr' id='par_1_48' title="bbox 1988 1955 3592 2031">
     <span class='ocr_line' id='line_1_48' title="bbox 1988 1955 3592 2031; baseline 0.006 -21"><span class='ocrx_word' id='word_1_399' title='bbox 1988 1955 2174 2010; x_wconf 73' lang='lat' dir='ltr'><strong><em>hestia‘c</em></strong></span> <span class='ocrx_word' id='word_1_400' title='bbox 2203 1958 2486 2022; x_wconf 79' lang='lat' dir='ltr'><strong><em>silvarum,</em></strong></span> <span class='ocrx_word' id='word_1_401' title='bbox 2519 1959 2735 2031; x_wconf 83' lang='lat' dir='ltr'><strong><em>reptilia</em></strong></span> <span class='ocrx_word' id='word_1_402' title='bbox 2775 1970 2954 2026; x_wconf 62' lang='lat' dir='ltr'><strong><em>terrae,</em></strong></span> <span class='ocrx_word' id='word_1_403' title='bbox 2984 1971 3038 2017; x_wconf 90' lang='lat' dir='ltr'><strong><em>et</em></strong></span> <span class='ocrx_word' id='word_1_404' title='bbox 3066 1962 3321 2018; x_wconf 86' lang='lat' dir='ltr'><strong><em>volucres</em></strong></span> <span class='ocrx_word' id='word_1_405' title='bbox 3353 1963 3473 2020; x_wconf 61' lang='grc' dir='ltr'><strong><em>ςαξιί</em></strong></span> <span class='ocrx_word' id='word_1_406' title='bbox 3499 2007 3512 2029; x_wconf 96' lang='grc'><strong><em>,</em></strong></span> <span class='ocrx_word' id='word_1_407' title='bbox 3538 1974 3592 2022; x_wconf 89' lang='lat' dir='ltr'><strong><em>et</em></strong></span> 
     </span>
    </p>
   </div>
   <div class='ocr_carea' id='block_1_49' title="bbox 1989 2050 3590 2122">
    <p class='ocr_par' dir='ltr' id='par_1_49' title="bbox 1989 2050 3590 2122">
     <span class='ocr_line' id='line_1_49' title="bbox 1989 2050 3590 2122; baseline 0.006 -18"><span class='ocrx_word' id='word_1_408' title='bbox 1989 2050 2166 2104; x_wconf 89' lang='lat' dir='ltr'><strong><em>omnis</em></strong></span> <span class='ocrx_word' id='word_1_409' title='bbox 2187 2051 2369 2105; x_wconf 80' lang='lat' dir='ltr'><strong><em>anima</em></strong></span> <span class='ocrx_word' id='word_1_410' title='bbox 2392 2065 2514 2120; x_wconf 79' lang='lat' dir='ltr'><strong><em>quae</em></strong></span> <span class='ocrx_word' id='word_1_411' title='bbox 2545 2054 2650 2108; x_wconf 88' lang='lat' dir='ltr'><strong><em>vita</em></strong></span> <span class='ocrx_word' id='word_1_412' title='bbox 2698 2051 2918 2109; x_wconf 77' lang='lat' dir='ltr'><strong><em>frueris.</em></strong></span> <span class='ocrx_word' id='word_1_413' title='bbox 2969 2054 3101 2109; x_wconf 77' lang='lat' dir='ltr'><strong><em>Nam</em></strong></span> <span class='ocrx_word' id='word_1_414' title='bbox 3133 2072 3229 2110; x_wconf 80' lang='lat' dir='ltr'><strong><em>vos</em></strong></span> <span class='ocrx_word' id='word_1_415' title='bbox 3254 2057 3590 2122; x_wconf 77' lang='lat' dir='ltr'><strong><em>heatze,lerae</em></strong></span> 
     </span>
    </p>
   </div>
   <div class='ocr_carea' id='block_1_50' title="bbox 1988 2143 3592 2220">
    <p class='ocr_par' dir='ltr' id='par_1_50' title="bbox 1988 2143 3592 2220">
     <span class='ocr_line' id='line_1_50' title="bbox 1988 2143 3592 2220; baseline 0.006 -23"><span class='ocrx_word' id='word_1_416' title='bbox 1988 2146 2042 2198; x_wconf 86' lang='lat' dir='ltr'><strong><em>et</em></strong></span> <span class='ocrx_word' id='word_1_417' title='bbox 2070 2143 2346 2211; x_wconf 78' lang='lat' dir='ltr'><strong><em>volucres,</em></strong></span> <span class='ocrx_word' id='word_1_418' title='bbox 2375 2144 2572 2216; x_wconf 86' lang='lat' dir='ltr'><strong><em>quibus</em></strong></span> <span class='ocrx_word' id='word_1_419' title='bbox 2601 2147 2783 2202; x_wconf 86' lang='lat' dir='ltr'><strong><em>nullus</em></strong></span> <span class='ocrx_word' id='word_1_420' title='bbox 2825 2157 3002 2203; x_wconf 89' lang='lat' dir='ltr'><strong><em>metus</em></strong></span> <span class='ocrx_word' id='word_1_421' title='bbox 3043 2148 3109 2203; x_wconf 90' lang='lat' dir='ltr'><strong><em>de</em></strong></span> <span class='ocrx_word' id='word_1_422' title='bbox 3141 2149 3330 2205; x_wconf 78' lang='lat' dir='ltr'><strong><em>inferis</em></strong></span> <span class='ocrx_word' id='word_1_423' title='bbox 3361 2192 3374 2216; x_wconf 97' lang='lat'><strong><em>,</em></strong></span> <span class='ocrx_word' id='word_1_424' title='bbox 3417 2163 3592 2220; x_wconf 88' lang='lat' dir='ltr'><strong><em>neque</em></strong></span> 
     </span>
    </p>
   </div>
   <div class='ocr_carea' id='block_1_51' title="bbox 1991 2239 3592 2315">
    <p class='ocr_par' dir='ltr' id='par_1_51' title="bbox 1991 2239 3592 2315">
     <span class='ocr_line' id='line_1_51' title="bbox 1991 2239 3592 2315; baseline 0.004 -19"><span class='ocrx_word' id='word_1_425' title='bbox 1991 2247 2116 2312; x_wconf 86' lang='lat' dir='ltr'><strong><em>post</em></strong></span> <span class='ocrx_word' id='word_1_426' title='bbox 2138 2251 2368 2296; x_wconf 90' lang='lat' dir='ltr'><strong><em>mortem</em></strong></span> <span class='ocrx_word' id='word_1_427' title='bbox 2398 2239 2675 2297; x_wconf 86' lang='lat' dir='ltr'><strong><em>reddenda</em></strong></span> <span class='ocrx_word' id='word_1_428' title='bbox 2709 2250 2794 2297; x_wconf 89' lang='lat' dir='ltr'><strong><em>est</em></strong></span> <span class='ocrx_word' id='word_1_429' title='bbox 2826 2242 2963 2298; x_wconf 83' lang='lat' dir='ltr'><strong><em>ratio</em></strong></span> <span class='ocrx_word' id='word_1_430' title='bbox 2991 2261 3003 2297; x_wconf 94' lang='lat'>:</span> <span class='ocrx_word' id='word_1_431' title='bbox 3030 2243 3084 2298; x_wconf 92' lang='lat' dir='ltr'><strong><em>in</em></strong></span> <span class='ocrx_word' id='word_1_432' title='bbox 3114 2260 3216 2300; x_wconf 92' lang='lat' dir='ltr'><strong><em>nos</em></strong></span> <span class='ocrx_word' id='word_1_433' title='bbox 3247 2254 3431 2300; x_wconf 84' lang='lat' dir='ltr'><strong><em>manet</em></strong></span> <span class='ocrx_word' id='word_1_434' title='bbox 3473 2261 3592 2315; x_wconf 68' lang='lat' dir='ltr'><strong><em>pue-</em></strong></span> 
     </span>
    </p>
   </div>
   <div class='ocr_carea' id='block_1_52' title="bbox 1991 2333 3595 2408">
    <p class='ocr_par' dir='ltr' id='par_1_52' title="bbox 1991 2333 3595 2408">
     <span class='ocr_line' id='line_1_52' title="bbox 1991 2333 3595 2408; baseline 0.002 -20"><span class='ocrx_word' id='word_1_435' title='bbox 1991 2345 2058 2388; x_wconf 84' lang='lat' dir='ltr'><strong><em>na</em></strong></span> <span class='ocrx_word' id='word_1_436' title='bbox 2089 2333 2328 2388; x_wconf 89' lang='lat' dir='ltr'><strong><em>crudelis</em></strong></span> <span class='ocrx_word' id='word_1_437' title='bbox 2350 2336 2562 2401; x_wconf 79' lang='lat' dir='ltr'><strong><em>tartari,</em></strong></span> <span class='ocrx_word' id='word_1_438' title='bbox 2591 2333 2715 2404; x_wconf 82' lang='lat' dir='ltr'><strong><em>quia</em></strong></span> <span class='ocrx_word' id='word_1_439' title='bbox 2745 2334 3007 2391; x_wconf 78' lang='lat' dir='ltr'><strong><em>habentes</em></strong></span> <span class='ocrx_word' id='word_1_440' title='bbox 3032 2352 3253 2391; x_wconf 79' lang='lat' dir='ltr'><strong><em>sensum</em></strong></span> <span class='ocrx_word' id='word_1_441' title='bbox 3281 2380 3294 2404; x_wconf 91' lang='lat'><strong><em>,</em></strong></span> <span class='ocrx_word' id='word_1_442' title='bbox 3328 2335 3595 2408; x_wconf 86' lang='lat' dir='ltr'><strong><em>delinqui-</em></strong></span> 
     </span>
    </p>
   </div>
   <div class='ocr_carea' id='block_1_53' title="bbox 1991 2421 3102 2496">
    <p class='ocr_par' dir='ltr' id='par_1_53' title="bbox 1991 2421 3102 2496">
     <span class='ocr_line' id='line_1_53' title="bbox 1991 2421 3102 2496; baseline 0.002 -16"><span class='ocrx_word' id='word_1_443' title='bbox 1991 2435 2110 2481; x_wconf 86' lang='lat' dir='ltr'><strong><em>mus</em></strong></span> <span class='ocrx_word' id='word_1_444' title='bbox 2135 2445 2148 2492; x_wconf 86' lang='lat'><strong><em>;</em></strong></span> <span class='ocrx_word' id='word_1_445' title='bbox 2180 2426 2305 2481; x_wconf 90' lang='lat' dir='ltr'><strong><em>ideo</em></strong></span> <span class='ocrx_word' id='word_1_446' title='bbox 2328 2431 2436 2481; x_wconf 82' lang='lat' dir='ltr'><strong><em>non</em></strong></span> <span class='ocrx_word' id='word_1_447' title='bbox 2461 2433 2548 2482; x_wconf 87' lang='lat' dir='ltr'><strong><em>est</em></strong></span> <span class='ocrx_word' id='word_1_448' title='bbox 2581 2441 2682 2496; x_wconf 81' lang='lat' dir='ltr'><strong><em>pax</em></strong></span> <span class='ocrx_word' id='word_1_449' title='bbox 2705 2421 3102 2496; x_wconf 84' lang='lat' dir='ltr'><strong><em>peccatoribus.</em></strong></span> 
     </span>
    </p>
   </div>
   <div class='ocr_carea' id='block_1_54' title="bbox 2062 2517 3598 2591">
    <p class='ocr_par' dir='ltr' id='par_1_54' title="bbox 2062 2517 3598 2591">
     <span class='ocr_line' id='line_1_54' title="bbox 2062 2517 3598 2591; baseline 0.003 -18"><span class='ocrx_word' id='word_1_450' title='bbox 2062 2519 2153 2576; x_wconf 75' lang='grc'><strong>48.</strong></span> <span class='ocrx_word' id='word_1_451' title='bbox 2180 2517 2198 2557; x_wconf 74' lang='grc' dir='ltr'><em>τ</em></span> <span class='ocrx_word' id='word_1_452' title='bbox 2232 2521 2406 2575; x_wconf 82' lang='lat' dir='ltr'><strong><em>Meum</em></strong></span> <span class='ocrx_word' id='word_1_453' title='bbox 2439 2531 2753 2591; x_wconf 87' lang='lat' dir='ltr'><strong><em>peccatum,</em></strong></span> <span class='ocrx_word' id='word_1_454' title='bbox 2787 2537 2904 2577; x_wconf 89' lang='lat' dir='ltr'><strong><em>mea</em></strong></span> <span class='ocrx_word' id='word_1_455' title='bbox 2928 2523 3207 2591; x_wconf 86' lang='lat' dir='ltr'><strong><em>iniquitas,</em></strong></span> <span class='ocrx_word' id='word_1_456' title='bbox 3233 2538 3341 2578; x_wconf 88' lang='lat' dir='ltr'><strong><em>non</em></strong></span> <span class='ocrx_word' id='word_1_457' title='bbox 3369 2532 3496 2579; x_wconf 86' lang='lat' dir='ltr'><strong><em>sunt</em></strong></span> <span class='ocrx_word' id='word_1_458' title='bbox 3524 2523 3598 2578; x_wconf 91' lang='lat' dir='ltr'><strong><em>si-</em></strong></span> 
     </span>
    </p>
   </div>
   <div class='ocr_carea' id='block_1_55' title="bbox 1995 2613 3594 2688">
    <p class='ocr_par' dir='ltr' id='par_1_55' title="bbox 1995 2613 3594 2688">
     <span class='ocr_line' id='line_1_55' title="bbox 1995 2613 3594 2688; baseline 0.003 -20"><span class='ocrx_word' id='word_1_459' title='bbox 1995 2613 2138 2668; x_wconf 88' lang='lat' dir='ltr'><strong><em>milia</em></strong></span> <span class='ocrx_word' id='word_1_460' title='bbox 2173 2615 2396 2670; x_wconf 73' lang='lat' dir='ltr'><strong><em>oll&#39;ensis</em></strong></span> <span class='ocrx_word' id='word_1_461' title='bbox 2431 2616 2709 2671; x_wconf 86' lang='lat' dir='ltr'><strong><em>hominum</em></strong></span> <span class='ocrx_word' id='word_1_462' title='bbox 2739 2633 2752 2681; x_wconf 91' lang='lat'><strong><em>;</em></strong></span> <span class='ocrx_word' id='word_1_463' title='bbox 2795 2617 2920 2687; x_wconf 89' lang='lat' dir='ltr'><strong><em>quia</em></strong></span> <span class='ocrx_word' id='word_1_464' title='bbox 2948 2618 3196 2688; x_wconf 83' lang='lat' dir='ltr'><strong><em>impietas</em></strong></span> <span class='ocrx_word' id='word_1_465' title='bbox 3228 2628 3329 2673; x_wconf 90' lang='lat' dir='ltr'><strong><em>est.</em></strong></span> <span class='ocrx_word' id='word_1_466' title='bbox 3361 2618 3594 2673; x_wconf 82' lang='lat' dir='ltr'><strong><em>Carnem</em></strong></span> 
     </span>
    </p>
   </div>
   <div class='ocr_carea' id='block_1_56' title="bbox 1997 2706 3597 2783">
    <p class='ocr_par' dir='ltr' id='par_1_56' title="bbox 1997 2706 3597 2783">
     <span class='ocr_line' id='line_1_56' title="bbox 1997 2706 3597 2783; baseline 0.006 -23"><span class='ocrx_word' id='word_1_467' title='bbox 1997 2706 2240 2776; x_wconf 83' lang='lat' dir='ltr'><strong><em>pollicita</em></strong></span> <span class='ocrx_word' id='word_1_468' title='bbox 2282 2721 2504 2765; x_wconf 86' lang='lat' dir='ltr'><strong><em>servare</em></strong></span> <span class='ocrx_word' id='word_1_469' title='bbox 2538 2710 2802 2780; x_wconf 88' lang='lat' dir='ltr'><strong><em>virginem</em></strong></span> <span class='ocrx_word' id='word_1_470' title='bbox 2837 2753 2850 2776; x_wconf 96' lang='lat'><strong><em>,</em></strong></span> <span class='ocrx_word' id='word_1_471' title='bbox 2895 2720 2949 2765; x_wconf 90' lang='lat' dir='ltr'><strong><em>et</em></strong></span> <span class='ocrx_word' id='word_1_472' title='bbox 3005 2713 3308 2768; x_wconf 77' lang='lat' dir='ltr'><strong><em>castitatem</em></strong></span> <span class='ocrx_word' id='word_1_473' title='bbox 3353 2713 3597 2783; x_wconf 79' lang='lat' dir='ltr'><strong><em>professa</em></strong></span> 
     </span>
    </p>
   </div>
   <div class='ocr_carea' id='block_1_57' title="bbox 1996 2800 3600 2870">
    <p class='ocr_par' dir='ltr' id='par_1_57' title="bbox 1996 2800 3600 2870">
     <span class='ocr_line' id='line_1_57' title="bbox 1996 2800 3600 2870; baseline 0.004 -17"><span class='ocrx_word' id='word_1_474' title='bbox 1996 2800 2234 2868; x_wconf 85' lang='lat' dir='ltr'><strong><em>publice,</em></strong></span> <span class='ocrx_word' id='word_1_475' title='bbox 2269 2803 2496 2856; x_wconf 85' lang='lat' dir='ltr'><strong><em>nientita</em></strong></span> <span class='ocrx_word' id='word_1_476' title='bbox 2523 2817 2642 2858; x_wconf 91' lang='lat' dir='ltr'><strong><em>sum</em></strong></span> <span class='ocrx_word' id='word_1_477' title='bbox 2670 2802 2937 2870; x_wconf 89' lang='lat' dir='ltr'><strong><em>Domino;</em></strong></span> <span class='ocrx_word' id='word_1_478' title='bbox 2976 2804 3100 2860; x_wconf 87' lang='lat' dir='ltr'><strong><em>ideo</em></strong></span> <span class='ocrx_word' id='word_1_479' title='bbox 3131 2821 3237 2860; x_wconf 88' lang='lat' dir='ltr'><strong><em>non</em></strong></span> <span class='ocrx_word' id='word_1_480' title='bbox 3269 2816 3353 2860; x_wconf 86' lang='lat' dir='ltr'><strong><em>est</em></strong></span> <span class='ocrx_word' id='word_1_481' title='bbox 3383 2806 3511 2860; x_wconf 88' lang='lat' dir='ltr'><strong><em>mihi</em></strong></span> <span class='ocrx_word' id='word_1_482' title='bbox 3538 2807 3600 2860; x_wconf 88' lang='lat' dir='ltr'><strong><em>li-</em></strong></span> 
     </span>
    </p>
   </div>
   <div class='ocr_carea' id='block_1_58' title="bbox 1996 2893 3599 2970">
    <p class='ocr_par' dir='ltr' id='par_1_58' title="bbox 1996 2893 3599 2970">
     <span class='ocr_line' id='line_1_58' title="bbox 1996 2893 3599 2970; baseline 0.005 -23"><span class='ocrx_word' id='word_1_483' title='bbox 1996 2893 2151 2948; x_wconf 82' lang='lat' dir='ltr'><strong><em>ducia</em></strong></span> <span class='ocrx_word' id='word_1_484' title='bbox 2179 2895 2465 2951; x_wconf 86' lang='lat' dir='ltr'><strong><em>invocandi</em></strong></span> <span class='ocrx_word' id='word_1_485' title='bbox 2495 2897 2785 2953; x_wconf 86' lang='lat' dir='ltr'><strong><em>Dominum</em></strong></span> <span class='ocrx_word' id='word_1_486' title='bbox 2811 2898 3130 2955; x_wconf 63' lang='lat' dir='ltr'><strong><em>altissimum</em></strong></span> <span class='ocrx_word' id='word_1_487' title='bbox 3154 2944 3168 2966; x_wconf 93' lang='lat'><strong><em>,</em></strong></span> <span class='ocrx_word' id='word_1_488' title='bbox 3201 2902 3328 2970; x_wconf 88' lang='lat' dir='ltr'><strong><em>quia</em></strong></span> <span class='ocrx_word' id='word_1_489' title='bbox 3351 2901 3599 2955; x_wconf 86' lang='lat' dir='ltr'><strong><em>obstruc-</em></strong></span> 
     </span>
    </p>
   </div>
   <div class='ocr_carea' id='block_1_59' title="bbox 2000 2991 3600 3063">
    <p class='ocr_par' dir='ltr' id='par_1_59' title="bbox 2000 2991 3600 3063">
     <span class='ocr_line' id='line_1_59' title="bbox 2000 2991 3600 3063; baseline 0.006 -21"><span class='ocrx_word' id='word_1_490' title='bbox 2000 2997 2110 3042; x_wconf 91' lang='lat' dir='ltr'><strong><em>tum</em></strong></span> <span class='ocrx_word' id='word_1_491' title='bbox 2161 3002 2243 3044; x_wconf 82' lang='lat' dir='ltr'><strong><em>cst</em></strong></span> <span class='ocrx_word' id='word_1_492' title='bbox 2293 3000 2318 3037; x_wconf 76' lang='lat'><strong>8</strong></span> <span class='ocrx_word' id='word_1_493' title='bbox 2360 3005 2424 3046; x_wconf 86' lang='lat' dir='ltr'><strong><em>os</em></strong></span> <span class='ocrx_word' id='word_1_494' title='bbox 2467 2991 2921 3063; x_wconf 88' lang='lat' dir='ltr'><strong><em>delinquentium.</em></strong></span> <span class='ocrx_word' id='word_1_495' title='bbox 2981 2991 3112 3049; x_wconf 81' lang='lat' dir='ltr'><strong><em>Nam</em></strong></span> <span class='ocrx_word' id='word_1_496' title='bbox 3159 3010 3338 3050; x_wconf 90' lang='lat' dir='ltr'><strong><em>meum</em></strong></span> <span class='ocrx_word' id='word_1_497' title='bbox 3398 2995 3600 3051; x_wconf 89' lang='lat' dir='ltr'><strong><em>malum</em></strong></span> 
     </span>
    </p>
   </div>
   <div class='ocr_carea' id='block_1_60' title="bbox 1999 3078 3601 3158">
    <p class='ocr_par' dir='ltr' id='par_1_60' title="bbox 1999 3078 3601 3158">
     <span class='ocr_line' id='line_1_60' title="bbox 1999 3078 3601 3158; baseline 0.005 -24"><span class='ocrx_word' id='word_1_498' title='bbox 1999 3078 2269 3152; x_wconf 86' lang='lat' dir='ltr'><strong><em>Propheta</em></strong></span> <span class='ocrx_word' id='word_1_499' title='bbox 2299 3083 2522 3148; x_wconf 89' lang='lat' dir='ltr'><strong><em>cecinit,</em></strong></span> <span class='ocrx_word' id='word_1_500' title='bbox 2553 3083 2696 3156; x_wconf 91' lang='lat' dir='ltr'><strong><em>qttod</em></strong></span> <span class='ocrx_word' id='word_1_501' title='bbox 2733 3086 2822 3156; x_wconf 91' lang='lat' dir='ltr'><strong><em>qui</em></strong></span> <span class='ocrx_word' id='word_1_502' title='bbox 2855 3087 3111 3157; x_wconf 83' lang='lat' dir='ltr'><strong><em>elongant</em></strong></span> <span class='ocrx_word' id='word_1_503' title='bbox 3132 3104 3193 3144; x_wconf 88' lang='lat' dir='ltr'><strong><em>se</em></strong></span> <span class='ocrx_word' id='word_1_504' title='bbox 3218 3104 3247 3142; x_wconf 90' lang='lat' dir='ltr'><strong><em>a</em></strong></span> <span class='ocrx_word' id='word_1_505' title='bbox 3280 3089 3418 3154; x_wconf 89' lang='lat' dir='ltr'><strong><em>Deo,</em></strong></span> <span class='ocrx_word' id='word_1_506' title='bbox 3453 3088 3601 3158; x_wconf 84' lang='lat' dir='ltr'><strong><em>peri-</em></strong></span> 
     </span>
    </p>
   </div>
   <div class='ocr_carea' id='block_1_61' title="bbox 2002 3174 3600 3253">
    <p class='ocr_par' dir='ltr' id='par_1_61' title="bbox 2002 3174 3600 3253">
     <span class='ocr_line' id='line_1_61' title="bbox 2002 3174 3600 3253; baseline 0.004 -24"><span class='ocrx_word' id='word_1_507' title='bbox 2002 3174 2136 3231; x_wconf 86' lang='lat' dir='ltr'><strong><em>bunt</em></strong></span> <span class='ocrx_word' id='word_1_508' title='bbox 2161 3195 2172 3229; x_wconf 95' lang='lat'>:</span> <span class='ocrx_word' id='word_1_509' title='bbox 2202 3177 2473 3248; x_wconf 88' lang='lat' dir='ltr'><strong><em>disperdit</em></strong></span> <span class='ocrx_word' id='word_1_510' title='bbox 2505 3195 2720 3236; x_wconf 88' lang='lat' dir='ltr'><strong><em>onmem</em></strong></span> <span class='ocrx_word' id='word_1_511' title='bbox 2755 3180 3114 3236; x_wconf 82' lang='lat' dir='ltr'><strong><em>fornicantem</em></strong></span> <span class='ocrx_word' id='word_1_512' title='bbox 3145 3197 3172 3235; x_wconf 87' lang='lat' dir='ltr'><strong><em>a</em></strong></span> <span class='ocrx_word' id='word_1_513' title='bbox 3199 3197 3258 3237; x_wconf 91' lang='lat' dir='ltr'><strong><em>se</em></strong></span> <span class='ocrx_word' id='word_1_514' title='bbox 3285 3177 3406 3253; x_wconf 86' lang='lat' dir='ltr'><strong><em>(Ps.</em></strong></span> <span class='ocrx_word' id='word_1_515' title='bbox 3435 3197 3600 3246; x_wconf 76' lang='lat' dir='ltr'><strong><em>Lxxn,</em></strong></span> 
     </span>
    </p>
   </div>
   <div class='ocr_carea' id='block_1_62' title="bbox 287 3260 3602 3348">
    <p class='ocr_par' dir='ltr' id='par_1_62' title="bbox 287 3260 3602 3348">
     <span class='ocr_line' id='line_1_62' title="bbox 287 3260 3602 3348; baseline 0 -20"><span class='ocrx_word' id='word_1_516' title='bbox 287 3284 446 3344; x_wconf 86' lang='lat' dir='ltr'><strong><em>cepta</em></strong></span> <span class='ocrx_word' id='word_1_517' title='bbox 488 3277 696 3344; x_wconf 87' lang='lat' dir='ltr'><strong><em>gratia,</em></strong></span> <span class='ocrx_word' id='word_1_518' title='bbox 741 3275 960 3344; x_wconf 81' lang='lat' dir='ltr'><strong><em>peccavi</em></strong></span> <span class='ocrx_word' id='word_1_519' title='bbox 999 3274 1252 3328; x_wconf 85' lang='lat' dir='ltr'><strong><em>Domino.</em></strong></span> <span class='ocrx_word' id='word_1_520' title='bbox 1293 3283 1315 3309; x_wconf 78' lang='grc' dir='ltr'><em>ε</em></span> <span class='ocrx_word' id='word_1_521' title='bbox 1340 3272 1398 3329; x_wconf 90' lang='lat' dir='ltr'><strong><em>Si</em></strong></span> <span class='ocrx_word' id='word_1_522' title='bbox 1426 3273 1590 3328; x_wconf 80' lang='lat' dir='ltr'><strong><em>hortm</em></strong></span> <span class='ocrx_word' id='word_1_523' title='bbox 1620 3284 1810 3343; x_wconf 88' lang='lat' dir='ltr'><strong><em>peccet</em></strong></span> <span class='ocrx_word' id='word_1_524' title='bbox 1842 3275 1892 3328; x_wconf 89' lang='lat' dir='ltr'><strong><em>in</em></strong></span> <span class='ocrx_word' id='word_1_525' title='bbox 1924 3260 1968 3323; x_wconf 86' lang='lat' dir='ltr'>C</span> <span class='ocrx_word' id='word_1_526' title='bbox 2001 3268 2117 3339; x_wconf 72' lang='lat'><strong><em>&#39;27).</em></strong></span> <span class='ocrx_word' id='word_1_527' title='bbox 2154 3271 2219 3325; x_wconf 82' lang='lat' dir='ltr'><strong><em>Et</em></strong></span> <span class='ocrx_word' id='word_1_528' title='bbox 2242 3271 2435 3325; x_wconf 86' lang='lat' dir='ltr'><strong><em>iterum</em></strong></span> <span class='ocrx_word' id='word_1_529' title='bbox 2468 3291 2480 3326; x_wconf 90' lang='lat'><strong>:</strong></span> <span class='ocrx_word' id='word_1_530' title='bbox 2507 3275 2737 3327; x_wconf 75' lang='grc' dir='ltr'><strong>ΑιιΙιτωὶι</strong></span> <span class='ocrx_word' id='word_1_531' title='bbox 2763 3276 2939 3346; x_wconf 83' lang='lat' dir='ltr'><strong><em>lingua</em></strong></span> <span class='ocrx_word' id='word_1_532' title='bbox 2967 3291 3080 3330; x_wconf 88' lang='lat' dir='ltr'><strong><em>mea</em></strong></span> <span class='ocrx_word' id='word_1_533' title='bbox 3104 3277 3339 3348; x_wconf 67' lang='lat' dir='ltr'><strong><em>felicibus</em></strong></span> <span class='ocrx_word' id='word_1_534' title='bbox 3363 3279 3486 3330; x_wconf 83' lang='lat' dir='ltr'><strong><em>meis</em></strong></span> <span class='ocrx_word' id='word_1_535' title='bbox 3511 3319 3524 3343; x_wconf 93' lang='lat'><strong><em>,</em></strong></span> <span class='ocrx_word' id='word_1_536' title='bbox 3555 3287 3602 3329; x_wconf 86' lang='lat' dir='ltr'><strong><em>et</em></strong></span> 
     </span>
    </p>
   </div>
   <div class='ocr_carea' id='block_1_63' title="bbox 293 3366 1894 3436">
    <p class='ocr_par' dir='ltr' id='par_1_63' title="bbox 293 3366 1894 3436">
     <span class='ocr_line' id='line_1_63' title="bbox 293 3366 1894 3436; baseline -0.001 -16"><span class='ocrx_word' id='word_1_537' title='bbox 293 3367 562 3421; x_wconf 86' lang='lat' dir='ltr'><strong><em>hominem</em></strong></span> <span class='ocrx_word' id='word_1_538' title='bbox 597 3408 610 3433; x_wconf 95' lang='lat'><strong><em>,</em></strong></span> <span class='ocrx_word' id='word_1_539' title='bbox 651 3367 756 3420; x_wconf 90' lang='lat' dir='ltr'><strong><em>erit</em></strong></span> <span class='ocrx_word' id='word_1_540' title='bbox 779 3367 869 3436; x_wconf 88' lang='lat' dir='ltr'><strong><em>qui</em></strong></span> <span class='ocrx_word' id='word_1_541' title='bbox 905 3366 1272 3420; x_wconf 84' lang='lat' dir='ltr'><strong><em>interveniat:</em></strong></span> <span class='ocrx_word' id='word_1_542' title='bbox 1308 3381 1408 3436; x_wconf 87' lang='lat' dir='ltr'><strong><em>ego</em></strong></span> <span class='ocrx_word' id='word_1_543' title='bbox 1457 3366 1674 3434; x_wconf 86' lang='lat' dir='ltr'><strong><em>peccavi</em></strong></span> <span class='ocrx_word' id='word_1_544' title='bbox 1708 3368 1760 3421; x_wconf 93' lang='lat' dir='ltr'><strong><em>in</em></strong></span> <span class='ocrx_word' id='word_1_545' title='bbox 1785 3366 1894 3420; x_wconf 85' lang='lat' dir='ltr'><strong><em>Do-</em></strong></span> 
     </span>
    </p>
   </div>
   <div class='ocr_carea' id='block_1_64' title="bbox 294 3457 1895 3531">
    <p class='ocr_par' dir='ltr' id='par_1_64' title="bbox 294 3457 1895 3531">
     <span class='ocr_line' id='line_1_64' title="bbox 294 3457 1895 3531; baseline 0 -19"><span class='ocrx_word' id='word_1_546' title='bbox 294 3461 688 3528; x_wconf 90' lang='lat' dir='ltr'><strong><em>minum,quem</em></strong></span> <span class='ocrx_word' id='word_1_547' title='bbox 713 3457 1128 3529; x_wconf 58' lang='lat' dir='ltr'><strong><em>protritiatorem</em></strong></span> <span class='ocrx_word' id='word_1_548' title='bbox 1155 3458 1424 3511; x_wconf 84' lang='lat' dir='ltr'><strong><em>inveniam</em></strong></span> <span class='ocrx_word' id='word_1_549' title='bbox 1455 3457 1496 3531; x_wconf 95' lang='lat' dir='ltr'><strong><em>(I</em></strong></span> <span class='ocrx_word' id='word_1_550' title='bbox 1524 3457 1654 3529; x_wconf 82' lang='lat' dir='ltr'><strong><em>Reg.</em></strong></span> <span class='ocrx_word' id='word_1_551' title='bbox 1687 3458 1895 3530; x_wconf 69' lang='lat'><strong><em>&quot;,25)?</em></strong></span> 
     </span>
    </p>
   </div>
   <div class='ocr_carea' id='block_1_65' title="bbox 288 3549 1898 3621">
    <p class='ocr_par' dir='ltr' id='par_1_65' title="bbox 288 3549 1898 3621">
     <span class='ocr_line' id='line_1_65' title="bbox 288 3549 1898 3621; baseline 0.001 -16"><span class='ocrx_word' id='word_1_552' title='bbox 288 3550 528 3618; x_wconf 61' lang='grc' dir='ltr'><strong><em>(ἐθηρερί</em></strong></span> <span class='ocrx_word' id='word_1_553' title='bbox 558 3550 828 3617; x_wconf 86' lang='lat' dir='ltr'><strong><em>dolorem,</em></strong></span> <span class='ocrx_word' id='word_1_554' title='bbox 849 3553 908 3604; x_wconf 82' lang='lat' dir='ltr'><strong><em>et</em></strong></span> <span class='ocrx_word' id='word_1_555' title='bbox 935 3549 1123 3619; x_wconf 83' lang='lat' dir='ltr'><strong><em>peperi</em></strong></span> <span class='ocrx_word' id='word_1_556' title='bbox 1149 3549 1492 3618; x_wconf 86' lang='lat' dir='ltr'><strong><em>iniquitatem</em></strong></span> <span class='ocrx_word' id='word_1_557' title='bbox 1525 3569 1538 3605; x_wconf 91' lang='lat'><strong>:</strong></span> <span class='ocrx_word' id='word_1_558' title='bbox 1569 3550 1745 3605; x_wconf 87' lang='lat' dir='ltr'><strong><em>lacum</em></strong></span> <span class='ocrx_word' id='word_1_559' title='bbox 1771 3567 1898 3621; x_wconf 84' lang='lat' dir='ltr'><strong><em>ape-</em></strong></span> 
     </span>
    </p>
   </div>
   <div class='ocr_carea' id='block_1_66' title="bbox 289 3643 1899 3716">
    <p class='ocr_par' dir='ltr' id='par_1_66' title="bbox 289 3643 1899 3716">
     <span class='ocr_line' id='line_1_66' title="bbox 289 3643 1899 3716; baseline 0.001 -18"><span class='ocrx_word' id='word_1_560' title='bbox 289 3645 375 3700; x_wconf 90' lang='lat' dir='ltr'><strong><em>rui</em></strong></span> <span class='ocrx_word' id='word_1_561' title='bbox 409 3654 464 3700; x_wconf 89' lang='lat' dir='ltr'><strong><em>et</em></strong></span> <span class='ocrx_word' id='word_1_562' title='bbox 489 3643 653 3700; x_wconf 80' lang='lat' dir='ltr'><strong><em>effodi</em></strong></span> <span class='ocrx_word' id='word_1_563' title='bbox 699 3659 822 3700; x_wconf 89' lang='lat' dir='ltr'><strong><em>eum</em></strong></span> <span class='ocrx_word' id='word_1_564' title='bbox 842 3687 856 3710; x_wconf 96' lang='lat'><strong><em>,</em></strong></span> <span class='ocrx_word' id='word_1_565' title='bbox 887 3653 942 3699; x_wconf 91' lang='lat' dir='ltr'><strong><em>et</em></strong></span> <span class='ocrx_word' id='word_1_566' title='bbox 966 3643 1128 3699; x_wconf 89' lang='lat' dir='ltr'><strong><em>incidi</em></strong></span> <span class='ocrx_word' id='word_1_567' title='bbox 1153 3646 1206 3698; x_wconf 91' lang='lat' dir='ltr'><strong><em>in</em></strong></span> <span class='ocrx_word' id='word_1_568' title='bbox 1235 3643 1449 3698; x_wconf 71' lang='lat' dir='ltr'><strong><em>foveam</em></strong></span> <span class='ocrx_word' id='word_1_569' title='bbox 1480 3660 1642 3715; x_wconf 90' lang='lat' dir='ltr'><strong><em>quam</em></strong></span> <span class='ocrx_word' id='word_1_570' title='bbox 1671 3657 1899 3716; x_wconf 78' lang='lat' dir='ltr'><strong><em>aperata</em></strong></span> 
     </span>
    </p>
   </div>
   <div class='ocr_carea' id='block_1_67' title="bbox 289 3735 1898 3807">
    <p class='ocr_par' dir='ltr' id='par_1_67' title="bbox 289 3735 1898 3807">
     <span class='ocr_line' id='line_1_67' title="bbox 289 3735 1898 3807; baseline -0.002 -14"><span class='ocrx_word' id='word_1_571' title='bbox 289 3755 438 3793; x_wconf 90' lang='lat' dir='ltr'><strong><em>sum.</em></strong></span> <span class='ocrx_word' id='word_1_572' title='bbox 468 3735 596 3792; x_wconf 87' lang='lat' dir='ltr'><strong><em>Ideo</em></strong></span> <span class='ocrx_word' id='word_1_573' title='bbox 625 3752 924 3792; x_wconf 84' lang='lat' dir='ltr'><strong><em>conversus</em></strong></span> <span class='ocrx_word' id='word_1_574' title='bbox 950 3747 1034 3792; x_wconf 86' lang='lat' dir='ltr'><strong><em>est</em></strong></span> <span class='ocrx_word' id='word_1_575' title='bbox 1055 3735 1212 3792; x_wconf 90' lang='lat' dir='ltr'><strong><em>dolor</em></strong></span> <span class='ocrx_word' id='word_1_576' title='bbox 1235 3752 1390 3792; x_wconf 90' lang='lat' dir='ltr'><strong><em>meus</em></strong></span> <span class='ocrx_word' id='word_1_577' title='bbox 1415 3738 1466 3791; x_wconf 92' lang='lat' dir='ltr'><strong><em>in</em></strong></span> <span class='ocrx_word' id='word_1_578' title='bbox 1497 3747 1656 3807; x_wconf 90' lang='lat' dir='ltr'><strong><em>caput</em></strong></span> <span class='ocrx_word' id='word_1_579' title='bbox 1684 3754 1862 3792; x_wconf 90' lang='lat' dir='ltr'><strong><em>meum</em></strong></span> <span class='ocrx_word' id='word_1_580' title='bbox 1882 3777 1898 3802; x_wconf 88' lang='lat'><strong><em>,</em></strong></span> 
     </span>
    </p>
   </div>
   <div class='ocr_carea' id='block_1_68' title="bbox 287 3827 1901 3900">
    <p class='ocr_par' dir='ltr' id='par_1_68' title="bbox 287 3827 1901 3900">
     <span class='ocr_line' id='line_1_68' title="bbox 287 3827 1901 3900; baseline -0.002 -16"><span class='ocrx_word' id='word_1_581' title='bbox 287 3840 342 3884; x_wconf 90' lang='lat' dir='ltr'><strong><em>et</em></strong></span> <span class='ocrx_word' id='word_1_582' title='bbox 375 3835 427 3883; x_wconf 90' lang='lat' dir='ltr'><strong><em>in</em></strong></span> <span class='ocrx_word' id='word_1_583' title='bbox 465 3829 724 3884; x_wconf 76' lang='lat' dir='ltr'><strong><em>verticem</em></strong></span> <span class='ocrx_word' id='word_1_584' title='bbox 769 3844 947 3883; x_wconf 91' lang='lat' dir='ltr'><strong><em>meum</em></strong></span> <span class='ocrx_word' id='word_1_585' title='bbox 995 3828 1250 3900; x_wconf 85' lang='lat' dir='ltr'><strong><em>iniquitas</em></strong></span> <span class='ocrx_word' id='word_1_586' title='bbox 1289 3844 1406 3884; x_wconf 89' lang='lat' dir='ltr'><strong><em>mea</em></strong></span> <span class='ocrx_word' id='word_1_587' title='bbox 1447 3828 1749 3884; x_wconf 83' lang='lat' dir='ltr'><strong><em>descendit.</em></strong></span> <span class='ocrx_word' id='word_1_588' title='bbox 1799 3827 1901 3882; x_wconf 91' lang='lat' dir='ltr'><strong><em>lm-</em></strong></span> 
     </span>
    </p>
   </div>
   <div class='ocr_carea' id='block_1_69' title="bbox 289 3915 1903 3992">
    <p class='ocr_par' dir='ltr' id='par_1_69' title="bbox 289 3915 1903 3992">
     <span class='ocr_line' id='line_1_69' title="bbox 289 3915 1903 3992; baseline -0.002 -15"><span class='ocrx_word' id='word_1_589' title='bbox 289 3919 566 3977; x_wconf 87' lang='lat' dir='ltr'><strong><em>munditla</em></strong></span> <span class='ocrx_word' id='word_1_590' title='bbox 593 3933 712 3975; x_wconf 90' lang='lat' dir='ltr'><strong><em>mea</em></strong></span> <span class='ocrx_word' id='word_1_591' title='bbox 741 3927 866 3975; x_wconf 89' lang='lat' dir='ltr'><strong><em>autc</em></strong></span> <span class='ocrx_word' id='word_1_592' title='bbox 896 3915 1063 3992; x_wconf 90' lang='lat' dir='ltr'><strong><em>pedes</em></strong></span> <span class='ocrx_word' id='word_1_593' title='bbox 1087 3933 1240 3976; x_wconf 86' lang='lat' dir='ltr'><strong><em>meos</em></strong></span> <span class='ocrx_word' id='word_1_594' title='bbox 1266 3939 1278 3974; x_wconf 91' lang='lat'><strong>:</strong></span> <span class='ocrx_word' id='word_1_595' title='bbox 1324 3936 1428 3975; x_wconf 92' lang='lat' dir='ltr'><strong><em>non</em></strong></span> <span class='ocrx_word' id='word_1_596' title='bbox 1461 3921 1532 3974; x_wconf 84' lang='lat' dir='ltr'><strong><em>lui</em></strong></span> <span class='ocrx_word' id='word_1_597' title='bbox 1564 3925 1773 3976; x_wconf 86' lang='lat' dir='ltr'><strong><em>memor</em></strong></span> <span class='ocrx_word' id='word_1_598' title='bbox 1804 3936 1903 3974; x_wconf 88' lang='lat' dir='ltr'><strong><em>no-</em></strong></span> 
     </span>
    </p>
   </div>
   <div class='ocr_carea' id='block_1_70' title="bbox 289 4009 1905 4085">
    <p class='ocr_par' dir='ltr' id='par_1_70' title="bbox 289 4009 1905 4085">
     <span class='ocr_line' id='line_1_70' title="bbox 289 4009 1905 4085; baseline -0.001 -16"><span class='ocrx_word' id='word_1_599' title='bbox 289 4015 648 4072; x_wconf 85' lang='lat' dir='ltr'><strong><em>vissimorum</em></strong></span> <span class='ocrx_word' id='word_1_600' title='bbox 669 4054 686 4083; x_wconf 91' lang='lat'><strong><em>,</em></strong></span> <span class='ocrx_word' id='word_1_601' title='bbox 713 4023 765 4070; x_wconf 91' lang='lat' dir='ltr'><strong><em>et</em></strong></span> <span class='ocrx_word' id='word_1_602' title='bbox 789 4011 965 4070; x_wconf 88' lang='lat' dir='ltr'><strong><em>cecidi</em></strong></span> <span class='ocrx_word' id='word_1_603' title='bbox 997 4011 1389 4071; x_wconf 86' lang='lat' dir='ltr'><strong><em>miserabiliter</em></strong></span> <span class='ocrx_word' id='word_1_604' title='bbox 1430 4009 1606 4085; x_wconf 82' lang='lat' dir='ltr'><strong><em>(Psal.</em></strong></span> <span class='ocrx_word' id='word_1_605' title='bbox 1632 4027 1739 4081; x_wconf 87' lang='lat' dir='ltr'><strong><em>vn,</em></strong></span> <span class='ocrx_word' id='word_1_606' title='bbox 1772 4011 1838 4069; x_wconf 78' lang='grc'><strong><em>15</em></strong></span> <span class='ocrx_word' id='word_1_607' title='bbox 1858 4019 1905 4068; x_wconf 83' lang='grc' dir='ltr'><strong><em>ει</em></strong></span> 
     </span>
    </p>
   </div>
   <div class='ocr_carea' id='block_1_71' title="bbox 291 4109 458 4181">
    <p class='ocr_par' dir='ltr' id='par_1_71' title="bbox 291 4109 458 4181">
     <span class='ocr_line' id='line_1_71' title="bbox 291 4109 458 4181; baseline 0.012 -17"><span class='ocrx_word' id='word_1_608' title='bbox 291 4109 458 4181; x_wconf 87' lang='lat' dir='ltr'><strong><em>seq.).</em></strong></span> 
     </span>
    </p>
   </div>
   <div class='ocr_carea' id='block_1_72' title="bbox 361 4201 1904 4276">
    <p class='ocr_par' dir='ltr' id='par_1_72' title="bbox 361 4201 1904 4276">
     <span class='ocr_line' id='line_1_72' title="bbox 361 4201 1904 4276; baseline 0.001 -18"><span class='ocrx_word' id='word_1_609' title='bbox 361 4202 461 4260; x_wconf 75' lang='grc'><strong>46.</strong></span> <span class='ocrx_word' id='word_1_610' title='bbox 493 4201 611 4258; x_wconf 80' lang='lat' dir='ltr'><strong><em>Non</em></strong></span> <span class='ocrx_word' id='word_1_611' title='bbox 638 4211 720 4258; x_wconf 91' lang='lat' dir='ltr'><strong><em>est</em></strong></span> <span class='ocrx_word' id='word_1_612' title='bbox 761 4202 853 4276; x_wconf 85' lang='lat' dir='ltr'><strong><em>qui</em></strong></span> <span class='ocrx_word' id='word_1_613' title='bbox 894 4203 1205 4259; x_wconf 87' lang='lat' dir='ltr'><strong><em>consoletur</em></strong></span> <span class='ocrx_word' id='word_1_614' title='bbox 1240 4217 1346 4259; x_wconf 88' lang='lat' dir='ltr'><strong><em>me.</em></strong></span> <span class='ocrx_word' id='word_1_615' title='bbox 1393 4203 1437 4260; x_wconf 89' lang='grc' dir='ltr'><strong>Ο</strong></span> <span class='ocrx_word' id='word_1_616' title='bbox 1467 4219 1629 4275; x_wconf 89' lang='lat' dir='ltr'><strong><em>quam</em></strong></span> <span class='ocrx_word' id='word_1_617' title='bbox 1673 4202 1904 4260; x_wconf 89' lang='lat' dir='ltr'><strong><em>acerbus</em></strong></span> 
     </span>
    </p>
   </div>
   <div class='ocr_carea' id='block_1_73' title="bbox 291 4291 1901 4366">
    <p class='ocr_par' dir='ltr' id='par_1_73' title="bbox 291 4291 1901 4366">
     <span class='ocr_line' id='line_1_73' title="bbox 291 4291 1901 4366; baseline 0 -15"><span class='ocrx_word' id='word_1_618' title='bbox 291 4295 504 4352; x_wconf 79' lang='lat' dir='ltr'><strong><em>fructus</em></strong></span> <span class='ocrx_word' id='word_1_619' title='bbox 554 4295 808 4351; x_wconf 69' lang='lat' dir='ltr'><strong><em>luxuriae!</em></strong></span> <span class='ocrx_word' id='word_1_620' title='bbox 861 4296 1112 4352; x_wconf 80' lang='lat' dir='ltr'><strong><em>Amarior</em></strong></span> <span class='ocrx_word' id='word_1_621' title='bbox 1157 4295 1281 4352; x_wconf 82' lang='lat' dir='ltr'><strong><em>l‘elle</em></strong></span> <span class='ocrx_word' id='word_1_622' title='bbox 1311 4338 1325 4361; x_wconf 93' lang='lat'><strong><em>,</em></strong></span> <span class='ocrx_word' id='word_1_623' title='bbox 1379 4293 1654 4352; x_wconf 85' lang='lat' dir='ltr'><strong><em>crudelior</em></strong></span> <span class='ocrx_word' id='word_1_624' title='bbox 1703 4291 1901 4366; x_wconf 87' lang='lat' dir='ltr'><strong><em>gladio.</em></strong></span> 
     </span>
    </p>
   </div>
   <div class='ocr_carea' id='block_1_74' title="bbox 290 4383 1905 4458">
    <p class='ocr_par' dir='ltr' id='par_1_74' title="bbox 290 4383 1905 4458">
     <span class='ocr_line' id='line_1_74' title="bbox 290 4383 1905 4458; baseline -0.001 -14"><span class='ocrx_word' id='word_1_625' title='bbox 290 4388 587 4458; x_wconf 83' lang='lat' dir='ltr'><strong><em>Quomodo</em></strong></span> <span class='ocrx_word' id='word_1_626' title='bbox 619 4389 757 4445; x_wconf 78' lang='lat' dir='ltr'><strong><em>facta</em></strong></span> <span class='ocrx_word' id='word_1_627' title='bbox 774 4395 895 4446; x_wconf 86' lang='lat' dir='ltr'><strong><em>sum</em></strong></span> <span class='ocrx_word' id='word_1_628' title='bbox 927 4389 979 4444; x_wconf 84' lang='lat' dir='ltr'><strong><em>in</em></strong></span> <span class='ocrx_word' id='word_1_629' title='bbox 1010 4385 1663 4445; x_wconf 83' lang='lat' dir='ltr'><strong><em>desolatiohem?Subito</em></strong></span> <span class='ocrx_word' id='word_1_630' title='bbox 1692 4383 1869 4444; x_wconf 69' lang='lat' dir='ltr'><strong><em>deieci</em></strong></span> <span class='ocrx_word' id='word_1_631' title='bbox 1890 4429 1905 4456; x_wconf 92' lang='lat'><strong><em>,</em></strong></span> 
     </span>
    </p>
   </div>
   <div class='ocr_carea' id='block_1_75' title="bbox 294 4481 1908 4554">
    <p class='ocr_par' dir='ltr' id='par_1_75' title="bbox 294 4481 1908 4554">
     <span class='ocr_line' id='line_1_75' title="bbox 294 4481 1908 4554; baseline -0.002 -15"><span class='ocrx_word' id='word_1_632' title='bbox 294 4482 432 4553; x_wconf 87' lang='lat' dir='ltr'><strong><em>perii</em></strong></span> <span class='ocrx_word' id='word_1_633' title='bbox 481 4483 699 4554; x_wconf 77' lang='lat' dir='ltr'><strong><em>propter</em></strong></span> <span class='ocrx_word' id='word_1_634' title='bbox 748 4481 1088 4554; x_wconf 88' lang='lat' dir='ltr'><strong><em>iniquitatem</em></strong></span> <span class='ocrx_word' id='word_1_635' title='bbox 1141 4489 1317 4538; x_wconf 86' lang='lat' dir='ltr'><strong><em>meam</em></strong></span> <span class='ocrx_word' id='word_1_636' title='bbox 1361 4482 1389 4519; x_wconf 73' lang='grc' dir='ltr'><em>ά</em></span> <span class='ocrx_word' id='word_1_637' title='bbox 1434 4483 1580 4538; x_wconf 86' lang='lat' dir='ltr'><strong><em>velut</em></strong></span> <span class='ocrx_word' id='word_1_638' title='bbox 1631 4498 1662 4538; x_wconf 91' lang='lat' dir='ltr'><strong><em>e</em></strong></span> <span class='ocrx_word' id='word_1_639' title='bbox 1715 4495 1908 4537; x_wconf 87' lang='lat' dir='ltr'><strong><em>somno</em></strong></span> 
     </span>
    </p>
   </div>
   <div class='ocr_carea' id='block_1_76' title="bbox 293 4569 1910 4647">
    <p class='ocr_par' dir='ltr' id='par_1_76' title="bbox 293 4569 1910 4647">
     <span class='ocr_line' id='line_1_76' title="bbox 293 4569 1910 4647; baseline -0.001 -15"><span class='ocrx_word' id='word_1_640' title='bbox 293 4589 633 4647; x_wconf 79' lang='lat' dir='ltr'><strong><em>exsurgens;</em></strong></span> <span class='ocrx_word' id='word_1_641' title='bbox 681 4575 804 4631; x_wconf 87' lang='lat' dir='ltr'><strong><em>ideo</em></strong></span> <span class='ocrx_word' id='word_1_642' title='bbox 850 4573 906 4632; x_wconf 89' lang='lat' dir='ltr'><strong><em>in</em></strong></span> <span class='ocrx_word' id='word_1_643' title='bbox 951 4575 1170 4632; x_wconf 77' lang='lat' dir='ltr'><strong><em>civitate</em></strong></span> <span class='ocrx_word' id='word_1_644' title='bbox 1214 4569 1431 4631; x_wconf 84' lang='lat' dir='ltr'><strong><em>Domini</em></strong></span> <span class='ocrx_word' id='word_1_645' title='bbox 1487 4574 1786 4632; x_wconf 89' lang='lat' dir='ltr'><strong><em>nullilicata</em></strong></span> <span class='ocrx_word' id='word_1_646' title='bbox 1825 4583 1910 4631; x_wconf 87' lang='lat' dir='ltr'><strong><em>est</em></strong></span> 
     </span>
    </p>
   </div>
   <div class='ocr_carea' id='block_1_77' title="bbox 1999 3363 3458 3439">
    <p class='ocr_par' dir='ltr' id='par_1_77' title="bbox 1999 3363 3458 3439">
     <span class='ocr_line' id='line_1_77' title="bbox 1999 3363 3458 3439; baseline 0.005 -24"><span class='ocrx_word' id='word_1_647' title='bbox 1999 3363 2051 3415; x_wconf 90' lang='lat' dir='ltr'><strong><em>in</em></strong></span> <span class='ocrx_word' id='word_1_648' title='bbox 2084 3365 2344 3431; x_wconf 81' lang='lat' dir='ltr'><strong><em>pulverem</em></strong></span> <span class='ocrx_word' id='word_1_649' title='bbox 2367 3367 2543 3419; x_wconf 89' lang='lat' dir='ltr'><strong><em>mortis</em></strong></span> <span class='ocrx_word' id='word_1_650' title='bbox 2566 3365 2831 3420; x_wconf 89' lang='lat' dir='ltr'><strong><em>deductus</em></strong></span> <span class='ocrx_word' id='word_1_651' title='bbox 2859 3383 2975 3420; x_wconf 90' lang='lat' dir='ltr'><strong><em>sum</em></strong></span> <span class='ocrx_word' id='word_1_652' title='bbox 3004 3367 3177 3439; x_wconf 89' lang='lat' dir='ltr'><strong><em>(Psal.</em></strong></span> <span class='ocrx_word' id='word_1_653' title='bbox 3215 3385 3328 3435; x_wconf 78' lang='lat' dir='ltr'><strong><em>xxi,</em></strong></span> <span class='ocrx_word' id='word_1_654' title='bbox 3349 3370 3458 3438; x_wconf 70' lang='grc'><strong><em>16).</em></strong></span> 
     </span>
    </p>
   </div>
   <div class='ocr_carea' id='block_1_78' title="bbox 2071 3455 3602 3527">
    <p class='ocr_par' dir='ltr' id='par_1_78' title="bbox 2071 3455 3602 3527">
     <span class='ocr_line' id='line_1_78' title="bbox 2071 3455 3602 3527; baseline 0.005 -20"><span class='ocrx_word' id='word_1_655' title='bbox 2071 3457 2162 3511; x_wconf 76' lang='grc'><strong>49.</strong></span> <span class='ocrx_word' id='word_1_656' title='bbox 2223 3455 2606 3512; x_wconf 84' lang='lat' dir='ltr'><strong><em>Verumtamen</em></strong></span> <span class='ocrx_word' id='word_1_657' title='bbox 2656 3460 2908 3514; x_wconf 88' lang='lat' dir='ltr'><strong><em>clamabo</em></strong></span> <span class='ocrx_word' id='word_1_658' title='bbox 2959 3461 3024 3515; x_wconf 89' lang='lat' dir='ltr'><strong><em>ad</em></strong></span> <span class='ocrx_word' id='word_1_659' title='bbox 3086 3462 3421 3527; x_wconf 89' lang='lat' dir='ltr'><strong><em>Dominum,</em></strong></span> <span class='ocrx_word' id='word_1_660' title='bbox 3478 3478 3602 3517; x_wconf 90' lang='lat' dir='ltr'><strong><em>cum</em></strong></span> 
     </span>
    </p>
   </div>
   <div class='ocr_carea' id='block_1_79' title="bbox 2001 3537 3606 3625">
    <p class='ocr_par' dir='ltr' id='par_1_79' title="bbox 2001 3537 3606 3625">
     <span class='ocr_line' id='line_1_79' title="bbox 2001 3537 3606 3625; baseline 0.006 -24"><span class='ocrx_word' id='word_1_661' title='bbox 2001 3545 2178 3601; x_wconf 81' lang='lat' dir='ltr'><strong><em>adimo</em></strong></span> <span class='ocrx_word' id='word_1_662' title='bbox 2224 3553 2438 3619; x_wconf 84' lang='lat' dir='ltr'><strong><em>tempus</em></strong></span> <span class='ocrx_word' id='word_1_663' title='bbox 2480 3559 2597 3616; x_wconf 69' lang='lat' dir='ltr'><strong><em>eet,</em></strong></span> <span class='ocrx_word' id='word_1_664' title='bbox 2646 3552 2772 3606; x_wconf 89' lang='lat' dir='ltr'><strong><em>dum</em></strong></span> <span class='ocrx_word' id='word_1_665' title='bbox 2817 3537 2978 3608; x_wconf 76' lang='lat' dir='ltr'><strong><em>datur</em></strong></span> <span class='ocrx_word' id='word_1_666' title='bbox 3028 3556 3312 3624; x_wconf 85' lang='lat' dir='ltr'><strong><em>spatium;</em></strong></span> <span class='ocrx_word' id='word_1_667' title='bbox 3368 3557 3491 3625; x_wconf 89' lang='lat' dir='ltr'><strong><em>quia</em></strong></span> <span class='ocrx_word' id='word_1_668' title='bbox 3555 3559 3606 3610; x_wconf 92' lang='lat' dir='ltr'><strong><em>iu</em></strong></span> 
     </span>
    </p>
   </div>
   <div class='ocr_carea' id='block_1_80' title="bbox 2002 3644 3612 3710">
    <p class='ocr_par' dir='ltr' id='par_1_80' title="bbox 2002 3644 3612 3710">
     <span class='ocr_line' id='line_1_80' title="bbox 2002 3644 3612 3710; baseline 0.005 -18"><span class='ocrx_word' id='word_1_669' title='bbox 2002 3652 2177 3694; x_wconf 89' lang='lat' dir='ltr'><strong><em>morte</em></strong></span> <span class='ocrx_word' id='word_1_670' title='bbox 2203 3655 2312 3696; x_wconf 91' lang='lat' dir='ltr'><strong><em>non</em></strong></span> <span class='ocrx_word' id='word_1_671' title='bbox 2339 3652 2425 3698; x_wconf 85' lang='lat' dir='ltr'><strong><em>est</em></strong></span> <span class='ocrx_word' id='word_1_672' title='bbox 2446 3644 2731 3710; x_wconf 85' lang='lat' dir='ltr'><strong><em>memoria,</em></strong></span> <span class='ocrx_word' id='word_1_673' title='bbox 2756 3653 2810 3700; x_wconf 86' lang='lat' dir='ltr'><strong><em>et</em></strong></span> <span class='ocrx_word' id='word_1_674' title='bbox 2841 3646 2892 3699; x_wconf 90' lang='lat' dir='ltr'><strong><em>in</em></strong></span> <span class='ocrx_word' id='word_1_675' title='bbox 2924 3645 3138 3700; x_wconf 81' lang='lat' dir='ltr'><strong><em>inferno</em></strong></span> <span class='ocrx_word' id='word_1_676' title='bbox 3162 3662 3267 3700; x_wconf 93' lang='lat' dir='ltr'><strong><em>non</em></strong></span> <span class='ocrx_word' id='word_1_677' title='bbox 3291 3655 3376 3701; x_wconf 90' lang='lat' dir='ltr'><strong><em>est</em></strong></span> <span class='ocrx_word' id='word_1_678' title='bbox 3395 3646 3612 3701; x_wconf 79' lang='lat' dir='ltr'><strong><em>confes-</em></strong></span> 
     </span>
    </p>
   </div>
   <div class='ocr_carea' id='block_1_81' title="bbox 2001 3732 3611 3810">
    <p class='ocr_par' dir='ltr' id='par_1_81' title="bbox 2001 3732 3611 3810">
     <span class='ocr_line' id='line_1_81' title="bbox 2001 3732 3611 3810; baseline 0.004 -22"><span class='ocrx_word' id='word_1_679' title='bbox 2001 3733 2086 3788; x_wconf 87' lang='lat' dir='ltr'><strong><em>sio</em></strong></span> <span class='ocrx_word' id='word_1_680' title='bbox 2113 3751 2125 3788; x_wconf 89' lang='lat'>:</span> <span class='ocrx_word' id='word_1_681' title='bbox 2165 3732 2408 3802; x_wconf 86' lang='lat' dir='ltr'><strong><em>Domine,</em></strong></span> <span class='ocrx_word' id='word_1_682' title='bbox 2435 3753 2497 3790; x_wconf 88' lang='lat' dir='ltr'><strong><em>ne</em></strong></span> <span class='ocrx_word' id='word_1_683' title='bbox 2518 3738 2570 3790; x_wconf 91' lang='lat' dir='ltr'><strong><em>in</em></strong></span> <span class='ocrx_word' id='word_1_684' title='bbox 2602 3740 2680 3792; x_wconf 90' lang='lat' dir='ltr'><strong><em>ira</em></strong></span> <span class='ocrx_word' id='word_1_685' title='bbox 2711 3751 2799 3793; x_wconf 90' lang='lat' dir='ltr'><strong><em>tua</em></strong></span> <span class='ocrx_word' id='word_1_686' title='bbox 2825 3756 3015 3810; x_wconf 88' lang='lat' dir='ltr'><strong><em>arguas</em></strong></span> <span class='ocrx_word' id='word_1_687' title='bbox 3039 3757 3137 3803; x_wconf 87' lang='lat' dir='ltr'><strong><em>me,</em></strong></span> <span class='ocrx_word' id='word_1_688' title='bbox 3171 3757 3334 3810; x_wconf 86' lang='lat' dir='ltr'><strong><em>neque</em></strong></span> <span class='ocrx_word' id='word_1_689' title='bbox 3355 3742 3408 3792; x_wconf 90' lang='lat' dir='ltr'><strong><em>in</em></strong></span> <span class='ocrx_word' id='word_1_690' title='bbox 3433 3741 3611 3809; x_wconf 74' lang='lat' dir='ltr'><strong><em>furore</em></strong></span> 
     </span>
    </p>
   </div>
   <div class='ocr_carea' id='block_1_82' title="bbox 2005 3828 3610 3906">
    <p class='ocr_par' dir='ltr' id='par_1_82' title="bbox 2005 3828 3610 3906">
     <span class='ocr_line' id='line_1_82' title="bbox 2005 3828 3610 3906; baseline 0.002 -25"><span class='ocrx_word' id='word_1_691' title='bbox 2005 3836 2091 3881; x_wconf 88' lang='lat' dir='ltr'><strong><em>luo</em></strong></span> <span class='ocrx_word' id='word_1_692' title='bbox 2131 3828 2386 3896; x_wconf 81' lang='lat' dir='ltr'><strong><em>corripias</em></strong></span> <span class='ocrx_word' id='word_1_693' title='bbox 2434 3845 2536 3885; x_wconf 83' lang='lat' dir='ltr'><strong><em>me.</em></strong></span> <span class='ocrx_word' id='word_1_694' title='bbox 2579 3830 2834 3898; x_wconf 83' lang='lat' dir='ltr'><strong><em>Quoniam</em></strong></span> <span class='ocrx_word' id='word_1_695' title='bbox 2869 3833 3075 3906; x_wconf 70' lang='lat' dir='ltr'><strong><em>sagitta:</em></strong></span> <span class='ocrx_word' id='word_1_696' title='bbox 3123 3843 3227 3886; x_wconf 77' lang='lat' dir='ltr'><strong><em>tua:</em></strong></span> <span class='ocrx_word' id='word_1_697' title='bbox 3271 3833 3448 3902; x_wconf 71' lang='lat' dir='ltr'><strong><em>inﬁxa:</em></strong></span> <span class='ocrx_word' id='word_1_698' title='bbox 3488 3842 3610 3886; x_wconf 87' lang='lat' dir='ltr'><strong><em>sunt</em></strong></span> 
     </span>
    </p>
   </div>
   <div class='ocr_carea' id='block_1_83' title="bbox 2005 3919 3611 3985">
    <p class='ocr_par' dir='ltr' id='par_1_83' title="bbox 2005 3919 3611 3985">
     <span class='ocr_line' id='line_1_83' title="bbox 2005 3919 3611 3985; baseline 0.004 -15"><span class='ocrx_word' id='word_1_699' title='bbox 2005 3919 2153 3985; x_wconf 80' lang='lat' dir='ltr'><strong><em>mihi,</em></strong></span> <span class='ocrx_word' id='word_1_700' title='bbox 2178 3936 2268 3974; x_wconf 87' lang='lat' dir='ltr'><strong><em>nec</em></strong></span> <span class='ocrx_word' id='word_1_701' title='bbox 2291 3932 2362 3975; x_wconf 87' lang='lat' dir='ltr'><strong><em>est</em></strong></span> <span class='ocrx_word' id='word_1_702' title='bbox 2391 3923 2587 3976; x_wconf 83' lang='lat' dir='ltr'><strong><em>sanitas</em></strong></span> <span class='ocrx_word' id='word_1_703' title='bbox 2609 3924 2660 3977; x_wconf 90' lang='lat' dir='ltr'><strong><em>in</em></strong></span> <span class='ocrx_word' id='word_1_704' title='bbox 2695 3940 2847 3979; x_wconf 86' lang='lat' dir='ltr'><strong><em>carne</em></strong></span> <span class='ocrx_word' id='word_1_705' title='bbox 2878 3941 2988 3979; x_wconf 89' lang='lat' dir='ltr'><strong><em>mea</em></strong></span> <span class='ocrx_word' id='word_1_706' title='bbox 3014 3942 3045 3978; x_wconf 89' lang='lat' dir='ltr'><strong><em>a</em></strong></span> <span class='ocrx_word' id='word_1_707' title='bbox 3077 3927 3328 3978; x_wconf 83' lang='lat' dir='ltr'><strong><em>vultuira:</em></strong></span> <span class='ocrx_word' id='word_1_708' title='bbox 3349 3935 3484 3978; x_wconf 79' lang='lat' dir='ltr'><strong><em>tuaz:</em></strong></span> <span class='ocrx_word' id='word_1_709' title='bbox 3511 3943 3611 3980; x_wconf 89' lang='lat' dir='ltr'><strong><em>non</em></strong></span> 
     </span>
    </p>
   </div>
   <div class='ocr_carea' id='block_1_84' title="bbox 2004 4009 3611 4088">
    <p class='ocr_par' dir='ltr' id='par_1_84' title="bbox 2004 4009 3611 4088">
     <span class='ocr_line' id='line_1_84' title="bbox 2004 4009 3611 4088; baseline 0.002 -19"><span class='ocrx_word' id='word_1_710' title='bbox 2004 4021 2080 4069; x_wconf 85' lang='lat' dir='ltr'><strong><em>est</em></strong></span> <span class='ocrx_word' id='word_1_711' title='bbox 2128 4031 2234 4085; x_wconf 73' lang='lat' dir='ltr'><strong><em>pax</em></strong></span> <span class='ocrx_word' id='word_1_712' title='bbox 2281 4009 2483 4071; x_wconf 75' lang='lat' dir='ltr'><strong><em>ossibus</em></strong></span> <span class='ocrx_word' id='word_1_713' title='bbox 2530 4021 2655 4072; x_wconf 88' lang='lat' dir='ltr'><strong><em>meis</em></strong></span> <span class='ocrx_word' id='word_1_714' title='bbox 2706 4036 2736 4072; x_wconf 93' lang='lat' dir='ltr'><strong><em>a</em></strong></span> <span class='ocrx_word' id='word_1_715' title='bbox 2786 4020 2920 4086; x_wconf 78' lang='lat' dir='ltr'><strong><em>[acie</em></strong></span> <span class='ocrx_word' id='word_1_716' title='bbox 2969 4033 3301 4088; x_wconf 84' lang='lat' dir='ltr'><strong><em>peccatorum</em></strong></span> <span class='ocrx_word' id='word_1_717' title='bbox 3356 4035 3611 4072; x_wconf 86' lang='lat' dir='ltr'><strong><em>mcorum.</em></strong></span> 
     </span>
    </p>
   </div>
   <div class='ocr_carea' id='block_1_85' title="bbox 2010 4109 3614 4183">
    <p class='ocr_par' dir='ltr' id='par_1_85' title="bbox 2010 4109 3614 4183">
     <span class='ocr_line' id='line_1_85' title="bbox 2010 4109 3614 4183; baseline 0 -19"><span class='ocrx_word' id='word_1_718' title='bbox 2010 4109 2271 4176; x_wconf 80' lang='lat' dir='ltr'><strong><em>Quoniam</em></strong></span> <span class='ocrx_word' id='word_1_719' title='bbox 2345 4111 2639 4182; x_wconf 84' lang='lat' dir='ltr'><strong><em>iniquitates</em></strong></span> <span class='ocrx_word' id='word_1_720' title='bbox 2707 4129 2832 4166; x_wconf 77' lang='lat' dir='ltr'><strong><em>mea:</em></strong></span> <span class='ocrx_word' id='word_1_721' title='bbox 2880 4110 2905 4148; x_wconf 74' lang='grc' dir='ltr'><strong><em>ιι</em></strong></span> <span class='ocrx_word' id='word_1_722' title='bbox 2955 4121 3396 4183; x_wconf 87' lang='lat' dir='ltr'><strong><em>superposuerunt</em></strong></span> <span class='ocrx_word' id='word_1_723' title='bbox 3462 4121 3614 4183; x_wconf 84' lang='lat' dir='ltr'><strong><em>caput</em></strong></span> 
     </span>
    </p>
   </div>
   <div class='ocr_carea' id='block_1_86' title="bbox 2010 4205 3610 4276">
    <p class='ocr_par' dir='ltr' id='par_1_86' title="bbox 2010 4205 3610 4276">
     <span class='ocr_line' id='line_1_86' title="bbox 2010 4205 3610 4276; baseline 0.002 -22"><span class='ocrx_word' id='word_1_724' title='bbox 2010 4209 2178 4256; x_wconf 85' lang='lat' dir='ltr'><strong><em>meum</em></strong></span> <span class='ocrx_word' id='word_1_725' title='bbox 2209 4246 2224 4271; x_wconf 93' lang='lat'><strong><em>,</em></strong></span> <span class='ocrx_word' id='word_1_726' title='bbox 2279 4213 2323 4258; x_wconf 86' lang='lat' dir='ltr'><strong><em>et</em></strong></span> <span class='ocrx_word' id='word_1_727' title='bbox 2363 4205 2495 4258; x_wconf 88' lang='lat' dir='ltr'><strong><em>sicut</em></strong></span> <span class='ocrx_word' id='word_1_728' title='bbox 2513 4221 2642 4258; x_wconf 89' lang='lat' dir='ltr'><strong><em>onus</em></strong></span> <span class='ocrx_word' id='word_1_729' title='bbox 2683 4220 2838 4276; x_wconf 82' lang='lat' dir='ltr'><strong><em>grave</em></strong></span> <span class='ocrx_word' id='word_1_730' title='bbox 2875 4214 3103 4276; x_wconf 70' lang='lat' dir='ltr'><strong><em>grauata:</em></strong></span> <span class='ocrx_word' id='word_1_731' title='bbox 3139 4214 3260 4258; x_wconf 90' lang='lat' dir='ltr'><strong><em>sunt</em></strong></span> <span class='ocrx_word' id='word_1_732' title='bbox 3315 4221 3468 4275; x_wconf 87' lang='lat' dir='ltr'><strong><em>super</em></strong></span> <span class='ocrx_word' id='word_1_733' title='bbox 3509 4221 3610 4257; x_wconf 82' lang='lat' dir='ltr'><strong><em>me.</em></strong></span> 
     </span>
    </p>
   </div>
   <div class='ocr_carea' id='block_1_87' title="bbox 2011 4294 3618 4368">
    <p class='ocr_par' dir='ltr' id='par_1_87' title="bbox 2011 4294 3618 4368">
     <span class='ocr_line' id='line_1_87' title="bbox 2011 4294 3618 4368; baseline 0.002 -19"><span class='ocrx_word' id='word_1_734' title='bbox 2011 4294 2448 4368; x_wconf 77' lang='lat' dir='ltr'><strong><em>Compulruerunt</em></strong></span> <span class='ocrx_word' id='word_1_735' title='bbox 2474 4307 2520 4351; x_wconf 91' lang='grc' dir='ltr'><strong><em>ει</em></strong></span> <span class='ocrx_word' id='word_1_736' title='bbox 2549 4297 2988 4352; x_wconf 83' lang='lat' dir='ltr'><strong><em>deteriorarerunt</em></strong></span> <span class='ocrx_word' id='word_1_737' title='bbox 3013 4299 3278 4352; x_wconf 83' lang='lat' dir='ltr'><strong><em>cicatrices</em></strong></span> <span class='ocrx_word' id='word_1_738' title='bbox 3308 4314 3454 4363; x_wconf 73' lang='lat' dir='ltr'><strong><em>mea’,</em></strong></span> <span class='ocrx_word' id='word_1_739' title='bbox 3485 4317 3516 4351; x_wconf 82' lang='grc' dir='ltr'><em>α</em></span> <span class='ocrx_word' id='word_1_740' title='bbox 3539 4299 3618 4368; x_wconf 78' lang='lat' dir='ltr'><strong><em>[a-</em></strong></span> 
     </span>
    </p>
   </div>
   <div class='ocr_carea' id='block_1_88' title="bbox 2011 4389 3616 4462">
    <p class='ocr_par' dir='ltr' id='par_1_88' title="bbox 2011 4389 3616 4462">
     <span class='ocr_line' id='line_1_88' title="bbox 2011 4389 3616 4462; baseline 0.001 -18"><span class='ocrx_word' id='word_1_741' title='bbox 2011 4389 2590 4462; x_wconf 68' lang='lat' dir='ltr'><strong><em>cieinsipientia&#39;metc.</em></strong></span> <span class='ocrx_word' id='word_1_742' title='bbox 2631 4389 2863 4448; x_wconf 66' lang='lat' dir='ltr'><strong><em>Miser-iis</em></strong></span> <span class='ocrx_word' id='word_1_743' title='bbox 2885 4390 3083 4448; x_wconf 84' lang='lat' dir='ltr'><strong><em>altlicta</em></strong></span> <span class='ocrx_word' id='word_1_744' title='bbox 3115 4410 3251 4460; x_wconf 86' lang='lat' dir='ltr'><strong><em>sum,</em></strong></span> <span class='ocrx_word' id='word_1_745' title='bbox 3301 4405 3346 4448; x_wconf 88' lang='lat' dir='ltr'><strong><em>ct</em></strong></span> <span class='ocrx_word' id='word_1_746' title='bbox 3399 4402 3616 4448; x_wconf 70' lang='lat' dir='ltr'><strong><em>curvata</em></strong></span> 
     </span>
    </p>
   </div>
   <div class='ocr_carea' id='block_1_89' title="bbox 2013 4483 3614 4558">
    <p class='ocr_par' dir='ltr' id='par_1_89' title="bbox 2013 4483 3614 4558">
     <span class='ocr_line' id='line_1_89' title="bbox 2013 4483 3614 4558; baseline 0.002 -20"><span class='ocrx_word' id='word_1_747' title='bbox 2013 4501 2171 4552; x_wconf 85' lang='lat' dir='ltr'><strong><em>usque</em></strong></span> <span class='ocrx_word' id='word_1_748' title='bbox 2217 4483 2270 4538; x_wconf 89' lang='lat' dir='ltr'><strong><em>in</em></strong></span> <span class='ocrx_word' id='word_1_749' title='bbox 2321 4483 2497 4554; x_wconf 80' lang='lat' dir='ltr'><strong><em>ﬁnem,</em></strong></span> <span class='ocrx_word' id='word_1_750' title='bbox 2547 4487 2694 4556; x_wconf 84' lang='lat' dir='ltr'><strong><em>rugio</em></strong></span> <span class='ocrx_word' id='word_1_751' title='bbox 2747 4502 2778 4538; x_wconf 91' lang='lat' dir='ltr'><strong><em>a</em></strong></span> <span class='ocrx_word' id='word_1_752' title='bbox 2823 4485 3018 4557; x_wconf 86' lang='lat' dir='ltr'><strong><em>gemitu</em></strong></span> <span class='ocrx_word' id='word_1_753' title='bbox 3069 4486 3241 4539; x_wconf 86' lang='lat' dir='ltr'><strong><em>cordis</em></strong></span> <span class='ocrx_word' id='word_1_754' title='bbox 3299 4486 3396 4540; x_wconf 87' lang='lat' dir='ltr'><strong><em>mei</em></strong></span> <span class='ocrx_word' id='word_1_755' title='bbox 3442 4483 3614 4558; x_wconf 87' lang='lat' dir='ltr'><strong><em>(Psal.</em></strong></span> 
     </span>
    </p>
   </div>
   <div class='ocr_carea' id='block_1_90' title="bbox 2013 4574 3614 4648">
    <p class='ocr_par' dir='ltr' id='par_1_90' title="bbox 2013 4574 3614 4648">
     <span class='ocr_line' id='line_1_90' title="bbox 2013 4574 3614 4648; baseline -0.001 -16"><span class='ocrx_word' id='word_1_756' title='bbox 2013 4593 2218 4644; x_wconf 58' lang='grc' dir='ltr'><strong>χχχιιι,</strong></span> <span class='ocrx_word' id='word_1_757' title='bbox 2247 4575 2300 4645; x_wconf 79' lang='lat' dir='ltr'><strong><em>i,</em></strong></span> <span class='ocrx_word' id='word_1_758' title='bbox 2332 4575 2410 4648; x_wconf 88' lang='lat'><strong><em>9).</em></strong></span> <span class='ocrx_word' id='word_1_759' title='bbox 2447 4574 2547 4632; x_wconf 80' lang='lat' dir='ltr'><strong><em>Cor</em></strong></span> <span class='ocrx_word' id='word_1_760' title='bbox 2571 4594 2738 4632; x_wconf 89' lang='lat' dir='ltr'><strong><em>meum</em></strong></span> <span class='ocrx_word' id='word_1_761' title='bbox 2771 4578 3035 4632; x_wconf 83' lang='lat' dir='ltr'><strong><em>turbatum</em></strong></span> <span class='ocrx_word' id='word_1_762' title='bbox 3058 4588 3130 4632; x_wconf 85' lang='lat' dir='ltr'><strong><em>est</em></strong></span> <span class='ocrx_word' id='word_1_763' title='bbox 3158 4579 3296 4631; x_wconf 87' lang='lat' dir='ltr'><strong><em>intra</em></strong></span> <span class='ocrx_word' id='word_1_764' title='bbox 3325 4594 3432 4642; x_wconf 81' lang='lat' dir='ltr'><strong><em>ine,</em></strong></span> <span class='ocrx_word' id='word_1_765' title='bbox 3465 4577 3614 4630; x_wconf 73' lang='lat' dir='ltr'><strong><em>dere-</em></strong></span> 
     </span>
    </p>
   </div>
   <div class='ocr_carea' id='block_1_91' title="bbox 368 4735 3618 4809">
    <p class='ocr_par' dir='ltr' id='par_1_91' title="bbox 368 4735 3618 4809">
     <span class='ocr_line' id='line_1_91' title="bbox 368 4735 3618 4809; baseline -0.001 -13"><span class='ocrx_word' id='word_1_766' title='bbox 368 4751 396 4778; x_wconf 74' lang='grc' dir='ltr'><strong>ει</strong></span> <span class='ocrx_word' id='word_1_767' title='bbox 429 4740 637 4796; x_wconf 85' lang='lat' dir='ltr'><strong><em>Omnes</em></strong></span> <span class='ocrx_word' id='word_1_768' title='bbox 667 4737 800 4794; x_wconf 89' lang='lat' dir='ltr'><strong><em>edit.</em></strong></span> <span class='ocrx_word' id='word_1_769' title='bbox 823 4779 839 4805; x_wconf 91' lang='lat'><strong><em>,</em></strong></span> <span class='ocrx_word' id='word_1_770' title='bbox 885 4753 980 4807; x_wconf 79' lang='lat' dir='ltr'><strong><em>pro</em></strong></span> <span class='ocrx_word' id='word_1_771' title='bbox 1009 4736 1236 4791; x_wconf 85' lang='lat' dir='ltr'><strong><em>remedio</em></strong></span> <span class='ocrx_word' id='word_1_772' title='bbox 1264 4737 1573 4791; x_wconf 70' lang='lat' dir='ltr'><strong><em>animatum</em></strong></span> <span class='ocrx_word' id='word_1_773' title='bbox 1602 4746 1650 4791; x_wconf 90' lang='grc' dir='ltr'><strong><em>ει</em></strong></span> <span class='ocrx_word' id='word_1_774' title='bbox 1677 4745 1913 4803; x_wconf 84' lang='lat' dir='ltr'><strong><em>peccato—</em></strong></span> <span class='ocrx_word' id='word_1_775' title='bbox 1938 4741 1990 4802; x_wconf 84' lang='lat' dir='ltr'><strong>D</strong></span> <span class='ocrx_word' id='word_1_776' title='bbox 2021 4735 2141 4791; x_wconf 83' lang='lat' dir='ltr'><strong><em>Non</em></strong></span> <span class='ocrx_word' id='word_1_777' title='bbox 2171 4746 2290 4792; x_wconf 87' lang='lat' dir='ltr'><strong><em>sunt</em></strong></span> <span class='ocrx_word' id='word_1_778' title='bbox 2313 4737 2506 4792; x_wconf 78' lang='lat' dir='ltr'><strong><em>similia</em></strong></span> <span class='ocrx_word' id='word_1_779' title='bbox 2527 4737 2724 4805; x_wconf 72' lang='lat' dir='ltr'><strong><em>oﬁ‘ensa</em></strong></span> <span class='ocrx_word' id='word_1_780' title='bbox 2746 4737 3012 4793; x_wconf 79' lang='lat' dir='ltr'><strong><em>hominum</em></strong></span> <span class='ocrx_word' id='word_1_781' title='bbox 3037 4757 3054 4806; x_wconf 90' lang='lat'><strong><em>;</em></strong></span> <span class='ocrx_word' id='word_1_782' title='bbox 3084 4742 3204 4809; x_wconf 88' lang='lat' dir='ltr'><strong><em>quia</em></strong></span> <span class='ocrx_word' id='word_1_783' title='bbox 3225 4739 3487 4795; x_wconf 81' lang='lat' dir='ltr'><strong><em>horribilis</em></strong></span> <span class='ocrx_word' id='word_1_784' title='bbox 3510 4739 3618 4795; x_wconf 70' lang='lat' dir='ltr'><strong><em>lucc</em></strong></span> 
     </span>
    </p>
   </div>
   <div class='ocr_carea' id='block_1_92' title="bbox 295 4809 1916 4880">
    <p class='ocr_par' dir='ltr' id='par_1_92' title="bbox 295 4809 1916 4880">
     <span class='ocr_line' id='line_1_92' title="bbox 295 4809 1916 4880; baseline -0.002 -14"><span class='ocrx_word' id='word_1_785' title='bbox 295 4829 446 4880; x_wconf 90' lang='lat' dir='ltr'><strong><em>rum,</em></strong></span> <span class='ocrx_word' id='word_1_786' title='bbox 473 4821 579 4868; x_wconf 89' lang='lat' dir='ltr'><strong><em>etc.</em></strong></span> <span class='ocrx_word' id='word_1_787' title='bbox 610 4811 810 4867; x_wconf 87' lang='lat' dir='ltr'><strong><em>Omnes</em></strong></span> <span class='ocrx_word' id='word_1_788' title='bbox 840 4826 970 4865; x_wconf 87' lang='lat' dir='ltr'><strong><em>mss.</em></strong></span> <span class='ocrx_word' id='word_1_789' title='bbox 1015 4824 1140 4864; x_wconf 90' lang='lat' dir='ltr'><strong><em>cum</em></strong></span> <span class='ocrx_word' id='word_1_790' title='bbox 1185 4809 1540 4864; x_wconf 84' lang='lat' dir='ltr'><strong><em>Pseudohier.</em></strong></span> <span class='ocrx_word' id='word_1_791' title='bbox 1583 4819 1638 4864; x_wconf 91' lang='lat' dir='ltr'><strong><em>ut</em></strong></span> <span class='ocrx_word' id='word_1_792' title='bbox 1683 4812 1735 4864; x_wconf 92' lang='lat' dir='ltr'><strong><em>in</em></strong></span> <span class='ocrx_word' id='word_1_793' title='bbox 1783 4826 1916 4863; x_wconf 88' lang='lat' dir='ltr'><strong><em>cun-</em></strong></span> 
     </span>
    </p>
   </div>
   <div class='ocr_carea' id='block_1_93' title="bbox 301 4894 486 4940">
    <p class='ocr_par' dir='ltr' id='par_1_93' title="bbox 301 4894 486 4940">
     <span class='ocr_line' id='line_1_93' title="bbox 301 4894 486 4940; baseline -0.016 -2"><span class='ocrx_word' id='word_1_794' title='bbox 301 4894 486 4940; x_wconf 75' lang='lat' dir='ltr'><strong><em>textu.</em></strong></span> 
     </span>
    </p>
   </div>
   <div class='ocr_carea' id='block_1_94' title="bbox 376 4950 1913 5023">
    <p class='ocr_par' dir='ltr' id='par_1_94' title="bbox 376 4950 1913 5023">
     <span class='ocr_line' id='line_1_94' title="bbox 376 4950 1913 5023; baseline -0.003 -12"><span class='ocrx_word' id='word_1_795' title='bbox 376 4955 403 4994; x_wconf 72' lang='grc' dir='ltr'>δ</span> <span class='ocrx_word' id='word_1_796' title='bbox 440 4956 571 5011; x_wconf 81' lang='lat' dir='ltr'><strong><em>Mss.</em></strong></span> <span class='ocrx_word' id='word_1_797' title='bbox 623 4954 869 5022; x_wconf 89' lang='lat' dir='ltr'><strong><em>aliquot,</em></strong></span> <span class='ocrx_word' id='word_1_798' title='bbox 911 4953 1128 5023; x_wconf 74' lang='lat' dir='ltr'><strong><em>ﬁssurae</em></strong></span> <span class='ocrx_word' id='word_1_799' title='bbox 1174 4954 1464 5017; x_wconf 86' lang='lat' dir='ltr'><strong><em>montium;</em></strong></span> <span class='ocrx_word' id='word_1_800' title='bbox 1512 4950 1756 5021; x_wconf 81' lang='lat' dir='ltr'><strong><em>Regiont.</em></strong></span> <span class='ocrx_word' id='word_1_801' title='bbox 1791 4967 1913 5006; x_wconf 88' lang='lat' dir='ltr'><strong><em>cum</em></strong></span> 
     </span>
    </p>
   </div>
   <div class='ocr_carea' id='block_1_95' title="bbox 297 5023 1907 5095">
    <p class='ocr_par' dir='ltr' id='par_1_95' title="bbox 297 5023 1907 5095">
     <span class='ocr_line' id='line_1_95' title="bbox 297 5023 1907 5095; baseline -0.004 -12"><span class='ocrx_word' id='word_1_802' title='bbox 297 5028 686 5085; x_wconf 85' lang='lat' dir='ltr'><strong><em>Pseudnhier..</em></strong></span> <span class='ocrx_word' id='word_1_803' title='bbox 722 5029 773 5079; x_wconf 88' lang='lat' dir='ltr'><strong><em>in</em></strong></span> <span class='ocrx_word' id='word_1_804' title='bbox 799 5027 1031 5093; x_wconf 73' lang='lat' dir='ltr'><strong><em>fossuras</em></strong></span> <span class='ocrx_word' id='word_1_805' title='bbox 1057 5025 1306 5095; x_wconf 73' lang='lat' dir='ltr'><strong><em>(l’seud.,</em></strong></span> <span class='ocrx_word' id='word_1_806' title='bbox 1335 5026 1388 5076; x_wconf 89' lang='lat' dir='ltr'><strong><em>in</em></strong></span> <span class='ocrx_word' id='word_1_807' title='bbox 1417 5023 1668 5092; x_wconf 84' lang='lat' dir='ltr'><strong><em>scissura)</em></strong></span> <span class='ocrx_word' id='word_1_808' title='bbox 1695 5024 1907 5091; x_wconf 79' lang='lat' dir='ltr'><strong><em>inferni.</em></strong></span> 
     </span>
    </p>
   </div>
   <div class='ocr_carea' id='block_1_96' title="bbox 300 5095 1869 5161">
    <p class='ocr_par' dir='ltr' id='par_1_96' title="bbox 300 5095 1869 5161">
     <span class='ocr_line' id='line_1_96' title="bbox 300 5095 1869 5161; baseline -0.006 -5"><span class='ocrx_word' id='word_1_809' title='bbox 300 5102 370 5156; x_wconf 80' lang='lat' dir='ltr'><strong><em>Et.</em></strong></span> <span class='ocrx_word' id='word_1_810' title='bbox 401 5101 543 5155; x_wconf 79' lang='lat' dir='ltr'><strong><em>infra</em></strong></span> <span class='ocrx_word' id='word_1_811' title='bbox 578 5099 719 5154; x_wconf 81' lang='lat' dir='ltr'><strong><em>idem</em></strong></span> <span class='ocrx_word' id='word_1_812' title='bbox 750 5115 852 5151; x_wconf 87' lang='lat' dir='ltr'><strong><em>ms.</em></strong></span> <span class='ocrx_word' id='word_1_813' title='bbox 877 5100 1050 5161; x_wconf 89' lang='lat' dir='ltr'><strong><em>solus,</em></strong></span> <span class='ocrx_word' id='word_1_814' title='bbox 1073 5097 1393 5149; x_wconf 83' lang='lat' dir='ltr'><strong><em>miserebitur</em></strong></span> <span class='ocrx_word' id='word_1_815' title='bbox 1415 5095 1698 5149; x_wconf 81' lang='lat' dir='ltr'><strong><em>sceleribus</em></strong></span> <span class='ocrx_word' id='word_1_816' title='bbox 1726 5096 1869 5148; x_wconf 83' lang='lat' dir='ltr'><strong><em>meis.</em></strong></span> 
     </span>
    </p>
   </div>
   <div class='ocr_carea' id='block_1_97' title="bbox 380 5165 1912 5235">
    <p class='ocr_par' dir='ltr' id='par_1_97' title="bbox 380 5165 1912 5235">
     <span class='ocr_line' id='line_1_97' title="bbox 380 5165 1912 5235; baseline -0.004 -10"><span class='ocrx_word' id='word_1_817' title='bbox 380 5183 400 5208; x_wconf 75' lang='grc' dir='ltr'>ε</span> <span class='ocrx_word' id='word_1_818' title='bbox 441 5171 503 5226; x_wconf 89' lang='lat' dir='ltr'><strong><em>Si</em></strong></span> <span class='ocrx_word' id='word_1_819' title='bbox 524 5172 770 5224; x_wconf 63' lang='lat' dir='ltr'><strong><em>homo...</em></strong></span> <span class='ocrx_word' id='word_1_820' title='bbox 795 5168 848 5222; x_wconf 88' lang='lat' dir='ltr'><strong><em>in</em></strong></span> <span class='ocrx_word' id='word_1_821' title='bbox 876 5166 1195 5234; x_wconf 89' lang='lat' dir='ltr'><strong><em>Dominum,</em></strong></span> <span class='ocrx_word' id='word_1_822' title='bbox 1225 5167 1424 5220; x_wconf 87' lang='lat' dir='ltr'><strong><em>desunt</em></strong></span> <span class='ocrx_word' id='word_1_823' title='bbox 1445 5165 1596 5220; x_wconf 71' lang='lat' dir='ltr'><strong><em>istaec</em></strong></span> <span class='ocrx_word' id='word_1_824' title='bbox 1627 5181 1912 5235; x_wconf 87' lang='lat' dir='ltr'><strong><em>propemo-</em></strong></span> 
     </span>
    </p>
   </div>
   <div class='ocr_carea' id='block_1_98' title="bbox 301 5235 1910 5306">
    <p class='ocr_par' dir='ltr' id='par_1_98' title="bbox 301 5235 1910 5306">
     <span class='ocr_line' id='line_1_98' title="bbox 301 5235 1910 5306; baseline -0.003 -7"><span class='ocrx_word' id='word_1_825' title='bbox 301 5241 435 5299; x_wconf 85' lang='lat' dir='ltr'><strong><em>dum</em></strong></span> <span class='ocrx_word' id='word_1_826' title='bbox 460 5243 512 5296; x_wconf 91' lang='lat' dir='ltr'><strong><em>in</em></strong></span> <span class='ocrx_word' id='word_1_827' title='bbox 539 5258 692 5305; x_wconf 85' lang='lat' dir='ltr'><strong><em>mss.;</em></strong></span> <span class='ocrx_word' id='word_1_828' title='bbox 718 5241 770 5296; x_wconf 90' lang='lat' dir='ltr'><strong><em>in</em></strong></span> <span class='ocrx_word' id='word_1_829' title='bbox 797 5240 1072 5294; x_wconf 82' lang='lat' dir='ltr'><strong><em>normullis</em></strong></span> <span class='ocrx_word' id='word_1_830' title='bbox 1103 5249 1305 5306; x_wconf 88' lang='lat' dir='ltr'><strong><em>tamen,</em></strong></span> <span class='ocrx_word' id='word_1_831' title='bbox 1334 5248 1389 5292; x_wconf 88' lang='lat' dir='ltr'><strong><em>et</em></strong></span> <span class='ocrx_word' id='word_1_832' title='bbox 1415 5239 1626 5294; x_wconf 87' lang='lat' dir='ltr'><strong><em>cunctis</em></strong></span> <span class='ocrx_word' id='word_1_833' title='bbox 1653 5235 1784 5292; x_wconf 87' lang='lat' dir='ltr'><strong><em>edit.</em></strong></span> <span class='ocrx_word' id='word_1_834' title='bbox 1811 5251 1910 5294; x_wconf 87' lang='lat' dir='ltr'><strong><em>nec</em></strong></span> 
     </span>
    </p>
   </div>
   <div class='ocr_carea' id='block_1_99' title="bbox 304 5312 1370 5384">
    <p class='ocr_par' dir='ltr' id='par_1_99' title="bbox 304 5312 1370 5384">
     <span class='ocr_line' id='line_1_99' title="bbox 304 5312 1370 5384; baseline -0.007 -14"><span class='ocrx_word' id='word_1_835' title='bbox 304 5331 415 5370; x_wconf 88' lang='lat' dir='ltr'><strong><em>non</em></strong></span> <span class='ocrx_word' id='word_1_836' title='bbox 444 5317 584 5384; x_wconf 88' lang='lat' dir='ltr'><strong><em>apud</em></strong></span> <span class='ocrx_word' id='word_1_837' title='bbox 614 5313 970 5367; x_wconf 84' lang='lat' dir='ltr'><strong><em>Pseudohier.</em></strong></span> <span class='ocrx_word' id='word_1_838' title='bbox 1000 5312 1370 5366; x_wconf 76' lang='lat' dir='ltr'><strong><em>inveniuntur.</em></strong></span> 
     </span>
    </p>
   </div>
   <div class='ocr_carea' id='block_1_100' title="bbox 376 5380 1913 5448">
    <p class='ocr_par' dir='ltr' id='par_1_100' title="bbox 376 5380 1913 5448">
     <span class='ocr_line' id='line_1_100' title="bbox 376 5380 1913 5448; baseline -0.004 -8"><span class='ocrx_word' id='word_1_839' title='bbox 376 5385 404 5422; x_wconf 70' lang='grc' dir='ltr'><strong><em>ἀ</em></strong></span> <span class='ocrx_word' id='word_1_840' title='bbox 437 5380 510 5440; x_wconf 75' lang='lat' dir='ltr'><strong><em>ita</em></strong></span> <span class='ocrx_word' id='word_1_841' title='bbox 536 5401 668 5440; x_wconf 89' lang='lat' dir='ltr'><strong><em>mss.</em></strong></span> <span class='ocrx_word' id='word_1_842' title='bbox 694 5401 921 5439; x_wconf 86' lang='lat' dir='ltr'><strong><em>onmes:</em></strong></span> <span class='ocrx_word' id='word_1_843' title='bbox 975 5385 1108 5438; x_wconf 83' lang='lat' dir='ltr'><strong><em>edit.</em></strong></span> <span class='ocrx_word' id='word_1_844' title='bbox 1156 5398 1304 5448; x_wconf 86' lang='lat' dir='ltr'><strong><em>vero,</em></strong></span> <span class='ocrx_word' id='word_1_845' title='bbox 1338 5391 1394 5436; x_wconf 90' lang='lat' dir='ltr'><strong><em>et</em></strong></span> <span class='ocrx_word' id='word_1_846' title='bbox 1441 5380 1742 5447; x_wconf 83' lang='lat' dir='ltr'><strong><em>Psettdoh.,</em></strong></span> <span class='ocrx_word' id='word_1_847' title='bbox 1777 5382 1913 5434; x_wconf 81' lang='lat' dir='ltr'><strong><em>velut</em></strong></span> 
     </span>
    </p>
   </div>
   <div class='ocr_carea' id='block_1_101' title="bbox 306 5453 1910 5527">
    <p class='ocr_par' dir='ltr' id='par_1_101' title="bbox 306 5453 1910 5527">
     <span class='ocr_line' id='line_1_101' title="bbox 306 5453 1910 5527; baseline -0.005 -13"><span class='ocrx_word' id='word_1_848' title='bbox 306 5459 570 5514; x_wconf 87' lang='lat' dir='ltr'><strong><em>somnium</em></strong></span> <span class='ocrx_word' id='word_1_849' title='bbox 587 5459 860 5527; x_wconf 86' lang='lat' dir='ltr'><strong><em>surgentis.</em></strong></span> <span class='ocrx_word' id='word_1_850' title='bbox 882 5457 942 5510; x_wconf 83' lang='lat' dir='ltr'><strong><em>Et</em></strong></span> <span class='ocrx_word' id='word_1_851' title='bbox 968 5455 1218 5523; x_wconf 87' lang='lat' dir='ltr'><strong><em>sequenti</em></strong></span> <span class='ocrx_word' id='word_1_852' title='bbox 1247 5469 1405 5509; x_wconf 90' lang='lat' dir='ltr'><strong><em>versu</em></strong></span> <span class='ocrx_word' id='word_1_853' title='bbox 1433 5470 1527 5527; x_wconf 77' lang='lat' dir='ltr'><strong><em>pro</em></strong></span> <span class='ocrx_word' id='word_1_854' title='bbox 1550 5453 1795 5527; x_wconf 74' lang='lat' dir='ltr'><strong><em>viliﬁcata</em></strong></span> <span class='ocrx_word' id='word_1_855' title='bbox 1817 5464 1910 5517; x_wconf 89' lang='lat' dir='ltr'><strong><em>est,</em></strong></span> 
     </span>
    </p>
   </div>
   <div class='ocr_carea' id='block_1_102' title="bbox 305 5524 1909 5600">
    <p class='ocr_par' dir='ltr' id='par_1_102' title="bbox 305 5524 1909 5600">
     <span class='ocr_line' id='line_1_102' title="bbox 305 5524 1909 5600; baseline -0.003 -16"><span class='ocrx_word' id='word_1_856' title='bbox 305 5532 455 5600; x_wconf 74' lang='lat' dir='ltr'><strong><em>quod</em></strong></span> <span class='ocrx_word' id='word_1_857' title='bbox 486 5540 604 5585; x_wconf 87' lang='lat' dir='ltr'><strong><em>erat</em></strong></span> <span class='ocrx_word' id='word_1_858' title='bbox 626 5524 694 5584; x_wconf 72' lang='grc' dir='ltr'><strong><em>ιη’</em></strong></span> <span class='ocrx_word' id='word_1_859' title='bbox 713 5529 965 5583; x_wconf 90' lang='lat' dir='ltr'><strong><em>omnibus</em></strong></span> <span class='ocrx_word' id='word_1_860' title='bbox 994 5528 1124 5581; x_wconf 88' lang='lat' dir='ltr'><strong><em>edit.</em></strong></span> <span class='ocrx_word' id='word_1_861' title='bbox 1156 5537 1212 5581; x_wconf 91' lang='lat' dir='ltr'><strong><em>et</em></strong></span> <span class='ocrx_word' id='word_1_862' title='bbox 1233 5541 1370 5600; x_wconf 79' lang='lat' dir='ltr'><strong><em>mss.</em></strong></span> <span class='ocrx_word' id='word_1_863' title='bbox 1400 5526 1628 5600; x_wconf 85' lang='lat' dir='ltr'><strong><em>aliquot,</em></strong></span> <span class='ocrx_word' id='word_1_864' title='bbox 1658 5524 1748 5578; x_wconf 85' lang='lat' dir='ltr'><strong><em>alii</em></strong></span> <span class='ocrx_word' id='word_1_865' title='bbox 1777 5541 1909 5579; x_wconf 88' lang='lat' dir='ltr'><strong><em>mss.</em></strong></span> 
     </span>
    </p>
   </div>
   <div class='ocr_carea' id='block_1_103' title="bbox 307 5597 1778 5670">
    <p class='ocr_par' dir='ltr' id='par_1_103' title="bbox 307 5597 1778 5670">
     <span class='ocr_line' id='line_1_103' title="bbox 307 5597 1778 5670; baseline -0.005 -13"><span class='ocrx_word' id='word_1_866' title='bbox 307 5597 594 5667; x_wconf 64' lang='lat' dir='ltr'><strong><em>exhibent,</em></strong></span> <span class='ocrx_word' id='word_1_867' title='bbox 626 5601 918 5670; x_wconf 63' lang='lat' dir='ltr'><strong><em>nullilicata</em></strong></span> <span class='ocrx_word' id='word_1_868' title='bbox 942 5613 1075 5664; x_wconf 84' lang='lat' dir='ltr'><strong><em>sum,</em></strong></span> <span class='ocrx_word' id='word_1_869' title='bbox 1107 5599 1300 5668; x_wconf 88' lang='lat' dir='ltr'><strong><em>partim</em></strong></span> <span class='ocrx_word' id='word_1_870' title='bbox 1326 5597 1383 5652; x_wconf 81' lang='lat' dir='ltr'><strong><em>ut</em></strong></span> <span class='ocrx_word' id='word_1_871' title='bbox 1413 5599 1466 5650; x_wconf 92' lang='lat' dir='ltr'><strong><em>in</em></strong></span> <span class='ocrx_word' id='word_1_872' title='bbox 1497 5601 1778 5670; x_wconf 75' lang='lat' dir='ltr'><strong><em>contextu.</em></strong></span> 
     </span>
    </p>
   </div>
   <div class='ocr_carea' id='block_1_104' title="bbox 386 5669 1909 5740">
    <p class='ocr_par' dir='ltr' id='par_1_104' title="bbox 386 5669 1909 5740">
     <span class='ocr_line' id='line_1_104' title="bbox 386 5669 1909 5740; baseline -0.003 -14"><span class='ocrx_word' id='word_1_873' title='bbox 386 5683 410 5709; x_wconf 82' lang='grc' dir='ltr'><strong>ο</strong></span> <span class='ocrx_word' id='word_1_874' title='bbox 435 5674 636 5728; x_wconf 83' lang='lat' dir='ltr'><strong><em>Omnes</em></strong></span> <span class='ocrx_word' id='word_1_875' title='bbox 671 5673 804 5727; x_wconf 84' lang='lat' dir='ltr'><strong><em>edit.</em></strong></span> <span class='ocrx_word' id='word_1_876' title='bbox 839 5687 961 5728; x_wconf 88' lang='lat' dir='ltr'><strong><em>cum</em></strong></span> <span class='ocrx_word' id='word_1_877' title='bbox 1003 5687 1136 5727; x_wconf 85' lang='lat' dir='ltr'><strong><em>mss.</em></strong></span> <span class='ocrx_word' id='word_1_878' title='bbox 1171 5671 1396 5740; x_wconf 85' lang='lat' dir='ltr'><strong><em>aliquot,</em></strong></span> <span class='ocrx_word' id='word_1_879' title='bbox 1434 5680 1490 5726; x_wconf 90' lang='lat' dir='ltr'><strong><em>et</em></strong></span> <span class='ocrx_word' id='word_1_880' title='bbox 1529 5669 1909 5731; x_wconf 81' lang='lat' dir='ltr'><strong><em>Pseudohier.,</em></strong></span> 
     </span>
    </p>
   </div>
   <div class='ocr_carea' id='block_1_105' title="bbox 312 5744 1913 5820">
    <p class='ocr_par' dir='ltr' id='par_1_105' title="bbox 312 5744 1913 5820">
     <span class='ocr_line' id='line_1_105' title="bbox 312 5744 1913 5820; baseline -0.001 -20"><span class='ocrx_word' id='word_1_881' title='bbox 312 5763 399 5820; x_wconf 13' lang='lat' dir='ltr'><strong><em>me,</em></strong></span> <span class='ocrx_word' id='word_1_882' title='bbox 419 5748 602 5819; x_wconf 66' lang='lat' dir='ltr'><strong><em>infelix</em></strong></span> <span class='ocrx_word' id='word_1_883' title='bbox 629 5748 816 5820; x_wconf 82' lang='lat' dir='ltr'><strong><em>(Rom.</em></strong></span> <span class='ocrx_word' id='word_1_884' title='bbox 844 5761 899 5805; x_wconf 85' lang='lat' dir='ltr'><strong><em>et</em></strong></span> <span class='ocrx_word' id='word_1_885' title='bbox 926 5747 1174 5813; x_wconf 84' lang='lat' dir='ltr'><strong><em>Pseud..,</em></strong></span> <span class='ocrx_word' id='word_1_886' title='bbox 1203 5747 1482 5820; x_wconf 69' lang='lat' dir='ltr'><strong><em>infelicem)</em></strong></span> <span class='ocrx_word' id='word_1_887' title='bbox 1508 5756 1683 5800; x_wconf 80' lang='lat' dir='ltr'><strong><em>uterus</em></strong></span> <span class='ocrx_word' id='word_1_888' title='bbox 1705 5744 1913 5816; x_wconf 79' lang='lat' dir='ltr'><strong><em>genuit;</em></strong></span> 
     </span>
    </p>
   </div>
   <div class='ocr_carea' id='block_1_106' title="bbox 315 5819 1250 5894">
    <p class='ocr_par' dir='ltr' id='par_1_106' title="bbox 315 5819 1250 5894">
     <span class='ocr_line' id='line_1_106' title="bbox 315 5819 1250 5894; baseline 0 -16"><span class='ocrx_word' id='word_1_889' title='bbox 315 5819 415 5894; x_wconf 80' lang='lat' dir='ltr'><strong><em>alii</em></strong></span> <span class='ocrx_word' id='word_1_890' title='bbox 441 5819 888 5894; x_wconf 33' lang='lat' dir='ltr'><strong><em>maguu’numero</em></strong></span> <span class='ocrx_word' id='word_1_891' title='bbox 909 5834 968 5879; x_wconf 91' lang='lat' dir='ltr'><strong><em>ut</em></strong></span> <span class='ocrx_word' id='word_1_892' title='bbox 993 5822 1048 5877; x_wconf 90' lang='lat' dir='ltr'><strong><em>in</em></strong></span> <span class='ocrx_word' id='word_1_893' title='bbox 1080 5832 1250 5878; x_wconf 74' lang='lat' dir='ltr'><strong><em>textu.</em></strong></span> 
     </span>
    </p>
   </div>
   <div class='ocr_carea' id='block_1_107' title="bbox 317 5891 1908 5971">
    <p class='ocr_par' dir='ltr' id='par_1_107' title="bbox 317 5891 1908 5971">
     <span class='ocr_line' id='line_1_107' title="bbox 317 5891 1908 5971; baseline -0.005 -18"><span class='ocrx_word' id='word_1_894' title='bbox 317 5892 417 5971; x_wconf 48' lang='grc' dir='ltr'><strong><em>ητ</em></strong></span> <span class='ocrx_word' id='word_1_895' title='bbox 457 5891 576 5953; x_wconf 70' lang='lat' dir='ltr'><strong><em>Vel.</em></strong></span> <span class='ocrx_word' id='word_1_896' title='bbox 610 5893 740 5953; x_wconf 87' lang='lat' dir='ltr'><strong><em>edit.</em></strong></span> <span class='ocrx_word' id='word_1_897' title='bbox 778 5891 955 5953; x_wconf 80' lang='lat' dir='ltr'><strong><em>Meum</em></strong></span> <span class='ocrx_word' id='word_1_898' title='bbox 982 5904 1057 5952; x_wconf 83' lang='lat' dir='ltr'><strong><em>est</em></strong></span> <span class='ocrx_word' id='word_1_899' title='bbox 1081 5902 1369 5968; x_wconf 86' lang='lat' dir='ltr'><strong><em>peccatum,</em></strong></span> <span class='ocrx_word' id='word_1_900' title='bbox 1397 5901 1511 5950; x_wconf 85' lang='lat' dir='ltr'><strong><em>mea</em></strong></span> <span class='ocrx_word' id='word_1_901' title='bbox 1548 5891 1908 5967; x_wconf 86' lang='lat' dir='ltr'><strong><em>esl_iniqttitas.</em></strong></span> 
     </span>
    </p>
   </div>
   <div class='ocr_carea' id='block_1_108' title="bbox 2017 4810 3692 4882">
    <p class='ocr_par' dir='ltr' id='par_1_108' title="bbox 2017 4810 3692 4882">
     <span class='ocr_line' id='line_1_108' title="bbox 2017 4810 3692 4882; baseline 0 -19"><span class='ocrx_word' id='word_1_902' title='bbox 2017 4810 2250 4880; x_wconf 85' lang='lat' dir='ltr'><strong><em>impietas</em></strong></span> <span class='ocrx_word' id='word_1_903' title='bbox 2266 4819 2339 4863; x_wconf 89' lang='lat' dir='ltr'><strong><em>est</em></strong></span> <span class='ocrx_word' id='word_1_904' title='bbox 2364 4852 2377 4870; x_wconf 85' lang='grc'><strong><em>,</em></strong></span> <span class='ocrx_word' id='word_1_905' title='bbox 2418 4827 2571 4882; x_wconf 85' lang='lat' dir='ltr'><strong><em>carne</em></strong></span> <span class='ocrx_word' id='word_1_906' title='bbox 2594 4812 2826 4878; x_wconf 86' lang='lat' dir='ltr'><strong><em>pollicita</em></strong></span> <span class='ocrx_word' id='word_1_907' title='bbox 2857 4827 3061 4866; x_wconf 82' lang='lat' dir='ltr'><strong><em>servare</em></strong></span> <span class='ocrx_word' id='word_1_908' title='bbox 3086 4815 3334 4882; x_wconf 76' lang='lat' dir='ltr'><strong><em>virginem</em></strong></span> <span class='ocrx_word' id='word_1_909' title='bbox 3357 4854 3372 4877; x_wconf 89' lang='lat'><strong><em>,</em></strong></span> <span class='ocrx_word' id='word_1_910' title='bbox 3399 4823 3445 4865; x_wconf 90' lang='lat' dir='ltr'><strong><em>et</em></strong></span> <span class='ocrx_word' id='word_1_911' title='bbox 3467 4815 3619 4864; x_wconf 85' lang='lat' dir='ltr'><strong><em>casti-</em></strong></span> <span class='ocrx_word' id='word_1_912' title='bbox 3683 4827 3692 4837; x_wconf 84' lang='lat'><strong>&#39;</strong></span> 
     </span>
    </p>
   </div>
   <div class='ocr_carea' id='block_1_109' title="bbox 2015 4881 3618 4951">
    <p class='ocr_par' dir='ltr' id='par_1_109' title="bbox 2015 4881 3618 4951">
     <span class='ocr_line' id='line_1_109' title="bbox 2015 4881 3618 4951; baseline 0.004 -17"><span class='ocrx_word' id='word_1_913' title='bbox 2015 4891 2168 4934; x_wconf 88' lang='lat' dir='ltr'><strong><em>tatem</em></strong></span> <span class='ocrx_word' id='word_1_914' title='bbox 2191 4883 2427 4951; x_wconf 78' lang='lat' dir='ltr'><strong><em>professa</em></strong></span> <span class='ocrx_word' id='word_1_915' title='bbox 2443 4881 2648 4950; x_wconf 87' lang='lat' dir='ltr'><strong><em>publice</em></strong></span> <span class='ocrx_word' id='word_1_916' title='bbox 2679 4886 2892 4937; x_wconf 84' lang='lat' dir='ltr'><strong><em>mentita</em></strong></span> <span class='ocrx_word' id='word_1_917' title='bbox 2921 4881 3181 4937; x_wconf 68' lang='lat' dir='ltr'><strong><em>suntDeo.</em></strong></span> <span class='ocrx_word' id='word_1_918' title='bbox 3203 4885 3358 4938; x_wconf 77' lang='lat' dir='ltr'><strong><em>liom.</em></strong></span> <span class='ocrx_word' id='word_1_919' title='bbox 3384 4886 3513 4937; x_wconf 86' lang='lat' dir='ltr'><strong><em>edit.</em></strong></span> <span class='ocrx_word' id='word_1_920' title='bbox 3531 4923 3618 4948; x_wconf 92' lang='lat'><strong><em>,...</em></strong></span> 
     </span>
    </p>
   </div>
   <div class='ocr_carea' id='block_1_110' title="bbox 2016 4953 3618 5026">
    <p class='ocr_par' dir='ltr' id='par_1_110' title="bbox 2016 4953 3618 5026">
     <span class='ocr_line' id='line_1_110' title="bbox 2016 4953 3618 5026; baseline 0.003 -22"><span class='ocrx_word' id='word_1_921' title='bbox 2016 4969 2171 5026; x_wconf 75' lang='lat' dir='ltr'><strong><em>carne</em></strong></span> <span class='ocrx_word' id='word_1_922' title='bbox 2200 4953 2448 5026; x_wconf 67' lang='lat' dir='ltr'><strong><em>polluere</em></strong></span> <span class='ocrx_word' id='word_1_923' title='bbox 2472 4955 2819 5026; x_wconf 78' lang='lat' dir='ltr'><strong><em>virginitatem</em></strong></span> <span class='ocrx_word' id='word_1_924' title='bbox 2847 4997 2861 5018; x_wconf 88' lang='lat'><strong><em>,</em></strong></span> <span class='ocrx_word' id='word_1_925' title='bbox 2894 4967 2958 5026; x_wconf 3' lang='lat' dir='ltr'><strong><em>(et</em></strong></span> <span class='ocrx_word' id='word_1_926' title='bbox 2999 4957 3288 5010; x_wconf 85' lang='lat' dir='ltr'><strong><em>castitatem</em></strong></span> <span class='ocrx_word' id='word_1_927' title='bbox 3333 4960 3618 5024; x_wconf 80' lang='lat' dir='ltr'><strong><em>professum</em></strong></span> 
     </span>
    </p>
   </div>
   <div class='ocr_carea' id='block_1_111' title="bbox 2016 5023 3614 5091">
    <p class='ocr_par' dir='ltr' id='par_1_111' title="bbox 2016 5023 3614 5091">
     <span class='ocr_line' id='line_1_111' title="bbox 2016 5023 3614 5091; baseline 0.003 -17"><span class='ocrx_word' id='word_1_928' title='bbox 2016 5023 2240 5091; x_wconf 82' lang='lat' dir='ltr'><strong><em>publice,</em></strong></span> <span class='ocrx_word' id='word_1_929' title='bbox 2273 5035 2378 5078; x_wconf 88' lang='lat' dir='ltr'><strong><em>etc.</em></strong></span> <span class='ocrx_word' id='word_1_930' title='bbox 2407 5024 2532 5079; x_wconf 84' lang='lat' dir='ltr'><strong><em>Mss.</em></strong></span> <span class='ocrx_word' id='word_1_931' title='bbox 2552 5023 2679 5079; x_wconf 76' lang='lat' dir='ltr'><strong><em>vero</em></strong></span> <span class='ocrx_word' id='word_1_932' title='bbox 2704 5028 2753 5079; x_wconf 93' lang='lat' dir='ltr'><strong><em>in</em></strong></span> <span class='ocrx_word' id='word_1_933' title='bbox 2780 5023 3067 5081; x_wconf 74' lang='lat' dir='ltr'><strong><em>lectionem</em></strong></span> <span class='ocrx_word' id='word_1_934' title='bbox 3095 5023 3340 5080; x_wconf 82' lang='lat' dir='ltr'><strong><em>n05tram</em></strong></span> <span class='ocrx_word' id='word_1_935' title='bbox 3381 5023 3614 5079; x_wconf 74' lang='lat' dir='ltr'><strong><em>conson-</em></strong></span> 
     </span>
    </p>
   </div>
   <div class='ocr_carea' id='block_1_112' title="bbox 2017 5095 3612 5167">
    <p class='ocr_par' dir='ltr' id='par_1_112' title="bbox 2017 5095 3612 5167">
     <span class='ocr_line' id='line_1_112' title="bbox 2017 5095 3612 5167; baseline 0.001 -19"><span class='ocrx_word' id='word_1_936' title='bbox 2017 5096 2156 5148; x_wconf 87' lang='lat' dir='ltr'><strong><em>tiunt</em></strong></span> <span class='ocrx_word' id='word_1_937' title='bbox 2185 5095 2286 5149; x_wconf 65' lang='lat' dir='ltr'><strong><em>nisi</em></strong></span> <span class='ocrx_word' id='word_1_938' title='bbox 2317 5097 2458 5162; x_wconf 85' lang='lat' dir='ltr'><strong><em>quod</em></strong></span> <span class='ocrx_word' id='word_1_939' title='bbox 2483 5112 2580 5165; x_wconf 82' lang='lat' dir='ltr'><strong><em>pro</em></strong></span> <span class='ocrx_word' id='word_1_940' title='bbox 2609 5114 2816 5151; x_wconf 86' lang='lat' dir='ltr'><strong><em>carnem</em></strong></span> <span class='ocrx_word' id='word_1_941' title='bbox 2846 5100 3082 5167; x_wconf 84' lang='lat' dir='ltr'><strong><em>pollicita</em></strong></span> <span class='ocrx_word' id='word_1_942' title='bbox 3109 5140 3121 5162; x_wconf 95' lang='lat'><strong><em>,</em></strong></span> <span class='ocrx_word' id='word_1_943' title='bbox 3154 5099 3258 5152; x_wconf 85' lang='lat' dir='ltr'><strong><em>duo</em></strong></span> <span class='ocrx_word' id='word_1_944' title='bbox 3285 5097 3572 5163; x_wconf 81' lang='lat' dir='ltr'><strong><em>pra-lerunt</em></strong></span> <span class='ocrx_word' id='word_1_945' title='bbox 3597 5138 3612 5162; x_wconf 97' lang='lat'><strong><em>,</em></strong></span> 
     </span>
    </p>
   </div>
   <div class='ocr_carea' id='block_1_113' title="bbox 2019 5169 3615 5242">
    <p class='ocr_par' dir='ltr' id='par_1_113' title="bbox 2019 5169 3615 5242">
     <span class='ocr_line' id='line_1_113' title="bbox 2019 5169 3615 5242; baseline -0.001 -22"><span class='ocrx_word' id='word_1_946' title='bbox 2019 5183 2224 5220; x_wconf 86' lang='lat' dir='ltr'><strong><em>carnem</em></strong></span> <span class='ocrx_word' id='word_1_947' title='bbox 2255 5170 2535 5242; x_wconf 87' lang='lat' dir='ltr'><strong><em>pollutam,</em></strong></span> <span class='ocrx_word' id='word_1_948' title='bbox 2560 5184 2720 5234; x_wconf 90' lang='lat' dir='ltr'><strong><em>unus,</em></strong></span> <span class='ocrx_word' id='word_1_949' title='bbox 2747 5185 2902 5224; x_wconf 86' lang='lat' dir='ltr'><strong><em>carne</em></strong></span> <span class='ocrx_word' id='word_1_950' title='bbox 2930 5171 3147 5242; x_wconf 87' lang='lat' dir='ltr'><strong><em>polluta,</em></strong></span> <span class='ocrx_word' id='word_1_951' title='bbox 3184 5170 3319 5223; x_wconf 83' lang='lat' dir='ltr'><strong><em>alius</em></strong></span> <span class='ocrx_word' id='word_1_952' title='bbox 3348 5169 3615 5242; x_wconf 77' lang='lat' dir='ltr'><strong><em>denique,</em></strong></span> 
     </span>
    </p>
   </div>
   <div class='ocr_carea' id='block_1_114' title="bbox 2017 5239 3621 5310">
    <p class='ocr_par' dir='ltr' id='par_1_114' title="bbox 2017 5239 3621 5310">
     <span class='ocr_line' id='line_1_114' title="bbox 2017 5239 3621 5310; baseline 0.002 -19"><span class='ocrx_word' id='word_1_953' title='bbox 2017 5241 2577 5310; x_wconf 62' lang='lat' dir='ltr'><strong><em>carnempollicitam;</em></strong></span> <span class='ocrx_word' id='word_1_954' title='bbox 2606 5257 2725 5310; x_wconf 73' lang='lat' dir='ltr'><strong><em>qua:</em></strong></span> <span class='ocrx_word' id='word_1_955' title='bbox 2765 5239 3123 5310; x_wconf 82' lang='lat' dir='ltr'><strong><em>scriptoribus</em></strong></span> <span class='ocrx_word' id='word_1_956' title='bbox 3154 5239 3621 5310; x_wconf 74' lang='lat' dir='ltr'><strong><em>itnputamlacsse</em></strong></span> 
     </span>
    </p>
   </div>
   <div class='ocr_carea' id='block_1_115' title="bbox 2018 5303 3617 5381">
    <p class='ocr_par' dir='ltr' id='par_1_115' title="bbox 2018 5303 3617 5381">
     <span class='ocr_line' id='line_1_115' title="bbox 2018 5303 3617 5381; baseline 0.001 -19"><span class='ocrx_word' id='word_1_957' title='bbox 2018 5325 2126 5364; x_wconf 86' lang='lat' dir='ltr'><strong><em>non</em></strong></span> <span class='ocrx_word' id='word_1_958' title='bbox 2159 5309 2302 5364; x_wconf 83' lang='lat' dir='ltr'><strong><em>videt</em></strong></span> <span class='ocrx_word' id='word_1_959' title='bbox 2328 5328 2506 5365; x_wconf 80' lang='lat' dir='ltr'><strong><em>nemo.</em></strong></span> <span class='ocrx_word' id='word_1_960' title='bbox 2543 5303 2742 5366; x_wconf 78' lang='lat' dir='ltr'><strong><em>lterum</em></strong></span> <span class='ocrx_word' id='word_1_961' title='bbox 2768 5303 3079 5381; x_wconf 65' lang='lat' dir='ltr'><strong><em>expi&#39;essum</em></strong></span> <span class='ocrx_word' id='word_1_962' title='bbox 3113 5303 3325 5380; x_wconf 79' lang='lat' dir='ltr'><strong><em>publice</em></strong></span> <span class='ocrx_word' id='word_1_963' title='bbox 3360 5307 3617 5379; x_wconf 66' lang='lat' dir='ltr'><strong><em>professa;</em></strong></span> 
     </span>
    </p>
   </div>
   <div class='ocr_carea' id='block_1_116' title="bbox 2018 5381 3167 5451">
    <p class='ocr_par' dir='ltr' id='par_1_116' title="bbox 2018 5381 3167 5451">
     <span class='ocr_line' id='line_1_116' title="bbox 2018 5381 3167 5451; baseline 0.001 -17"><span class='ocrx_word' id='word_1_964' title='bbox 2018 5381 2344 5451; x_wconf 82' lang='lat' dir='ltr'><strong><em>virginitatis</em></strong></span> <span class='ocrx_word' id='word_1_965' title='bbox 2375 5384 2703 5438; x_wconf 89' lang='lat' dir='ltr'><strong><em>mentionem</em></strong></span> <span class='ocrx_word' id='word_1_966' title='bbox 2734 5385 2992 5438; x_wconf 81' lang='lat' dir='ltr'><strong><em>observes</em></strong></span> <span class='ocrx_word' id='word_1_967' title='bbox 3022 5383 3167 5436; x_wconf 88' lang='lat' dir='ltr'><strong><em>licet.</em></strong></span> 
     </span>
    </p>
   </div>
   <div class='ocr_carea' id='block_1_117' title="bbox 2093 5452 3621 5523">
    <p class='ocr_par' dir='ltr' id='par_1_117' title="bbox 2093 5452 3621 5523">
     <span class='ocr_line' id='line_1_117' title="bbox 2093 5452 3621 5523; baseline 0.001 -16"><span class='ocrx_word' id='word_1_968' title='bbox 2093 5463 2116 5498; x_wconf 70' lang='grc' dir='ltr'><strong><em>Β</em></strong></span> <span class='ocrx_word' id='word_1_969' title='bbox 2145 5452 2327 5507; x_wconf 70' lang='lat' dir='ltr'><strong><em>Codex</em></strong></span> <span class='ocrx_word' id='word_1_970' title='bbox 2385 5454 2668 5523; x_wconf 76' lang='lat' dir='ltr'><strong><em>liegiom.,</em></strong></span> <span class='ocrx_word' id='word_1_971' title='bbox 2718 5473 2774 5508; x_wconf 91' lang='lat' dir='ltr'><strong><em>os</em></strong></span> <span class='ocrx_word' id='word_1_972' title='bbox 2822 5455 3136 5522; x_wconf 87' lang='lat' dir='ltr'><strong><em>loquentiam</em></strong></span> <span class='ocrx_word' id='word_1_973' title='bbox 3175 5454 3366 5520; x_wconf 78' lang='lat' dir='ltr'><strong><em>iniqua.</em></strong></span> <span class='ocrx_word' id='word_1_974' title='bbox 3415 5452 3621 5508; x_wconf 77' lang='lat' dir='ltr'><strong><em>Rursus</em></strong></span> 
     </span>
    </p>
   </div>
   <div class='ocr_carea' id='block_1_118' title="bbox 2022 5523 3620 5594">
    <p class='ocr_par' dir='ltr' id='par_1_118' title="bbox 2022 5523 3620 5594">
     <span class='ocr_line' id='line_1_118' title="bbox 2022 5523 3620 5594; baseline 0 -16"><span class='ocrx_word' id='word_1_975' title='bbox 2022 5539 2150 5578; x_wconf 67' lang='lat' dir='ltr'><strong><em>vero</em></strong></span> <span class='ocrx_word' id='word_1_976' title='bbox 2181 5525 2266 5580; x_wconf 86' lang='lat' dir='ltr'><strong><em>ubi</em></strong></span> <span class='ocrx_word' id='word_1_977' title='bbox 2300 5541 2490 5580; x_wconf 80' lang='lat' dir='ltr'><strong><em>mtines</em></strong></span> <span class='ocrx_word' id='word_1_978' title='bbox 2519 5527 2649 5582; x_wconf 88' lang='lat' dir='ltr'><strong><em>edit.</em></strong></span> <span class='ocrx_word' id='word_1_979' title='bbox 2679 5526 2908 5580; x_wconf 69' lang='lat' dir='ltr'><strong><em>Adhaesit</em></strong></span> <span class='ocrx_word' id='word_1_980' title='bbox 2958 5526 3132 5578; x_wconf 86' lang='lat' dir='ltr'><strong><em>anima</em></strong></span> <span class='ocrx_word' id='word_1_981' title='bbox 3168 5523 3402 5594; x_wconf 74' lang='lat' dir='ltr'><strong><em>faucibus</em></strong></span> <span class='ocrx_word' id='word_1_982' title='bbox 3452 5525 3620 5590; x_wconf 86' lang='lat' dir='ltr'><strong><em>meis;</em></strong></span> 
     </span>
    </p>
   </div>
   <div class='ocr_carea' id='block_1_119' title="bbox 2021 5595 3615 5665">
    <p class='ocr_par' dir='ltr' id='par_1_119' title="bbox 2021 5595 3615 5665">
     <span class='ocr_line' id='line_1_119' title="bbox 2021 5595 3615 5665; baseline 0.001 -16"><span class='ocrx_word' id='word_1_983' title='bbox 2021 5607 2209 5651; x_wconf 88' lang='lat' dir='ltr'><strong><em>omnes</em></strong></span> <span class='ocrx_word' id='word_1_984' title='bbox 2235 5609 2366 5651; x_wconf 84' lang='lat' dir='ltr'><strong><em>mss.</em></strong></span> <span class='ocrx_word' id='word_1_985' title='bbox 2384 5595 2661 5652; x_wconf 76' lang='lat' dir='ltr'><strong><em>exhibent.</em></strong></span> <span class='ocrx_word' id='word_1_986' title='bbox 2679 5596 2909 5649; x_wconf 79' lang='lat' dir='ltr'><strong><em>Atllttcsit</em></strong></span> <span class='ocrx_word' id='word_1_987' title='bbox 2933 5595 3113 5664; x_wconf 82' lang='lat' dir='ltr'><strong><em>lingua</em></strong></span> <span class='ocrx_word' id='word_1_988' title='bbox 3137 5613 3269 5659; x_wconf 85' lang='lat' dir='ltr'><strong><em>mea,</em></strong></span> <span class='ocrx_word' id='word_1_989' title='bbox 3299 5610 3430 5662; x_wconf 86' lang='lat' dir='ltr'><strong><em>ctc.;</em></strong></span> <span class='ocrx_word' id='word_1_990' title='bbox 3457 5613 3615 5665; x_wconf 85' lang='lat' dir='ltr'><strong><em>quam</em></strong></span> 
     </span>
    </p>
   </div>
   <div class='ocr_carea' id='block_1_120' title="bbox 2019 5669 3621 5741">
    <p class='ocr_par' dir='ltr' id='par_1_120' title="bbox 2019 5669 3621 5741">
     <span class='ocr_line' id='line_1_120' title="bbox 2019 5669 3621 5741; baseline -0.001 -17"><span class='ocrx_word' id='word_1_991' title='bbox 2019 5672 2239 5740; x_wconf 77' lang='lat' dir='ltr'><strong><em>quidem</em></strong></span> <span class='ocrx_word' id='word_1_992' title='bbox 2272 5671 2560 5726; x_wconf 87' lang='lat' dir='ltr'><strong><em>lectionem</em></strong></span> <span class='ocrx_word' id='word_1_993' title='bbox 2591 5670 2884 5738; x_wconf 72' lang='lat' dir='ltr'><strong><em>Scriptura:</em></strong></span> <span class='ocrx_word' id='word_1_994' title='bbox 2913 5679 3109 5735; x_wconf 71' lang='lat' dir='ltr'><strong><em>textus,</em></strong></span> <span class='ocrx_word' id='word_1_995' title='bbox 3134 5685 3429 5741; x_wconf 78' lang='lat' dir='ltr'><strong><em>omnesque.</em></strong></span> <span class='ocrx_word' id='word_1_996' title='bbox 3453 5669 3621 5740; x_wconf 87' lang='lat' dir='ltr'><strong><em>ipsius</em></strong></span> 
     </span>
    </p>
   </div>
   <div class='ocr_carea' id='block_1_121' title="bbox 2022 5745 2670 5800">
    <p class='ocr_par' dir='ltr' id='par_1_121' title="bbox 2022 5745 2670 5800">
     <span class='ocr_line' id='line_1_121' title="bbox 2022 5745 2670 5800; baseline 0.002 -3"><span class='ocrx_word' id='word_1_997' title='bbox 2022 5745 2303 5799; x_wconf 84' lang='lat' dir='ltr'><strong><em>vorsiones</em></strong></span> <span class='ocrx_word' id='word_1_998' title='bbox 2327 5747 2670 5800; x_wconf 85' lang='lat' dir='ltr'><strong><em>contlrmant.</em></strong></span> 
     </span>
    </p>
   </div>
   <div class='ocr_carea' id='block_1_122' title="bbox 2095 5811 3558 5894">
    <p class='ocr_par' dir='ltr' id='par_1_122' title="bbox 2095 5811 3558 5894">
     <span class='ocr_line' id='line_1_122' title="bbox 2095 5811 3558 5894; baseline -0.001 -22"><span class='ocrx_word' id='word_1_999' title='bbox 2095 5811 2119 5852; x_wconf 69' lang='grc' dir='ltr'>δ</span> <span class='ocrx_word' id='word_1_1000' title='bbox 2151 5815 2287 5875; x_wconf 86' lang='lat' dir='ltr'><strong><em>Tres</em></strong></span> <span class='ocrx_word' id='word_1_1001' title='bbox 2317 5833 2450 5875; x_wconf 80' lang='lat' dir='ltr'><strong><em>mss.</em></strong></span> <span class='ocrx_word' id='word_1_1002' title='bbox 2483 5831 2606 5873; x_wconf 86' lang='lat' dir='ltr'><strong><em>eum</em></strong></span> <span class='ocrx_word' id='word_1_1003' title='bbox 2641 5815 3018 5887; x_wconf 86' lang='lat' dir='ltr'><strong><em>Pseudohier.,</em></strong></span> <span class='ocrx_word' id='word_1_1004' title='bbox 3049 5832 3398 5894; x_wconf 68' lang='lat' dir='ltr'><strong><em>supergressa</em></strong></span> <span class='ocrx_word' id='word_1_1005' title='bbox 3418 5825 3558 5873; x_wconf 82' lang='lat' dir='ltr'><strong><em>sunt.</em></strong></span> 
     </span>
    </p>
   </div>
  </div>
