4042 6294
431 308 540 368 583

1781 313 2027 373 SANCTI
2065 314 2389 374 AMBROSII

3621 315 3714 373 384

430 424 579 496 liquit
607 440 689 481 me
711 425 873 482 virtus
894 441 1010 482 mea
1039 467 1054 493 ,
1093 435 1142 484 et
1169 427 1344 484 lumen
1365 429 1637 486 oculorum
1660 446 1891 486 meorum
1931 448 2036 488 non
2062 435 2118 494 Α
2139 433 2316 488 animo
2340 432 2780 504 mea,de[ecerunt
2809 431 2865 487 in
2890 432 3152 503 lacrgmas
3173 431 3312 487 oculi
3330 431 3451 499 mei,
3473 429 3634 498 eiusa
3652 442 3716 488 est

433 527 510 574 est
537 535 734 575 mecum
766 518 941 591 (Psal.
973 535 1160 580 xxxvn
1185 563 1202 590 ,
1236 523 1377 596 1-9).
1413 524 1591 591 Deus,
1640 525 1892 597 repulisti
1949 541 2039 584 me

439 623 498 671 et
531 613 854 671 destruxisti
882 630 990 684 me,
1026 615 1322 674 ostendisti
1355 618 1489 674 mihi
1512 618 1669 685 dura.
1714 620 1919 691 potasti
1954 636 2044 678 me

446 705 579 764 vino
599 707 1236 782 compunctionis(Psal.
1273 726 1384 766 th.
1421 711 1477 780 4,
1509 710 1567 784 5)
1613 729 1626 768 :
1659 713 1884 784 expulsa
1921 730 2042 770 sutn

444 800 514 857 ab
544 800 720 856 oculis
750 801 890 868 tuis,
915 801 1028 873 jam
1074 818 1182 860 uon
1236 804 1487 872 adjiciam
1508 817 1533 843 ι
1566 817 1622 862 ιιι
1662 823 1941 882 resurgam
1974 809 2043 866 ad

445 894 709 965 templum
741 905 990 954 sanctum
1021 906 1264 966 tuum,et
1293 902 1432 956 facta
1456 916 1576 957 sum
1607 903 1660 959 in
1690 905 2041 962 exterminio.

514 988 604 1044 50.
631 988 760 1058 Qua:
789 991 988 1046 utilitas
1029 992 1082 1046 in
1130 994 1382 1060 sanguine
1412 1004 1528 1062 tuo,
1565 996 1688 1050 dum
1719 996 1960 1053 descendi
1990 1000 2046 1054 in

447 1082 1024 1158 corruptionem(Psal.
1047 1085 1333 1156 xxrx,10)?
1356 1084 1628 1158 Numquid
1652 1090 1868 1146 mortuis
1890 1091 2049 1162 facies

448 1174 709 1229 mirabilia
729 1217 744 1241 ,
773 1186 860 1231 aut
891 1176 1077 1231 medici
1103 1179 1426 1235 suscitabunt
1453 1179 1626 1250 (Psal.
1651 1197 1898 1249 Lxxxvu,
1915 1183 2050 1256 H)?

448 1264 598 1322 Tuus
624 1282 811 1324 sermo
843 1277 945 1336 cst,
976 1271 1369 1338 tuapromissio
1390 1280 1476 1328 est
1501 1290 1514 1326 :
1538 1271 1679 1329 Nolo
1699 1285 1914 1332 mortem
1932 1293 2052 1347 pec-

445 1359 658 1424 caloris,
674 1357 703 1396 ι)
720 1359 810 1414 sed
831 1361 1213 1416 conversionem
1239 1371 1289 1416 et
1310 1364 1444 1418 vivat
1471 1363 1692 1437 (Ezech.
1713 1383 1910 1438 xum,
1926 1371 1948 1425 1
1964 1369 2014 1441 1)
2034 1388 2049 1426 :

445 1448 512 1505 ad
555 1459 624 1517 te,
664 1451 804 1508 Deus
835 1468 1013 1521 meus,
1043 1469 1162 1511 mea
1187 1457 1514 1524 conversio;
1547 1459 1713 1532 319
1740 1461 1865 1532 quia
1900 1463 2050 1520 solus

446 1552 602 1611 pctes
631 1559 896 1602 renovare
926 1547 1133 1614 omnia,
1174 1557 1229 1604 et
1252 1549 1321 1605 ab
1343 1550 1535 1608 inferis
1555 1555 1768 1609 animas
1798 1571 2046 1613 revocas.

444 1633 527 1690 ’l‘u
577 1637 744 1693 solvis
795 1639 1177 1710 compeditos:
1209 1650 1306 1712 tu,
1361 1645 1543 1716 Deus,
1589 1647 1778 1705 allisos
1843 1651 2049 1722 erigis,

447 1743 620 1786 caecos
646 1732 943 1802 illuminas,
973 1747 1220 1794 mortuos
1242 1740 1493 1798 suscitas.

2142 526 2195 581 in
2215 536 2401 581 terram
2419 525 2590 597 gloria
2623 542 2738 580 mea
2765 523 2943 597 (Psal.
2974 539 3162 592 can,
3192 523 3310 595 81).
3336 523 3556 593 Quando
3573 527 3720 596 respi-

2143 619 2284 674 ciens
2297 619 2536 674 restitues
2557 618 2786 673 animam
2800 633 2964 672 meam
2979 615 3150 688 (Psal.
3169 616 3392 681 καινή
3403 614 3458 685 7)
3470 615 3494 670 Ἰ
3515 614 3721 686 Propter

2144 713 2466 782 iniquitatem
2480 729 2647 767 meam
2659 711 2960 780 corripuisti
2974 718 3136 776 tne,ct
3159 709 3414 765 tabescere
3430 709 3593 780 fecisti
3608 709 3723 766 sicut

2145 824 2391 862 araneam
2411 808 2638 862 animam
2662 821 2836 862 meam
2860 805 3038 879 (Psal.
3063 821 3295 872 xxxvut,
3323 803 3435 876 12).
3465 804 3724 874 Memento,

2149 901 2390 968 Domino,
2418 903 2558 974 quod
2593 902 2763 974 pulvis
2805 917 2918 954 sum
2941 916 2961 955 :
3005 900 3120 954 vide
3163 898 3508 954 humilitatem
3544 915 3728 967 nteant,

2148 995 2311 1066 320
2335 1006 2378 1050 et
2402 994 2626 1050 laborem
2657 1011 2848 1059 meum,
2888 1003 2935 1048 et
2960 993 3158 1048 remitte
3179 992 3353 1046 omnia
3383 1001 3593 1063 peccata
3629 1008 3728 1047 mea

2153 1085 2326 1157 (Psal.
2350 1103 2501 1152 utv,
2532 1086 2640 1156 l8).
2670 1084 2890 1141 Remitte
2902 1085 3029 1139 mihi
3050 1095 3106 1140 ut
3125 1085 3424 1156 refrigerer,
3451 1083 3732 1155 priusquam

2151 1182 2412 1248 abeam,et
2447 1182 2672 1252 amplius
2697 1197 2800 1236 non
2832 1197 2942 1246 ero,
2975 1192 2996 1218 ο
3023 1194 3124 1236 nec
3151 1180 3205 1236 in
3237 1178 3452 1236 inferno
3485 1178 3590 1235 erit
3615 1192 3732 1234 con-

2153 1271 2318 1330 fessio
2341 1272 2518 1342 (Psal.
2545 1288 2780 1337 xxxvut,
2810 1273 2877 1328 ib
2895 1274 2933 1344 ).

2225 1367 2313 1423 52.
2364 1365 2562 1421 Potens
2607 1382 2700 1432 es,
2732 1365 2986 1433 Domine,
3033 1363 3398 1423 conscindere
3427 1378 3645 1422 saccum
3687 1371 3737 1420 et

2155 1460 2488 1532 praecingere
2517 1476 2603 1515 me
2638 1459 2828 1515 laetitia
2855 1458 3042 1533 (Psal.
3077 1475 3234 1524 uix,
3277 1458 3406 1531 12):
3439 1457 3741 1528 dirumperc

2156 1556 2366 1611 vincula
2393 1569 2534 1620 mea,
2557 1553 2755 1626 quibus
2786 1554 2950 1626 ligata
2977 1569 3098 1610 sum
3124 1565 3289 1624 atque
3315 1552 3639 1637 constrigta,
3662 1551 3742 1622 qui

2157 1647 2345 1704 Rahab
2383 1646 2658 1702 sordidam
2689 1662 2798 1702 non
2843 1655 3171 1716 aspernatus
3198 1662 3258 1702 cs
3299 1643 3496 1719 (Iosue
3527 1659 3599 1712 τι,
3634 1644 3743 1714 17).

2159 1742 2299 1798 Iram
2334 1753 2480 1797 tuam
2510 1781 2527 1810 ,
2579 1741 2828 1809 Domine,
2855 1740 3010 1797 aufer
3035 1757 3066 1796 a
3097 1755 3214 1806 me,
3247 1740 3374 1811 quia
3407 1737 3632 1810 peccavi
3662 1735 3748 1794 tibi

517 1824 608 1881 51.
647 1824 833 1884 Erravi
869 1829 1004 1884 sicut
1059 1831 1166 1886 ovis
1198 1833 1402 1904 perdita
1449 1834 1628 1910 (Psal.
1673 1854 1864 1906 cxvut,
1891 1841 2052 1916 H6):
2086 1837 2134 1898 B
2161 1836 2478 1904 crudeliter,
2502 1834 2679 1891 donec
2704 1833 2972 1906 jnstiﬂces
2999 1848 3222 1891 causam
3247 1848 3450 1900 meam,
3482 1841 3540 1888 et
3569 1830 3751 1888 educas

447 1917 670 1986 require
700 1920 954 1978 famulam
981 1931 1149 1991 tuam,
1182 1941 1251 1982 ne
1277 1926 1438 1998 lupus
1460 1931 1699 1986 crudelis
1718 1933 1914 2004 glutiat
1943 1950 2052 1992 me.

451 2009 509 2065 Μ
514 2011 612 2066 ulti
632 2013 814 2069 dicunt
831 2017 1020 2072 anima:
1042 2035 1168 2074 mete
1181 2035 1201 2075 :
1220 2019 1344 2076 Non
1374 2033 1448 2077 est
1475 2024 1618 2078 salus
1648 2023 1728 2079 illi
1750 2026 1802 2080 in
1819 2023 1930 2082 Deo
1946 2029 2058 2099 ejus

454 2101 630 2176 (Psal.
669 2105 973 2181 ut,5).Sed
1010 2119 1159 2167 tuum
1199 2115 1489 2171 consilium
1528 2124 1706 2173 tecum
1744 2129 1849 2176 est.
1878 2119 2053 2193 (Psal.

459 2212 612 2266 cvut,
636 2199 754 2271 81).
773 2201 917 2270 Quot
947 2214 1074 2261 sunt
1094 2205 1214 2262 dies
1246 2207 1464 2264 famula:
1489 2218 1617 2278 tute,
1640 2212 1861 2283 quando
1887 2214 2056 2272 facies

465 2303 679 2347 mecum
727 2293 1036 2364 judicium?
1080 2298 1190 2355 Sed
1233 2315 1304 2356 ne
1341 2302 1516 2358 intres
1557 2305 1610 2360 in
1634 2305 1903 2375 judicium
1934 2322 2057 2363 cum

467 2381 668 2439 famula
720 2393 808 2441 tua
854 2387 1029 2459 (Psal.
1057 2393 1348 2466 cuugﬁ).
1378 2394 1579 2468 Defecit
1622 2399 1676 2454 in
1718 2399 1939 2457 salutari
1975 2414 2062 2459 tuo

528 2529 554 2558 α
584 2521 786 2581 Omnes
810 2526 975 2609 edit.,
1028 2539 1085 2584 ut
1130 2533 1438 2603 respiciam;
1464 2549 1656 2593 omnes
1695 2551 1827 2593 mss.
1859 2539 2054 2609 partim

455 2601 511 2647 ut
530 2610 762 2676 surgam,
797 2601 992 2676 partim
1018 2610 1077 2656 ut
1105 2620 1395 2676 resurgam.

530 2669 559 2709 b
591 2665 665 2750 lia
693 2665 827 2750 mss.
861 2671 1072 2750 duobus
1097 2665 1342 2747 exceptis
1365 2720 1379 2743 ,
1403 2677 1494 2734 ubi
1529 2695 1623 2746 pro
1650 2681 1743 2735 sed
1768 2683 2062 2737 conversio-

458 2751 596 2820 nem,
629 2739 858 2808 legimus
887 2743 1064 2820 sed_ut
1090 2739 1456 2815 convertatur;
1489 2739 1594 2807 vet.
1625 2752 1789 2818 edit.,
1819 2755 1909 2808 sed
1936 2771 2059 2808 con-

456 2817 743 2891 versionem
771 2825 847 2891 ut.
853 2817 1012 2882 possit
1035 2820 1218 2891 vivere.
1241 2820 1322 2875 Ad
1348 2821 1562 2887 te,Deus
1589 2841 1754 2890 meus,
1771 2817 2057 2887 conversio,

456 2883 579 2962 quia
605 2883 782 2966 solus;
813 2883 972 2966 Rom.
1006 2889 1095 2944 sed
1118 2883 1498 2950 conversionem
1529 2907 1575 2950 et
1601 2883 1763 2950 vivam
1794 2909 1846 2951 ut
1869 2883 2061 2966 possim

457 2955 646 3035 vivere,
706 2955 775 3008 ad
802 2968 883 3035 te,
915 2957 1058 3016 Deus
1078 3003 1098 3035 ,
1123 2979 1202 3015 me
1247 2977 1504 3035 converto,
1537 2968 1626 3034 qui
1666 2968 1807 3021 solus
1836 2955 1880 3034 ;’
1903 2969 2065 3024 Pseu-

457 3021 698 3107 tl‘ultier”
739 3021 1273 3107 sed_conversionem.
1322 3034 1390 3091 Ut
1421 3021 1616 3107 possim
1645 3021 1850 3107 vivere,
1906 3021 2065 3096 adite

460 3091 604 3175 Deus
615 3101 889 3175 _c0ttver_sio
915 3118 1027 3156 mea
1049 3121 1069 3170 ;
1095 3107 1215 3175 quia
1237 3108 1399 3174 solus,
1421 3091 1537 3166 'cié.

534 3177 565 3255 ξε.
586 3165 908 3255 Hic‘desinit
931 3165 1193 3255 tractatus
1223 3182 1364 3255 apud
1384 3165 1802 3255 Hieronymum:
1835 3183 2065 3240 atRom.

2164 1949 2253 1989 me
2293 1933 2345 1988 in
2381 1931 2619 1990 |umine.f
2652 1933 2796 1988 Deus
2839 1931 3125 1994 virtutum,
3158 1927 3186 1966 ἀ
3219 1927 3286 1984 da
3316 1927 3657 2000 paenitentiae
3676 1925 3750 1982 el-

2163 2025 2391 2091 fectum,
2421 2023 2758 2081 confessioni
2809 2023 3305 2094 perseverantiam;
3335 2035 3404 2077 ne
3433 2035 3528 2076 me
3557 2019 3754 2076 induret

2161 2119 2424 2190 deceptor
2449 2120 2668 2174 animus.
2719 2117 2835 2174 Hoc
2864 2117 2996 2173 mihi
3027 2117 3236 2173 donum
3260 2159 3276 2184 ,
3319 2117 3462 2173 hanc
3487 2114 3623 2171 mihi
3645 2128 3754 2186 grs-

2166 2214 2294 2268 tiam
2321 2213 2390 2268 de
2420 2221 2513 2268 tuo
2543 2211 2693 2268 fonte
2719 2211 2967 2283 praestari
3007 2212 3172 2282 cupio
3191 2252 3206 2276 ,
3233 2211 3417 2276 Deus;
3453 2218 3519 2265 ut
3541 2209 3594 2264 in
3617 2215 3757 2263 mter-

2164 2321 2293 2362 num
2327 2306 2424 2362 tibi
2450 2305 2715 2361 conﬁtear
2740 2321 2755 2358 :
2783 2306 2876 2376 qui
2907 2303 3049 2361 vivis
3094 2312 3151 2361 et
3193 2317 3390 2376 regnas
3417 2303 3477 2360 in
3505 2300 3757 2359 Trinitate

2173 2405 2224 2459 in
2255 2404 2456 2460 saecula
2487 2401 2833 2459 saeculorum.
2867 2403 3062 2457 Amen.

2166 2539 2312 2612 quod
2344 2538 2608 2594 mendnsc
2655 2539 3018 2612 restituerant
3061 2535 3236 2592 Paris.
3268 2533 3407 2591 edit.
3447 2532 3561 2588 hoc
3591 2532 3758 2612 modo,

2166 2607 2258 2667 nec
2282 2612 2501 2681 inferior
2527 2611 2625 2666 erit
2668 2610 2946 2678 confessio.
2979 2607 3396 2677 Consequenter
3419 2614 3627 2681 autem
3653 2611 3759 2674 rost

2165 2677 2544 2740 Vtices'Potetts
2561 2699 2636 2747 es,
2659 2677 2898 2747 Domine,
2929 2681 3159 2735 aberant
3186 2694 3219 2736 e
3247 2678 3464 2735 cunctis
3490 2677 3629 2733 edit.
3653 2691 3760 2730 cou-

2163 2757 2400 2812 scindere
2429 2772 2634 2810 saccum
2656 2769 2848 2816 meum,
2877 2763 2924 2807 et
2950 2753 3267 2824 praecingere
3288 2766 3369 2824 me
3391 2747 3759 2824 ltttitia,’_quod

2169 2831 2221 2882 in
2263 2826 2402 2881 hanc
2453 2838 2695 2881 nostram
2729 2842 2793 2879 cx
2846 2820 2976 2878 mss.
3026 2820 3439 2879 lere'omnibus
3487 2820 3761 2893 proposito

2172 2900 2489 2968 neutiquam
2519 2898 2874 2966 incongruum
2901 2896 3266 2968 reposuimus.

2244 2968 2270 3006 ἀ
2303 2961 2437 3024 Tres
2460 2985 2617 3031 mss.,
2654 2961 2736 3022 Ha
2762 2961 3023 3032 patientia.-
3048 2966 3306 3035 effectum.
3355 2964 3500 3020 lnlra
3529 2977 3664 3035 vero
3683 2961 3765 3016 ubi

2173 3057 2366 3096 omnes
2395 3042 2530 3096 edit.
2567 3050 2624 3096 ct
2649 3041 2868 3110 quidam
2913 3033 3360 3110 mss.,prtestare
3384 3038 3571 3109 cupio,
3599 3033 3764 3110 Deus;

2174 3113 2303 3168 utin
2338 3123 2608 3176 aeternum,
2657 3107 2811 3176 etc.;
2867 3125 2999 3166 mss.
3046 3107 3218 3164 multo
3268 3107 3460 3178 plures
3498 3111 3675 3165 locum
3702 3107 3764 3178 ita

2175 3185 2543 3251 contrahunt,
2575 3183 2816 3256 prwstari
2840 3183 3014 3256 cupio,
3046 3177 3300 3256 Deusqui
3321 3197 3513 3251 regnas
3553 3181 3611 3235 in
3631 3177 3766 3233 trini-

458 3237 590 3294 edit.
621 3239 800 3296 solum
832 3245 1171 3317 resciderat,
1215 3237 1307 3305 nec
1333 3253 1387 3306 in
1411 3237 1618 3326 inferni)
1640 3237 1737 3310 erit
1762 3237 2064 3326 confessio,
2099 3248 2143 3310 C
2175 3237 2342 3330 ἱάιῖ(
2365 3237 2504 3323 tres,
2522 3237 2924 3327 ittrteternitatei
2957 3237 3014 3308 in
3039 3237 3253 3320 steculd,
3285 3238 3394 3310 etc:

465 3371 2087 3408 MM

946 3503 1069 3587 IN
1143 3507 1604 3592 LIBRUM
1677 3509 1838 3592 DE
1911 3508 2537 3592 MYSTERIIS
2613 3502 3344 3606 ADMONITIO,

1205 3644 1371 3721 QUA
1413 3645 1517 3708 ET
1561 3647 1758 3709 IDEM
1800 3644 2038 3708 LIBER
2087 3646 2499 3710 AMBROSIO
2543 3647 3013 3710 ASSERITUR.

533 3853 726 3908 Auctor
755 3854 915 3928 hujus
938 3862 1107 3927 operis
1132 3860 1186 3912 in
1214 3860 1330 3930 ipso
1355 3865 1470 3934 ejus
1499 3861 1674 3918 limine
1695 3863 1968 3934 proﬁtetur
1995 3864 2148 3937 (Cap.
2183 3867 2235 3933 1,
2269 3883 2413 3920 ιιιιηι.
2441 3864 2503 3938 2)
2528 3881 2582 3919 se
2607 3875 2654 3920 et
2682 3880 2856 3918 recens
2881 3862 3156 3932 baptizatis
3184 3859 3455 3916 elaborare
3475 3900 3490 3925 .
3525 3871 3574 3915 et
3600 3875 3768 3915 sacra-

460 3962 632 4000 menta
659 3965 777 4019 qua:
817 3951 926 4005 illis
949 3952 1192 4008 hactenus
1221 3955 1399 4026 ignota
1428 3959 1649 4027 fuerint,
1680 3959 1895 4014 adoriri.
1928 3959 2044 4014 Mos
2079 3963 2269 4033 quippe
2297 3969 2409 4016 erat
2436 3961 2726 4031 priscorum
2759 3969 3046 4027 temporum
3076 3954 3426 4023 antistitibus,
3455 3963 3514 4008 ut
3544 3952 3772 4008 sublimia

458 4039 552 4093 illa
581 4045 824 4113 mysteria
849 4062 1005 4116 quam
1029 4048 1404 4103 studiosissime
1431 4051 1654 4106 celarent
1684 4054 1914 4108 nondum
1942 4055 2193 4110 initiatos.
2221 4053 2294 4108 Hi
2319 4053 2528 4124 quidem
2555 4055 2722 4122 quoad
2745 4068 2771 4105 e
2797 4050 3173 4106 catechumenis
3200 4059 3355 4120 atque
3381 4045 3774 4118 competentibus

460 4139 783 4205 excederent,
797 4141 987 4195 crebris
1017 4142 1274 4212 precibus,
1294 4145 1613 4210 exorcismis,
1633 4147 1856 4219 aliisque
1877 4150 2179 4203 ceremoniis
2200 4149 2268 4202 ad
2291 4148 2599 4218 baptismum
2617 4147 3039 4219 prteparabantur
3053 4161 3073 4201 :
3095 4145 3495 4200 admittebantur
3513 4141 3774 4198 audiendis

462 4233 822 4305 concionibus,
875 4234 958 4289 ubi
991 4237 1316 4307 potissimum
1357 4254 1444 4292 eos
1473 4240 1657 4310 rigidis
1701 4241 1892 4296 ethices
1933 4241 2229 4298 christiana:
2261 4242 2516 4314 dogmatis
2557 4241 2716 4296 imbui
2744 4241 2923 4296 solitos
2959 4241 3041 4294 hic
3068 4240 3178 4308 ipse
3207 4250 3388 4295 auctor
3414 4249 3596 4312 aperte
3637 4239 3772 4293 docet

461 4320 654 4394 (lbid.,
681 4342 824 4382 num.
852 4327 932 4394 1).
963 4328 1088 4383 Suis
1111 4339 1281 4384 tamen
1307 4332 1630 4389 orationibus
1659 4333 1906 4389 adversus
1931 4335 2066 4405 falsa
2092 4346 2140 4388 et
2166 4335 2328 4404 impia
2355 4333 2678 4390 ethnicorum
2719 4343 2872 4403 atque
2921 4332 3280 4386 haereticorum
3324 4329 3520 4402 placita
3547 4329 3775 4401 disputa-

463 4421 626 4474 tiones
653 4421 929 4476 ntiscebant
955 4425 1183 4496 episcopi
1211 4441 1230 4480 :
1255 4441 1418 4494 neque
1438 4429 1589 4482 etiam
1617 4430 1836 4484 unitatis
1857 4427 2158 4484 substantiis
2186 4429 2393 4493 divinae,
2439 4428 2685 4482 trinitatis
2715 4441 3054 4496 personarum
3085 4423 3497 4493 adorandarum,
3533 4423 3777 4479 aliorum-

460 4531 558 4587 que
583 4517 834 4587 capitum,
862 4520 1129 4590 quaeipsis
1155 4538 1184 4576 e
1215 4520 1467 4592 Symbolo
1497 4525 1685 4596 exponi
1713 4535 2104 4589 consueverant,
2135 4525 2478 4596 cognitionem
2523 4524 2747 4577 inserere
2781 4519 3263 4594 prwtermittebant.
3292 4520 3356 4574 At
3395 4535 3512 4574 vero
3543 4516 3775 4592 penitiori

461 4609 685 4665 aliorum
708 4620 1165 4679 sacramentorum,
1198 4623 1248 4668 et
1273 4629 1384 4684 pra:
1410 4617 1611 4672 caeteris
1643 4616 1990 4673 Eucharistia:
2015 4617 2336 4673 discussione
2360 4632 2572 4690 prorsus
2593 4615 2936 4670 abstinebant.
2970 4613 3134 4670 Erant
3159 4630 3315 4685 porro
3341 4630 3402 4669 ea
3425 4614 3609 4669 mentis
3637 4613 3774 4667 doci-

463 4705 608 4759 litate
636 4705 757 4759 boni
794 4705 874 4760 illi
903 4706 1166 4778 religionis
1189 4717 1382 4764 nostra:
1405 4711 1694 4779 candidati,
1727 4720 1784 4766 ut
1809 4726 1924 4781 qua:
1945 4712 2070 4782 ipsis
2100 4712 2376 4782 manifesta
2404 4726 2514 4765 esse
2539 4709 2744 4764 uolebat
2774 4707 3037 4772 Ecclesia,
3069 4723 3215 4760 suam
3245 4707 3313 4760 ad
3345 4722 3406 4761 ea
3431 4706 3774 4761 curiositatem

401 4835 406 4840 -
464 4797 672 4852 minime
701 4798 1081 4868 protenderent,
1115 4803 1480 4870 ratividelicet
1509 4804 1640 4859 nihil
1669 4805 1792 4878 falsi
1819 4815 1912 4860 aut
1937 4804 2283 4877 superstitiosi
2303 4802 2472 4857 cultus
2500 4803 2556 4856 in
2582 4802 2676 4856 illa
2705 4801 2959 4856 contineri
2983 4800 3254 4871 religione,
3281 4815 3399 4870 qute
3419 4808 3492 4854 tot
3517 4797 3776 4854 miraculis

463 4909 526 4948 ac
547 4892 800 4964 prodigiis
822 4893 956 4962 [ulta
977 4936 993 4963 ,
1025 4913 1177 4969 super
1200 4897 1518 4954 idololatria
1545 4914 1701 4971 qttam
1728 4898 2039 4963 subruebat,
2067 4899 2236 4953 ruinis
2265 4897 2419 4952 unius
2452 4895 2551 4951 Dei
2581 4895 2934 4951 adorationem
2955 4894 3209 4967 erigebat,
3239 4909 3453 4965 quaque
3477 4904 3776 4950 sectatorum

463 5000 678 5039 suorum
707 5001 874 5041 mores
898 4987 968 5048 ad
992 4988 1238 5043 amussim
1265 4987 1416 5060 fadeo
1451 5005 1676 5045 severam
1724 4999 1770 5043 et
1797 4989 1988 5043 rationi
2027 5003 2306 5044 consonant
2335 4987 2474 5058 exigi
2517 4986 2831 5057 postulabat.
2862 4985 2992 5041 Ha’c
3031 4984 3358 5040 instituendas
3388 4985 3505 5040 vita:
3532 4993 3777 5056 prtecepta

467 5075 698 5131 nondum
725 5076 996 5150 baptizatis
1021 5095 1052 5133 α
1072 5095 1128 5134 se
1148 5079 1338 5135 tradita
1382 5081 1552 5152 signat
1595 5079 1894 5135 Ambrosius
1916 5079 2095 5151 primis
2121 5079 2259 5132 hisce
2293 5077 2495 5132 verbis:
2519 5077 2593 5133 De
2609 5076 2908 5132 moralibus
2929 5075 3305 5147 quotidianum
3330 5091 3642 5132 sermonem
3691 5075 3777 5130 ba-

467 5167 704 5236 buimus,
739 5178 839 5224 etc.
872 5170 892 5242 (
917 5168 1057 5226 Ibid.
1078 5167 1098 5242 )
1122 5171 1208 5225 ubi
1239 5169 1398 5225 libros
1427 5170 1496 5226 de
1527 5169 1800 5226 Abraham
1835 5179 1991 5241 atque
2017 5169 2149 5224 alios
2177 5183 2304 5240 quos
2335 5167 2398 5223 ab
2429 5183 2487 5222 eo
2513 5183 2685 5222 coram
2724 5165 3104 5222 catechumenis
3147 5175 3195 5222 et
3234 5167 3636 5239 competentibus
3665 5182 3778 5239 pro-

466 5263 732 5318 nuntiatus
777 5263 1240 5319 demonstravimus
1287 5263 1577 5334 (Admonit.
1608 5265 1661 5318 in
1705 5264 1799 5320 hos
1830 5262 1920 5318 lib.
1947 5261 1997 5334 ),
2032 5263 2252 5334 intelligi
2281 5263 2368 5317 vix
2409 5262 2620 5316 dubium
2656 5270 2752 5316 est.
2794 5261 3081 5332 Subjungit
3111 5277 3228 5316 vero
3250 5278 3369 5316 cum
3395 5277 3483 5317 eos
3511 5261 3614 5332 'qui
3639 5273 3778 5314 sacro

467 5357 771 5429 baptismate
810 5359 1098 5430 regenerati
1139 5358 1279 5423 sint,
1327 5359 1411 5412 hic
1431 5357 1760 5427 alloquatur;
1805 5355 1902 5410 sibi
1927 5363 1986 5409 ut
2013 5355 2139 5425 ipsis
2183 5369 2302 5408 cum
2329 5353 2561 5426 ejusdem
2601 5353 2936 5421 sacramenti,
2969 5361 3078 5408 tant
3108 5351 3329 5407 aliorum
3359 5352 3610 5407 rationem
3638 5359 3779 5421 atque

469 5451 782 5505 ceremonias
810 5451 1055 5518 declaret,
1085 5451 1400 5507 incumbere.

546 5539 782 5598 Primum
805 5545 966 5618 igitur
987 5556 1102 5618 post
1125 5546 1439 5616 explicatam
1469 5547 1575 5601 oris
1597 5555 1749 5616 atque
1771 5545 1978 5600 aurium
1999 5545 2315 5617 apertionem
2365 5547 2384 5618 (
2409 5544 2540 5617 Cap.
2569 5547 2621 5610 1,
2652 5561 2795 5600 num.
2823 5545 2859 5600 3
2881 5544 2920 5615 ),
2968 5561 3029 5600 ac
3049 5554 3385 5600 memoratam
3413 5559 3530 5614 qutr
3551 5543 3702 5614 ﬁebat
3729 5541 3777 5593 in

477 5630 795 5701 baptisteria,
821 5635 1344 5711 ejurationemﬂCap.
1374 5637 1430 5702 2,
1465 5652 1609 5691 num.
1642 5637 1695 5702 5,
1726 5635 1806 5708 6),
1839 5638 1997 5707 fontis
2026 5637 2432 5693 benedictionem
2460 5647 2645 5693 tractat
2668 5635 2826 5710 (Cap.
2859 5637 2916 5705 5,
2943 5637 3001 5704 4,
3030 5649 3078 5692 et
3098 5637 3179 5711 5).
3220 5635 3304 5692 lbi
3333 5647 3503 5693 autem
3532 5651 3586 5694 ut
3609 5635 3778 5707 probet

471 5735 577 5774 non
605 5736 754 5790 aquae
775 5722 1276 5797 simplicis'eﬁicacia
1295 5768 1312 5794 ,
1361 5725 1453 5781 sed
1481 5724 1724 5796 praesenti
1758 5723 1988 5798 Spiritus
2017 5725 2389 5798 divini§virtute
2430 5729 2870 5798 regenerationem
2917 5729 3098 5800 perfici
3117 5771 3131 5796 ,
3178 5730 3323 5784 varia
3349 5729 3581 5801 cymbala
3604 5725 3780 5800 quibus

475 5813 608 5868 idem
632 5824 1008 5872 sacramentum
1031 5819 1086 5873 in
1115 5819 1276 5873 veteri
1298 5819 1407 5890 lege
1427 5818 1818 5889 prteﬁguratum
1845 5830 1939 5890 est,
1970 5821 2214 5890 expendit
2229 5839 2250 5888 ;
2273 5821 2408 5878 unde
2425 5823 2578 5877 etiam
2609 5824 2804 5896 colligit
2831 5832 3031 5882 sacrant
3055 5823 3202 5884 illam
3223 5825 3530 5885 ablutionem
3555 5815 3777 5882 eumdem
