4042 6294
298 286 411 346 385
1220 289 1312 350 DE
1351 286 1728 351 MYSTERIIS
1765 289 1972 350 LIBER
2009 289 2214 354 UNUS.
2265 290 2671 352 ADMONITIO.
3500 292 3606 354 386

297 416 500 471 semper
515 400 751 470 e/feclum
769 403 1016 471 obtinere,
1032 419 1149 459 cum
1171 406 1242 460 ad
1252 422 1368 461 eum
1395 407 1622 477 probitas
1642 408 2004 480 improbitasve
2028 411 2250 466 ministri
2276 411 2408 465 nihil
2423 414 2676 482 conferat.
2695 408 2750 465 Μ
2757 406 2824 466 6a:
2845 425 2872 466 e
2897 410 3100 481 uiuiﬁco
3125 411 3328 466 lauacro
3349 413 3604 467 exceden-

298 493 430 546 tium
458 495 531 548 ad
561 499 861 568 episcopum
890 516 922 553 a
943 515 1045 568 quo
1072 509 1186 570 post
1216 501 1505 556 unctionem
1528 502 1710 575 capitis
1728 519 1788 556 ac
1802 504 1988 573 pedum
2011 504 2250 559 lationem
2275 503 2428 576 (Cap.
2456 504 2512 570 6,
2533 504 2764 559 num.29
2793 515 2839 560 et
2870 504 3025 576 seq.),
3053 515 3185 561 veste
3211 505 3431 559 candida
3456 505 3609 577 (Cap.

295 585 351 654 7,
385 603 528 642 nam.
563 589 636 644 3b
662 599 711 645 et
739 607 846 662 seq.
876 592 895 662 )
924 592 1292 662 induebantur,
1320 612 1583 652 accessum
1608 608 1810 653 narrat.
1863 598 1996 655 Tant
2024 601 2227 655 reddita
2264 600 2513 672 cujusque
2541 602 2845 657 ceremonia:
2861 603 3085 670 ratione,
3113 612 3305 673 quanta
3335 603 3514 658 laetitia
3539 602 3603 657 ob

292 677 516 748 familia:
537 697 648 738 sua!
669 684 1122 756 ampliﬁcationem
1152 687 1338 758 gestiat
1368 685 1606 744 Ecclesia
1631 699 1813 758 mater,
1862 693 2178 765 depromptis
2205 709 2233 748 e
2257 692 2472 749 Cantica
2501 695 2821 750 canticorum
2851 695 3116 751 sententiis
3141 695 3383 768 exprimit
3411 693 3603 767 (Ibid.,

292 786 436 824 num.
471 771 544 828 55
570 784 619 829 et
647 773 804 845 seq.).
836 773 1109 832 Postrema
1136 777 1224 832 ubi
1252 779 1541 852 neophytos
1567 791 1794 850 acceptae
1822 779 2246 854 Conﬁrmationis
2272 801 2368 857 ope
2390 794 2582 857 septem
2612 787 2763 842 donis
2794 787 3026 858 Spiritus
3051 787 3216 844 sancti
3242 787 3432 843 dilatas
3456 799 3607 859 atque

289 876 568 924 exornatas
594 869 758 940 fuisse
778 871 1046 941 afﬁrmavit
1065 871 1256 947 (Ibid.,
1288 891 1431 929 num.
1462 874 1582 948 42),
1611 877 2049 948 quemadmodum
2071 880 2286 935 solemni
2314 897 2508 952 pompa
2536 898 2600 939 ex
2620 883 2923 956 baptisteria
2951 885 3020 939 ad
3046 884 3212 940 altare
3240 880 3601 955 processerint,

289 971 346 1015 ut
369 959 441 1015 ibi
468 959 734 1017 Dominici
762 965 994 1035 corporis
1020 967 1352 1035 reﬁcerentur
1377 978 1718 1039 sacramenta,
1749 971 1925 1028 multis
1951 972 2185 1028 edisserit
2217 973 2376 1045 (Cap.
2411 974 2470 1042 8,
2493 992 2638 1030 num.
2670 975 2796 1048 45).
2832 975 2945 1032 Nec
2974 993 3098 1033 sane
3125 977 3336 1042 mirum,
3355 977 3400 1032 si
3424 975 3480 1029 in
3508 974 3604 1028 hoc

288 1055 566 1112 asserenda
593 1057 895 1112 immoretur
920 1059 1083 1115 multo
1103 1060 1331 1132 longius,
1362 1078 1481 1116 cum
1506 1063 1628 1133 ﬁnis
1656 1073 1706 1118 et
1733 1067 2112 1122 consummatio
2139 1068 2207 1122 sit
2237 1075 2560 1124 ceterorum.
2919 1085 2922 1088 '

363 1149 656 1222 Proﬁtetur
683 1153 858 1225 itaque
887 1153 941 1208 id
960 1155 1062 1210 sibi
1085 1171 1193 1211 esse
1214 1156 1270 1210 in
1295 1157 1492 1224 animo,
1522 1168 1576 1212 ut
1611 1173 1825 1215 summa
1851 1161 2037 1218 studio
2066 1162 2086 1232 (
2109 1160 2278 1230 Ibid.,
2314 1179 2456 1218 num.
2485 1161 2558 1220 ιι
2584 1163 2606 1236 )
2637 1165 2835 1220 cunctis
2875 1167 3055 1222 ueteris
3092 1165 3390 1237 Synagoga:
3421 1179 3604 1220 sacra-

291 1245 479 1300 mentis
507 1245 606 1300 hoc
629 1247 802 1317 ipsum
821 1247 1126 1318 antiquitate
1151 1258 1308 1320 atque
1327 1249 1632 1306 excellentia
1653 1254 2040 1324 praeferendum
2070 1264 2272 1312 astruat
2289 1271 2310 1321 ;
2329 1273 2548 1328 quorum
2568 1258 2778 1328 quidem
2797 1259 3022 1328 primum
3048 1259 3171 1315 inde
3197 1259 3440 1326 ostendit,
3466 1258 3604 1332 quod

291 1337 443 1406 panis
471 1354 534 1393 ac
557 1338 731 1394 vinum
771 1339 994 1395 Abraha
1032 1341 1264 1396 oblatum
1313 1360 1346 1397 a
1391 1341 1810 1415 Melchisedech,
1846 1345 2196 1405 Eucharistiaz
2225 1350 2398 1422 ﬁgura
2446 1353 2696 1407 exstiterit
2741 1354 2762 1423 (
2783 1351 2954 1420 lbid.,
2985 1371 3131 1409 num.
3165 1353 3294 1427 45):
3317 1355 3608 1410 secundum

287 1441 538 1488 autemeo
563 1433 904 1504 demonstrat,
935 1436 1074 1507 quod
1095 1453 1204 1509 pra:
1227 1439 1343 1510 ipsa
1373 1457 1562 1497 manna
1590 1458 1692 1513 quo
1718 1443 1850 1499 nihil
1875 1447 2106 1502 sanctius
2137 1447 2428 1504 habuerunt
2471 1449 2766 1519 Israelita,
2800 1452 2896 1508 hoc
2938 1452 3240 1523 mysterium
3290 1459 3432 1506 tanta
3466 1466 3605 1523 prat-

289 1526 446 1581 cellat
485 1525 506 1600 (
530 1525 704 1598 Cap.8
723 1537 770 1582 et
795 1529 829 1585 9
855 1527 902 1599 ),
945 1541 1136 1601 quanto
1169 1533 1351 1604 potior
1375 1543 1459 1590 est
1497 1537 1587 1592 lux
1613 1551 1774 1605 quam
1806 1540 2022 1608 umbra,
2045 1542 2249 1599 veritas
2273 1559 2433 1614 quam
2463 1545 2659 1617 ﬁgura,
2690 1560 2893 1616 corpus
2922 1546 3176 1602 Auctoris
3205 1558 3368 1616 quam
3401 1558 3602 1600 manna

285 1618 453 1690 (Cap.
478 1621 532 1687 8,
558 1637 702 1677 num.
734 1620 805 1678 49
826 1622 866 1692 ).
890 1621 1045 1678 Enim
1069 1640 1187 1682 vero
1223 1629 1345 1698 quia
1367 1629 1639 1700 neaphgtis
1660 1632 1715 1686 in
1745 1643 1987 1707 promptu
2025 1645 2133 1690 erat
2161 1647 2343 1691 contra
2371 1653 2664 1710 opponere:
2698 1637 2862 1694 Aliud
2880 1637 3058 1706 video,
3079 1638 3354 1710 quomodo
3383 1646 3439 1692 tu
3468 1635 3603 1692 mihi

287 1715 492 1820 asseris
518 1715 666 1820 quod
695 1715 898 1774 Christi
930 1734 1130 1792 corpus
1160 1722 1424 1820 accipiam
1470 1721 1623 1820 (Cap.
1658 1723 1714 1793 9,
1740 1743 1886 1782 num.
1919 1728 2056 1820 50)?
2076 1730 2145 1783 ad
2172 1729 2475 1803 objectionis
2505 1730 2812 1788 solutionem
2841 1733 3163 1806 aggreditur.
3192 1729 3276 1786 Ea
3306 1741 3520 1803 propter
3545 1737 3603 1784 ut

284 1807 564 1879 repudiato
591 1825 840 1865 sensuum
886 1828 1251 1884 corporeorum
1285 1817 1574 1872 testimonio
1601 1860 1615 1882 ,
1666 1835 1851 1890 panem
1890 1823 1945 1877 in
1989 1819 2204 1879 Domini
2234 1841 2422 1893 corpus
2462 1827 2776 1883 sacerdotali
2820 1828 3169 1883 benedictione
3213 1826 3437 1882 converti
3463 1832 3604 1879 certo

288 1910 515 2007 teneant,
548 1917 652 2007 non
690 1903 844 1960 modo
872 1905 1163 2007 clarissima
1190 1925 1406 1981 quisque
1437 1910 1680 1984 prodigia
1707 1912 1892 1984 quibus
1917 1926 2167 1972 mutatam
2194 1919 2354 1990 fuisse
2382 1929 2621 1975 naturam
2650 1923 2728 1976 vel
2755 1922 2910 1978 etiam
2939 1938 2966 1976 e
2994 1921 3159 1977 nihilo
3187 1931 3415 1976 creatam
3441 1920 3604 1992 prisci

285 1997 577 2052 testamenti
611 2001 782 2068 ferunt
822 1997 1038 2069 tabulae,
1083 2001 1138 2056 in
1186 2004 1412 2057 medium
1465 2008 1662 2076 profert
1708 2006 1728 2076 (
1758 2006 1894 2078 Cap.
1941 2008 1992 2075 9,
2029 2027 2171 2066 num.
2207 2011 2273 2068 5!
2298 2021 2345 2066 et
2371 2011 2522 2087 52);
2567 2029 2742 2070 verum
2771 2016 2929 2070 etiam
2957 2015 3327 2070 miraculorum
3368 2013 3598 2069 omnium

283 2089 569 2144 maximum
593 2091 740 2158 citat,
773 2089 966 2147 Christi
990 2093 1186 2149 scilicet
1213 2097 1617 2152 incarnationem
1653 2098 1670 2166 (
1696 2096 1836 2154 Ibid.
1871 2118 2016 2156 num.
2039 2104 2168 2176 55).
2220 2103 2349 2159 Tum
2371 2107 2522 2177 quasi
2549 2110 2689 2162 omni
2712 2109 3052 2164 dubitationis
3081 2111 3351 2165 occasione
3377 2125 3595 2180 prorsus

280 2183 524 2251 depulsa,
555 2184 880 2240 innocentem
901 2187 1038 2242 hunc
1066 2205 1272 2262 gregem
1299 2193 1699 2249 accommodatis
1733 2193 2062 2253 Canticorum
2084 2198 2388 2270 quibusdam
2417 2202 2685 2257 versiculis
2728 2212 2895 2260 monet
2939 2202 3132 2275 (Ibid.,
3164 2202 3234 2259 55
3265 2213 3313 2258 et
3351 2219 3457 2272 seq.
3477 2203 3520 2274 ),
3544 2209 3603 2256 ut

274 2284 530 2380 secretum
555 2284 861 2380 praestantes
889 2281 1150 2351 mysterio,
1185 2293 1236 2337 et
1264 2281 1528 2340 Christum
1556 2285 1770 2343 diversis
1798 2289 2042 2345 virtutum
2067 2291 2324 2363 fructibus
2352 2293 2407 2348 in
2434 2310 2488 2349 se
2512 2305 2800 2366 pascentes,
2830 2295 3119 2352 Ecclesiam
3145 2296 3436 2352 exhilarent
3460 2311 3478 2350 :
3502 2311 3595 2350 nec

276 2372 336 2425 in
362 2379 628 2441 posterum
653 2372 717 2427 de
740 2389 835 2428 sua
865 2376 1252 2448 regeneratione
1280 2394 1520 2448 umquam
1539 2381 1822 2454 ambigant.

351 2462 456 2520 Hic
472 2481 626 2536 porro
648 2467 792 2522 nobis
815 2476 1102 2540 temperare
1124 2472 1335 2527 minime
1356 2489 1650 2541 possumus,
1689 2477 1814 2547 quin
1834 2480 2260 2550 pauca'qnaedam
2285 2481 2614 2539 eucharistiae
2639 2485 2907 2540 occasione
2934 2484 3425 2540 animadvertamus.
3458 2479 3513 2538 Ν
3517 2500 3602 2538 eo-

275 2567 464 2641 phytos
488 2587 518 2624 a
539 2571 841 2645 baptismate
861 2573 1030 2628 adhuc
1052 2574 1314 2630 madentes
1324 2575 1595 2647 episcopus
1619 2587 2054 2633 sacramentorum
2066 2580 2255 2635 eisdem
2276 2579 2526 2637 hactenus
2549 2582 2842 2652 ignotorum
2863 2582 3031 2653 prima
3047 2582 3340 2654 cognitione
3354 2579 3598 2635 instituit.

277 2661 521 2736 Simplex
549 2676 622 2721 est
646 2683 706 2721 ea
750 2665 1024 2723 catechesis
1050 2678 1097 2723 et
1121 2669 1184 2723 ab
1206 2669 1344 2724 omni
1369 2669 1790 2740 ampliﬁcationis
1810 2687 1871 2725 ac
1892 2671 2196 2742 eloquentia:
2217 2676 2339 2744 fuco
2362 2673 2515 2744 plane
2549 2673 2742 2729 aliena.
2772 2672 2898 2728 Ideo
2929 2673 3030 2729 loci
3055 2675 3250 2729 Auctor
3269 2671 3595 2745 probandum

275 2760 568 2830 proposuit,
601 2761 969 2816 eucharistiam
1000 2778 1110 2834 pra:
1139 2779 1329 2817 manna
1361 2772 1503 2817 tanta
1533 2763 1944 2834 prwstantiorem
1970 2779 2101 2830 esse,
2140 2775 2333 2833 quanto
2355 2765 2585 2820 umbram
2615 2782 2804 2838 corpus
2845 2775 3052 2840 superat
3077 2808 3092 2832 ,
3135 2767 3322 2821 veritas
3347 2765 3593 2836 ﬁguram.

280 2845 401 2906 Hoc
431 2862 486 2906 ut
514 2852 846 2921 demonstret,
877 2854 1070 2911 Christi
1096 2873 1300 2913 carnem
1326 2859 1380 2914 in
1410 2875 1566 2930 quam
1595 2876 1687 2932 per
1721 2857 1994 2914 Dominica
2032 2861 2186 2914 verba
2213 2877 2402 2932 panem
2430 2862 2656 2916 converti
2681 2862 2829 2916 dooet
2849 2903 2866 2928 ,
2897 2862 2951 2915 in
2979 2867 3300 2916 sacramento
3345 2857 3606 2914 contineri

277 2945 472 3016 seepius
501 2947 702 3018 repetit.
735 2945 1003 3018 Exemplis
1034 2950 1103 3004 ad
1129 2951 1462 3006 asserendam
1493 2952 1627 3006 hanc
1654 2954 1983 3006 mutationem
2016 2954 2178 3008 utitur
2207 2955 2440 3008 omnium
2489 2955 2713 3010 maxime
2743 2955 3077 3028 prodigiosis.
3119 2953 3356 3024 Denique
3395 2967 3599 3009 summo

277 3052 472 3096 conatu
499 3040 754 3110 adhibito,
787 3054 844 3098 ut
868 3046 1134 3101 oculorum
1157 3049 1445 3103 testimonio
1487 3048 1781 3119 derogetur,
1805 3050 2067 3105 contendit
2107 3066 2198 3106 nec
2245 3049 2514 3105 levissima:
2557 3048 2867 3104 dubitatiani
2895 3046 3063 3102 locum
3094 3062 3224 3113 esse,
3255 3045 3382 3115 quin
3411 3063 3440 3100 e
3468 3061 3604 3118 pane

275 3150 430 3204 quem
460 3149 766 3205 praesentem
797 3154 977 3193 sensus
1002 3141 1264 3208 nuntiant,
1298 3158 1398 3196 non
1427 3141 1600 3214 ﬁgura
1628 3143 1883 3214 corporis,
1911 3144 2003 3198 sed
2028 3160 2216 3216 corpus
2243 3144 2413 3212 ipsum
2444 3144 2537 3214 ﬁat
2557 3152 2861 3213 conceptum
2895 3141 2950 3194 in
2984 3140 3218 3211 Virginis
3246 3151 3392 3195 utero
3411 3181 3428 3208 ,
3455 3149 3504 3195 et
3531 3139 3604 3194 ad

276 3237 508 3284 extrema
526 3229 786 3301 supplicia
811 3247 905 3303 pro
934 3232 1078 3287 nobis
1110 3234 1382 3290 traditum.
1414 3233 1544 3302 Quis
1573 3251 1692 3307 ergo
1721 3246 1866 3308 neget
1911 3235 2200 3293 Prcesulem
2241 3249 2472 3292 nostrum
2509 3255 2681 3294 veram
2716 3247 2765 3292 et
2797 3235 3192 3292 substantialem
3216 3232 3602 3290 conversionem

282 3320 367 3374 hic
389 3323 688 3392 agnovisse?
709 3321 864 3378 Hanc
885 3337 1056 3380 autem
1077 3343 1192 3379 cum
1213 3327 1325 3380 istis
1347 3324 1562 3381 Domini
1587 3327 1769 3394 verbis,
1798 3328 1909 3383 Hoc
1933 3337 2019 3384 est
2046 3343 2247 3398 corpus
2271 3343 2452 3385 meum
2478 3327 2700 3400 (Matth.
2732 3342 2881 3394 xx",
2913 3325 3034 3396 26),
3059 3327 3322 3397 ﬁrmatam
3351 3340 3411 3378 ac
3438 3325 3599 3379 stabi-

283 3412 563 3468 litameelit
591 3414 744 3486 (Cap.
775 3415 832 3482 9,
860 3433 1005 3472 num.
1035 3415 1150 3487 52),
1178 3434 1346 3473 nonne
1367 3419 1639 3490 manifesto
1660 3417 1968 3488 intelligitur
1991 3420 2055 3473 ab
2086 3435 2144 3473 ea
2175 3418 2269 3473 illa
2300 3418 2354 3472 in
2381 3419 2606 3490 simplici
2627 3429 2779 3488 atque
2815 3417 3030 3490 proprio
3065 3432 3219 3472 sensu
3261 3414 3457 3487 accipi,
3488 3431 3594 3471 non

279 3505 340 3560 in
362 3507 620 3576 ﬁgurato?
646 3506 896 3563 Fatemur
917 3507 1122 3580 quidem
1149 3508 1384 3563 adhibita
1412 3525 1613 3580 quoque
1639 3508 1704 3562 ab
1744 3509 1835 3562 illo
1856 3509 2224 3564 miraculorum
2251 3509 2597 3580 quorumdam
2646 3507 2904 3579 exempla,
2932 3507 3112 3577 quibus
3140 3505 3477 3580 regenerandi
3497 3505 3601 3560 vim

280 3600 536 3673 baptismo
564 3603 729 3658 inesse
755 3605 1088 3676 persuaderet
1111 3621 1130 3658 :
1153 3607 1242 3660 sed
1270 3605 1380 3659 illic
1401 3603 1466 3658 de
1485 3605 1673 3659 virtute
1701 3604 2019 3674 producendi
2046 3603 2258 3671 effectus
2284 3604 2478 3676 agitur,
2503 3618 2604 3657 non
2635 3602 2700 3657 de
2721 3600 3055 3656 substantiali
3080 3599 3255 3671 aliqua
3282 3599 3601 3667 mutatione;

279 3711 538 3766 nusquam
565 3698 700 3752 enim
724 3715 872 3767 aqum
893 3709 1130 3753 naturam
1156 3699 1386 3753 converti
1417 3699 1468 3751 in
1499 3697 1761 3766 Spiritum
1789 3697 1906 3751 istic
1935 3697 2168 3768 reperias
2186 3712 2206 3750 :
2250 3705 2304 3749 at
2322 3712 2350 3750 e
2378 3694 2640 3750 contrario
2666 3709 2778 3748 eam
2809 3708 3009 3764 semper
3041 3690 3319 3746 subsistere
3339 3730 3356 3757 ,
3401 3704 3462 3742 ac
3490 3697 3606 3760 post

278 3790 682 3848 benedictionem
712 3795 864 3849 etiam
887 3811 1150 3850 remanere
1179 3802 1285 3848 tam
1308 3792 1586 3864 expressis,
1614 3801 1717 3846 tam
1746 3806 1881 3862 stupe
1909 3791 2106 3846 iteratis
2133 3791 2294 3845 verbis
2326 3797 2575 3855 testatur;
2603 3797 2660 3842 ut
2689 3785 3075 3858 quodammodo
3101 3785 3360 3846 videatur,
3392 3797 3454 3836 ne
3486 3782 3603 3854 quis

278 3881 418 3939 hanc
441 3883 538 3939 sibi
559 3884 853 3955 opinionem
882 3885 938 3939 in
961 3895 1180 3940 mentem
1205 3884 1495 3948 induceret,
1516 3882 1840 3955 praecavisse.
1871 3880 1952 3935 Ad
1977 3881 2088 3935 [nec
2111 3897 2258 3935 nemo
2287 3897 2389 3935 non
2416 3878 2552 3935 uidet
2577 3895 2732 3950 quam
2763 3878 2962 3934 diuersa
2983 3877 3050 3933 sit
3078 3874 3175 3931 hoc
3204 3876 3321 3931 loco
3350 3873 3602 3930 catholici

273 3985 430 4050 atque
455 3976 757 4032 heterodoxi
785 3994 961 4032 causa.
995 3977 1198 4032 Etenim
1227 3975 1390 4048 quivis
1419 3974 1747 4029 sacerdotum
1777 3981 2069 4027 nostrorum
2099 3971 2491 4027 Ambrosianum
2520 3971 2575 4025 in
2600 3969 2815 4024 rudibus
2846 3969 2995 4025 istius
3026 3968 3257 4039 mysterii
3302 3966 3598 4037 cognitione

274 4069 614 4128 instituendis
636 4071 885 4126 rationem
913 4079 963 4126 et
988 4069 1217 4126 laudabit
1245 4078 1294 4123 et
1315 4076 1557 4139 sequetur
1588 4082 1742 4138 quam
1765 4065 2115 4121 lubentissime
2138 4080 2157 4118 .·
2178 4063 2291 4134 quis
2312 4079 2431 4118 vero
2455 4062 2808 4117 ministrorum
2837 4061 3170 4115 sectariorum
3195 4057 3468 4112 tenendam
3494 4055 3597 4110 sibi

279 4164 437 4236 plane
455 4163 770 4220 contrariam
796 4178 897 4218 non
924 4162 1175 4218 existimet
1198 4161 1222 4214 .9
1243 4159 1502 4214 Addimus
1529 4159 1680 4213 etiam
1701 4155 1990 4211 orthodoxa
2012 4154 2245 4227 dogmati
2273 4153 2582 4208 stabilienda
2604 4153 2657 4206 in
2685 4151 2781 4206 hac
2811 4151 2981 4216 opella
3006 4148 3327 4221 suppeditari
3356 4161 3601 4231 expressa

277 4266 333 4314 et
357 4258 580 4329 positioa
599 4301 614 4326 ,
664 4267 721 4312 ut
765 4265 947 4312 uocant
966 4298 982 4322 ,
1023 4255 1380 4325 ﬁrmamenta;
1409 4267 1528 4306 cum
1568 4259 1737 4305 tamen
1769 4249 2065 4304 Albertinus
2089 4226 2509 4303 Carentonianus
2533 4243 2790 4316 quondam
2818 4241 3050 4296 minister
3090 4240 3210 4294 hinc
3238 4226 3599 4311 argumentum

281 4350 573 4424 probandae
601 4364 710 4404 sua:
738 4347 968 4420 opinioni
991 4345 1196 4401 nullum
1224 4344 1492 4418 depromat
1516 4359 1537 4410 ;
1567 4343 1656 4398 sed
1685 4351 1882 4397 tantum
1912 4339 2008 4396 sibi
2037 4347 2296 4412 proponat
2338 4337 2650 4412 objectianes
2676 4334 2824 4408 (Lib.
2849 4349 2886 4390 ll
2915 4334 2979 4388 de
3003 4333 3332 4389 Sacrament.
3363 4349 3482 4402 cap.
3510 4329 3595 4400 2),

277 4442 470 4514 quibus
499 4457 604 4496 non
632 4440 734 4495 nisi
761 4438 937 4511 [utilia
958 4437 1160 4510 penitus
1185 4452 1246 4491 ac
1283 4451 1416 4490 vana
1446 4433 1740 4507 respondet.
1789 4431 1942 4500 Atqui
1968 4440 2202 4487 constare
2229 4438 2428 4500 oportet
2471 4427 2616 4497 apud
2659 4441 2833 4497 ecquos
2861 4424 3197 4480 mstimatores
3227 4439 3291 4478 ea:
3325 4425 3421 4478 hoc
3445 4438 3598 4493 opere

276 4513 374 4593 ubi
405 4534 734 4606 familiariter
765 4532 945 4603 primis
973 4530 1239 4601 praeceptis
1267 4543 1423 4584 novos
1449 4525 1771 4582 Christianos
1788 4522 2088 4578 Ambrosius
2115 4521 2320 4588 imbuit,
2345 4518 2472 4591 quid
2499 4517 2764 4574 sententia:
2781 4531 2938 4586 super
2965 4514 3287 4570 eucharistia
3307 4513 3384 4568 illi
3409 4513 3563 4583 fuerit
3585 4553 3602 4580 ,

277 4604 458 4702 potius
483 4625 788 4682 discendum
812 4665 828 4691 ,
857 4640 1012 4694 quam
1037 4638 1102 4678 ex
1126 4621 1248 4676 aliis
1273 4619 1506 4690 ejusdem
1552 4616 1731 4678 libris;
1777 4613 2190 4684 quandoquidem
2231 4613 2283 4666 in
2313 4611 2394 4665 his
2419 4610 2484 4665 de
2510 4608 2766 4664 industria
2793 4615 3002 4680 propter
3028 4604 3267 4676 inﬁdeles
3289 4612 3439 4677 atque
3463 4612 3604 4658 catc-

280 4701 568 4776 chumenos
596 4718 686 4789 qui
715 4732 832 4772 eum
861 4731 976 4770 cum
1005 4711 1280 4784 baptizatis
1302 4710 1506 4782 confusi
1531 4707 1844 4773 audiebant,
1870 4705 2136 4760 obscurius
2163 4701 2516 4771 eloquebatur.

361 4784 928 4887 Hujusce'scriptionis
953 4807 1043 4879 qui
1069 4805 1366 4870 meminere,
1409 4817 1597 4876 magno
1621 4815 1873 4856 consensu
1899 4814 2012 4852 eam
2039 4795 2312 4852 Ambrosio
2357 4808 2560 4863 semper
2585 4792 2964 4847 attribuerant:
2993 4789 3086 4846 sed
3102 4787 3309 4845 tandem
3345 4784 3604 4860 superiori

267 4879 476 4963 seculo
501 4879 802 4960 exstiterunt
823 4898 1033 4973 quidam
1059 4894 1380 4960 heterodoxi,
1405 4893 1494 4964 qui
1520 4891 1835 4963 possessione
1867 4901 1970 4943 tam
1995 4889 2244 4942 diuturna
2272 4893 2506 4940 sanctum
2537 4883 2809 4938 Doctorem
2837 4882 3185 4938 abdicandum
3205 4879 3446 4935 arbitrati
3460 4887 3600 4934 sunt.

282 4998 596 5071 Reperimus
626 4997 763 5052 enim
785 4968 954 5049 Henr.
981 4989 1273 5060 Bullingeri
1302 4987 1370 5040 ad
1396 4984 1586 5040 Joach.
1625 4981 1916 5037 Vadianum
1947 4979 2142 5034 litteras
2179 4975 2324 5049 apud
2366 4982 2602 5030 sanctum
2627 4971 2841 5028 Gallum
2871 4972 2902 5026 7
2924 4972 3074 5046 julii,
3107 4987 3197 5026 an.
3231 4969 3372 5026 1535
3416 4968 3598 5033 datas,

280 5060 469 5165 quibus
499 5091 634 5144 hunc
662 5087 854 5142 librum
877 5099 992 5139 cum
1015 5081 1336 5152 sequentibus
1365 5077 1436 5134 de
1463 5073 1833 5132 Sacramentis
1857 5088 1964 5126 una
1991 5070 2354 5143 complectens,
2379 5083 2496 5122 cum
2523 5065 2617 5121 illo
2643 5081 2698 5121 se
2721 5065 2786 5119 de
2815 5073 3034 5135 utroque
3056 5080 3211 5137 opere
3229 5063 3419 5118 sentire
3438 5060 3604 5132 signi-

283 5151 432 5258 ﬁcat,
454 5183 698 5238 nimirum
726 5178 975 5249 stupidas
1001 5151 1104 5232 hos
1133 5185 1476 5244 nequaquam
1505 5182 1629 5225 esse
1676 5165 1915 5222 auctoris
1959 5162 2151 5235 optimi
2195 5169 2251 5218 et
2290 5159 2482 5230 judicii
2504 5157 2908 5215 emunctissimi
2936 5155 3193 5213 feturam.
3226 5153 3423 5208 Causas
3451 5151 3604 5207 istius

287 5245 366 5332 rei
394 5245 498 5330 tres
528 5270 678 5341 aﬁert
700 5310 719 5339 ,
748 5245 868 5341 styli
888 5265 1257 5335 differentiam,
1281 5263 1478 5318 variam
1507 5259 1592 5313 hic
1626 5268 1672 5312 et
1716 5257 1770 5311 in
1812 5255 2098 5328 exploratis
2138 5251 2398 5308 Ambrosii
2437 5250 2582 5305 libris
2622 5250 2942 5320 exponenda:
2966 5246 3296 5303 eucharistia:
3320 5245 3602 5312 rationem,

287 5332 651 5426 tractationem
671 5332 847 5419 rerum
869 5332 1189 5434 frigidior-em
1211 5372 1363 5428 quam
1387 5370 1480 5427 pro
1493 5349 1832 5406 Ambrosiano
1861 5347 2098 5403 acumine
2118 5361 2179 5400 ac
2199 5341 2487 5414 diligentia.
2520 5339 2620 5394 His
2649 5339 2796 5394 addit
2823 5339 3098 5394 Erasmum
3123 5336 3218 5392 etsi
3237 5332 3598 5400 dissimularit,

285 5471 341 5523 el
357 5463 621 5537 judicium
641 5459 823 5515 texerit
849 5428 1022 5521 suum,
1043 5471 1105 5509 ne
1125 5451 1382 5507 videretur
1410 5463 1581 5503 eorum
1605 5445 1668 5500 de
1690 5440 2026 5500 sacramentis
2046 5437 2349 5496 sententiam
2384 5433 2574 5490 sectari
2595 5451 2616 5500 ;
2641 5449 2760 5488 cum
2790 5441 2956 5486 tamen
2977 5430 3072 5486 hos
3107 5429 3262 5483 libros
3285 5428 3520 5498 rejecerit
3547 5428 3605 5482 in

281 5519 619 5631 poitremum.
636 5548 991 5607 Ambrosiano:
1010 5519 1251 5601 editionis
1270 5551 1484 5606 tomum,
1512 5554 1615 5592 non
1640 5535 1878 5590 dubitare
1905 5549 1961 5589 se
1984 5531 2110 5604 quin
2149 5529 2240 5584 ille
2266 5527 2481 5583 senserit
2530 5523 2802 5631 mangg‘nis
2828 5522 3118 5631 cuiuspiam
3153 5519 3288 5574 illud
3299 5535 3597 5631 .esse‘opus.

269 5613 456 5720 Δἓὶιηιεὶ
486 5664 604 5703 vero
646 5645 897 5700 Erasmus
936 5648 1179 5713 quartum
1224 5651 1375 5692 suum
1410 5643 1605 5688 tomum
1650 5645 1716 5686 ea:
1758 5628 1884 5684 solis
1931 5624 2238 5682 adulterinis
2285 5619 2652 5692 composuerit.
2681 5616 2951 5720 Sedmcum
2991 5615 3057 5669 de
3095 5614 3346 5714 sententia
3391 5613 3603 5672 Erasmi

279 5703 522 5801 Quae:
549 5740 693 5794 ista'c
728 5703 1006 5790 hariolat'io
1026 5774 1041 5798 ,
1067 5726 1388 5805 explodenda
1419 5725 1591 5798 potius
1613 5721 1815 5777 videtur
1842 5733 1998 5789 quam
2023 5715 2326 5786 refellenda.
2363 5710 2548 5767 Tribus
2577 5717 2750 5764 autem
2776 5704 2884 5760 illis
2906 5719 3020 5776 qua!
3039 5703 3304 5777 praemissa
3330 5715 3473 5770 sunt,
3499 5721 3603 5764 uno

283 5799 443 5902 urbe)
470 5830 896 5906 respondebimus
919 5799 1223 5882 catechesim
1252 5837 1380 5890 esse,
1409 5830 1562 5888 atque
1591 5815 1719 5870 adeo
1748 5813 2044 5867 charactere
2063 5809 2157 5865 sibi
2181 5808 2410 5878 proprio,
2436 5805 2490 5858 id
2511 5813 2602 5872 est,
2633 5799 2956 5873 simpliciter,
2983 5808 3157 5872 aperte
3175 5814 3236 5854 ac
3253 5799 3363 5858 sine
3384 5799 3605 5902 motibus
