4042 6294
464 288 566 349 591

1827 293 2072 354 SANCTI
2110 294 2436 357 AMBROSII

3661 305 3755 362 39‘!

464 412 588 483 ejus
610 425 673 468 ac
693 410 1087 485 voluptatibus.
1110 410 1350 469 Tenetur
1378 426 1482 471 vox
1509 420 1620 481 tua,
1646 428 1753 470 non
1782 413 1835 470 in
1869 415 2075 471 tumulo
2099 420 2152 481 Α
2182 417 2236 472 in
2275 416 2444 487 ipsius
2490 415 2681 473 mundi
2704 406 3128 489 ‘prazﬁguratum
3158 416 3390 491 origine.
3420 420 3477 476 In
3505 421 3759 494 principio

467 512 805 561 mortuorum
826 545 841 571 ,
870 503 967 561 sed
995 505 1049 560 in
1082 505 1222 562 libro
1251 505 1569 563 viventium.

536 595 593 653 6.
638 595 833 653 Vidisti
879 596 991 653 illic
1041 597 1299 671 levitam,
1331 607 1358 636 ι
1387 598 1567 654 vidisti
1596 598 1959 666 sacerdotem,
1991 600 2072 656 vi-

465 687 594 746 disti
625 705 895 746 summum
942 689 1308 749 sacerdotem.
1348 689 1470 747 Noli
1500 692 1849 748 considerare
1875 707 2072 764 corpo-

466 805 586 846 rum
616 790 836 862 ﬁguras,
867 788 964 846 sed
1008 788 1392 861 mysteriorum
1422 789 1672 861 gratiam.
1707 789 2070 845 Praesentibus

463 884 673 956 angelis
718 884 929 941 locutus
975 898 1035 939 es
1064 925 1078 950 ,
1108 882 1249 938 sicut
1289 881 1550 953 scriptum
1600 890 1686 938 est
1719 899 1732 937 :
1766 881 1904 950 Quia
1934 881 2072 936 labia

463 977 745 1033 sacerdotis
774 974 1070 1032 custodiunt
1098 975 1364 1031 scientiam
1388 1016 1405 1043 ,
1429 983 1473 1029 et
1500 975 1664 1045 legem
1708 974 1983 1045 exquirunt
2009 990 2073 1028 ea:

463 1088 553 1127 ore
590 1071 790 1141 ipsius;
815 1069 1058 1143 quoniam
1098 1070 1313 1142 angelus
1351 1077 1426 1123 est
1450 1066 1479 1107 δ
1509 1066 1721 1123 Domini
1750 1068 2073 1140 omnipoten-

460 1164 528 1220 tis
556 1161 775 1237 (Malae.
822 1179 884 1228 ιι,
915 1160 994 1234 7).
1022 1161 1140 1218 Non
1167 1172 1252 1218 est
1281 1160 1505 1228 fallere,
1537 1175 1646 1215 non
1693 1166 1778 1214 est
1823 1174 2021 1230 negare
2055 1175 2067 1212 :

462 1256 694 1330 angelus
737 1264 821 1313 est
866 1256 956 1327 qui
1002 1269 1232 1326 regnum
1260 1250 1462 1309 Christi
1500 1262 1555 1308 et
1598 1252 1763 1306 vitam
1813 1261 2071 1307 aeternam

462 1349 767 1407 annuntiat.
795 1347 917 1404 Non
945 1348 1134 1419 specie
1165 1347 1260 1403 tibi
1290 1346 1450 1419 327
1480 1343 1830 1401 aestimandus
1857 1344 1947 1411 sit,
1975 1342 2072 1399 sed

461 1461 711 1504 munere.
757 1444 897 1514 Quid
939 1442 1227 1499 tradiderit
1270 1440 1578 1506 considera,
1606 1454 1762 1496 usum
1808 1437 1928 1509 ejus
1971 1452 2070 1493 ex—

461 1540 664 1614 pende,
693 1548 749 1598 et
777 1549 978 1597 statum
1010 1540 1131 1612 ejus
1159 1553 1416 1612 agnosce.

533 1636 586 1690 7.
634 1636 922 1707 Ingressus
1001 1649 1062 1692 es
1134 1634 1299 1706 igitur
1360 1641 1420 1689 ut
1474 1630 1846 1689 adversarium
1921 1638 2069 1685 tuum

459 1743 757 1798 cerneres,
826 1728 961 1785 (εουί
1008 1726 1439 1785 renuntiandum
1499 1725 1553 1782 in
1604 1741 1667 1782 os
1716 1724 1924 1797 putaris
1956 1740 1971 1779 ι
2002 1723 2069 1778 ad

2173 510 2327 581 ipso,
2358 509 2574 579 quando
2603 509 2729 567 fecit
2754 510 2900 567 Deus
2930 510 3128 567 caelum
3158 520 3216 568 et
3244 523 3475 581 terram,
3508 514 3758 583 Spiritus,

2175 604 2377 674 inquit,
2425 604 2852 676 superferebatur
2888 622 3041 678 super
3082 621 3245 677 aquas
3279 606 3439 677 (Gen.
3466 622 3520 672 l,
3559 606 3640 679 2).
3667 606 3763 676 Qui

2174 697 2619 769 superferebatur
2656 713 2821 769 super
2859 713 3061 770 aquas,
3104 712 3214 754 non
3244 699 3578 770 operabatur
3610 714 3765 769 super

2177 792 2389 864 aquas?
2420 804 2443 830 θ
2490 793 2597 850 Sed
2659 793 2788 865 quid
2851 793 3028 849 dicam
3093 792 3465 865 operabatur?
3518 795 3658 867 quod
3702 794 3766 850 ad

2177 886 2524 956 praesentiam
2574 896 2817 957 spectat,
2875 885 3345 958 superierebatur.
3402 885 3524 942 Non
3585 901 3769 956 opera-

2174 979 2356 1045 batur,
2405 980 2496 1050 qui
2537 978 3027 1049 superferebatur?
3080 979 3362 1051 Cognosce
3408 978 3535 1051 quia
3584 992 3770 1049 opera-

2175 1071 2337 1127 batur
2378 1072 2430 1127 in
2462 1072 2551 1127 illa
2580 1071 2768 1127 mundi
2799 1071 2998 1128 fabrica
3025 1113 3041 1139 ,
3080 1070 3299 1141 quando
3336 1069 3437 1127 tibi
3472 1068 3605 1127 dicit
3641 1070 3768 1125 Pro—

2178 1164 2388 1237 pheta:
2442 1164 2606 1221 Verbo
2655 1164 2869 1222 Domini
2900 1167 3016 1221 εωιί
3042 1167 3236 1238 ﬁrmati
3285 1176 3428 1232 sunt,
3473 1174 3522 1222 et
3573 1164 3770 1237 Spiritu

2176 1261 2282 1315 oris
2294 1262 2406 1328 eius
2424 1262 2590 1315 omnis
2602 1261 2766 1315 virtus
2783 1276 2962 1316 eorum
2985 1258 3161 1334 (Psal.
3193 1274 3363 1326 χχιιι,
3388 1256 3771 1327 6}.Utrumque

2177 1352 2497 1424 prophetico
2514 1353 2807 1410 subnixum
2830 1363 2914 1411 est
2929 1353 3242 1410 testimonio
3259 1393 3275 1419 ,
3308 1363 3362 1408 et
3383 1351 3511 1423 quia
3530 1348 3772 1422 superfe-

2174 1446 2400 1503 rebatur
2449 1458 2503 1504 et
2535 1450 2661 1518 quia
2715 1447 3063 1519 operabatur.
3108 1446 3245 1515 Quia
3292 1444 3769 1517 superferebatur,

2176 1539 2392 1613 Moyses
2439 1541 2571 1597 dicit
2605 1542 2767 1613 :quia
2801 1542 3149 1613 operabatur,
3206 1539 3376 1595 David
3432 1538 3772 1596 testiﬁcatur.

2248 1634 2335 1691 10.
2369 1636 2571 1708 Accipe
2600 1636 2745 1693 aliud
2778 1636 3171 1693 testimonium.
3201 1634 3474 1707 Corrupta
3509 1644 3630 1691 erat
3645 1648 3771 1690 caro

2174 1728 2351 1783 omnis
2396 1728 2466 1784 ab
2518 1729 2893 1801 iniquitatibus
2941 1729 3075 1784 suis.
3119 1727 3244 1783 Non
3291 1727 3648 1799 permanebit,
3686 1725 3769 1780 in-

458 1824 727 1880 orientem
772 1820 1158 1889 converteris;
1198 1821 1290 1893 qui
1319 1823 1465 1877 enim
1506 1808 1785 1877 renuntiat
1811 1818 2067 1885 diabolo,
2100 1837 2149 1897 B
2174 1821 2293 1892 quit
2322 1821 2467 1877 Deus
2491 1863 2506 1891 ,
2539 1821 2770 1895 Spiritus
2799 1839 2943 1877 meus
2984 1825 3038 1877 in
3070 1822 3364 1878 hominibus
3389 1866 3404 1889 ,
3437 1822 3560 1894 quia
3595 1836 3769 1876 carnes

457 1914 528 1973 ad
566 1915 846 1973 Christum
874 1915 1255 1985 convertitur,
1295 1914 1448 1970 illum
1498 1912 1705 1971 directo
1744 1911 1925 1969 cernit
1969 1913 2066 1970 ob-

459 2017 604 2068 ιυιιι.

1075 2106 1307 2164 CAPUT
1344 2105 1435 2162 III.

460 2193 531 2254 In
568 2214 705 2270 aqua
734 2205 782 2256 et
820 2199 982 2255 sacris
1021 2200 1275 2255 ministris
1322 2199 1651 2270 prtesentiam
1687 2206 1838 2272 atque
1882 2213 2066 2271 opera-

533 2293 725 2348 tionem
778 2292 1068 2349 divinitatis
1126 2291 1559 2347 considerandam
1620 2307 1732 2346 esse
1759 2333 1775 2359 ,
1828 2289 2065 2363 pluribus

536 2384 721 2460 ﬁguris
750 2385 937 2458 quibus
963 2385 1219 2456 baptisma
1244 2388 1362 2459 jam
1390 2384 1512 2439 inde
1539 2402 1571 2439 a
1599 2386 1781 2439 mundi
1809 2382 2066 2438 creatione

531 2494 593 2534 ac
630 2487 809 2550 postea
838 2478 1245 2549 prtenuntiatum
1270 2487 1386 2547 est,
1418 2477 1586 2534 docet.

534 2657 589 2715 8.
631 2657 772 2730 Quid
809 2656 1035 2715 vidisti?
1073 2657 1262 2729 Aquas
1312 2657 1531 2729 utique,
1579 2655 1679 2714 sed
1726 2670 1836 2714 non
1876 2657 2059 2715 solas:

459 2751 656 2811 levitas
723 2753 838 2810 illic
913 2753 1328 2819 ministrantes,
1382 2767 1654 2808 summum
1717 2751 2062 2809 sacerdotem

457 2846 892 2919 interrogantem
922 2843 951 2884 ἀ
996 2856 1055 2903 et
1110 2856 1548 2903 consecrantem.
1593 2845 1777 2901 Primo
1813 2844 2058 2901 omnium

460 2939 649 2998 docuit
711 2951 764 2998 te
812 2940 1116 3015 Apostolus
1159 2956 1269 2998 non
1315 2956 1376 2997 ea
1428 2939 1850 3011 contemplanda
1902 2938 2062 2995 nobis

457 3052 573 3109 qua
615 3035 876 3104 uidentur,
922 3037 1015 3092 sed
1058 3052 1176 3108 qua
1220 3052 1324 3091 non
1361 3034 1616 3101 videntur,
1648 3034 1894 3104 quoniam
1945 3048 2061 3101 qua:

455 3132 716 3201 uidentur,
752 3132 1056 3202 temporalia
1102 3140 1267 3186 sunt:
1289 3146 1405 3203 qua:
1428 3137 1601 3184 autem
1637 3145 1740 3183 non
1787 3126 2053 3193 uidentur,

2171 1924 2290 1970 sunt
2344 1913 2503 1985 (Gen.
2537 1931 2628 1982 vi,
2686 1916 2769 1990 ξε.)
2831 1916 2950 1985 Quo
3006 1916 3251 1973 ostendit
3288 1917 3435 1972 Deus
3490 1915 3615 1987 quia
3655 1929 3773 1971 car-

2169 2008 2277 2064 nali
2304 2009 2670 2077 immunditia,
2741 2020 2797 2065 et
2842 2011 3109 2082 gravioris
3157 2010 3281 2066 labe
3338 2010 3550 2081 peccati
3600 2007 3768 2080 gratia

2168 2102 2430 2172 spiritalis
2456 2105 2742 2160 avertitur.
2781 2103 2938 2160 Unde
2960 2104 3150 2160 volens
3178 2104 3324 2160 Deus
3353 2117 3613 2175 reparare
3631 2101 3772 2173 quod

2167 2194 2379 2263 deerat,
2431 2195 2696 2252 diluvium
2749 2197 2895 2263 fecit,
2951 2207 3007 2254 et
3047 2198 3256 2269 justum
3308 2196 3426 2254 Noe
3480 2199 3536 2251 iu
3592 2211 3772 2252 arcam

2162 2286 2328 2358 jussit
2374 2288 2675 2344 ascendere
2716 2287 2876 2362 (Gen.
2926 2305 3039 2357 vn,
3097 2291 3112 2343 Ι
3150 2299 3197 2344 et
3239 2288 3372 2361 seq.)
3422 2286 3573 2358 fQui
3623 2288 3773 2353 dum,

2163 2380 2468 2439 decedente
2489 2382 2718 2448 diluvio,
2750 2398 2977 2440 corvum
3006 2382 3307 2439 dimisisset
3328 2382 3506 2453 prius,
3531 2383 3626 2453 qui
3656 2397 3764 2437 non

2166 2477 2433 2542 revertit;
2465 2475 2675 2532 dimisit
2713 2476 3055 2545 columbam,
3098 2492 3221 2548 qua:
3261 2489 3384 2532 cum
3417 2490 3573 2531 ramo
3612 2474 3778 2547 3”

2164 2572 2302 2629 oleae
2358 2571 2560 2644 legitur
2603 2571 2899 2628 revertisse
2940 2568 3096 2643 (Gen.
3149 2585 3283 2638 vui,
3338 2570 3372 2624 7
3403 2611 3420 2637 ,
3472 2570 3554 2641 8).
3608 2568 3773 2626 Vides

2164 2678 2362 2735 aquam
2382 2705 2397 2730 ,
2426 2662 2581 2719 vides
2610 2663 2841 2735 lignum,
2877 2662 3190 2719 columbam
3220 2661 3442 2735 aspicis,
3474 2672 3533 2720 et
3559 2662 3775 2720 dubitas

2165 2755 2234 2811 de
2261 2755 2524 2827 mysterio
2543 2754 2567 2807 ?

2238 2850 2325 2904 11.
2366 2847 2520 2920 Aqua
2561 2856 2644 2905 est
2695 2864 2828 2920 ergo
2867 2864 2973 2920 qua
3022 2862 3152 2905 caro
3194 2849 3481 2920 mergitur,
3519 2858 3579 2906 ut
3608 2863 3774 2907 omne

2166 2944 2469 2999 sabluatur
2508 2944 2728 3000 carnale
2767 2954 3077 3016 peccatum.
3117 2945 3398 3017 Sepelitur
3451 2944 3565 3000 illic
3613 2959 3777 3000 omne

2163 3037 2446 3106 ﬂagitium.
2491 3035 2720 3106 Liguum
2760 3038 2928 3093 estin
2967 3052 3076 3110 quo
3120 3037 3355 3093 sufﬁxus
3385 3048 3472 3094 est
3506 3038 3776 3094 Dominus

2161 3131 2353 3196 Jesus,
2410 3147 2532 3186 cum
2585 3139 2863 3202 pateretur
2897 3147 2998 3203 pro
3047 3131 3225 3188 nobis.
3278 3129 3545 3187 Columba
3585 3140 3672 3186 est
3718 3132 3774 3186 in

454 3236 649 3283 teterna
697 3224 765 3299 (ll
795 3224 918 3282 Cor.
960 3240 1049 3293 tv,
1081 3223 1194 3297 18).
1226 3222 1361 3280 Nam
1402 3232 1459 3279 et
1503 3222 1633 3279 alibi
1671 3221 1883 3278 liabes‘:
1920 3219 2058 3285 Quia
2084 3231 2130 3295 ρ
2163 3223 2320 3294 cujus
2345 3223 2531 3295 specie
2575 3221 2862 3281 descendit
2886 3223 3122 3295 Spiritus
3151 3235 3407 3291 sanctus,
3437 3224 3580 3281 sicut
3625 3223 3774 3280 didi—

452 3319 735 3375 invisibilia
763 3317 864 3374 Dei
891 3336 924 3373 a
951 3328 1188 3374 creatura
1226 3318 1406 3372 mundi
1430 3333 1523 3390 per
1546 3333 1607 3371 ea
1633 3333 1748 3386 qua:
1772 3319 1911 3387 facta
1939 3323 2057 3369 sunt
2159 3317 2283 3374 cisti
2332 3318 2385 3372 in
2438 3333 2581 3373 novo
2623 3317 2977 3375 Testamento
3005 3317 3224 3392 (Matth.
3262 3335 3353 3388 ιη,
3385 3317 3501 3391 16),
3532 3318 3632 3389 qui
3676 3318 3775 3374 tibi

452 3412 957 3484 comprehenduntur
1001 3430 1021 3469 :
1047 3412 1361 3483 sempiterna
1405 3427 1608 3483 quoque
1650 3415 1811 3466 uirtus
1839 3414 1953 3485 ejus
2001 3425 2062 3463 ac
2162 3425 2349 3481 pacem
2420 3412 2619 3466 anima:
2654 3451 2669 3477 ,
2718 3411 3170 3481 tranquillitatem
3244 3413 3445 3468 mentis
3513 3412 3772 3483 inspirat.

450 3506 696 3562 divinitas
732 3506 995 3578 operibus
1031 3506 1336 3561 aestimatur
1365 3504 1542 3576 (Rom.
1578 3520 1629 3572 ι,
1668 3502 1786 3575 20).
1828 3502 1984 3560 Unde
2005 3511 2060 3557 et

449 3598 569 3670 ipse
609 3596 871 3654 Dominus
899 3597 976 3653 ait
1004 3614 1018 3651 :
1050 3596 1112 3654 Si
1160 3596 1289 3651 mihi
1320 3612 1422 3651 non
1451 3595 1682 3661 creditis,
1710 3594 1794 3649 vel
1821 3595 2059 3663 aperibus

450 3680 648 3745 credite
694 3686 876 3760 (Joan.
930 3704 1006 3755 ι,
1038 3686 1154 3761 '58).
1190 3687 1369 3745 Crede
1415 3703 1550 3759 ergo
1596 3687 1900 3743 divinitatis
1946 3686 2059 3742 illic

448 3780 647 3839 adesse
684 3781 1053 3853 praesentiam.
1086 3781 1474 3854 Operationem
1502 3781 1714 3850 credis,
1745 3796 1852 3836 non
1880 3780 2059 3837 credis

448 3876 842 3949 praesentiam?
886 3873 1047 3932 Unde
1089 3886 1418 3948 sequeretur
1461 3877 1730 3948 operatio,
1770 3874 1878 3931 nisi
1918 3890 2061 3948 pra:-

447 3970 673 4029 cederet
705 3981 841 4029 ante.
864 3971 1197 4044 praesentia?

519 4065 578 4123 9.
616 4064 918 4124 Considera
967 4074 1150 4122 autem
1186 4079 1351 4136 quam
1394 4073 1553 4123 vetus
1592 4063 1914 4137 mysterium
1943 4063 2055 4129 sit,

443 4210 790 4280 Ambrosius,
815 4209 956 4267 hanc
975 4219 1157 4268 tamen
1185 4210 1345 4281 cujus
1371 4223 1534 4266 nemo
1559 4209 1677 4267 fere
1702 4210 1924 4268 Patrum
1952 4226 2060 4267 non

445 4284 728 4351 meminit,
773 4282 1037 4339 omissam
1088 4282 1287 4349 noluit,
1337 4290 1525 4354 utpote
1570 4284 1714 4339 inter
1756 4282 2063 4355 praecipuas

443 4364 881 4412 annumeratam.

519 4433 548 4464 ι
586 4425 748 4481 Rom.
794 4423 929 4481 edit.
973 4423 1126 4493 sola,
1171 4424 1347 4480 uidisti
1391 4425 1685 4481 sacerdotes
1708 4465 1724 4492 ,
1757 4436 1813 4481 et
1841 4440 1974 4481 sane
2002 4425 2056 4481 in

446 4494 545 4570 lib.
573 4496 705 4570 t_de_
740 4496 991 4570 S_acram.
1019 4536 1036 4562 ,
1068 4509 1189 4567 cap.
1216 4494 1274 4563 2,
1318 4496 1606 4570 presbyter
1636 4506 1974 4570 memoratur
2000 4498 2056 4552 in

441 4566 858 4640 singulari.Per
883 4568 1022 4640 hanc
1062 4566 1243 4640 autem
1275 4582 1465 4640 vocem
1485 4566 1604 4625 'nou
1631 4569 1970 4639 episcopum,
1998 4579 2058 4623 ut

442 4629 608 4710 sole't,
634 4638 883 4710 designat
908 4636 967 4695 S.
998 4637 1226 4710 Praesnl,
1257 4639 1354 4694 sed
1384 4640 1609 4696 secundi
1639 4629 1847 4696 ordinis
1872 4629 2057 4697 sacer-
2082 4629 2137 4690 D

444 4709 661 4777 dotem,
692 4709 774 4766 ad
803 4710 959 4781 cujus
999 4709 1405 4783 distinctionem
1451 4713 1740 4783 episcopus
1791 4711 2054 4783 continuo

481 4790 570 4838 ost
605 4795 851 4838 summus
885 4782 1146 4838 sacerdos
1189 4784 1525 4839 nominatur.
1573 4784 1771 4838 lterum
1804 4797 1935 4839 vero
1966 4782 2053 4837 ubi

467 4852 668 4927 irasm.
698 4867 822 4927 cum
857 4867 977 4927 seq.
1001 4852 1135 4909 edit.
1165 4863 1221 4927 et
1244 4870 1376 4911 mss.
1430 4855 1662 4927 aliquot,
1694 4856 2054 4927 mysteriorum

443 4924 704 4998 gratiam;
747 4925 974 4981 Amerb.
1004 4940 1128 4981 cum
1171 4925 1416 4996 pluribus
1458 4924 1536 4983 ac
1552 4924 1878 4998 potioribus,
1914 4934 1973 4980 ut
1999 4927 2051 4980 in

445 5005 618 5053 textu.

512 5066 543 5107 ιι
584 5067 711 5123 Mss.
775 5066 1022 5123 nonnulli
1069 5083 1192 5125 cum
1238 5080 1391 5128 textu
1436 5068 1659 5126 hebrazo
1704 5080 1760 5126 et
1806 5069 2048 5126 version.

442 5137 603 5211 Vulg.
634 5148 691 5195 et
716 5136 1157 5213 Chald._Domini
1183 5144 1523 5198 exercituum.
1555 5140 1770 5213 Reliqui
1817 5152 1873 5198 et
1916 5141 2051 5213 edit.

439 5207 638 5292 omnes
656 5226 780 5268 cum
810 5207 957 5266 LXX
978 5252 993 5279 ,
1025 5210 1246 5283 Syriaca
1277 5224 1330 5270 et
1358 5214 1612 5279 Arabica,
1643 5207 1856 5268 Domini
1886 5212 2054 5266 omni-

479 5291 682 5339 utentis.

512 5299 529 5338 t
618 5299 682 5339 t.

440 5299 768 5428 focagtnnes
817 5352 972 5428 edit.,
1058 5355 1139 5410 cui
1180 5358 1584 5413 renuntiandum
1638 5373 1764 5413 mea:
1810 5363 2043 5428 putares.

440 5423 643 5500 Omnes
679 5440 837 5490 mss.,
866 5427 959 5500 cui
979 5429 1384 5485 renuntiandum
1411 5431 1467 5484 in
1493 5446 1549 5484 os
1570 5470 1584 5495 ,
1614 5423 1836 5500 quidam
1885 5437 2043 5495 puta-

438 5512 545 5565 νει,
576 5498 774 5568 Plures,
785 5499 1011 5568 putaris,
1040 5514 1179 5556 unus
1207 5502 1370 5558 etiam
1395 5498 1644 5567 sputaris.
1679 5500 1737 5555 In
1766 5513 1829 5555 os
1854 5506 2033 5553 autem

440 5566 1131 5654 renuntiarejidemest‘ae
1148 5572 1323 5641 palam
1348 5566 1637 5654 etaperte,
1658 5571 1750 5627 Sic
1770 5571 2032 5654 cieri-96a-

441 5662 582 5698 ωπον
640 5640 877 5718 Surgitur
936 5640 991 5698 in
1034 5640 1263 5718 Didymo
1313 5640 1654 5718 et__S(':ltolii_s
1697 5640 2031 5718 graecis'pro

439 5711 965 5790 mpég._Sumi_tur
1006 5710 1168 5770 etiam
1209 5716 1284 5790 inA
1308 5716 1429 5771 aliis
1457 5710 2032 5790 scholiis_'pro_&fvai_¢o-

443 5784 648 5859 χύνξως
697 5784 1041 5859 impudenter
1073 5805 1085 5841 :
1119 5802 1227 5859 quo
1262 5786 1402 5859 forte
1428 5801 1596 5859 sensu
1620 5784 1912 5859 Job},_ll,
1947 5786 2027 5841 iu-

2158 3503 2375 3560 Corvus
2418 3512 2506 3561 est
2539 3504 2706 3576 ﬁgura
2742 3506 2986 3576 peccati,
3014 3507 3159 3578 quod
3190 3505 3334 3577 exit,
3368 3516 3425 3564 et
3446 3522 3553 3563 non
3578 3523 3777 3565 rever-

2161 3596 2337 3663 titur;
2391 3597 2437 3651 si
2474 3596 2527 3653 in
2563 3606 2613 3653 te
2640 3612 2855 3670 quoque
2884 3597 3019 3670 justi
3061 3600 3306 3656 custodia
3346 3608 3403 3658 et
3442 3600 3620 3657 forma
3648 3615 3777 3658 ser-

2161 3696 2342 3743 vetur.

2235 3783 2324 3837 12.
2365 3783 2609 3841 Tertium
2662 3802 2880 3859 quoque
2926 3787 3298 3845 testimonium
3345 3799 3461 3859 est,
3515 3790 3661 3849 sicut
3716 3803 3773 3852 te

2160 3877 2456 3949 Apostolus
2486 3880 2649 3937 docet
2684 3897 2698 3936 :
2737 3882 2997 3951 Quoniam
3026 3895 3201 3957 patres
3248 3888 3413 3943 nostri
3456 3904 3638 3945 omnes
3674 3893 3775 3947 sub

2159 3971 2290 4028 nube
2320 3977 2559 4043 fuerunt,
2592 3985 2643 4031 et
2671 3993 2850 4033 omnes
2882 3995 3024 4033 mare
3053 3980 3401 4050 transierunt,
3430 3992 3477 4038 et
3508 3999 3688 4039 omnes
3715 3986 3777 4041 in

2160 4065 2343 4140 Moyse
2386 4069 2634 4143 baptizati
2672 4081 2811 4141 sunt,
2856 4073 2912 4128 in
2941 4074 3075 4129 nube
3116 4084 3162 4131 et
3196 4076 3251 4130 in
3295 4077 3429 4131 mari
3465 4076 3510 4148 (l
3538 4079 3662 4135 Cor.
3694 4095 3731 4134 ι
3756 4121 3774 4149 ,

2167 4213 2221 4268 iu
2250 4213 2373 4290 co_d.
2398 4213 2568 4290 _Reg.,
2599 4215 2829 4290 sputaris
2859 4257 2876 4283 ,
2913 4215 3018 4272 hoc
3048 4225 3153 4283 est,
3193 4232 3258 4290 os
3293 4218 3391 4273 tibi
3417 4228 3579 4290 sputo
3600 4221 3776 4277 illini-

2165 4293 2272 4340 tur.
2305 4284 2415 4362 Sed
2456 4294 2585 4362 tunc
2612 4284 2856 4362 membra
2902 4290 2982 4343 sic
3014 4297 3204 4345 essent
3229 4284 3646 4362 disringtieuda,
3680 4297 3775 4350 cui

2161 4357 2589 4429 renuntiandum.
2640 4356 2709 4412 In
2755 4376 2812 4415 os
2840 4362 3089 4429 sputaris,
3121 4370 3226 4416 etc.
3260 4356 3531 4418 Disciinus
3575 4356 3768 4421 autem

2161 4443 2227 4503 _ex
2260 4429 2372 4503 hoc
2406 4427 2528 4485 loco
2560 4430 2726 4503 moris
2755 4427 2943 4497 fuisse,
2991 4441 3051 4486 ut
3077 4433 3168 4503 qui
3214 4432 3433 4489 diabolo
3477 4439 3772 4493 renuntia-

2159 4498 2312 4565 bant,
2361 4500 2413 4554 in
2463 4500 2802 4578 occidentem
2842 4498 3283 4578 obverterentur,
3315 4505 3766 4578 quandoquidem

2163 4582 2347 4642 postea
2372 4582 2430 4625 ut
2472 4570 2747 4627 Christum
2773 4573 3022 4642 aspiciat,
3040 4570 3444 4633 convertiturin
3456 4570 3763 4635 orientem.

2231 4639 2258 4680 ἀ
2288 4643 2364 4699 De
2390 4642 2557 4698 fontis
2585 4639 2999 4701 consecratione
3025 4646 3221 4702 dicitur
3246 4647 3381 4705 lib.t
3410 4648 3479 4704 de
3503 4647 3759 4707 Sacram.

2159 4729 2279 4784 cap.
2309 4714 2364 4776 5,
2391 4731 2552 4784 quam
2580 4718 2741 4770 etiam
2773 4725 2990 4773 constat
3016 4728 3200 4774 notam
3236 4718 3404 4777 fuisse
3442 4735 3551 4777 non
3576 4724 3764 4779 solum

2158 4786 2473 4864 auctoribus
2513 4786 2747 4864 Constit.
2780 4791 2972 4859 Apost.
3022 4789 3261 4864 lib._vu,
3282 4806 3403 4862 cap.
3434 4790 3493 4859 4,
3537 4802 3595 4848 et
3625 4810 3765 4864 ope-

2160 4859 2237 4931 [is
2258 4857 2563 4931 de_llierar.
2611 4857 2845 4931 eccles.,'
2863 4874 2984 4929 cap.
3017 4862 3081 4916 de
3108 4857 3378 4931 Baptismo
3394 4879 3416 4931 ;
3459 4857 3557 4920 sed
3582 4857 3759 4922 etiam

2157 4927 2257 5003 _S_S.
2304 4926 2581 5003 Cypriano
2624 4930 2784 5003 epist.
2816 4926 3025 5003 Synod.
3064 4933 3135 4988 ad
3183 4926 3407 4989 Ianuar.
3441 4943 3502 4991 et
3523 4947 3761 4994 ueteres

2157 4999 2874 5075 Numi_das_epi_sc.,Basilio
2895 5003 2951 5057 lu
2978 5004 3116 5071 psal.
3146 5020 3279 5071 Lxx,
3325 5005 3490 5075 Greg.
3517 5006 3760 5064 Nisseno

2158 5080 2213 5151 et
2240 5071 2382 5151 aliis.
2421 5070 2578 5128 Unde
2604 5070 3000 5151 meritoeditpr
3020 5077 3224 5151 Anglus
3246 5070 3473 5146 θρετυῶ
3494 5075 3758 5151 Cypriani

2155 5142 2278 5198 loco
2317 5144 2503 5208 citato,
2555 5142 3323 5219 negatillasﬁl'ormulasgtam
3365 5142 3593 5219 nuperos
3642 5168 3761 5206 esse

2153 5230 2308 5286 quam
2351 5226 2619 5270 nooatores
2640 5216 2739 5271 sibi
2763 5227 2811 5271 et
2839 5218 2956 5272 aliis
2981 5217 3292 5289 persuadere
3316 5216 3594 5277 conantur.

2210 5296 2252 5360 _°
2276 5287 2436 5341 Rom.
2469 5288 2602 5342 edit.
2649 5288 2787 5354 sola,
2823 5287 2929 5345 Sed
2971 5290 3142 5344 dicam
3203 5292 3538 5360 operabatur.
3597 5291 3758 5360 Quod

2422 5327 2436 5340 ο
2469 5311 2602 5342 cuit.
2649 5311 2787 5348 δυιει.
2823 5311 2927 5345 aea
2971 5311 3142 5344 arcam
3203 5311 3538 5348 ονεναυαιιιῖ.
3597 5311 3680 5348 υα

2230 5308 2436 5341 σιιυῐη.
2469 5308 2602 5342 catt.
2649 5308 2787 5354 suta,
2823 5308 2927 5345 Dea
2971 5308 3142 5344 arcam
3203 5308 3538 5360 operabatur.
3597 5308 3753 5360 quod

2149 5358 2219 5410 ad
2265 5364 2593 5432 praesentiam
2630 5369 2843 5432 spectat,
2891 5360 3324 5432 superferebatur.
3371 5362 3529 5430 Quod
3572 5375 3753 5420 autem

2149 5431 2480 5499 aperabatur,
2508 5431 2595 5501 qui
2641 5431 3057 5503 superferebatur
3097 5434 3153 5488 in
3189 5433 3287 5488 illa
3313 5435 3495 5490 mundi
3544 5436 3752 5508 fabrica

2149 5515 2393 5557 roanosce
2419 5502 2626 5557 quando
2662 5503 2772 5557 tibi.
2801 5513 2908 5557 etc.

2144 5515 2393 5570 coquosce
2419 5512 2626 5574 quando
2662 5512 2772 5569 tibi,
2801 5513 2908 5558 etc.

2218 5572 2237 5610 ί
2263 5572 2392 5628 Mss.
2426 5573 2696 5641 nonnulli,
2716 5575 2921 5643 quando
2943 5576 3281 5633 descendente
3307 5577 3525 5633 diluvio.

2204 5652 2231 5692 8
2252 5643 2453 5722 Omnes
2493 5644 2626 5700 edit.
2653 5660 2723 5722 _ac
2753 5662 2886 5703 mss.
2912 5646 3141 5722 aliquot,
3173 5648 3416 5704 abluatur
3447 5661 3740 5722 peccatum.

2132 5713 2394 5787 Sepetitur
2443 5733 2591 5770 omne
2613 5718 2831 5785 vitium;
2879 5713 3071 5788 reliqui
3100 5713 3233 5776 mss.
3267 5713 3459 5789 majori
3507 5740 3747 5780 numero

2129 5796 2186 5862 et
2238 5789 2574 5862 autiquitue.
2636 5800 2692 5843 ut
2736 5795 2784 5845 in
2839 5798 3024 5858 textu;
3059 5808 3200 5849 unus
3253 5803 3456 5862 tamen,
3493 5794 3745 5855 abluatur

439 5854 676 5917 Venitur.
723 5854 834 5915 Nec
859 5858 1023 5915 etiam
1065 5854 1291 5917 nimium
1320 5857 1574 5931 displicet
1610 5854 1754 5929 quod
1798 5856 2027 5915 habetur
2126 5854 2383 5915 alacritate
2398 5870 2684 5933 peccatum.

3750 6050 3853 6151 Ι
