4042 6294
256 247 363 305 393
835 249 838 253 ’
1411 254 1499 316 DE
1539 255 1907 322 MYSTERIIS
1946 261 2148 323 LIBER
2190 255 2392 324 UNUS.
2773 297 2775 299 ·
3447 281 3555 338 591

259 369 339 465 tu,
369 367 454 465 2).
511 370 756 465 Denique
796 377 851 428 et
894 371 1011 442 ipse
1051 369 1266 445 Moyses
1308 371 1439 429 dicit
1489 375 1543 429 in
1582 372 1850 432 Cantico:
1881 379 1932 440 Α
1959 379 2142 446 sisset,
2189 388 2245 435 et
2275 392 2566 451 numquam
2597 377 2624 418 ἀ
2659 399 2689 436 a
2726 379 3056 454 lepra'esset
3090 387 3342 459 ablutus;
3375 409 3553 465 coque

260 460 455 517 Misisti
506 463 768 534 Spiritum
794 475 974 534 tuum,
1025 476 1074 522 et
1103 467 1308 535 operuit
1349 483 1436 522 eos
1471 484 1613 524 mare
1652 467 1854 542 (Exod.
1958 480 2249 530 revocatus
2277 487 2383 529 non
2410 473 2703 530 obediebat
2729 476 3001 534 mandatis
3029 481 3312 553 prophetae
3340 503 3353 541 :
3383 460 3557 544 sedet

241 569 326 653 ,ξίν
355 597 368 620 ,
415 555 532 626 10).
561 555 814 653 Advenis
855 558 1001 653 quod
1029 557 1083 653 in
1117 558 1211 653 illo
1237 558 1591 616 Hebraeorum
1625 565 1855 617 transitu
1957 565 2236 624 admonitu
2292 578 2347 626 et
2397 571 2843 640 persuasionibus
2871 575 3214 633 servulorum
3259 582 3554 653 acquievit,

253 647 366 719 jam
411 658 540 748 tunc
587 651 730 748 sacri
774 651 1118 748 baptismatis
1162 651 1334 723 ﬁgura
1383 655 1754 723 praecesserit,
1804 655 1856 711 itt
1958 673 2024 714 ac
2058 661 2270 716 mersit.
2324 660 2718 735 Mundatttsque
2762 664 2908 723 illico
2938 667 3208 726 intellexit
3253 647 3360 729 non
3393 647 3558 748 aqua;

257 759 366 838 quo
389 743 690 838 @gyptius
718 746 928 802 interiit
954 755 1010 804 et
1039 746 1303 804 Hebraeus
1324 749 1515 804 evasit.
1544 748 1682 817 Quid
1712 749 1857 806 enim
1959 765 2079 806 rum
2110 767 2233 808 esse
2272 756 2416 824 quod
2448 756 2820 829 unusquisque
2847 759 3140 816 mttndatur
3159 805 3176 830 ,
3207 765 3303 820 sed
3341 743 3553 838 gratiae.

257 835 404 892 aliud
454 837 511 894 in
564 839 669 895 hoc
724 840 972 912 quotidie
1013 849 1362 898 sacramento
1413 840 1701 904 docemur.
1754 842 1858 897 nisi
2033 847 2123 902 18.
2165 847 2444 919 Cognosce
2470 865 2614 905 nunc
2642 866 2765 923 qua:
2795 852 2865 907 sit
2895 853 2982 909 illa
3013 855 3190 925 puella
3217 873 3284 913 ex
3327 835 3558 931 captivis

259 931 385 1003 quia
426 931 584 1004 culpa
617 934 916 1006 mergitur,
948 943 1002 990 et
1042 949 1200 992 error
1228 935 1483 992 aboletur
1511 953 1523 990 :
1550 934 1726 1007 pietas
1765 950 1861 991 au-
1953 941 2179 1013 jttnior,
2232 943 2442 1000 scilicet
2482 960 2548 1001 ex
2586 947 2839 1016 gentibus
2879 951 3228 1021 congregatio
3255 994 3268 1018 ,
3322 953 3374 1008 id
3433 964 3520 1012 est
3545 998 3558 1022 ,

261 1033 370 1081 tem
410 1034 467 1082 et
492 1026 804 1084 innocentia
836 1038 861 1066 δ
887 1037 998 1086 tuta
1027 1029 1361 1100 permansit?
1961 1035 2207 1092 Ecclesia
2248 1038 2460 1093 Domini
2506 1039 2763 1110 depressa
2795 1050 2924 1098 ante
2969 1043 3287 1114 captivitate
3327 1051 3559 1118 peccati.

335 1123 423 1178 15.
455 1122 630 1180 Audis
658 1123 784 1196 quia
826 1123 930 1180 sub
973 1124 1117 1181 nube
1165 1125 1386 1181 fuerunt
1433 1133 1616 1197 patres
1663 1126 1858 1192 nostri,
1961 1127 2182 1199 quando
2214 1129 2523 1187 libertatem
2552 1131 2729 1190 adhuc
2755 1136 2943 1206 gratiae
2974 1151 3080 1192 non
3111 1137 3377 1205 habebat;
3407 1142 3564 1214 cujus

261 1224 321 1271 ct
347 1215 490 1270 bona
523 1216 666 1273 nube
686 1257 700 1281 ,
734 1232 857 1290 qua:
885 1217 1186 1274 carnalium
1231 1218 1574 1290 refrigeravit
1612 1220 1861 1276 incendia
1963 1221 2198 1276 consilio
2228 1237 2398 1277 vanus
2416 1223 2507 1279 ille
2531 1226 2764 1296 populus
2795 1229 3074 1284 nationum
3103 1231 3326 1287 verbum
3358 1235 3567 1291 audivit

265 1309 602 1379 passionum.
631 1309 780 1366 Bona
818 1310 991 1367 nubes
1017 1311 1309 1368 obumbrat
1345 1327 1486 1384 quos
1512 1313 1702 1370 revisit
1741 1313 1864 1384 Spi—
1966 1315 2346 1386 propheticum
2367 1359 2380 1384 ,
2414 1317 2481 1373 de
2509 1333 2617 1389 quo
2653 1330 2780 1376 ante
2809 1321 2901 1376 ditt
2933 1321 3238 1391 dubitavit;
3272 1336 3459 1397 postea
3485 1339 3565 1384 ta-

265 1399 401 1456 ritus
444 1411 686 1459 sanctus.
731 1401 976 1475 Denique
1019 1404 1338 1475 supervenit
1387 1407 1441 1462 in
1481 1405 1707 1463 Mariam
1753 1407 1864 1462 vir-
1966 1423 2092 1464 men
2153 1407 2243 1464 ttbi
2293 1409 2529 1466 credidit
2581 1413 3031 1484 exsequendum,
3085 1417 3302 1474 ablutus
3356 1428 3442 1476 est
3495 1423 3565 1477 ab

263 1496 469 1566 ginem,
489 1505 544 1553 et
567 1497 740 1554 virtus
760 1498 1026 1555 Altissimi
1047 1500 1392 1557 obumbravit
1412 1501 1462 1558 ei
1492 1500 1649 1575 (Luc.
1682 1518 1722 1570 t,
1746 1501 1860 1572 75);
1968 1501 2116 1556 omni
2149 1504 2474 1576 contagione
2513 1506 2792 1562 vitiorum.
2823 1507 2891 1563 Et
2920 1509 3013 1566 ille
3038 1511 3256 1582 quidem
3279 1512 3570 1582 dubitavit,

265 1589 486 1658 quando
541 1589 973 1662 redemptionem
1025 1592 1173 1664 genti
1237 1593 1423 1664 genuit
1469 1593 1743 1650 humanae.
1800 1594 1868 1650 Et
1969 1603 2258 1667 antequam
2322 1607 2611 1655 sanaretur
2641 1611 2654 1656 :
2685 1610 2743 1657 tu
2787 1600 2899 1671 jam
2947 1613 3170 1662 sanatus
3211 1622 3304 1675 es,
3345 1617 3402 1665 et
3443 1609 3570 1666 ideo

267 1682 402 1740 illutl
449 1684 772 1741 miraculum
823 1700 920 1756 per
965 1686 1187 1758 Moysen
1235 1687 1288 1742 in
1331 1687 1502 1758 ﬁgura
1550 1687 1750 1744 factum
1783 1695 1868 1744 est
1970 1685 2221 1746 dubitare
2253 1703 2360 1745 non
2388 1689 2576 1747 debes.
3584 1710 3587 1712 '

267 1777 472 1852 (Exod.
513 1795 642 1847 11v,
687 1779 753 1834 21
802 1789 852 1834 et
898 1779 1057 1853 seq.).
1100 1780 1159 1837 Si
1208 1795 1338 1853 ergo
1388 1781 1440 1836 itt
1490 1781 1662 1853 ﬁgura
1695 1779 1869 1836 adfuit
1897 1775 1948 1838 B
2584 1807 2812 1866 CAPUT
2851 1809 2941 1868 ιν,

273 1873 553 1974 ξρίτίιιιεὶ
593 1889 702 1974 ξιοξι
729 1875 886 1932 adi—‘5‘
926 1875 1278 1974 illVeri'a‘Fo
1306 1891 1430 1932 cum
1457 1875 1740 1974 δετίριυη
1772 1876 1868 1932 tibi
1974 1893 2174 1967 Aquam
2201 1913 2303 1953 non
2347 1899 2600 1956 mundare
2623 1902 2736 1958 sine
2767 1904 2971 1974 Spiritu
2990 1949 3004 1972 ,
3027 1904 3250 1966 Joannis
3280 1913 3571 1971 testimonio

266 1965 419 2023 dicat
452 1985 466 2021 :
503 1968 639 2036 Quia
671 1968 754 2024 lea:
802 1984 894 2040 per
941 1967 1158 2042 Moysen
1197 1970 1321 2024 data
1347 1981 1422 2025 est
1446 2013 1461 2037 ,
1491 1971 1658 2042 gratia
1701 1980 1870 2025 autem

2045 1998 2092 2044 et
2137 1990 2263 2061 ipsis
2309 1991 2494 2063 quibus
2539 1994 2676 2049 idem
2710 2008 3096 2054 sacramentum
3144 2003 3574 2072 administratur,

266 2070 318 2116 et
360 2061 544 2116 veritas
569 2078 658 2133 per
678 2060 859 2118 Jesunt
887 2061 1148 2118 Christum
1186 2066 1327 2135 facta
1354 2073 1429 2118 est
1467 2062 1650 2138 (Joan.
1679 2079 1718 2131 1,
1754 2063 1872 2134 17).

2044 2081 2209 2137 verbis
2238 2083 2549 2141 declaratur.
2609 2088 2760 2155 Quod
2808 2090 2960 2145 etiam
3006 2097 3252 2149 asseritur
3306 2060 3577 2170 signiﬁca:

346 2160 438 2214 “to
480 2158 698 2262 hiem“
725 2157 1258 2262 f0"3_3lllifri55iﬂ_lus
1286 2167 1450 2262 ενδ.ῑέ
1485 2160 1633 2262 "iis"
1663 2160 1870 2262 infnm
2049 2185 2156 2230 tum
2204 2193 2294 2246 per
2341 2177 2712 2252 Evangelicam
2752 2184 3045 2254 piscinam,
3089 2199 3138 2242 et
3178 2157 3522 2262 parati/ticum
3548 2211 3580 2249 a

266 2251 482 2324 Moyses
499 2251 727 2324 lignum,
755 2263 811 2310 et
852 2252 1029 2310 dulcis
1051 2261 1134 2310 est
1158 2253 1334 2310 lactus
1367 2254 1566 2328 (Exod.
1591 2271 1660 2310 xv
1685 2296 1700 2321 ,
1728 2255 1801 2312 25
1825 2265 1873 2311 et

2049 2267 2274 2325 Domino
2313 2271 2386 2326 ibi
2451 2287 2689 2331 sanatum
2727 2293 2748 2331 :
2782 2295 2882 2348 quo
2927 2281 3039 2337 loco
3081 2251 3580 2353 Spiritusvsanctus

267 2347 426 2418 seq.).
441 2346 468 2385 ιι
493 2347 644 2419 Aqua
659 2347 807 2404 enim
826 2348 946 2404 sine
969 2347 1364 2420 prmdicatione
1385 2348 1876 2423 Dominiictccrucis

2049 2361 2103 2415 in
2147 2363 2378 2434 ejusdem
2407 2363 2599 2421 Christi
2625 2346 2876 2440 baptismo
2901 2389 3014 2429 vere
3052 2346 3377 2435 descendisse
3409 2391 3582 2438 osten-

269 2441 340 2542 ad
369 2441 551 2542 nullos
567 2456 696 2542 usus
723 2441 916 2542 futura:
947 2442 1138 2498 salutis
1166 2452 1249 2542 est
1274 2460 1288 2498 :
1317 2458 1440 2500 cum
1471 2458 1603 2542 vero
1622 2443 1878 2542 salutaris
2052 2454 2212 2523 ditur,
2243 2467 2291 2512 et
2317 2459 2442 2528 quid
2488 2461 2540 2515 in
2565 2460 2665 2516 hoc
2693 2466 2936 2535 mysterio
2962 2467 3403 2542 intelligendum?

269 2533 637 2591 fueritcrucis
653 2535 913 2607 mysterio
934 2541 1277 2601 consecrata,
1302 2544 1430 2591 tunc
1445 2534 1512 2591 ad
1541 2550 1700 2591 usum
1727 2533 1881 2606 spiri-

271 2629 404 2686 talis
420 2630 616 2687 lavacri
630 2639 686 2687 et
699 2629 950 2686 salutaris
961 2631 1138 2702 poculi
1154 2638 1504 2702 temperatur.
1518 2631 1668 2688 Sicut
1679 2643 1809 2702 ergo
1823 2628 1877 2684 in

274 2724 434 2782 illum
458 2725 661 2781 fontem
691 2725 905 2797 Moyses
922 2735 944 2763 ε
963 2723 1106 2780 misit
1126 2723 1354 2796 lignum,
1375 2723 1573 2780 hocest
1594 2721 1878 2795 propheta;

277 2818 356 2877 ita
383 2827 439 2876 et
465 2819 518 2874 in
550 2818 694 2875 hunc
721 2818 927 2875 fontem
954 2817 1212 2874 sacerdos
1240 2816 1684 2889 pmdicationem
1710 2816 1883 2872 Domi-

278 2913 421 2970 nica
446 2912 626 2970 crucis
671 2912 854 2981 mm“,
898 2923 954 2970 ει
980 2927 1115 2982 aqua
1149 2912 1210 2968 ιιι
1234 2911 1410 2969 dulcis
1435 2911 1502 2968 ad
1532 2913 1782 2985 gratiam.
1988 2915 2091 2954 non
2117 2901 2266 2967 vidit,
2308 2919 2398 2957 nec
2448 2906 2594 2960 auris
2635 2908 2854 2976 audivit,
2884 2911 3048 2984 330
3076 2930 3169 2968 nec
3214 2917 3268 2970 in
3310 2934 3398 2973 cor
3424 2920 3590 2976 Itami—

358 3009 448 3065 15.
491 3007 608 3065 Νοη
655 3023 786 3081 ergo
832 3008 967 3065 solis
1008 3007 1258 3080 corporis
1294 3009 1372 3064 tui
1415 3007 1611 3064 credas
1661 3005 1884 3064 oculis:

2018 2992 2071 3047 tis
2097 2996 2327 3049 ascendit
2373 2996 2416 3068 (l
2445 2996 2650 3066 Con/tt,
2676 2999 2777 3073 9)?
2804 3001 2992 3072 Aquas
3038 3005 3200 3062 video
3228 3049 3242 3076 ,
3276 3025 3412 3080 quas
3442 3013 3597 3070 vide-

283 3103 464 3175 magis
491 3103 711 3160 ﬁdem,
749 3103 896 3177 quod
944 3117 1053 3160 non
1082 3101 1334 3170 videtur;
1389 3103 1514 3176 quia
1558 3102 1703 3159 istud
1753 3111 1889 3158 tem-
1991 3083 2116 3140 bam
2157 3087 2443 3177 quotidie:
2478 3091 2596 3146 ista:
2639 3107 2727 3148 me
2775 3094 2977 3152 habent
3021 3100 3308 3169 mundare,
3357 3104 3411 3158 in
3460 3121 3598 3176 quas

283 3168 498 3268 porge,
551 3195 685 3252 illud
729 3168 992 3254 αςωηιυπ,
1037 3168 1342 3268 aspicitur;
1372 3168 1517 3268 φλορ]
1568 3195 1747 3252 oculis
1780 3209 1889 3251 ηοη
1917 3179 1963 3242 C
1997 3191 2143 3250 saepe
2189 3168 2474 3250 descendi,
2505 3193 2561 3240 et
2586 3201 2878 3258 numquam
2919 3191 3211 3249 mundatus
3252 3168 3413 3250 sum?
3459 3168 3599 3256 liinc

2055 2612 2144 2669 19.
2188 2614 2316 2672 Ideo
2373 2616 2471 2672 tibi
2521 2627 2652 2677 ante
2696 2623 3020 2692 praedictum
3071 2638 3173 2695 cst,
3233 2639 3289 2686 ut
3334 2647 3441 2690 non
3481 2633 3584 2693 hoc

1983 2707 2160 2765 solum
2209 2711 2462 2770 crederes
2509 2716 2665 2787 quod,
2699 2717 2964 2787 videbas;
3023 2738 3089 2778 nc
3141 2724 3281 2783 forte
3320 2738 3375 2784 et
3406 2740 3460 2786 tu
3505 2732 3590 2788 di-

1985 2819 2144 2864 ceres
2169 2823 2183 2862 :
2213 2807 2330 2865 Hoc
2351 2819 2436 2865 est
2456 2810 2588 2868 illud
2611 2828 2864 2884 magnum
2881 2820 3198 2888 mysterium
3217 2840 3232 2890 ;
3251 2825 3391 2894 quod
3411 2827 3589 2882 oculus

285 3287 792 3358 comprehenditur,
833 3289 1020 3344 animo
1061 3297 1244 3344 autem
1292 3302 1358 3345 ac
1400 3296 1586 3344 mente
1626 3287 1890 3344 cernitur.

364 3380 454 3437 16.
499 3381 742 3454 Denique
770 3381 968 3439 doceat
1008 3390 1062 3437 te
1100 3381 1333 3438 decursa
1366 3381 1676 3452 Regnorum
1705 3381 1892 3440 lectio.

288 3472 388 3546 (IV
417 3473 549 3549 Reg.
581 3491 644 3543 v,
675 3477 702 3532 1
738 3485 785 3531 et
803 3474 1219 3548 seq.).Naaman
1237 3475 1404 3548 Syrus
1434 3484 1573 3542 erat,
1605 3486 1662 3531 et
1686 3475 1894 3547 lepram

291 3565 556 3633 habebat,
621 3581 725 3625 nec
775 3569 844 3625 ab
893 3569 1005 3624 ullo
1050 3567 1300 3626 mundari
1341 3577 1576 3642 poterat.
1631 3568 1786 3625 Tunc
1823 3569 1899 3624 ait

292 3664 476 3736 puella
507 3664 673 3738 329
716 3679 783 3722 ex
825 3664 1052 3736 captivis
1077 3706 1094 3734 ,
1148 3664 1406 3736 quoniam
1459 3671 1607 3720 esset
1634 3666 1898 3736 propheta

292 3755 351 3812 in
403 3755 572 3813 Israel
603 3798 620 3825 ,
679 3757 771 3828 qui
829 3766 1014 3828 posset
1075 3772 1199 3813 eum
1253 3773 1283 3812 a
1339 3757 1503 3828 lepra:
1575 3757 1901 3829 contagione

295 3849 589 3907 mundare.
639 3850 869 3922 Sumpto
891 3893 906 3918 ,
947 3849 1161 3922 inquit,
1191 3865 1326 3907 auro
1370 3858 1430 3907 et
1476 3859 1706 3921 argento
1731 3892 1746 3916 ,
1779 3866 1897 3921 per-

294 3947 443 4002 rexit
493 3943 562 4000 ad
613 3959 797 4018 regem
839 3943 1026 4001 Israel.
1075 3943 1179 4014 Qui
1230 3943 1446 4016 cognita
1489 3944 1756 4000 adventus
1783 3942 1903 4015 ejus

295 4053 464 4096 causa
493 4080 510 4106 ,
543 4037 708 4096 scidit
748 4038 1073 4095 vestimenta
1117 4053 1252 4105 sua,
1294 4037 1487 4094 dicens
1530 4038 1674 4110 quod
1729 4046 1906 4096 tenta-

294 4142 456 4190 retur
483 4133 698 4204 magis,
745 4147 868 4190 cum
907 4131 978 4189 de
1006 4147 1066 4188 se
1106 4147 1168 4189 ea
1201 4147 1324 4204 qua:
1364 4141 1695 4191 nonessent
1721 4141 1908 4204 potes-

297 4228 431 4283 tatis
476 4227 681 4299 regite,
723 4236 1083 4298 poscerentur
1110 4243 1123 4281 :
1156 4225 1388 4283 Elisaeus
1415 4235 1597 4283 autem
1628 4227 1742 4299 regi
1774 4226 1906 4283 inti-

1995 3286 2267 3344 cognosce
2291 3277 2436 3346 quod
2477 3292 2614 3349 aqua
2647 3295 2754 3336 non
2787 3283 3010 3339 mundat
3044 3285 3162 3342 sine
3187 3287 3415 3359 Spiritu.

2067 3367 2158 3424 20.
2200 3368 2434 3442 Ideoque
2465 3371 2646 3444 legisti
2675 3375 2819 3446 quod
2853 3386 2964 3433 tres
2994 3387 3161 3437 testes
3184 3381 3239 3437 in
3267 3382 3599 3456 baptismate

1997 3476 2165 3518 unum
2213 3472 2379 3532 sunt,
2423 3480 2599 3537 aqua,
2646 3470 2905 3540 sanguis,
2963 3481 3020 3528 et
3077 3474 3315 3546 Spiritus
3363 3477 3596 3550 (lJoan.

1998 3569 2072 3622 v,
2105 3555 2182 3627 7);
2224 3555 2354 3628 quia
2402 3556 2446 3612 si
2492 3557 2546 3614 in
2598 3575 2764 3615 unum
2795 3561 2993 3619 horum
3041 3565 3320 3636 detrahas,
3357 3585 3465 3626 non
3498 3580 3610 3628 stat

2000 3649 2342 3721 baptismatis
2371 3664 2796 3712 sacramentum.
2829 3657 2970 3727 Quid
3013 3670 3098 3717 est
3146 3663 3292 3720 enim
3324 3680 3463 3738 aqua
3488 3667 3610 3726 sine

2001 3758 2167 3802 cruce
2231 3745 2473 3802 Christi?
2532 3748 2872 3807 Elementum
2926 3769 3259 3826 commune,
3318 3760 3438 3817 sine
3491 3761 3608 3817 ullo

2001 3840 2329 3896 sacramenti
2361 3840 2580 3898 eﬁ‘ectu.
2609 3842 2719 3899 Nec
2746 3843 2943 3901 iterum
2975 3848 3094 3904 sine
3122 3865 3282 3921 aqua,
3315 3868 3606 3925 regenera-

2006 3931 2171 3988 tionis
2212 3933 2536 4005 mysterium
2576 3935 2846 3992 esttNisi
2877 3940 3009 3994 enint
3055 3944 3169 4011 quis
3197 3955 3410 4001 renatus
3452 3951 3609 4020 fuerit

2007 4043 2071 4082 ea:
2098 4043 2233 4100 aqua
2268 4037 2315 4082 et
2354 4027 2578 4101 Spiritu,
2609 4046 2710 4085 non
2734 4042 2899 4103 potest
2934 4035 3148 4091 introire
3172 4039 3228 4092 in
3262 4055 3475 4114 regnum
3507 4041 3609 4100 Dei

2012 4121 2193 4194 (Joan.
2247 4137 2334 4188 ut,
2379 4122 2460 4192 5).
2507 4120 2694 4179 Credit
2739 4133 2921 4182 autem
2971 4128 3136 4185 etiam
3185 4131 3611 4192 catechumenus

2010 4214 2065 4272 in
2128 4230 2345 4272 crucem
2395 4216 2607 4272 Domini
2674 4215 2830 4286 Jesu,
2879 4235 2983 4292 qua
3037 4231 3095 4279 et
3147 4223 3265 4294 ipse
3323 4225 3610 4298 signatur:

296 4322 473 4381 mavit
500 4327 576 4376 ἰιι
604 4320 672 4376 ad
710 4335 772 4378 se
825 4321 1086 4394 dirigeret
1129 4319 1325 4394 Syrum
1353 4362 1369 4389 ,
1413 4335 1523 4393 quo
1551 4329 1911 4392 cognosceret
2015 4320 2040 4348 θ
2063 4311 2160 4370 sed
2185 4313 2290 4371 nisi
2324 4313 2631 4384 baptizatus
2667 4314 2836 4373 fuerit
2864 4315 2917 4370 in
2953 4317 3174 4376 nomine
3200 4320 3378 4380 Patris
3401 4333 3457 4380 et
3484 4324 3611 4381 Filii

298 4415 450 4488 quod
479 4422 626 4472 esset
650 4414 796 4471 Deus
823 4415 879 4471 in
918 4413 1111 4472 Israel.
1157 4411 1374 4471 Etcum
1419 4415 1702 4482 venisset,
1753 4429 1909 4471 man-

301 4509 464 4565 davit
492 4510 544 4566 ei
575 4519 635 4564 ut
666 4509 872 4580 septies
899 4517 1238 4582 mergeretur
1257 4508 1310 4565 in
1332 4507 1572 4566 Jordane
1611 4508 1800 4566 ﬂuvio.

2013 4419 2069 4468 et
2096 4409 2332 4482 Spiritus
2357 4411 2530 4466 sancti
2557 4452 2572 4477 ,
2603 4412 2984 4469 remissionem
3015 4429 3124 4470 nou
3157 4424 3337 4487 potest
3362 4419 3616 4491 accipere

2015 4512 2390 4575 peccatorum,
2433 4517 2536 4560 nec
2569 4504 2867 4574 spiritualis
2895 4507 3084 4578 gratiae
3131 4524 3328 4566 munus
3379 4512 3628 4570 haurire.

383 4603 471 4656 17.
511 4601 667 4658 Tunc
689 4579 783 4658 ille
808 4616 993 4659 secum
1022 4579 1258 4658 tractare
1284 4601 1451 4672 cmpit
1476 4600 1623 4673 quod
1650 4600 1906 4657 meliores
1931 4579 1986 4642 Ῑ)
2080 4597 2172 4654 21.
2199 4597 2340 4669 Ergo
2362 4596 2453 4653 ille
2471 4595 2638 4669 Syrus
2659 4598 2862 4669 septies
2885 4603 3076 4656 mersit
3097 4601 3151 4657 in
3169 4601 3345 4674 Lege:
3365 4603 3456 4677 (IV
3482 4605 3618 4680 Reg.

304 4709 480 4768 aquas
507 4694 735 4752 haberet
761 4695 952 4767 patris:
993 4709 1104 4751 sua:
1123 4736 1140 4762 ,
1188 4694 1242 4751 itt
1271 4694 1471 4767 quibus
1500 4709 1561 4752 se
1587 4709 1733 4767 smpe
1756 4710 1902 4752 mer-

305 4897 318 4930 ⁸
390 4903 415 4930 ει
443 4891 569 4948 Vet.
599 4889 732 4947 edit.
764 4903 828 4946 ac
857 4889 1015 4960 pauci
1045 4903 1204 4958 mss.,
1238 4897 1344 4944 tota
1373 4892 1698 4962 permansit;
1728 4888 1922 4956 Rom.,

312 4975 426 5023 tuta
475 4972 685 5030 manet;
741 4977 874 5018 mss.
905 4962 1136 5034 aliquot,
1196 4971 1308 5016 tuta
1364 4972 1660 5032 permanet;
1713 4963 1919 5033 plures,

312 5048 430 5093 tuta
459 5035 758 5102 permansit.

2009 4710 2066 4761 v,
2098 4691 2192 4762 M)
2224 4690 2242 4729 τ
2275 4700 2331 4747 ιιι
2353 4699 2532 4748 autem
2561 4689 2864 4764 baptizatus
2889 4707 2949 4750 es
2974 4694 3028 4750 in
3059 4697 3280 4755 nomine
3309 4698 3628 4771 Trinitatis,

2024 4895 2136 4944 tem
2166 4881 2420 4955 baptismi
2451 4882 2518 4939 ad
2552 4891 2901 4954 peccatorum
2931 4885 3094 4941 etiam
3122 4886 3176 4943 in
3209 4889 3622 4947 catecltumenis

2024 4957 2381 5021 ablutionem,
2413 4955 2558 5024 quod
2601 4956 2852 5012 similiter
2896 4956 3123 5014 docetur
3153 4960 3205 5014 itt
3236 4959 3378 5016 Psal.
3430 4977 3620 5025 cxvm.

2027 5044 2194 5088 serm.
2246 5030 2302 5090 5,
2343 5042 2464 5098 pag.
2502 5025 2632 5092 991,
2675 5030 2828 5098 funde
2858 5028 3139 5085 inferimus
3191 5032 3535 5088 Ambrosium
3567 5034 3620 5089 in

391 5109 420 5147 δ
442 5097 732 5164 Videbitur
760 5106 901 5163 forte
933 5105 1168 5176 cuipiam
1201 5105 1256 5162 in
1295 5121 1358 5162 ea
1381 5104 1646 5162 sententia
1685 5103 1776 5160 hic
1802 5118 1924 5176 esse
2029 5117 2117 5176 ea__
2142 5097 2401 5176 opinione
2431 5113 2554 5168 qua:
2585 5097 2688 5171 ipsi
2738 5099 2828 5176 de
2859 5099 3240 5176 Valentiniano
3294 5104 3624 5176 imperatore

315 5179 668 5246 Ambrosius,
721 5186 782 5234 ut
823 5175 1038 5250 aquam
1064 5178 1169 5234 nisi
1201 5178 1370 5250 prius
1398 5177 1657 5250 oratione
1685 5175 1928 5250 sanctiﬁ-

319 5263 445 5310 cata
501 5252 594 5317 sit,
647 5247 918 5321 baptismo
968 5247 1521 5321 penitus’ittitabilem
1576 5247 1924 5304 existimarit.

2033 5173 2311 5238 tribuitur,
2367 5185 2707 5243 nequaquam
2757 5173 2926 5228 fuisse
2957 5190 2971 5228 :
3002 5171 3067 5227 2°
3097 5173 3164 5228 ad
3213 5171 3463 5243 baptismi
3514 5177 3622 5231 t'or—

2031 5259 2177 5302 mam
2232 5253 2342 5299 tres
2397 5241 2606 5297 divinas
2678 5258 2944 5318 personas
3011 5241 3320 5318 necessario
3389 5248 3621 5318 exprimi

318 5323 434 5382 Sed
465 5320 864 5378 observandum
896 5337 1004 5377 non
1033 5321 1122 5376 hic
1159 5320 1242 5392 agi
1286 5321 1355 5376 de
1395 5321 1540 5392 jure,
1569 5328 1630 5374 ut
1658 5321 1829 5383 aiunt,
1853 5332 1930 5392 ac

321 5395 610 5452 validitate
641 5411 653 5447 :
684 5405 739 5448 at
778 5394 954 5449 solum
1009 5389 1215 5450 reterri'
1242 5391 1715 5457 consuetudinem,
1747 5400 1804 5447 et
1851 5389 1931 5446 illi

320 5478 569 5526 veterem
599 5467 817 5535 ﬁguram
843 5463 1261 5522 accommodari.

405 5552 427 5578 ε
453 5534 769 5594 Abstulerat
800 5537 932 5593 edit.
963 5538 1121 5592 Rom.
1164 5551 1350 5604 voces,
1386 5536 1483 5592 hoc
1522 5545 1596 5608 est
1643 5534 1930 5608 prapheta;

369 5627 454 5668 uae
485 5621 668 5666 tamen
709 5610 972 5666 vocabulo
1007 5609 1248 5665 sacerdos
1279 5624 1375 5680 per
1412 5606 1709 5665 antithesin
1739 5606 1931 5680 quam-

372 5698 458 5738 am
489 5690 856 5751 opponuntur.

404 5754 431 5791 εί
459 5754 635 5820 Edit.,
665 5769 696 5808 a
725 5754 872 5824 lepra
895 5761 1024 5811 esset
1048 5754 1350 5810 mundatus.

410 5837 434 5867 ο
463 5825 584 5883 Duo
612 5841 678 5883 ex
725 5821 811 5883 his
840 5827 1026 5884 verbis
1055 5826 1340 5884 advertere
1383 5833 1470 5884 est
1497 5844 1514 5886 :
1545 5826 1605 5884 1ο
1630 5821 1933 5885 necessita-

865 5923 1149 5987 Pnnoc.
1183 5920 1358 5986 XVI.

2988 5916 3063 5982 13

2035 5325 2321 5389 oportere;
2365 5330 2433 5389 ett
2467 5328 2590 5389 Aquo
2637 5315 3064 5389 setttentiam‘de
3093 5319 3416 5389 sacramenti
3465 5315 3624 5389 ejus-

2036 5385 2160 5446 dem
2205 5387 2306 5442 sub
2355 5385 2555 5441 ChriSti
2599 5396 2803 5442 tantum
2851 5387 3074 5442 nomine
3102 5386 3464 5445 administrati
3492 5385 3627 5446 vali-

2035 5460 2207 5516 ditate
2235 5472 2519 5542 perperam
2552 5458 2655 5528 ipsi
2688 5458 2890 5529 imponi
2920 5457 3258 5514 deducimus.
3287 5457 3358 5517 At
3383 5462 3452 5519 de
3476 5472 3628 5520 utra-

2035 5547 2140 5605 que
2171 5545 2230 5586 re
2265 5531 2379 5586 suis
2403 5531 2557 5585 locis.

2113 5602 2133 5642 f
2158 5602 2319 5659 Rom.
2352 5600 2482 5656 edit.
2537 5615 2660 5655 cum
2693 5615 2802 5656 uno
2830 5609 2925 5672 aut
2962 5599 3140 5657 altero
3178 5617 3340 5672 mss.,
3372 5615 3427 5662 tu
3454 5617 3626 5664 autem

2033 5676 2090 5732 in
2131 5675 2301 5745 gratia
2348 5673 2636 5745 baptizatus
2671 5688 2724 5727 es
2751 5688 2770 5745 ξ
2796 5671 2992 5727 melius
3021 5687 3152 5732 vero
3192 5683 3302 5732 vet.
3326 5671 3468 5736 edit.
3501 5696 3627 5738 cum

2035 5735 2162 5806 cod".
2193 5735 2425 5819 reliquis
2449 5743 2731 5812 omittunt,
2755 5744 2808 5798 in
2831 5745 3019 5815 gratia.
