4042 6294
458 338 569 400 399

1823 331 2071 391 SANCTI
2107 326 2435 392 AMBROSII

3664 329 3762 392 600

454 460 585 517 tatis
612 468 637 497 ιι
663 456 969 516 consistere
1016 451 1360 520 ministerio;
1388 453 1465 509 alt
1514 451 1660 509 enim
1692 468 1705 505 :
1737 450 1802 507 Si
1834 467 1928 523 ego
1956 452 2057 507 lavi
2085 459 2137 520 Α
2165 451 2328 509 tionis
2356 449 2523 525 335.
2564 461 2681 507 suae
2708 448 2936 523 gloriam
2965 447 3017 506 in
3052 449 3349 523 Evangelia
3376 449 3593 521 (Matth.
3627 467 3759 515 xvu,

457 555 600 610 vobis
627 552 783 626 pedes
804 551 1057 608 Dominus
1085 559 1132 605 et
1165 549 1407 623 magister
1429 565 1449 615 ;
1474 556 1665 619 quanto
1693 539 1857 620 magis
1885 557 1931 602 et
1975 564 2064 603 vos

460 647 652 704 debetis
701 647 875 702 lavare
910 644 1064 718 pedes
1113 644 1332 699 invicem
1381 642 1523 698 vobis
1569 638 1753 713 (Joau.
1783 657 1897 697 xttt.
1932 640 2061 713 id)!

461 741 600 797 Cum
631 740 778 797 cnim
822 741 940 811 ipse
988 746 1181 796 auctor
1209 736 1400 794 salutis
1427 750 1524 807 per
1569 733 1935 792 obedientiam
1965 750 2066 790 uos

458 837 789 902 redemerit;
836 844 1040 908 quanto
1086 835 1258 907 magis
1310 846 1411 889 nos
1453 830 1659 888 servuli
1709 829 1828 901 ejus
1882 828 2067 885 humi-

457 931 627 989 litatis
655 939 711 989 et
738 929 1063 987 obedientia:
1089 928 1349 985 exhibere
1395 924 1661 981 debemus
1695 923 2019 995 obsequium
2046 922 2060 977 !

1058 1019 1291 1079 CAPUT
1337 1018 1449 1076 Vll.

471 1119 793 1179 Vestimentis
821 1116 1058 1174 candidis
1091 1122 1418 1186 peccatorum
1452 1112 1769 1169 ablutionem
1795 1109 2020 1167 indicari
2049 1124 2069 1166 :

532 1217 684 1288 cujus
716 1228 874 1284 opera
922 1219 979 1265 ut
1034 1206 1264 1263 Ecclesia
1310 1223 1367 1262 se
1411 1206 1618 1278 nigram
1640 1214 1791 1276 atque
1827 1202 2069 1260 decoram

532 1307 747 1371 diceret,
771 1301 1010 1371 e/Tectum
1038 1310 1131 1357 est.
1165 1301 1393 1374 Angelos
1439 1301 1659 1355 nitorem
1688 1299 1799 1371 ejus
1838 1298 1974 1353 sicut
2018 1305 2070 1351 et

469 1383 485 1401 ’
534 1400 818 1456 οοηιὶηίεω
858 1399 1028 1453 carnis
1069 1398 1283 1453 miratos
1328 1413 1475 1463 csse;
1500 1395 1627 1468 quin
1671 1395 1827 1448 immo
1871 1393 2071 1463 ipsum-

532 1502 632 1549 met
662 1491 926 1548 Christum
950 1489 1044 1545 sub
1072 1490 1228 1545 variis
1258 1489 1446 1561 ﬁguris
1479 1486 1865 1543 commendasse
1889 1486 2065 1557 Spon-

530 1604 602 1644 sa:
631 1603 740 1644 sua:
778 1587 1006 1659 formam
1033 1601 1053 1642 :
1084 1599 1308 1656 quorum
1348 1582 1405 1636 in
1430 1598 1485 1639 se
1512 1581 1677 1637 mutui
1716 1578 1937 1648 allectus
1973 1579 2068 1635 de-

454 1694 466 1746 i
533 1684 850 1741 scribuntur.
1570 1724 1579 1729 -

530 1783 622 1840 ⁸54.
665 1776 940 1849 Accepisti
969 1783 1094 1849 post
1122 1774 1240 1831 lucc
1261 1772 1290 1813 ι’
1321 1771 1646 1830 vestimenta
1695 1769 1923 1827 candida
1954 1766 2071 1842 (De

2165 544 2226 615 2)
2251 544 2682 601 demonstraret.
2711 543 2891 616 Super
2917 545 3096 601 nivem
3129 559 3261 617 ergo
3306 543 3632 613 dealbatur,
3677 544 3762 601 cui

2164 640 2324 713 culpa
2353 638 2665 695 dimittitur.
2700 638 2858 697 Unde
2883 647 2942 695 et
2972 655 3069 711 per
3097 638 3317 695 Esaiam
3353 638 3618 696 Dominus
3647 639 3721 693 ait
3747 656 3761 694 :

2170 734 2232 792 Si
2257 733 2449 806 fuerint
2494 740 2703 804 peccata
2744 741 2914 789 vestra
2952 732 3085 789 sicut
3129 731 3481 803 phwnicium,
3507 743 3562 788 ut
3609 733 3766 787 niuem

2167 829 2417 887 dealbabo
2443 828 2615 902 (Esai.
2640 844 2682 896 ι,
2718 828 2830 900 18).

2238 924 2327 981 35.
2371 923 2499 979 Haec
2545 922 2873 980 vestimenta
2922 922 3132 980 habens
3179 920 3426 980 Ecclesia
3476 935 3576 993 per
3626 920 3768 977 lava.

2165 1032 2320 1075 crum
2348 1016 2783 1089 regenerationis
2811 1016 3264 1089 assumpta,dicit
3289 1015 3347 1072 in
3376 1013 3653 1072 Canticis:
3673 1013 3770 1070 Ni-

2167 1126 2264 1183 gra
2314 1126 2428 1166 sunt
2477 1118 2528 1165 et
2555 1109 2768 1176 decora,
2797 1106 2825 1146 ά
2858 1109 2986 1180 ﬁlite
3032 1108 3366 1164 Hierusalem
3401 1107 3578 1181 (Cant.
3613 1124 3657 1176 ι,
3688 1109 3765 1179 4).

2167 1203 2333 1277 Nigra
2378 1218 2474 1276 per
2512 1203 2859 1275 fragilitatem
2889 1202 3224 1260 conditionis
3249 1202 3541 1270 humanae,
3574 1201 3769 1258 decora

2168 1312 2270 1370 per
2315 1297 2546 1369 gratiam
2578 1311 2593 1350 :
2626 1295 2813 1369 nigra,
2842 1295 2970 1368 quia
3015 1312 3086 1354 ex
3124 1296 3547 1370 peccatoribus;
3577 1296 3770 1354 decora

2171 1389 2299 1447 ﬁdei
2338 1397 2706 1447 sacramento.
2753 1390 2883 1447 llaec
2929 1391 3258 1448 vestimenta
3304 1400 3601 1449 cernentes
3651 1389 3771 1446 lilia:

2170 1483 2516 1541 Hierusalem
2548 1484 2873 1557 stupefacta:
2911 1485 3135 1542 dicunt:
3169 1485 3301 1555 Qua
3329 1496 3405 1544 est
3434 1488 3548 1543 luec
3566 1502 3681 1557 qua:
3709 1504 3767 1541 a-

2170 1578 2373 1635 scendit
2391 1577 2637 1635 dealbata
2654 1576 2835 1650 (Cant.
2864 1593 2984 1645 vui,
3011 1576 3106 1651 5)?
3122 1578 3251 1636 Haec
3267 1587 3392 1637 erat
3418 1579 3600 1652 nigra,
3626 1577 3771 1636 unde

2170 1688 2318 1730 nunc
2344 1672 2529 1730 subito
2553 1672 2844 1730 dealbata!

2243 1770 2332 1826 56.
2377 1768 2773 1826 Dubitaverunt
2824 1767 2990 1826 etiam
3054 1769 3235 1843 angeli
3278 1784 3406 1826 cum
3464 1777 3775 1843 resurgeret

458 1882 676 1936 Consec.
706 1876 829 1931 dist.
855 1873 911 1940 4,
941 1890 989 1927 c.
1024 1867 1325 1944 Accepsiti),
1358 1874 1418 1922 ut
1442 1876 1589 1923 esset
1637 1865 1893 1922 indicium
1920 1862 2069 1936 quod
2099 1861 2147 1921 B
2171 1863 2455 1931 Christus,
2485 1862 2870 1920 dubitaverunt
2893 1862 3197 1921 Potestates
3224 1864 3493 1922 calorum
3532 1862 3771 1920 videntes

458 1971 681 2032 exueris
728 1967 1069 2026 involucrum
1097 1970 1447 2035 peccatorum
1469 2000 1486 2027 ,
1519 1958 1761 2015 indueris
1798 1957 2072 2014 innocen-

460 2069 553 2123 tia:
585 2071 734 2122 easta
762 2057 1063 2123 velamina,
1107 2055 1175 2111 de
1224 2053 1423 2125 quibus
1472 2051 1608 2107 dixit
1642 2049 1917 2123 Propheta
1950 2065 1965 2103 :
2000 2048 2072 2103 A-

459 2174 667 2232 sperges
691 2171 773 2210 me
818 2154 1066 2225 hyssopo,
1099 2158 1147 2203 et
1175 2146 1467 2202 mundabor
1500 2161 1517 2200 :
1546 2143 1741 2200 lauabis
1768 2158 1875 2207 me,
1908 2150 1955 2196 et
1981 2158 2072 2196 su-

460 2269 554 2325 per
582 2252 749 2306 niuem
794 2243 1075 2301 deolbabor
1105 2240 1277 2314 (Psal.
1312 2257 1373 2307 1.,
1407 2238 1487 2311 9).
1522 2238 1623 2307 Qui
1653 2238 1800 2294 enim
1830 2237 2072 2309 baptiza-

460 2357 585 2414 tur,
611 2351 670 2401 et
696 2338 995 2399 secundum
1044 2336 1244 2407 Legem
1292 2341 1349 2389 et
1377 2332 1675 2389 secundum
1714 2331 2066 2402 Evangelium

461 2439 683 2497 videtur
712 2449 835 2492 esse
860 2429 1190 2489 mundatus:
1222 2426 1525 2484 secundum
1548 2424 1911 2498 Legem,quia
1938 2424 2070 2498 hys—

462 2532 585 2604 sopi
614 2526 875 2586 lasciculo
906 2524 1122 2598 Moyses
1168 2520 1498 2593 aspergebat
1521 2531 1543 2558 ο
1573 2518 1895 2591 sanguinem
1940 2518 2065 2590 agni

464 2624 669 2703 (Exod.
702 2638 800 2689 xu,
820 2618 914 2693 22)
940 2634 955 2673 :
980 2615 1284 2675 secundum
1304 2612 1679 2686 Evangelium,
1703 2611 1831 2685 quia
1857 2612 2066 2669 Christi

462 2727 623 2779 erant
668 2713 898 2774 candida
928 2710 1257 2768 vestimenta
1304 2706 1452 2763 sicut
1481 2705 1606 2773 nix,
1635 2719 1756 2762 cum
1785 2720 2067 2763 resurrec-

459 2877 841 2939 vehementius
885 2871 1134 2932 nonnulli
1177 2886 1247 2928 ex
1292 2866 1644 2927 lteterodoxis
1686 2868 1742 2924 in
1785 2884 1906 2923 eam
1937 2884 2063 2925 sen-

463 2954 692 3013 tentiam
713 2992 729 3016 ,
760 2958 820 3006 ut
860 2948 915 3003 in
947 2944 1333 3016 Admonitiene
1356 2940 1593 3016 diximus
1611 2981 1627 3006 ,
1654 2940 2059 3016 excandescen-

466 3011 581 3094 tes,
610 3025 682 3081 ob
717 3011 847 3079 eam
882 3015 1399 3094 praecipuglibrum
1445 3011 1739 3069 Ambrosio
1775 3012 2061 3094 abjudiea-f

461 3084 619 3156 runt;
637 3094 838 3151 Verum
883 3084 1070 3146 tamen
1119 3086 1228 3143 illis
1273 3087 1326 3140 in
1381 3094 1621 3140 mentem
1671 3084 2065 3156 nonveniebat

461 3155 693 3228 duorum
720 3165 986 3228 locorum,
1018 3162 1072 3216 in
1101 3160 1296 3229 quibus
1327 3156 1453 3229 huic
1465 3157 1637 3229 plane
1657 3155 1873 3229 gemina
1903 3155 2066 3229 docet

461 3225 523 3301 ἑ.
550 3242 774 3297 Doctor.
807 3225 1047 3291 Primum
1071 3225 1165 3303 qui
1193 3245 1225 3285 e
1252 3225 1556 3303 deperditis
1574 3226 1630 3282 in
1662 3225 1879 3282 Esaiam
1901 3225 2063 3303 com-

461 3323 633 3372 ment.
719 3323 883 3364 ettlus
926 3323 1061 3371 Iutt,
1106 3323 1439 3373 augusunus
1482 3323 1577 3354 ιιυ.
1627 3323 1677 3353 ιν
1727 3323 1873 3354 cum.
1927 3323 2063 3355 uuas

461 3387 623 3457 epist.
674 3325 857 3457 διῄρε.
888 3392 1013 3457 cap.
1044 3376 1119 3457 ll_
1154 3378 1287 3431 citat
1332 3374 1384 3457 in
1435 3371 1571 3457 hace
1601 3370 1764 3457 verba
1795 3386 1812 3457 ξ
1843 3370 1912 3426 Et
1948 3372 2064 3457 iatio

465 3441 578 3521 loco
599 3457 653 3509 in
677 3441 854 3508 eodem
886 3441 1056 3519 Opere
1102 3447 1312 3521 loquens
1338 3444 1402 3499 de
1424 3442 1662 3521 apostolo
1707 3441 1873 3498 Petro
1896 3458 1914 3497 :
1938 3441 2064 3512 Ipse

461 3517 1174 3598 se,iuquit,_obtulit,_quod
1217 3526 1334 3598 ante
1380 3517 1729 3598 putabut‘esse
1764 3523 2061 3598 peccatum,

463 3585 649 3655 lauari.
670 3585 767 3652 sibi
816 3609 921 3648 non
961 3585 1132 3646 solum
1163 3587 1341 3659 pedes
1365 3585 1412 3641 et
1458 3594 1616 3659 caput
1634 3601 1890 3659 poscens;
1920 3585 2061 3656 quod

462 3672 609 3727 illico
636 3665 969 3723 intellexisset
1000 3657 1204 3716 lauacro
1245 3657 1465 3729 pedum,
1492 3658 1582 3729 qui
1624 3657 1679 3711 in
1724 3657 1893 3729 primo
1930 3659 2065 3729 lapsi

465 3753 588 3799 sunt
616 3740 841 3803 homine,
872 3734 1074 3790 sordem
1099 3732 1332 3803 obnoxia;
1355 3729 1695 3803 successionis
1717 3729 1932 3786 aboleri.
1949 3729 2067 3803 ‘Se-

464 3815 675 3871 cundus
721 3799 901 3865 autem
931 3807 1115 3870 locus,
1146 3802 1239 3873 qui
1279 3800 1347 3857 ab
1376 3801 1571 3856 eodem
1602 3799 1908 3873 Augustino
1948 3800 2067 3855 lau-

467 3887 627 3943 datur
674 3882 939 3939 adversus
986 3872 1291 3938 lulianum,
1326 3873 1381 3928 in
1415 3873 1660 3940 Exposit.
1697 3872 1835 3942 psal.
1864 3887 2060 3941 xmtt,

468 3974 613 4015 vers.
646 3956 714 4021 6,
742 3967 893 4009 num.
925 3949 981 4010 8.
1012 3950 1093 4004 sic
1124 3947 1352 4021 habetur
1380 3963 1395 4000 :
1425 3945 1548 4021 Alia
1570 3952 1652 4021 est
1669 3944 1917 4012 iniquitas
1943 3961 2067 4021 nos-

469 4040 571 4098 tra,
604 4016 712 4082 alia
738 4021 964 4080 calcanei
992 4020 1269 4098 nostritin
1296 4034 1399 4098 quo
1422 4016 1594 4098 Adam
1617 4016 1769 4072 dente
1811 4017 2067 4098 serpentis

466 4088 903 4161 est'uulneratus,
934 4103 982 4149 et
1022 4090 1296 4146 obnoxiam
1326 4088 1678 4144 hwreditatem
1723 4089 2064 4161 successionis

367 4186 372 4191 ‘
470 4174 707 4227 humanae
752 4183 848 4224 suo
877 4157 1085 4219 uulnere
1108 4161 1412 4231 dereliquit,
1437 4170 1493 4214 ut
1522 4176 1698 4215 omnes
1725 4157 1820 4214 illo
1852 4160 2065 4216 vulnere

470 4244 837 4298 claudicamus.
869 4235 1019 4292 Unde
1056 4234 1305 4289 Dominus
1346 4232 1617 4302 discipulis
1646 4232 1799 4302 pedes
1823 4232 1980 4297 lauit,
2006 4240 2065 4286 ut

469 4317 662 4371 lauaret
711 4326 902 4366 uenena
949 4306 1249 4375 serpentis_:
1292 4312 1342 4358 et
1391 4302 1580 4375 Petrus
1626 4303 2021 4370 reprehenditur
2043 4344 2060 4371 ,

469 4388 605 4455 quod
634 4381 942 4444 excusabat,
975 4373 1044 4432 ne
1065 4376 1160 4455 sibi
1187 4373 1440 4455 Donminus
1467 4374 1621 4447 pedes
1662 4375 1876 4455 (armet.
1919 4414 1938 4431 .
1984 4415 1997 4429 .
2044 4414 2059 4429 .

471 4446 569 4513 lIui
602 4455 850 4512 Dominus
884 4448 1158 4517 respondet
1192 4462 1210 4501 :
1246 4446 1348 4514 Qui
1377 4446 1512 4501 lotus
1538 4455 1614 4501 est
1659 4462 1761 4501 non
1788 4447 1937 4501 habet
1973 4463 2064 4502 ne-

471 4546 611 4584 cesse
657 4537 711 4581 ut
742 4525 874 4580 lauet
909 4522 1007 4575 nisi
1037 4520 1224 4590 pedes,
1255 4517 1345 4574 sed
1375 4527 1449 4572 est
1476 4518 1701 4590 mundus
1739 4527 1897 4572 totus.
1921 4518 2062 4588 Quid

470 4601 557 4655 his
586 4598 758 4654 tribus
801 4588 1231 4665 repeririipossit
1280 4591 1452 4665 magis
1496 4588 1693 4665 aliine?
1722 4590 2059 4665 Quamquam

467 4687 600 4755 vero
627 4671 818 4755 iisdem
844 4661 1279 4755 adprobandum
1305 4661 1569 4755 originale
1593 4669 1870 4755 peccatum
1893 4661 2061 4755 utitur
2088 4694 2142 4755 D
2232 4661 2263 4703 b
2288 4661 2651 4755 CanLdidarut-n
2719 4666 2949 4746 vestium
2983 4707 3001 4734 ,

2172 1956 2318 2029 quod
2348 1972 2478 2013 caro
2509 1957 2562 2012 in
2588 1956 2791 2014 ctelum
2817 1956 3163 2014 ascenderet.
3197 1958 3444 2030 Denique
3475 1957 3770 2015 dicebant:

2177 2051 2307 2119 Quis
2335 2059 2409 2107 est
2438 2050 2537 2106 iste
2562 2049 2678 2105 Rea:
2703 2050 2924 2125 gloria?
2950 2051 3019 2107 Et
3047 2067 3170 2107 cum
3200 2051 3291 2107 alii
3323 2050 3574 2109 dicerent
3604 2069 3620 2107 :
3648 2050 3773 2107 Tol-

2172 2145 2263 2200 lite
2291 2153 2467 2216 portas
2490 2152 2514 2182 ο
2547 2141 2816 2214 Principis
2843 2144 3028 2213 uestri,
3062 2154 3109 2200 et
3137 2145 3407 2200 eleoumini
3436 2155 3604 2217 porttz
3622 2155 3773 2201 teter-

2173 2238 2348 2306 nales,
2375 2248 2424 2294 et
2450 2237 2681 2293 introibit
2712 2236 2828 2295 Rea:
2855 2239 3071 2311 gloria;
3100 2238 3194 2295 alii
3241 2239 3570 2297 dubitabant
3592 2240 3777 2298 dicen-

2177 2341 2262 2390 tes
2283 2349 2298 2388 :
2317 2331 2446 2398 Quis
2465 2340 2542 2387 est
2557 2331 2658 2387 iste
2674 2330 2986 2404 Reaiglorire
3006 2330 3181 2405 (Psal.
3199 2347 3353 2401 xxtu,
3374 2332 3777 2404 8,9)?.ln;Esaia

2174 2440 2391 2498 quoque
2417 2425 2593 2483 habes
2619 2424 2936 2483 dubitantes
2972 2425 3202 2483 virtutes
3227 2426 3498 2483 ctelorum
3529 2426 3734 2483 dixisse
3761 2443 3777 2481 :

2177 2518 2308 2588 Quis
2333 2528 2408 2576 est
2438 2520 2537 2575 iste
2577 2520 2666 2591 qui
2710 2519 2942 2575 ascendit
2985 2535 3051 2575 ea:
3077 2518 3277 2582 Edam.
3301 2519 3464 2575 rubor
3508 2520 3780 2576 vestimen-

2175 2623 2347 2669 torum
2373 2616 2488 2687 ejus
2516 2629 2582 2670 e:c
2611 2612 2795 2683 Bosor,
2818 2613 3081 2686 speciosus
3108 2612 3164 2670 in
3190 2612 3328 2669 stola
3357 2612 3582 2669 candida
3602 2610 3776 2687 (Esai.

2174 2726 2326 2778 thtt,
2361 2710 2416 2781 1)
2438 2711 2462 2765 ‘t

2165 2868 2459 2941 Meritoque
2484 2870 2759 2944 Dominus.
2810 2912 2823 2925 .
2870 2910 2885 2927 .
2932 2910 2947 2926 .
2976 2872 3205 2929 tacemus
3232 2871 3406 2944 inquit
3433 2881 3482 2928 et
3509 2870 3693 2942 pedes’,
3720 2881 3777 2928 ut

2164 2944 2398 2999 calcauei
2442 2943 2701 3017 lubricum
2746 2944 3003 3015 possimus
3051 2949 3287 3017 auferre,
3308 2943 3415 3015 quo
3462 2944 3574 3013 ﬁda
3622 2946 3777 3000 statio

2167 3017 2331 3085 possit
2376 3031 2484 3071 esse
2511 3016 2797 3082 uirtutum;
2827 3026 2876 3071 et
2924 3031 2988 3071 ne
3018 3016 3231 3087 paterno
3278 3018 3396 3087 quis
3423 3032 3598 3073 errore
3633 3017 3779 3072 laba-

2167 3094 2271 3159 tur,
2299 3089 2386 3158 qui
2414 3103 2509 3141 suo
2535 3097 2747 3155 paratus
2774 3094 2853 3143 est
2880 3097 3020 3143 stare
3048 3089 3315 3159 proposito
3335 3104 3357 3142 :
3378 3096 3428 3143 et
3454 3105 3558 3145 non
3586 3098 3781 3144 metuat

2166 3158 2446 3233 lubricum
2466 3158 2784 3233 lmreditatis
2804 3199 2819 3223 ,
2848 3160 2942 3233 qui
2967 3162 3110 3231 cupit
3150 3158 3426 3233 uestigium
3446 3169 3639 3233 tenere
3672 3162 3777 3216 nir-

2168 3230 2486 3303 tutis.Quid
2516 3239 2696 3303 autem
2726 3231 2966 3299 clarius,
2998 3230 3161 3303 quam
3192 3230 3575 3303 per'lubricum
3605 3232 3777 3287 deliis.

719 3290 883 3364 unus
926 3305 1061 3371 luit,
1090 3290 1448 3373 -Augustinus_
1482 3300 1577 3354 lib.
1627 3314 1679 3353 ιν
1699 3308 1891 3373 _cont_._
1927 3299 2063 3373 duas
2091 3290 2138 3355 (ἶ
2167 3290 2661 3373 ςαεηάίῖιιιδνιειιηι
2690 3290 3229 3370 σαιοαηεε,ἰαίνεοαήι
3256 3301 3614 3371 hereditatis,
3640 3303 3778 3360 nihil

2168 3374 2315 3429 aliud
2346 3373 2607 3441 indicari,
2635 3384 2695 3429 ut
2744 3374 2811 3429 ad
2846 3374 2990 3430 hunc
3033 3377 3289 3433 eumdem
3338 3376 3518 3432 locum
3549 3385 3778 3432 annota-

2166 3444 2379 3510 vimus,
2412 3461 2577 3520 quam
2620 3446 3127 3520 concupiscentiam
3159 3448 3333 3520 tquae
3380 3448 3598 3504 tametsi
3644 3463 3779 3504 vere

2166 3531 2232 3572 ac
2260 3519 2479 3588 proprie
2507 3516 2560 3571 in
2588 3519 2801 3591 renatis
2829 3533 2939 3574 non
2966 3520 3036 3575 sit
3067 3516 3386 3590 peccatum,
3421 3528 3606 3591 tamen
3649 3521 3777 3591 quia

2167 3602 2234 3645 ex
2267 3596 2501 3664 peccato
2522 3599 2626 3654 est,
2658 3599 2713 3664 et
2738 3588 2815 3664 ad_
2821 3588 3128 3664 peccatum
3146 3590 3395 3664 inclinat,
3425 3589 3627 3664 dicitur
3654 3588 3777 3664 pec-

2168 3670 2349 3716 eatum
2377 3661 2446 3716 ab
2475 3659 2867 3733 Apostolo.Uit
2906 3662 3069 3733 igitur
3117 3662 3234 3717 haec
3276 3661 3612 3718 hereditaria
3651 3659 3775 3732 pec-

2171 3741 2308 3795 cata,
2338 3734 2456 3806 sive
2483 3732 2616 3788 illud
2646 3732 2792 3803 quod
2819 3732 3015 3789 Petrus
3039 3733 3254 3790 habebat
3282 3734 3435 3806 primi
3461 3733 3694 3789 hominis
3714 3736 3780 3789 de

2165 3805 2491 3860 successione
2537 3814 2805 3875 peccatum
2855 3805 3169 3873 tolleretur,
3220 3805 3289 3861 iu
3318 3806 3517 3875 pedum
3568 3806 3777 3863 latione

2166 3875 2497 3947 peculiarem
2527 3875 2756 3946 gratiam
2784 3877 3025 3932 conferri
3050 3878 3403 3935 existimabat
3422 3877 3775 3935 Ambrosius:

2165 3948 2311 4022 quod
2341 3949 2510 4020 majus
2539 3948 2828 4022 subsidium
2851 3948 3275 4022 sanctiﬁcationis
3298 3958 3459 4005 vocat
3481 3949 3629 4022 tidus
3655 3949 3779 4022 ejus

2167 4018 2472 4093 interpres,
2520 4018 2566 4073 si
2592 4027 2774 4093 tamen
2807 4026 2937 4093 non;
2958 4018 3282 4093 Atnbrosius
3312 4022 3449 4093 ipse,
3480 4020 3582 4076 lib.
3614 4018 3779 4080 tu'de

2166 4089 2441 4164 Sacram”
2464 4104 2591 4164 cap.
2628 4092 2655 4144 1
2678 4131 2696 4157 ,
2722 4105 2873 4164 num.
2907 4092 2965 4164 7.
2991 4090 3111 4149 Non
3155 4089 3468 4164 ignoramus
3507 4094 3778 4164 quosdam

2166 4162 2684 4236 ecatbolieishesse
2733 4162 3034 4233 theologis,
3080 4162 3433 4236 qui'peecata
3479 4162 3588 4220 ista
3637 4165 3779 4224 levia

2165 4249 2289 4363 qua:
2335 4233 2610 4319 naturalia
2636 4237 2878 4316 nominat
2918 4233 3253 4305 Augustinus
3276 4277 3292 4302 ,
3320 4236 3676 4320 hereditaria
3706 4238 3777 4296 ab

2218 4306 2458 4363 mbrosm
2504 4305 2613 4360 dtct
2653 4305 3002 4363 arbitrentur.
3039 4308 3147 4363 Sed
3199 4323 3323 4363 cum
3365 4310 3604 4363 ventalta
3648 4324 3777 4363 nec-

2218 4306 2458 4363 mbrosio
2504 4304 2613 4360 dici
2653 4304 3147 4365 arbitrenturISed
3199 4323 3323 4363 eum
3365 4309 3604 4365 venialia
3648 4324 3779 4365 nec-

2164 4386 2287 4451 cata
2308 4391 2418 4451 non
2457 4377 2636 4432 minus
2669 4390 2833 4451 quam
2870 4380 3123 4449 capitalia
3165 4379 3220 4435 in
3260 4380 3532 4451 baptismo
3558 4377 3673 4437 elui
3714 4382 3779 4438 li-

2165 4448 2265 4525 des
2290 4448 2775 4525 doceat,_omt_tint_)
2823 4448 3078 4507 standum
3109 4451 3186 4509 illi
3216 4448 3582 4523 expositioni,
3611 4468 3776 4525 quam

2167 4521 2285 4593 ipse
2311 4519 2621 4593 suppeditat
2645 4518 2704 4576 S.
2739 4520 2965 4578 Doctor.

2239 4602 2266 4668 ξι
2294 4593 2526 4668 Quidam
2555 4606 2712 4658 mss.,
2740 4594 3020 4668 consistere
3048 4596 3369 4668 mysterium.

3063 4666 3261 4738 quibus
3310 4666 3463 4729 indui
3516 4667 3777 4727 solebant

472 4743 671 4799 ibidem
723 4733 1083 4811 Augustinus,
1129 4750 1237 4811 non
1276 4742 1361 4811 est
1402 4733 1595 4789 tamen
1640 4733 2058 4811 exiStimandum
2088 4733 2141 4755 ν
2168 4749 2357 4811 recens
2387 4734 2645 4811 b_apt_izati
2668 4734 2759 4811 qui
2787 4750 2893 4792 non
2938 4733 3276 4806 meminerit,
3306 4754 3385 4811 ex
3403 4740 3647 4811 antiquis
3673 4742 3779 4799 Pa-

469 4805 888 4870 Atnbrosianam
942 4809 1108 4864 luisse
1151 4806 1463 4877 opinionem
1505 4819 1702 4877 noxam
1742 4805 2060 4877 originalem

469 4885 740 4954 ejusmodi
789 4881 991 4954 lotione
1016 4875 1256 4954 aboleri.
1285 4878 1417 4944 Quis
1449 4876 1601 4954 enim
1631 4875 2059 4954 credatAngus-

470 4948 643 5014 tinum
672 4956 788 5012 suis
811 4964 870 5011 et
900 4952 1161 5009 Ecclesia:
1188 4949 1515 5005 adversariis
1563 4948 1869 5020 testimonia
1895 4990 1909 5016 ,
1940 4948 2062 5020 qua:

467 5046 498 5083 ει
529 5030 758 5086 veritate
786 5042 849 5084 ac
878 5025 981 5081 lide
1009 5023 1364 5086 abhorreant,
1389 5018 1792 5090 oppositurum,
1826 5018 2063 5077 maxime

469 5117 592 5157 cum
624 5097 813 5157 eadem
845 5097 939 5154 illa
963 5095 1275 5153 ceremonia
1322 5092 1380 5148 in
1410 5091 1595 5147 Africa
1620 5132 1637 5157 ,
1667 5100 1722 5145 ut
1750 5092 1877 5146 alibi
1909 5093 2061 5148 dice-

468 5186 578 5238 tur,
608 5187 717 5228 non
747 5168 1056 5226 obtineret?
1085 5167 1194 5221 Aut
1219 5163 1342 5237 quis
1368 5176 1556 5238 rursus
1586 5162 1928 5218 Ambrosium
1966 5166 2060 5238 qui

468 5233 675 5317 ubique
727 5242 997 5317 baptismo
1040 5233 1337 5317 ρεηῑεείιρηι
1379 5233 1644 5317 justitiam
1674 5233 2063 5317 regeneratio-

469 5306 706 5387 nemque
730 5306 979 5369 attribuit
997 5306 1097 5387 ,_et
1124 5307 1228 5363 hoc
1258 5307 1375 5387 ipso
1407 5307 1526 5362 loco
1551 5306 1692 5387 sicut
1727 5312 1782 5359 et
1802 5306 2061 5387 aliisnon

466 5376 658 5459 paucis
702 5390 949 5459 agnoscit
995 5382 1212 5437 Petrum
1256 5376 1431 5459 luisse
1458 5376 1755 5459 mundum,
1786 5378 2062 5459 existimet

467 5447 523 5515 in
554 5474 619 5514 ea
667 5447 937 5513 sententia
966 5467 1091 5509 esse
1121 5450 1363 5521 potuisse
1382 5489 1398 5515 ,
1426 5456 1487 5504 ut
1534 5447 1772 5521 originis
1795 5449 2059 5521 maculam

464 5530 666 5599 pedum
695 5530 896 5599 lotioue
913 5566 942 5599 ,Α
958 5516 1138 5595 quam'
1151 5535 1257 5599 non
1285 5516 1776 5599 ignorabato'tuitti
1801 5520 1981 5576 multis
2004 5521 2058 5577 in

468 5588 765 5673 Ecclesiis,
798 5596 946 5673 ablui
975 5588 1371 5649 contenderet?
1400 5590 1508 5647 Sed
1533 5588 1664 5673 nihil
1699 5590 1785 5645 hic
1809 5605 1945 5673 opus
1974 5602 2059 5649 est

469 5663 831 5737 coniecturis,
865 5670 980 5737 ipse
1027 5675 1267 5722 mentem
1315 5678 1467 5737 suam
1514 5663 1864 5737 satis‘aperit
1896 5663 2056 5737 citata

468 5733 673 5808 Expos.
699 5733 835 5810 psal.
866 5733 1050 5804 ium,
1082 5752 1230 5791 num.
1260 5738 1315 5810 9,
1347 5734 1401 5790 iu
1432 5736 1573 5810 hunc
1602 5733 1832 5810 modum
1861 5750 1875 5787 :
1910 5733 2060 5810 Unde

468 5804 611 5891 reor,
642 5804 842 5891 inguit,
869 5810 1186 5891 iniquitatem
1216 5807 1445 5891 calcanei
1475 5806 1659 5891 magis.
1687 5804 2057 5891 lubricantOde-

469 5876 763 5953 linquendi,
790 5876 967 5951 quam'
992 5889 1192 5934 reatum
1226 5879 1448 5950 aliquem
1494 5876 1659 5935 nostri
1702 5892 1813 5934 esse
1854 5876 2055 5936 delicti.

2163 4806 2368 4883 tribus,
2398 4807 3014 4883 Ecclesiasticarumque
3055 4825 3239 4868 rerum
3282 4806 3649 4883 scriptoribus
3677 4816 3770 4871 vis

2161 4879 2318 4936 illum
2346 4880 2609 4950 reperias.

2242 4961 2263 4989 ο
2295 4951 2455 5028 item.
2485 4951 2618 5028 edit.
2651 4950 2803 5021 sola,
2831 4954 3136 5028 sanguinem
3180 4955 3309 5011 avis.
3342 4953 3443 5028 Ubi
3480 4956 3694 5014 notavit
3717 4956 3773 5014 in

2166 5024 2410 5093 margine
2434 5022 2606 5078 Levit.
2639 5039 2751 5090 xiv,
2784 5025 2880 5081 sed
2907 5022 3207 5083 consensus
3231 5035 3343 5084 vet.
3367 5027 3503 5084 edit.
3536 5044 3604 5084 ac
3631 5046 3768 5086 mss.

2166 5095 2406 5180 omnium
2437 5094 3116 5180 facit.ut_sit.prohabilius
3144 5100 3213 5155 ad
3242 5099 3419 5157 locum
3451 5115 3483 5155 a
3506 5100 3671 5158 nobis
3691 5117 3775 5159 as~

2164 5166 2435 5237 signatum
2466 5165 2583 5222 lleri
2610 5165 2956 5225 allusiOnem.

2193 5309 2207 5322 ο
2235 5236 2381 5322 {Sic
2405 5237 2755 5322 omnes‘edit.
2781 5253 2906 5322 eum
2934 5256 3069 5322 mss_.
3101 5241 3308 5313 aliquot
3340 5260 3354 5297 :
3385 5242 3481 5300 alii
3510 5259 3777 5303 numero-

2162 5309 2388 5394 sissimi,
2422 5308 2538 5394 ﬁlia
2567 5307 2929 5394 Hierusalem;
2962 5312 3064 5370 sed
3101 5307 3290 5371 contra
3317 5328 3608 5374 sacrorum
3653 5333 3777 5376 om-

2166 5381 2316 5437 nium
2340 5381 2465 5437 cod.
2492 5384 2895 5441 auctoritatem.

2238 5452 2678 5537 éMss._partitn,
2709 5455 2969 5537 principes
3019 5458 3211 5537 uestri,
3259 5458 3460 5537 partim
3501 5462 3778 5537 principes

2160 5532 2329 5613 tetra
2348 5524 2488 5613 ae!“
2519 5526 2671 5613 quis!
2703 5524 2891 5613 νῑυεςέ
2905 5524 3400 5613 uerbenaeue
3425 5524 3639 5613 De'sua
3658 5524 3776 5590 ιδε-

2165 5595 2553 5674 tiunendictum
2584 5605 2670 5674 est
2695 5595 2763 5674 ad
2793 5598 2892 5654 lib.
2913 5595 2983 5656 de
3009 5595 3182 5674 lustit.
3206 5601 3352 5673 Virg.
3378 5617 3500 5674 cap.
3525 5595 3583 5670 Β,
3614 5620 3776 5663 num.

2165 5666 2392 5751 59_."Ubi
2418 5668 2697 5751 etiam_de
2742 5670 2844 5751 hac
2885 5673 3204 5751 angelorum
3251 5666 3597 5751 ignoratione
3630 5691 3773 5732 non~

2166 5737 2305 5817 nihil
2351 5738 2733 5817 sulgjunximus
2767 5758 2795 5817 ε
2813 5742 2884 5799 de
2910 5737 3014 5815 qua
3045 5737 3429 5817 insuper'cum
3452 5745 3621 5816 alibi,
3650 5755 3772 5805 tum

2163 5809 2261 5869 lib.
2292 5826 2310 5867 ι
2334 5810 2406 5870 de
2429 5809 2583 5881 Fide,
2611 5827 2733 5885 cap.
2764 5812 2821 5882 6,
2848 5809 3403 5876 tracuttAmbrosius.
