4042 6294
189 302 197 354 δ
276 322 375 380 tot

1425 322 1514 379 DE
1556 319 1928 381 MYSTERIIS
1964 321 2172 382 LIBER
2215 324 2411 383 UNUS.

3485 332 3596 388 ‘02

350 441 442 496 57.
485 440 744 496 Christus
789 449 968 495 autem
1023 438 1214 494 videns
1268 438 1571 495 Ecclesium
1627 453 1782 494 suam
1828 439 1880 495 in
1910 447 1963 504 Α
1989 439 2111 497 ierit
2143 440 2211 496 ad
2236 439 2628 497 Christutn.Et
2655 441 2850 496 iterum
2877 441 3009 498 dicit
3044 443 3110 498 ad
3131 458 3251 499 eam
3295 445 3436 502 Deus
3462 444 3599 504 Ver-

277 533 632 590 vestimentis
662 533 933 597 candidis,
969 548 1067 603 pro
1093 548 1197 599 qua
1229 533 1347 602 ipse
1367 573 1381 598 ,
1412 541 1471 586 ut
1509 530 1678 587 habes
1705 531 1757 588 in
1786 530 1888 586 Za-

274 626 483 682 chariae
533 626 680 682 libro
727 626 1009 697 projiheta:
1059 624 1244 695 (Zach.
1277 641 1374 692 ιιι,
1404 626 1481 697 5),
1513 623 1736 680 sordida
1767 640 1888 682 ves-

285 721 513 776 timenta
527 720 954 791 susceperat,ch
968 720 1204 774 animam
1219 718 1650 790 regenerationis
1671 719 1886 774 lavacro

276 812 541 870 mundam
568 822 736 884 atque
760 812 1022 879 ahlutam,
1047 811 1177 868 dicit
1205 831 1219 867 :
1244 811 1380 866 Ecce
1407 812 1635 882 formosa
1665 829 1738 879 es,
1765 828 1886 877 pro-

271 907 416 962 xima
445 923 593 974 mea,
623 923 737 962 ecce
777 923 833 962 es
860 907 1089 977 formosa
1110 949 1127 972 ,
1161 906 1300 960 oculi
1332 907 1406 960 tui
1454 907 1588 961 sicut
1634 905 1887 961 columba:

273 1002 458 1072 (Cant.
492 1017 572 1068 tv,
604 1002 681 1070 l);
715 1001 770 1057 in
819 1001 976 1072 cuius
1024 1001 1210 1072 specie
1242 1000 1480 1070 Spiritus
1521 1009 1746 1055 sanctus
1789 1000 1885 1056 de-

271 1095 574 1152 scenditde
602 1095 750 1152 caelo
769 1093 928 1170 (Luc.
961 1110 1052 1163 ιιι,
1084 1093 1202 1167 22).
1223 1094 1472 1150 Formosi
1501 1095 1642 1150 oculi
1673 1105 1699 1132 ιι
1741 1096 1886 1152 sicut

271 1191 545 1247 columba:
566 1232 582 1258 ,
611 1191 736 1262 quia
785 1191 853 1264 in.
877 1191 999 1262 ejus
1028 1191 1214 1262 specie
1258 1189 1492 1262 Spiritus
1534 1199 1756 1247 sanctus
1786 1191 1882 1248 de-

277 1283 492 1340 scendit
520 1283 590 1341 de
617 1282 782 1341 caelo.

346 1379 438 1436 58.
480 1379 552 1436 Et
577 1379 720 1436 infra
747 1397 760 1435 :
794 1379 989 1437 Dentes
1021 1382 1099 1436 tui
1125 1381 1257 1437 sicut
1283 1398 1412 1452 grex
1441 1391 1734 1450 tonsarum,
1765 1400 1880 1454 qua:

273 1473 621 1528 ascenderunt
662 1474 727 1529 de
755 1473 994 1544 lavacro,
1019 1491 1134 1544 qua:
1181 1491 1358 1542 omnes
1388 1477 1616 1548 geminos
1663 1487 1876 1545 creant,

275 1578 324 1624 et
354 1569 636 1641 infecunda
662 1586 764 1626 non
795 1581 869 1625 est
899 1571 953 1625 in
983 1572 1092 1636 eis;
1123 1581 1177 1625 ut
1204 1572 1451 1626 resticula
1477 1572 1717 1626 coccinea
1743 1572 1880 1626 labia

277 1675 367 1718 tua
397 1661 621 1735 (Cantic.
657 1679 708 1718 tv
729 1706 745 1731 ,
770 1663 836 1732 2,
869 1663 944 1735 5).
975 1663 1092 1720 Non
1132 1663 1429 1720 mediocris
1471 1664 1573 1720 ista
1616 1663 1876 1720 laudatio.

274 1754 517 1812 Primum
560 1756 588 1796 ιι
633 1757 778 1814 dulci
836 1759 1246 1828 comparatione
1304 1768 1624 1824 tonsarum;
1683 1773 1880 1829 capras

1991 536 2120 592 bum
2154 553 2167 589 :
2201 536 2340 603 Quid
2364 536 2586 606 pulchra
2612 545 2658 590 et
2684 537 2855 590 suavis
2889 539 3027 606 facta
3056 554 3108 593 es
3133 539 3362 594 charitas
3383 541 3437 595 in
3466 542 3600 596 deli-

1991 629 2086 683 ciis
2113 629 2256 683 tuis?
2285 628 2505 684 Statura
2532 639 2622 684 tua
2644 628 2830 685 similis
2851 628 2992 700 facta
3022 641 3093 685 est
3116 632 3329 703 palma,
3361 641 3410 688 et
3437 633 3599 690 ubera

1990 730 2078 775 tua
2106 721 2264 775 botris
2297 720 2468 791 (Cant.
2498 738 2594 788 vn,
2617 721 2672 789 6,
2703 722 2781 794 7).

2060 813 2150 870 40.
2192 812 2292 869 Cui
2321 815 2616 886 respondet
2644 816 2883 873 Ecclesia
2918 836 2930 872 :
2969 819 3098 887 Quis
3125 819 3268 875 dabit
3302 830 3368 890 te,
3406 825 3594 893 frater,

1986 906 2114 961 mihi
2141 908 2408 963 lactentem
2437 908 2594 964 ubera
2619 910 2799 964 matris
2825 927 2950 967 mea:
2970 914 2996 967 2
3032 910 3312 968 lnveniens
3342 923 3389 968 te
3432 914 3588 984 foris,

1988 1002 2262 1056 osculabar
2286 1014 2335 1057 te
2362 1019 2382 1057 :
2425 1013 2475 1058 et
2503 1002 2709 1074 quidem
2754 1020 2856 1059 non
2901 1014 3148 1074 spernent
3180 1023 3278 1060 me.
3317 1006 3596 1061 Assumam

1987 1106 2054 1162 te,
2086 1105 2133 1150 et
2154 1097 2396 1150 inducam
2424 1107 2473 1152 te
2497 1098 2550 1152 in
2573 1097 2786 1152 domum
2818 1099 2999 1152 matris
3026 1115 3176 1163 meat,
3201 1109 3248 1153 et
3273 1099 3327 1154 in
3341 1111 3594 1156 secretum

1985 1194 2102 1264 ejus
2137 1206 2251 1261 qua:
2276 1192 2510 1262 concepit
2546 1208 2644 1246 me.
2682 1191 2906 1246 Docebis
2935 1209 3015 1247 me
3043 1192 3219 1262 (Cant.
3254 1209 3383 1261 vnt,
3419 1196 3445 1249 1
3467 1236 3482 1260 ,
3511 1193 3592 1264 2).

1984 1282 2153 1339 Vides
2193 1283 2653 1355 quemadmodum
2688 1285 2954 1342 delectata
2982 1301 3209 1342 munere
3252 1286 3551 1358 gratiarum
3575 1329 3592 1354 .

1981 1377 2048 1433 ad
2080 1377 2340 1433 interiora
2367 1379 2516 1448 cupit
2537 1379 2792 1450 mysteria
2820 1378 3128 1449 pervenire,
3156 1389 3211 1434 et
3252 1395 3444 1436 omnes
3468 1395 3595 1436 sen-

1983 1487 2077 1528 sus
2105 1487 2232 1528 suos
2265 1487 2591 1529 consecrare
2613 1472 2870 1529 Christo?
2897 1472 3089 1528 Adhuc
3114 1471 3140 1508 ιι
3169 1475 3386 1543 quaerit,
3411 1473 3594 1529 adlmc

1981 1567 2209 1624 suscitat
2235 1565 2580 1632 charitatem,
2603 1575 2659 1622 et
2679 1566 2928 1622 suscitari
2959 1567 3060 1621 sibi
3104 1582 3226 1622 eam
3255 1567 3431 1638 poscit
3461 1584 3488 1621 a
3527 1568 3594 1621 ii-

1981 1657 2156 1714 liabus
2189 1659 2548 1722 Hierusalem,
2567 1673 2795 1730 quarum
2819 1659 3014 1729 gratia,
3039 1658 3142 1713 hoc
3157 1669 3263 1727 est,
3283 1662 3588 1715 animarmn

1982 1752 2246 1822 ﬁdelium,
2275 1753 2549 1825 Sponsum
2583 1753 2635 1808 in
2662 1768 2905 1810 amorem
2931 1754 3012 1809 sui
3045 1753 3352 1810 uberiorem
3379 1753 3594 1810 deside-

269 1852 418 1908 enim
452 1861 508 1908 et
534 1853 587 1908 in
634 1852 760 1908 altis
805 1855 952 1924 pasci
980 1854 1101 1910 sine
1131 1853 1378 1925 periculo
1415 1855 1700 1919 novimus,
1735 1863 1790 1908 et
1826 1853 1881 1908 in
1914 1856 1960 1917 Β
1989 1856 2074 1904 rat
2101 1850 2406 1917 provocari.

267 1947 562 2019 praeruptis
590 1961 816 2004 securas
848 1947 1029 2004 cibum
1061 1963 1259 2019 capere
1289 1968 1302 2004 :
1332 1949 1535 2005 deinde
1566 1963 1690 2005 cum
1718 1949 1878 2022 335

266 2039 587 2110 tondentur,
615 2041 909 2099 deonerari
959 2042 1269 2114 superﬂuis.
1305 2043 1506 2100 Harum
1538 2046 1687 2116 gregi
1733 2060 1883 2100 com-

265 2146 493 2208 paratur
519 2136 787 2206 Ecclesia,
818 2137 1017 2192 multas
1038 2137 1092 2192 in
1117 2153 1176 2194 se
1205 2137 1417 2195 habens
1439 2139 1744 2196 animarum
1772 2141 1881 2195 vir-

269 2237 456 2304 tutes,
483 2245 608 2300 qua:
654 2246 750 2302 per
793 2230 1067 2287 lavacrum
1118 2231 1397 2304 superﬂua
1441 2241 1662 2304 peccata
1713 2233 1881 2304 depo-

268 2303 444 2391 nant,
491 2338 612 2394 qua:
659 2324 945 2396 mysticam
1010 2303 1279 2381 [idemet
1324 2303 1584 2382 moralem
1647 2329 1880 2398 gratiam

263 2415 518 2472 deferant
542 2414 764 2473 Christo
787 2459 802 2487 ,
831 2433 952 2489 qua:
977 2433 1196 2475 crucem
1227 2418 1444 2475 Domini
1471 2419 1600 2476 Jesu
1644 2419 1876 2493 loquan-

268 2521 382 2570 tur.

336 2605 429 2662 39.
474 2605 528 2662 In
557 2607 623 2663 iis
652 2608 888 2663 formosa
916 2618 1000 2664 est
1029 2607 1293 2666 Ecclesia.
1318 2608 1476 2667 Unde
1498 2609 1566 2664 ad
1594 2624 1714 2666 eam
1741 2609 1874 2666 Ver-

263 2697 394 2755 bum
425 2698 565 2756 Deus
592 2699 723 2756 dicit
753 2718 767 2755 :
808 2700 942 2756 Tota
969 2702 1196 2772 formosa
1239 2719 1314 2769 es,
1342 2704 1602 2776 'proasinta
1645 2720 1793 2770 mea;
1825 2715 1874 2760 et

261 2793 596 2862 reprehensio
627 2810 729 2848 non
772 2803 845 2850 est
871 2795 923 2848 in
967 2806 1046 2861 te;
1077 2795 1203 2867 quia
1262 2795 1420 2866 culpa
1463 2795 1715 2852 demersa
1761 2807 1866 2853 est.

269 2895 292 2924 ο
310 2887 448 2941 Ades
475 2887 576 2942 huc
595 2905 628 2941 ιι
648 2887 869 2954 Libano,
890 2887 1122 2957 Sponsa,
1148 2891 1272 2944 ades
1299 2889 1438 2944 huca
1457 2889 1683 2945 Libano:
1702 2900 1872 2945 trans-

263 2979 392 3048 ibis,
419 2989 466 3035 et
488 2981 825 3051 pertransibis
866 2998 897 3035 a
929 2982 1187 3054 principio
1214 2983 1338 3052 ﬁdei
1357 2981 1550 3055 (lbid.,
1583 2985 1635 3048 7,
1664 2984 1698 3039 8
1720 2983 1762 3054 );
1803 2998 1872 3040 eo

265 3074 415 3146 quod
433 3076 752 3131 renuntians
768 3074 970 3132 mundo
987 3076 1270 3132 transierit
1286 3078 1566 3144 szcculum,
1589 3089 1870 3148 pertrans-

2055 1945 2143 2000 41.
2190 1943 2346 2001 Unde
2387 1945 2648 2001 Dominus
2675 1945 2837 2002 Jesus
2885 1957 2940 2003 ct
2968 1947 3082 2019 ipse
3115 1947 3378 2004 invitatus
3425 1957 3590 2004 tanta!

1982 2036 2164 2093 studio
2218 2038 2522 2106 charitatis,
2582 2039 2988 2109 pulchritudine
3021 2041 3237 2097 decoris
3271 2053 3328 2098 et
3365 2043 3585 2115 gratim;

1989 2130 2170 2201 cquod
2195 2132 2341 2186 nulla
2361 2131 2473 2201 jam
2505 2133 2556 2186 in
2585 2132 2784 2188 ablutis
2811 2133 3010 2188 delicta
3033 2135 3342 2204 sorderent,
3367 2137 3500 2192 dicit
3520 2137 3588 2191 ad

1982 2223 2320 2280 Ecclesium:
2355 2223 2498 2280 Pone
2547 2243 2627 2281 me
2657 2237 2712 2280 ut
2753 2227 3081 2300 signaculum
3126 2230 3180 2283 in
3209 2246 3298 2284 cor
3328 2240 3504 2298 tuum,
3531 2242 3589 2285 ut

1979 2318 2208 2390 sigillum
2234 2320 2286 2374 in
2313 2319 2580 2375 brachiunt
2611 2330 2756 2374 tuum
2782 2321 2975 2392 (lbid.,
3003 2321 3080 2392 6);
3105 2324 3206 2378 hoc
3232 2332 3316 2380 est
3344 2367 3358 2391 ,
3389 2323 3589 2380 decora

1979 2427 2063 2478 es,
2093 2413 2334 2483 proxima
2368 2428 2511 2480 mea,
2553 2422 2661 2469 tota
2694 2413 2933 2469 formosa
2966 2428 3026 2470 es
3049 2456 3062 2480 ,
3116 2415 3250 2470 nihil
3293 2415 3391 2471 tibi
3412 2416 3591 2472 deest.

1981 2506 2126 2564 Pone
2154 2526 2234 2564 me
2264 2518 2318 2563 ut
2346 2509 2673 2581 signaculum
2701 2511 2755 2564 in
2799 2526 2888 2564 cor
2918 2521 3096 2577 tuum;
3126 2511 3290 2584 336
3316 2527 3426 2582 quo
3455 2511 3588 2568 fides

1977 2611 2070 2657 tua
2107 2602 2270 2672 pleno
2313 2601 2518 2673 fulgeat
2556 2601 2574 2639 ί
2619 2612 2988 2658 sacramento.
3020 2602 3201 2674 Opera
3231 2619 3447 2674 quoque
3494 2613 3586 2660 tua

1978 2699 2216 2764 luceant,
2248 2707 2303 2754 et
2330 2698 2621 2769 imaginem
2648 2697 2744 2752 Dei
2775 2698 3088 2766 prmlerant,
3118 2698 3186 2753 ad
3214 2698 3371 2767 cujus
3395 2699 3587 2768 imagi-

1977 2810 2099 2852 nem
2124 2793 2264 2850 l‘acta
2295 2809 2376 2850 es.
2402 2792 2654 2849 Charitas
2682 2801 2770 2846 tua
2795 2791 2941 2846 nulla
2973 2791 3359 2862 persecutione
3376 2792 3590 2847 minua-

1975 2901 2081 2958 tur,
2113 2907 2272 2962 quam
2298 2890 2466 2946 multa
2489 2905 2625 2962 aqua
2655 2889 2966 2956 excludere,
2992 2889 3212 2944 ﬂumina
3235 2890 3444 2946 undare
3474 2905 3583 2946 non

1975 2986 2188 3057 possint
2212 2983 2391 3052 (Ibid.
2420 2987 2498 3056 7).

2047 3078 2136 3133 42.
2183 3077 2335 3136 Unde
2366 3087 2552 3148 repete
2583 3077 2707 3149 quia
2748 3076 3004 3147 accepisti
3028 3086 3051 3122 κ
3103 3075 3440 3147 signaculum
3472 3074 3586 3145 spi-

345 3221 369 3252 ο
403 3211 520 3269 Vet.
544 3213 703 3290 _ed_it.
754 3229 878 3290 cum
926 3230 1060 3290 mss.
1119 3214 1432 3290 plerisqpe,
1461 3217 1598 3290 sicut
1649 3217 1877 3290 diagimus
1906 3217 1952 3281 C
1987 3227 2103 3290 tero
2130 3219 2220 3290 qui
2252 3220 2512 3274 verticem
2543 3226 2795 3283 unxerat,
2817 3218 2870 3273 in
2896 3218 3074 3274 fronte
3097 3218 3294 3274 factum
3314 3218 3381 3274 ad
3404 3219 3586 3274 crucis

270 3301 451 3354 supra,
469 3287 588 3357 quia
599 3287 730 3342 sicut
745 3287 980 3341 columba
995 3288 1280 3342 descendit.
1304 3285 1370 3340 Et
1387 3287 1438 3339 in
1445 3288 1548 3356 fra,
1565 3297 1667 3342 etc.
1688 3287 1879 3344 Melius

273 3357 439 3429 Rom.
465 3358 595 3414 edit.
631 3373 754 3414 cum
785 3359 1069 3414 codicibus
1099 3358 1330 3429 reliquis
1361 3367 1420 3413 ut
1448 3357 1500 3412 in
1531 3371 1813 3416 contextu.

351 3427 380 3502 Ρ
415 3429 570 3502 lium.
604 3430 736 3486 edit.
767 3429 904 3500 Apta
930 3427 1331 3502 comparatione.

354 3501 380 3530 °
421 3500 572 3558 Gem.
602 3502 752 3572 cod.,
801 3503 986 3558 Adhuc
1015 3500 1067 3559 es
1099 3521 1130 3557 a
1176 3501 1404 3571 Libano,
1451 3520 1674 3574 sponsa,
1707 3503 1879 3557 adhuc

287 3589 367 3635 £8,
399 3584 507 3629 etc.

353 3641 380 3681 ά
413 3643 490 3700 Ita
514 3646 646 3704 edit.
666 3646 823 3702 Rom.
840 3655 1120 3714 cumparte
1137 3646 1286 3712 cod.;
1305 3663 1436 3702 mss.
1461 3657 1673 3702 veteres
1695 3657 1875 3702 autem

275 3732 403 3790 cum
434 3719 562 3786 alia,
593 3720 776 3790 querit
791 3720 1146 3786 suscitantem,
1170 3733 1216 3774 et
1234 3721 1481 3775 suscitari
1495 3719 1593 3775 sibi
1611 3736 1748 3788 eam,
1767 3731 1872 3775 etc.

276 3789 458 3846 Minus
487 3789 797 3848 commode.

354 3876 377 3897 ι’
419 3861 578 3918 Rom.
609 3863 740 3918 edit.
772 3864 908 3928 sola,
942 3864 1081 3932 quod
1112 3865 1305 3919 abluta:
1345 3864 1500 3920 nullis
1521 3868 1638 3932 jam
1677 3863 1878 3917 delictis

277 3935 570 3990 sorderent.
597 3935 962 3992 Timuitforte
991 3951 1058 3990 ne
1099 3937 1455 3991 abuterentur
1502 3935 1878 3990 Ambrosianis

276 4007 466 4062 verbis
490 4016 804 4073 novatores,
830 4017 887 4063 ut
913 4008 1105 4063 delicta
1131 4024 1236 4062 non
1267 4009 1406 4071 tolli,
1423 4008 1518 4063 sed
1541 4009 1646 4077 tegi
1663 4015 1877 4061 astrue-

276 4089 426 4134 rent.
461 4079 663 4135 Verum
695 4078 866 4136 futilis
909 4090 1056 4134 esset
1098 4080 1323 4136 istorum
1371 4096 1434 4134 ea
1473 4080 1754 4151 probatio;
1806 4077 1877 4133 ibi

276 4151 550 4220 siquidem
584 4169 689 4206 non
718 4152 944 4206 sordent
973 4151 1190 4215 delicta,
1228 4153 1315 4206 ubi
1344 4152 1485 4205 nulla
1515 4161 1659 4205 sunt.

353 4224 373 4262 τ
406 4222 610 4278 Eadem
638 4223 796 4278 Rom.
826 4224 957 4279 edit.
985 4225 1146 4278 ctiam
1173 4225 1259 4277 hic
1283 4224 1396 4277 sola
1421 4222 1876 4291 postvocabulum

275 4306 602 4350 sacramento
650 4297 752 4350 ista
798 4295 1152 4362 subjunxerat
1189 4313 1202 4349 :
1248 4294 1316 4351 Ut
1361 4295 1683 4366 signaculum
1727 4310 1881 4364 super

275 4368 548 4421 brachium
578 4377 740 4429 tuum,
760 4385 858 4434 quo
882 4383 1040 4436 opera
1068 4379 1176 4421 tua.
1212 4407 1225 4420 .
1254 4408 1267 4420 .
1299 4371 1436 4437 facta
1455 4383 1527 4421 es.
1557 4370 1700 4433 Aqua
1719 4367 1882 4421 multa

273 4456 382 4493 non
402 4441 589 4506 poterit
604 4442 929 4506 exstinguere
946 4438 1270 4503 charitatem,
1289 4448 1344 4492 ut
1365 4439 1590 4493 charitas
1612 4449 1878 4493 tua...non

273 4515 501 4582 possint.
539 4509 688 4565 Unde
712 4511 736 4565 ?
767 4510 979 4579 Repete,
1006 4512 1148 4576 quia.
1177 4518 1284 4565 etc.

350 4594 376 4627 κ
413 4584 486 4637 De
507 4583 931 4639 Conlirmatione
955 4585 1056 4636 hoc
1075 4583 1179 4638 dici
1211 4592 1362 4638 extra
1393 4581 1614 4637 dubium
1637 4591 1742 4637 est.
1771 4582 1877 4638 Sed

273 4670 403 4711 cum
432 4655 838 4711 cltrismationis
867 4656 1072 4710 mentio
1102 4654 1187 4709 hic
1231 4653 1376 4709 nulla
1425 4653 1548 4718 ﬁat,
1597 4655 1647 4708 id
1679 4654 1880 4708 multas
1906 4627 1962 4687 D

276 4728 419 4798 parit
434 4743 534 4782 nec
551 4727 772 4797 exiguas
794 4726 1302 4782 difﬁcultatesNam
1325 4725 1689 4780 contendebat
1702 4725 1881 4798 I’.Sir-

275 4797 516 4854 ruondus
545 4814 738 4854 recens
762 4799 1049 4869 baptizatis
1098 4815 1205 4853 non
1233 4798 1393 4852 aliam
1431 4798 1621 4869 primis
1668 4797 1882 4852 sacculis

275 4871 595 4927 unctionem
645 4867 942 4926 adhibitam
977 4872 1028 4924 in
1074 4870 1508 4924 administrando
1548 4867 1650 4924 hoc
1699 4883 1882 4924 sacra-

275 4952 488 5010 mento,
521 4944 623 4997 nisi
655 4944 832 5004 illam.
861 4957 981 5012 qure
1011 4941 1281 5013 superiori
1329 4939 1506 5013 capite
1542 4940 1880 5010 designatur.

273 5031 386 5085 qua
415 5014 672 5070 sacerdos
699 5011 1092 5086 egredientium
1122 5029 1154 5069 e
1191 5011 1533 5086 sacro‘fonte
1572 5021 1732 5081 caput
1759 5013 1882 5086 lini-

276 5084 375 5143 bat
401 5105 413 5140 :
437 5087 696 5158 episcopo
721 5084 903 5142 autem
929 5096 1263 5141 reservatam
1291 5084 1462 5158 solam
1494 5097 1749 5158 manuum
1783 5085 1883 5138 itit—

278 5157 639 5229 positionem.
649 5160 987 5214 Acerrimum
1003 5173 1065 5213 ea
1085 5158 1138 5229 in
1160 5173 1220 5212 re
1235 5157 1609 5212 adversarium
1625 5165 1886 5229 expertus

277 5227 366 5286 est
397 5231 542 5286 Petr.
576 5234 895 5294 Aurelium,
923 5231 1014 5301 qui
1055 5228 1500 5301 cltrismationem
1539 5241 1570 5280 a
1601 5227 1886 5301 sacerdote

283 5305 406 5358 tieri
439 5304 654 5358 Solitani
699 5303 918 5359 verticis
940 5298 1131 5357 'l'uisse
1158 5300 1504 5370 disputabat,
1550 5314 1615 5354 ac
1661 5298 1888 5367 proinde

281 5375 474 5439 altum,
506 5373 700 5431 frontis
729 5375 1002 5440 videlicet,
1033 5373 1192 5441 adjici
1223 5371 1481 5427 debuisse
1509 5370 1579 5424 ab
1605 5371 1882 5440 episcopo.

287 5448 525 5503 Dallaeus
539 5456 741 5502 tutatur
762 5446 1034 5502 Sirmondi
1053 5456 1259 5516 partes,
1277 5455 1330 5498 et
1358 5442 1453 5516 lib.
1471 5457 1531 5516 ιιι
1539 5442 1607 5497 de
1623 5443 1884 5499 Coulirm.

286 5535 415 5590 cap.
448 5520 504 5584 8,
547 5520 749 5576 diserte
779 5527 937 5587 negat
975 5513 1139 5590 ullam
1175 5530 1350 5590 neque
1379 5513 1483 5590 hoc
1522 5515 1661 5590 loco,
1712 5530 1889 5590 neque

289 5587 393 5648 lib.
424 5606 482 5646 ιιι
507 5591 836 5648 deSacram.
859 5604 978 5660 cap.
1008 5589 1064 5652 2,
1094 5588 1406 5642 unctionem
1429 5587 1755 5660 signiﬁcari:
1789 5588 1888 5643 sed

292 5664 581 5719 contendit
607 5665 676 5717 ab
727 5663 812 5717 his
854 5659 1169 5715 auctoribus
1201 5667 1408 5714 tantum
1441 5659 1660 5729 agnosci
1689 5659 1891 5729 duplex

291 5737 659 5807 signaculum,
690 5749 857 5790 unum
886 5733 1160 5807 corporis,
1190 5731 1258 5786 de
1283 5745 1390 5798 quo
1419 5745 1581 5807 supra
1623 5746 1745 5807 cap.
1777 5736 1809 5786 6
1836 5742 1892 5786 et

293 5803 394 5863 lib.
428 5823 484 5863 ut
511 5807 578 5863 de
602 5807 844 5863 Sacram.
879 5819 1000 5874 cap.
1033 5820 1079 5865 ις
1114 5804 1346 5859 alterum
1384 5804 1610 5874 spiritus
1633 5844 1646 5867 ,
1686 5803 1754 5856 de
1783 5818 1890 5873 quo

295 5874 435 5936 locis
456 5880 617 5937 modo
648 5880 738 5937 cit.
768 5873 1000 5951 primum
1031 5875 1326 5944 chrismate
1345 5873 1415 5930 ab
1443 5873 1634 5932 eodem
1667 5875 1892 5944 presby-

1986 3289 2159 3344 instar
2190 3307 2204 3345 :
2235 3291 2466 3344 altermn
2499 3307 2605 3358 quo
2637 3306 2733 3360 per
2764 3307 3018 3345 manuum
3070 3291 3329 3346 antistitis
3359 3291 3587 3360 imposi-

1987 3361 2189 3433 tionem
2215 3361 2518 3431 septifornti
2555 3363 2722 3433 gratia
2757 3377 2852 3416 cor
2882 3362 3249 3430 consignatur.
3273 3361 3378 3416 Sed
3409 3363 3586 3429 primo

1987 3432 2075 3487 hic
2105 3444 2250 3487 errat
2280 3433 2370 3488 ille
2412 3432 2680 3498 minister,
2729 3435 2873 3502 quod
2901 3435 3217 3488 unctionem
3246 3448 3366 3502 cap.
3402 3435 3436 3489 6
3487 3434 3588 3488 hu-

1979 3505 2139 3574 jusce
2162 3503 2282 3559 libri
2305 3548 2318 3570 ,
2342 3515 2398 3560 et
2425 3521 2546 3576 cap.
2581 3507 2604 3560 l
2643 3505 2737 3560 lib.
2762 3521 2816 3560 ιιι
2847 3505 2915 3559 de
2946 3505 3190 3561 Sacrani.
3223 3505 3583 3577 signiﬁcatam

1985 3593 2016 3631 a
2047 3577 2367 3648 presbytero
2418 3577 2533 3632 lieri
2579 3577 2772 3632 docet:
2821 3593 2942 3632 cum
2982 3594 3047 3631 ex
3072 3577 3305 3644 simplici
3335 3577 3582 3633 locorum

1985 3648 2323 3720 inspectione
2353 3649 2699 3705 manifestum
2743 3650 2811 3703 sit
2834 3649 2935 3704 soli
2961 3650 3219 3720 episcopo
3248 3648 3389 3704 hanc
3434 3664 3586 3704 arro-

1982 3720 2120 3789 gari.
2151 3719 2357 3792 Deinde
2380 3721 2522 3792 quod
2552 3722 2715 3776 infert
2739 3719 3006 3776 eamdem
3035 3720 3182 3776 illam
3210 3721 3585 3792 consignatio-

1985 3808 2109 3848 ncm
2140 3792 2282 3848 inter
2302 3791 2643 3860 baptismatis
2668 3793 3058 3848 numerandam
3078 3808 3200 3848 esse
3219 3791 3583 3855 ceremonias.

1984 3864 2099 3932 pari
2155 3865 2318 3918 etiam
2364 3864 2487 3934 jure
2546 3864 2687 3918 idem
2738 3865 2807 3919 de
2864 3873 3209 3919 sacramento
3240 3865 3585 3919 eucltaristiae

1983 3935 2168 4005 eolligi
2199 3947 2413 4003 posset:
2458 3935 2600 4004 quod
2632 3952 2699 3991 ne
2745 3936 2839 3990 ille
2866 3936 3086 4005 quidem
3115 3952 3368 4006 umquam
3390 3950 3587 3991 conce-

1983 4006 2160 4063 deret.
2181 4007 2382 4062 Verum
2410 4006 2524 4062 haec
2554 4007 2781 4064 ulterius
2808 4009 3060 4077 prosequi
3102 4023 3210 4061 non
3243 4017 3326 4062 est
3358 4007 3461 4061 loci
3488 4008 3585 4060 litt—

1976 4077 2092 4148 jus.
2119 4079 2396 4135 Addemus
2419 4089 2601 4134 tamen
2635 4079 3127 4142 Sanctibtnuvium,
3151 4079 3242 4149 qui
3271 4094 3334 4133 ex
3356 4079 3454 4135 SS.
3479 4078 3582 4134 PP.

1983 4149 2360 4207 cltrismationi
2387 4151 2638 4206 eﬂ‘ectum
2666 4161 2718 4206 et
2741 4151 2968 4222 gratiam
2998 4151 3436 4206 Conlirmationis
3465 4149 3587 4205 Dis-

1983 4232 2115 4277 sert.
2145 4224 2200 4290 5,
2229 4232 2333 4277 art.
2357 4224 2450 4289 2i,
2469 4223 2740 4291 attribuit,
2773 4238 3062 4292 numquam
3087 4237 3249 4293 agere
3269 4222 3337 4278 de
3359 4222 3587 4292 imposi-

1987 4295 2133 4350 tione
2160 4311 2438 4360 manuum,
2463 4296 2591 4363 quin
2631 4297 2944 4351 unctionem
2977 4294 3246 4364 superiori
3267 4295 3446 4361 capite
3466 4309 3585 4349 meo

1985 4377 2254 4422 moratam
2283 4368 2332 4423 ei
2364 4366 2643 4439 adjungat.
2695 4368 2752 4424 Si
2779 4368 2901 4439 quis
2950 4376 3131 4422 autem
3164 4365 3300 4439 duas
3331 4366 3451 4422 illas
3498 4382 3586 4422 res

1987 4448 2098 4492 tum
2130 4439 2217 4494 hic
2245 4438 2386 4505 apud
2421 4437 2809 4504 Ambrosium,
2851 4450 2960 4494 tum
2993 4440 3084 4492 lib.
3131 4454 3187 4492 ιιι
3219 4437 3289 4493 de
3337 4439 3582 4494 Sacram.

1984 4525 2107 4579 cap.
2134 4511 2161 4565 1
2193 4518 2248 4566 et
2267 4511 2303 4566 2
2334 4509 2560 4566 nimium
2584 4522 2864 4581 separatas
2889 4510 3110 4574 dixerit,
3143 4525 3304 4580 quam
3331 4520 3388 4565 ut
3419 4525 3585 4565 unum

1984 4597 2054 4636 ex
2081 4582 2161 4636 eis
2191 4593 2350 4638 coeat
2395 4594 2827 4649 sacramentum,
2857 4583 3006 4638 nullo
3037 4583 3255 4652 negotio
3285 4582 3588 4654 responde-

1988 4653 2135 4708 bitur
2166 4654 2284 4709 lieri
2317 4656 2573 4724 potuisse,
2629 4663 2688 4709 ut
2711 4671 2816 4709 non
2838 4654 3324 4724 sejungerenturin
3353 4653 3587 4708 admini-

1988 4725 2282 4788 stratione,
2312 4743 2434 4795 qua:
2479 4726 2532 4781 in
2561 4727 2905 4796 expositione
2931 4727 3332 4795 disjunguntur.
3363 4727 3585 4781 Certum

1987 4797 2132 4868 enim
2164 4807 2248 4851 est
2268 4799 2448 4852 omnia
2487 4797 2680 4854 eodem
2712 4799 2938 4864 ordine,
2984 4813 3093 4867 quo
3120 4798 3448 4868 gerebantur
3476 4812 3586 4852 non

1987 4865 2077 4940 hic
2107 4870 2318 4935 referri;
2353 4870 2518 4924 immo
2549 4885 2680 4925 vero
2709 4886 2809 4927 nec
2838 4865 3190 4939 paucaetia'm
3219 4868 3584 4940 pratermitti.

1988 4939 2104 4994 lloc
2141 4941 2358 5014 quidem
2387 4943 2529 5014 lavet
2574 4957 2763 4996 eorum
2801 4943 3081 5014 opinioni,
3119 4939 3585 5014 quiat-bitrantnr

1986 5026 2111 5065 cum
2142 5011 2302 5068 Petro
2328 5013 2548 5068 Aurelio
2576 5009 2903 5082 peculiarem
2937 5013 3038 5068 hoc
3052 5009 3174 5068 loco
3195 5009 3394 5066 includi
3413 5011 3590 5065 chris-

1991 5083 2307 5156 mationem.
2341 5083 2449 5140 Sed
2478 5085 2736 5156 quidquid
2767 5086 3008 5142 dixerint
3045 5082 3370 5156 heterodoxi
3391 5121 3405 5142 .
3460 5097 3585 5156 cum

1992 5154 2364 5224 probabilibus
2392 5156 2464 5211 sit
2487 5153 2799 5214 unctionem
2817 5199 2833 5222 ,
2881 5155 3335 5227 quemadmodum
3358 5153 3478 5209 loco
3505 5153 3578 5227 ci.

1995 5237 2105 5282 tato
2138 5243 2360 5295 propos.
2409 5228 2444 5284 6
2474 5228 2636 5287 docet
2681 5224 3156 5293 Sanctib'uauvius,
3209 5224 3588 5280 tantummodo

1991 5309 2198 5370 partem
2228 5300 2588 5369 integrantem
2610 5316 2732 5357 esse
2758 5297 3226 5364 Conlirmationis,
3251 5304 3453 5370 sartam
3479 5305 3590 5370 tec-

1995 5366 2104 5426 iam
2135 5366 2382 5441 ejusdem
2427 5373 2753 5428 sacramenti
2782 5371 3137 5428 substantiam
3177 5366 3590 5441 semper_liabe-

1993 5438 2194 5498 bimus.
2242 5444 2514 5500 Czeterum
2555 5445 2691 5499 duas
2737 5444 3156 5500 cbrismationes
3197 5438 3360 5508 Greg.
3393 5438 3588 5494 Sacra-

1996 5517 2324 5572 nientariuni
2369 5516 2654 5571 distinctas
2683 5526 2873 5580 n0tat;
2902 5513 2995 5569 sed
3025 5511 3220 5567 Gallic.
3262 5510 3506 5567 Sacram.
3537 5522 3595 5568 et

1992 5588 2229 5657 Missale,
2254 5597 2420 5655 atque
2440 5588 2570 5643 item
2600 5587 2818 5643 Missale
2843 5583 3132 5657 Gothicum
3162 5598 3280 5638 eam
3304 5584 3592 5657 quaalron-

1993 5662 2064 5714 tis
2087 5670 2189 5726 est,
2205 5653 2375 5716 solam
2401 5669 2721 5714 memorant.
2749 5655 3076 5714 Verticalem
3096 5669 3256 5725 quam
3271 5671 3301 5708 a
3322 5653 3591 5711 SilveStro

1996 5747 2131 5802 papa
2164 5733 2464 5787 institutam
2486 5730 2697 5802 volunt,
2717 5731 2771 5802 in
2796 5729 2861 5784 iis
2891 5727 3028 5782 locis
3045 5726 3098 5780 in
3126 5726 3339 5802 quibus
3353 5726 3586 5802 necdum

1995 5797 2228 5858 admissa
2249 5803 2445 5865 fuerat,
2475 5800 2771 5855 verisimile
2795 5809 2878 5856 est
2909 5813 3119 5854 canone
3147 5799 3396 5864 Arausic.
3420 5797 3590 5866 recipi

1993 5876 2196 5945 jnssatn
2224 5893 2237 5940 ;
2271 5886 2579 5944 quanquam
2606 5881 2781 5930 tamen
2815 5871 3050 5930 allirmat
3077 5868 3137 5927 P.
3170 5869 3412 5928 Moriuus
3442 5869 3582 5938 eiu:-
