4042 6294
428 313 528 372 107

1762 320 2003 380 SANC'I‘I
2042 324 2365 385 AMBROSII

3610 316 3707 376 408

408 435 504 504 jus
530 430 740 503 clare);
771 445 956 489 sermo
989 447 1119 507 ergo
1160 434 1365 493 Christi
1391 435 1484 507 qui
1528 437 1704 507 potuit
1745 453 1811 494 ex
1846 437 2018 495 nihilo
2045 447 2101 508 Α
2123 440 2382 513 perﬁdos.
2414 441 2561 498 Bona
2590 454 2721 513 ergo
2760 439 2924 498 debet
2963 453 3089 497 esse
3127 437 3254 495 ﬁdei
3295 446 3402 493 tn:e
3432 436 3705 501 custodia,

422 521 611 581 facere
643 524 793 597 quod
831 541 942 583 non
971 536 1124 596 erat,
1156 543 1265 585 non
1305 536 1483 600 potest
1508 542 1572 586 ea
1594 544 1720 602 quas
1765 539 1935 601 sunt,
1962 531 2018 588 in

422 616 478 673 id
505 628 757 687 mutare,
786 620 934 692 quod
959 636 1069 680 non
1102 624 1298 680 erant?
1325 633 1352 662 ει
1378 623 1496 680 Νοιι
1536 624 1681 681 enim
1710 625 1891 684 minus
1935 635 2021 685 est

424 725 602 768 novas
627 712 795 770 rebus
824 715 955 772 dare
979 758 995 784 ,
1028 731 1191 787 quam
1222 726 1432 774 mutare
1462 726 1704 774 naturas.

500 805 594 862 55.
633 806 746 863 Sed
796 808 928 880 quid
971 812 1304 881 argumentis
1348 812 1592 868 utimur?
1631 811 1757 870 Suis
1806 823 2024 871 utamur

428 900 696 973 exemplis
714 944 731 970 ,
756 902 1253 977 incarnationisque
1275 907 1525 978 exemplo
1550 914 1862 964 astruamus
1885 923 2026 982 mys-

428 996 551 1052 terii
599 998 907 1056 veritatem.
953 998 1217 1072 Numquid
1268 1009 1475 1057 naturae
1517 1016 1651 1057 usus
1701 1003 2023 1073 prmeessit,

428 1103 552 1145 cum
584 1088 745 1147 Jesus
783 1090 1047 1148 Dominus
1071 1107 1138 1148 es
1186 1092 1356 1149 Maria
1402 1094 1761 1151 nasceretur?
1792 1095 1850 1152 Si
1880 1096 2030 1152 ordi-

429 1196 555 1238 nem
581 1183 876 1253 quaerimus
895 1226 909 1251 ,
941 1184 1059 1241 viro
1084 1185 1253 1243 mixta
1278 1185 1481 1243 femina
1506 1203 1774 1259 generare
1797 1203 2030 1246 consue—

429 1277 526 1333 vit.
549 1275 744 1349 Liquet
770 1277 937 1350 igitur
956 1279 1102 1350 quod
1131 1289 1331 1352 prteter
1359 1293 1569 1339 natura:
1590 1282 1842 1339 ordinem
1862 1282 2030 1356 Virgo

428 1372 730 1441 generavit.
762 1370 835 1426 Et
881 1371 985 1429 hoc
1013 1374 1158 1446 quod
1187 1374 1506 1432 conﬁcimus
1531 1390 1731 1447 corpus
1751 1419 1766 1446 ,
1798 1392 1867 1433 ex
1895 1375 2031 1435 Vir-

429 1462 555 1534 gine
583 1471 666 1520 est
689 1481 703 1518 :
730 1464 863 1535 quid
892 1465 983 1522 hic
1007 1468 1213 1539 quaeris
1237 1481 1449 1525 natura:
1473 1470 1723 1526 ordinem
1754 1471 1810 1526 in
1830 1470 2031 1527 Christi

428 1571 682 1629 corpore,
708 1574 833 1616 cum
857 1570 1059 1633 praeter
1081 1572 1331 1620 naturam
1349 1564 1420 1619 sit
1446 1564 1563 1634 ipse
1590 1563 1850 1621 Dominus
1873 1564 2032 1622 Jesus

428 1660 616 1721 partus
642 1667 710 1708 ex
741 1652 1009 1725 Virgine?
1039 1652 1180 1712 Vera
1217 1655 1405 1727 utique
1448 1669 1580 1711 caro
1625 1654 1827 1712 ChriSti
1852 1697 1869 1725 ,
1910 1672 2032 1728 qua:

426 1742 695 1802 eruciﬁxa
722 1754 846 1815 est,
876 1762 1000 1816 qua:
1023 1748 1234 1820 sepulta
1274 1758 1397 1806 est:
1432 1763 1563 1806 vere
1592 1763 1724 1822 ergo
1752 1749 1935 1807 carnis
1963 1750 2029 1807 il-

429 1838 538 1897 lius
561 1851 969 1898 sacramentum
990 1851 1093 1899 est.

497 1934 592 1992 54.
632 1934 753 2007 lpse
794 1935 994 1992 clamat
1023 1935 1284 1993 Dominus
1328 1936 1527 1995 lesus:
1561 1937 1678 1994 Hoc
1721 1948 1796 1994 est
1840 1954 2029 2011 corpus

436 2045 608 2085 meum
643 2028 876 2103 (Matth.
906 2046 1035 2087 xxvt
1060 2074 1076 2100 ,
1103 2030 1221 2103 26).
1251 2034 1394 2090 Ante
1441 2033 1876 2091 benedictionem
1908 2048 2034 2090 ver-

428 2120 624 2179 borum
639 2122 948 2179 cmlestium
965 2121 993 2161 ι)
1018 2123 1127 2179 alia
1145 2125 1363 2195 species
1387 2125 1723 2192 nominatur,
1748 2135 1873 2197 post
1896 2142 2032 2183 con-

429 2213 796 2272 secrationem
821 2230 1019 2288 corpus
1045 2216 1381 2290 signiﬁcatur
1404 2217 1516 2290 (De
1545 2218 1759 2276 Consec.
1791 2221 1913 2276 dist.
1944 2222 2033 2292 lo,

436 2307 466 2378 ς
504 2304 633 2363 Htec
660 2315 710 2363 et
746 2307 887 2379 his).
918 2306 1043 2380 Ipse
1088 2307 1222 2366 dicit
1265 2310 1589 2383 sanguinem
1636 2309 1802 2385 350
1849 2326 2031 2368 suum.

431 2401 576 2458 Ante
604 2402 1074 2459 consecrationem
1117 2402 1268 2460 aliud
1297 2404 1531 2475 dicitur,
1573 2415 1701 2477 post
1744 2419 2035 2462 consecra-

430 2495 643 2553 tionem
681 2498 902 2569 sanguis
942 2509 1312 2570 nuncupatur.
1341 2512 1363 2539 ε
1398 2500 1465 2557 Et
1502 2508 1559 2556 tu
1586 2499 1723 2557 dicis
1766 2518 1779 2555 :
1821 2503 2037 2570 Amen,

432 2590 540 2648 hoc
567 2600 693 2659 est,
724 2605 913 2649 verum
941 2603 1046 2649 est.
1075 2592 1229 2663 Quod
1256 2609 1319 2651 os
1348 2594 1619 2668 loquitur,
1648 2610 1802 2653 mens
1824 2596 2036 2654 interna

430 2686 709 2743 fateatur:
737 2686 883 2759 quod
907 2702 1091 2745 sermo
1117 2697 1316 2757 sonat,
1343 2689 1572 2747 aﬁ‘ectus
1598 2690 1822 2747 sentiat.

505 2781 598 2838 55.
642 2780 745 2838 llis
769 2781 938 2853 igitur
963 2785 1323 2842 sacramentis
1353 2787 1525 2858 pascit
1554 2786 1856 2844 Ecclesiam
1883 2802 2038 2845 suam

430 2875 687 2933 Christus
713 2919 728 2945 ,
759 2877 959 2949 quibus
984 2880 1182 2936 animae
1209 2879 1460 2937 ﬁrmatur
1501 2881 1807 2939 substantia
1834 2901 1848 2938 :
1877 2883 2042 2939 meri-

434 2977 603 3041 toque
631 2969 822 3028 videns
842 2971 1142 3043 profectum
1171 2972 1290 3044 ejus
1309 2974 1501 3046 gratim
1526 2975 1900 3032 continentem
1919 3016 1936 3044 ,
1958 2976 2043 3033 di-

433 3060 512 3118 cit
534 3061 604 3119 ad
634 3076 754 3118 eam
779 3080 795 3117 :
831 3061 999 3130 Quam
1029 3065 1220 3120 decora
1245 3069 1387 3137 [aeta
1405 3075 1525 3121 sunt
1554 3067 1716 3123 ubera
1745 3079 1863 3135 tua,
1894 3085 2042 3124 soror

432 3171 549 3212 mea
561 3156 778 3225 sponsa!
805 3155 975 3224 Quam
1005 3157 1195 3214 decora
1214 3158 1355 3229 facta
1373 3168 1495 3215 sunt
1517 3176 1548 3214 a
1561 3161 1678 3216 vino
1693 3178 1713 3217 :
1733 3172 1781 3219 et
1795 3162 1923 3217 odor
1941 3179 2042 3218 ves-

2127 543 2186 591 ut
2210 534 2533 591 intemerata
2564 533 2692 590 vitae
2726 547 2791 589 ac
2833 530 3038 589 silentii
3066 530 3353 603 integritas
3382 538 3706 601 perseveret.

2195 624 2285 681 56.
2330 621 2486 681 Unde
2518 632 2573 682 et
2599 623 2846 682 Ecclesia
2873 621 3215 680 altitudinem
3243 635 3474 678 servans
3516 626 3712 692 myste-

2125 716 2333 775 riorum
2361 718 2666 791 ctelestium
2688 758 2703 784 ,
2737 716 2915 797 rejicit
2938 732 2969 772 a
2999 731 3060 774 se
3092 716 3374 789 graviores
3417 714 3564 770 venti
3593 727 3711 784 pro-

2126 813 2328 881 cellas,
2364 822 2421 870 et
2458 813 2654 870 invitat
2696 813 2975 870 vernantis
3012 812 3202 884 gratia:
3248 809 3570 867 suavitatem
3607 826 3620 861 :
3656 815 3717 864 et

2128 905 2307 962 sciens
2331 905 2476 977 quod
2510 905 2700 963 hortus
2729 920 2861 961 suus
2891 903 3108 961 Christo
3137 903 3432 976 displicere
3459 916 3565 958 non
3597 916 3718 971 pos-

2128 997 2220 1066 sit,
2250 998 2426 1070 ipsum
2453 996 2684 1055 advocat
2709 997 2981 1069 Sponsum
3003 997 3193 1054 dicens
3218 1014 3233 1053 :
3262 995 3503 1068 Exsurge
3525 994 3716 1066 aquilo,

2129 1099 2178 1146 et
2206 1092 2320 1146 veni
2347 1100 2523 1148 auster
2550 1108 2570 1148 :
2609 1093 2775 1163 perﬁa
2821 1092 3025 1148 hortum
3053 1107 3225 1146 meum
3244 1132 3260 1158 ,
3288 1099 3338 1145 et
3363 1090 3598 1160 deﬂuant
3623 1106 3720 1144 utt-

2129 1192 2320 1254 guenta
2356 1200 2469 1239 mea
2515 1181 2729 1258 (Ibid.,
2773 1185 2899 1256 16).
2949 1181 3239 1240 Descendat
3284 1186 3450 1256 frater
3490 1198 3630 1239 meus
3663 1184 3721 1238 iis

2131 1281 2337 1335 hortum
2377 1295 2560 1347 suum,
2601 1287 2650 1334 et
2696 1278 2813 1334 edat
2845 1286 2868 1315 ο
2903 1281 3128 1350 fructum
3177 1277 3550 1348 pomiferarum
3597 1292 3722 1330 sua-

2130 1391 2249 1430 rum
2277 1370 2452 1446 (Cant.
2481 1388 2545 1439 v,
2578 1372 2656 1444 1).
2690 1371 2869 1428 Bonas
2898 1370 3046 1426 enim
3071 1360 3295 1426 arbores
3322 1377 3379 1426 et
3416 1366 3728 1425 fructiferas

2133 1465 2478 1537 babet,qu:e
2517 1464 2731 1522 radices
2771 1477 2900 1521 suas
2928 1462 3200 1520 tinxerint
3239 1463 3379 1519 sacri
3413 1460 3578 1518 fontis
3608 1460 3730 1516 irri-

2132 1575 2276 1632 guo,
2309 1560 2440 1616 etin
2469 1560 2645 1616 bonos
2673 1557 2885 1615 fructus
2913 1572 3073 1616 nova:
3104 1556 3451 1615 fecunditatis
3482 1559 3729 1629 germine

2137 1653 2551 1726 pullulaverint;
2583 1662 2643 1711 ut
2661 1668 2770 1711 non
2787 1655 2899 1725 jam
2926 1652 3245 1725 prophetica
3271 1652 3550 1709 cedanlur
3576 1665 3731 1707 secu-

2136 1753 2210 1819 ri,
2245 1750 2343 1813 sed
2374 1749 2703 1823 Evangelica
2727 1748 2977 1808 ubertate
3000 1746 3362 1805 fecundentur
3389 1744 3609 1819 (Matth.
3633 1760 3686 1801 ιιι
3708 1786 3729 1813 ,

2063 1842 2267 1933 Bto).

2208 1938 2298 1993 57.
2341 1936 2585 2009 Denique
2622 1934 2907 1994 fertilitate
2933 1949 3121 1992 earum
3148 1934 3313 1990 etiam
3352 1933 3616 1990 Dominus
3640 1931 3737 1988 de-

2134 2029 2363 2087 lectatus
2390 2028 2725 2101 respondet:
2754 2026 3031 2103 Ingressus
3057 2045 3172 2084 sum
3203 2028 3259 2083 in
3286 2028 3495 2084 hortum
3530 2042 3690 2081 meum
3712 2067 3732 2091 ,

2134 2142 2283 2181 soror
2302 2142 2416 2181 mea
2438 2124 2681 2196 Sponsa:
2698 2124 3006 2180 vindemiavi
3029 2124 3297 2196 myrrham
3313 2139 3481 2179 meam
3500 2138 3613 2177 cum
3637 2137 3737 2175 un-

2138 2220 2340 2293 guentis
2360 2219 2513 2285 meis,
2537 2216 2557 2257 ί
2584 2218 2890 2275 manducavi
2909 2218 3078 2274 cibum
3104 2233 3275 2274 meum
3294 2233 3411 2271 cum
3430 2215 3579 2270 ntelle
3602 2229 3738 2279 meo,

2139 2312 2243 2368 bibi
2273 2322 2446 2382 potum
2475 2328 2645 2368 meum
2673 2328 2792 2368 eum
2815 2313 2949 2368 lacte
2990 2327 3105 2367 meo
3147 2308 3323 2384 (Cant.
3349 2324 3384 2364 v
3401 2349 3420 2375 ,
3451 2306 3530 2378 1).
3559 2306 3739 2374 Quare

2139 2406 2321 2463 cibum
2360 2415 2417 2462 et
2445 2415 2633 2478 potum
2663 2405 2864 2462 dixerit
2890 2445 2907 2471 ,
2952 2404 3133 2461 ﬁdelis
3177 2402 3442 2474 intellige.
3472 2399 3610 2456 Illud
3639 2414 3743 2455 au-

2142 2511 2251 2558 tem
2279 2515 2386 2557 non
2414 2498 2638 2557 dubium
2657 2541 2674 2567 ,
2702 2497 2847 2572 quod
2874 2498 2927 2555 in
2957 2497 3115 2554 nobis
3157 2492 3316 2568 351
3347 2494 3465 2565 ipse
3510 2491 3741 2548 mandu-

2141 2603 2228 2652 cat
2244 2602 2298 2650 et
2320 2593 2488 2663 bibit,
2510 2593 2653 2649 sicut
2677 2592 2731 2648 in
2754 2590 2913 2648 nobis
2940 2588 3119 2663 legisti
3144 2589 3272 2661 quia
3298 2589 3356 2645 in
3381 2601 3601 2645 carcere
3621 2599 3742 2644 esse

2142 2705 2204 2748 se
2227 2689 2360 2747 dicit
2385 2688 2601 2762 (Matth.
2635 2704 2779 2757 xxv,
2811 2687 2928 2759 '56).

2212 2783 2305 2841 58.
2347 2781 2505 2841 Unde
2549 2793 2607 2839 et
2660 2780 2906 2839 Ecclesia
2966 2779 3160 2837 videns
3202 2763 3421 2836 .tantam
3466 2779 3692 2850 gratiam
3718 2819 3738 2845 ,

2143 2875 2392 2933 hortatur
2419 2875 2560 2931 filios
2607 2888 2774 2939 suos,
2807 2873 3059 2930 hortatur
3104 2872 3416 2944 proximos,
3459 2882 3517 2927 ut
3543 2870 3611 2928 ad
3653 2885 3742 2928 sa-

2143 2978 2421 3026 cramenta
2449 2975 2813 3032 concurrant,
2839 2965 3067 3024 dicens:
3098 2965 3254 3021 Edite
3282 2965 3508 3033 proximi
3537 2965 3667 3032 mei,
3690 2974 3741 3018 et

2146 3063 2331 3131 bibite,
2366 3072 2415 3119 et
2442 3062 2769 3119 inebriamini
2787 3101 2805 3132 ,
2834 3065 3022 3135 fratres
3048 3062 3149 3117 ntei
3176 3059 3354 3135 (Cant.
3380 3076 3444 3127 v,
3479 3060 3567 3138 1)..
3599 3059 3743 3129 Quid

2147 3159 2403 3226 edamus,
2443 3158 2575 3230 quid
2623 3157 2907 3220 bibamus.
2951 3156 3083 3212 alibi
3128 3155 3222 3212 tibi
3269 3170 3367 3225 per
3409 3154 3743 3227 Prophetam

436 3249 769 3306 timentorum
801 3261 1013 3306 tuorum
1033 3268 1191 3323 super
1216 3253 1392 3308 omnia
1412 3257 1699 3323 garamata!
1719 3253 1747 3292 ά
1771 3253 1945 3312 Favus
1968 3257 2042 3312 di-
2068 3275 2113 3336 ρ
2145 3250 2382 3322 Spiritus
2416 3261 2639 3307 sanctus
2674 3250 2947 3321 expressit
2986 3249 3175 3306 dicens
3210 3267 3225 3307 :
3255 3248 3472 3306 (instate
3506 3259 3556 3304 et
3581 3248 3745 3303 videte

434 3343 644 3400 stillans
660 3344 801 3401 labia
819 3354 930 3413 tua,
946 3361 978 3401 o
992 3362 1208 3417 sponsa,
1230 3347 1332 3403 mel
1358 3357 1408 3403 et
1434 3349 1516 3404 lae
1536 3350 1631 3404 sub
1653 3350 1834 3422 lingua
1855 3362 1967 3420 tua,
1996 3362 2044 3406 et

435 3435 567 3491 odor
577 3437 991 3493 vestimentorum
1004 3449 1210 3494 tuorum
1220 3440 1490 3511 sicutlodor
1502 3440 1705 3497 Libani.
1723 3441 1773 3497 Η
1781 3452 1921 3498 artus
1932 3460 2048 3500 con-

437 3532 633 3599 clusus,
647 3547 796 3587 soror
808 3548 920 3588 mea
934 3549 1150 3604 spuma,
1170 3536 1348 3591 hortus
1364 3536 1656 3604 sancimus,
1678 3540 1796 3609 fons
1813 3538 2049 3609 signatus

434 3622 615 3697 (Cant.
643 3640 729 3691 tv.
754 3625 826 3682 l0
847 3637 895 3683 et
924 3629 1081 3699 seq.).
1111 3628 1230 3698 Quo
1256 3629 1528 3702 signiﬁcat
1549 3632 1819 3703 signatum
1845 3631 2050 3691 debere

438 3720 587 3793 apud
601 3729 659 3777 te
673 3735 900 3777 manere
917 3723 1235 3793 mysterium
1246 3765 1260 3790 ,
1281 3737 1352 3781 ne
1366 3724 1601 3781 violetur
1617 3727 1876 3796 operibus
1892 3726 2049 3784 mala:

435 3814 588 3881 vitae,
610 3823 774 3884 atque
797 3811 1069 3869 adulterio
1090 3814 1359 3871 castitatis
1377 3858 1393 3885 ,
1424 3831 1494 3873 ne
1518 3816 1830 3890 divulgetur
1850 3819 2047 3891 quibus

436 3916 550 3961 non
576 3905 868 3973 convenit,
909 3920 979 3963 ne
1007 3905 1224 3979 garrula
1254 3907 1583 3981 loquacitate
1618 3911 1963 3983 dispergatur
1990 3912 2044 3968 in

512 4030 546 4095 ﬁ
565 4018 647 4075 ita
670 4020 812 4095 edit.
827 4035 1019 4095 omnes
1040 4063 1055 4087 ,
1080 4030 1136 4077 et
1158 4036 1293 4095 mss.
1312 4024 1562 4095 exceptis
1588 4039 1695 4080 uno
1716 4025 1800 4080 vel
1828 4025 2038 4094 altero,

474 4091 759 4165 uibuscum
787 4093 1016 4165 Algerus
1043 4108 1260 4165 quoque
1286 4094 1385 4151 lib.
1424 4091 1549 4153 t'de
1592 4095 1871 4161 Sacram,
1915 4091 2038 4164 cap.

392 4176 399 4182 ἲ
435 4108 759 4219 gutnuscum
787 4108 1016 4162 Algerus
1043 4108 1260 4180 quoque
1286 4108 1385 4151 nu.
1424 4112 1439 4150 ι
1477 4108 1549 4153 ue
1592 4108 1871 4161 sacram”
1915 4113 2038 4164 cap.

488 4206 505 4232 ,
532 4178 612 4219 sic
642 4162 811 4235 legit:
843 4163 1036 4221 Nonne
1064 4182 1234 4240 majus
1259 4177 1335 4222 est
1374 4183 1530 4222 novas
1558 4167 1709 4223 rebus
1739 4168 1865 4226 dare
1884 4210 1900 4237 ,
1929 4178 2039 4225 etc.

434 4235 638 4291 Iterum
679 4251 809 4292 vero
838 4244 961 4296 post
997 4252 1165 4296 pauca
1192 4279 1207 4296 .
1239 4238 1327 4294 ubi
1373 4239 1531 4293 Rom.
1566 4239 1699 4295 edit.
1741 4255 1865 4296 cum
1907 4255 2037 4296 mss.

436 4250 638 4291 lterum
679 4251 809 4292 vero
838 4250 961 4308 post
997 4252 1165 4306 pauca
1192 4279 1207 4303 ,
1239 4250 1327 4294 ubi
1373 4250 1531 4293 unm.
1566 4250 1699 4295 edit.
1741 4255 1865 4296 cum
1907 4255 2037 4297 mss.

436 4307 751 4392 nonnullis,
779 4323 1016 4392 cumque
1043 4309 1383 4392 Lanfraneo,
1427 4310 1762 4392 Guitmundo
1788 4319 1845 4367 et
1882 4312 2043 4383 Alge-

440 4393 506 4434 ro
523 4419 551 4455 ,_
570 4388 629 4435 ut
658 4395 760 4436 nos
788 4382 845 4436 in
872 4390 1058 4445 textu;
1090 4389 1201 4455 vet.
1233 4382 1368 4438 edit.
1396 4391 1453 4438 et
1482 4384 1651 4439 multo
1679 4383 1861 4455 plures
1904 4382 2038 4441 mss.

440 4449 704 4527 omittunt
727 4465 913 4508 vocem
936 4452 1178 4527 esempla
1200 4494 1213 4517 ,
1248 4462 1313 4527 _et
1340 4467 1472 4511 mss.
1500 4449 1816 4512 etiam'non
1845 4457 2039 4527 pauci,

441 4536 545 4594 pro
574 4523 834 4594 ueritatem
862 4523 1125 4580 exhibent
1154 4525 1382 4581 veritate.

516 4593 545 4634 1³
574 4593 857 4672 Expuncta
886 4594 1064 4672 fuerat
1094 4595 1338 4672 inARom.
1366 4597 1502 4672 edit.
1541 4611 1642 4654 vos
1665 4641 1681 4667 ,
1710 4599 1849 4672 alia;
1879 4616 2042 4672 quam

442 4676 627 4760 tamen
676 4667 744 4760 in.
778 4667 1016 4760 caeteris.
1051 4677 1108 4725 et
1156 4670 1208 4724 in
1256 4671 1468 4760 cunctis
1535 4685 1667 4728 mss.
1713 4667 2044 4760 sicultu'apu'd
2076 4700 2131 4760 Β

443 4736 746 4812 Guitm._et
777 4738 1185 4812 Algerrlegere
1213 4749 1317 4798 est.
1359 4744 1430 4798 At
1471 4757 1659 4798 rursus
1686 4757 1787 4797 vox
1817 4736 2044 4812 Christi,

444 4823 568 4886 quae
594 4808 902 4886 habeturin
923 4808 1337 4886 editfomnibus
1354 4855 1369 4879 ,
1391 4823 1449 4870 et
1468 4815 1610 4886 apud
1639 4815 1894 4886 Algerum
1922 4808 2049 4873 ante

396 4890 403 4895 '
442 4881 672 5011 xrgpm
697 4881 1051 4954 signiﬁcatur,
1081 4884 1136 4940 in
1178 4899 1311 4942 mss.
1339 4893 1397 4942 et
1427 4881 1572 4958 apud
1599 4881 1804 4944 Guitm.
1833 4888 2048 4945 deside-

519 5036 543 5066 ο
576 5025 775 5099 Primis
805 5025 1066 5099 Ecclesiae
1092 5026 1434 5087 incunabulis
1462 5030 1518 5085 in
1548 5045 1699 5088 more
1727 5029 1861 5099 fuit,
1893 5040 1952 5089 ut
1978 5049 2045 5090 ex

441 5096 545 5155 SS.
571 5096 764 5173 Jacobi
791 5107 849 5154 et
872 5098 1035 5173 Marci
1066 5099 1303 5170 liturgiis
1343 5101 1717 5173 intelligimus,
1748 5096 1930 5161 missae
1955 5120 2047 5160 ca-

441 5185 553 5252 non
566 5169 723 5252 .elara
755 5183 888 5226 voce
908 5169 1254 5252 recitaretur,
1284 5169 1826 5252 prolatisqueverbis
1853 5191 2046 5252 conse-

441 5240 713 5314 orationis
726 5242 1058 5314 ,Apopulus,
1086 5252 1141 5299 et
1178 5240 1382 5300 secutis
1409 5240 1768 5314 temporibus,
1794 5262 1859 5303 ex
1893 5248 2049 5304 litur-

439 5312 546 5384 giis
595 5312 780 5369 Basilii
806 5322 1001 5392 _atque
1028 5312 1437 5392 C|_iry_sostomi,
1464 5312 1694 5392 #choru‘s
1750 5312 2049 5392 responde-

442 5392 563 5454 ret,
587 5399 772 5441 amen.
802 5384 958 5441 Hunc
986 5386 1041 5441 in
1070 5384 1429 5443 Ambrosiana
1462 5389 1701 5445 Ecclesia
1733 5384 1890 5446 usuin
1915 5391 2050 5445 fuis-

441 5470 506 5533 se
525 5456 1043 5533 probatblenardus
1064 5459 1116 5533 in
1148 5458 1210 5533 8ἶ
1231 5457 1480 5532 Gregorii
1500 5461 1747 5533 Sacram.
1772 5477 1894 5533 pag.
1917 5462 2046 5529 585,

443 5527 627 5608 huius
654 5528 756 5608 loci
789 5541 1029 5608 nec-non
1056 5527 1531 5608 alt_erius_elib._1v
1557 5527 1899 5608 de__Sacram._
1924 5527 2046 5608 cap.

444 5597 482 5653 5
509 5598 857 5655 auctoritate.
887 5599 1031 5657 Idem
1069 5601 1231 5658 etiam
1274 5603 1343 5658 de
1389 5603 1747 5661 orientalibus
1777 5597 2039 5663 Ecclesiis

445 5666 610 5746 docet
651 5669 801 5746 card.
838 5670 993 5746 (Bona
1024 5672 1225 5730 Rerum
1242 5674 1469 5746 ALiturg.
1500 5674 1597 5746 lib.
1621 5688 1659 5728 ιι
1685 5714 1700 5740 ,
1740 5690 1861 5746 cap.
1892 5677 1961 5732 l5
1983 5687 2038 5735 et

445 5691 610 5725 uocet
651 5691 801 5726 caro.
844 5691 993 5728 nona
1024 5691 1225 5730 uerum
1266 5691 1469 5746 tnturg.
1500 5691 1597 5730 nn.
1621 5691 1659 5728 ιι
1685 5714 1700 5740 ,
1740 5691 1800 5730 ca
1847 5717 1861 5732 .
1892 5691 1961 5732 ιδ
1983 5691 2037 5735 et

442 5738 552 5821 g5,
580 5740 797 5821 laudata
834 5744 887 5799 in
922 5745 1063 5821 hanc
1087 5760 1203 5803 rem
1240 5744 1485 5821 Dionysii
1511 5745 1672 5821 A_lex_.
1710 5746 1779 5801 ad
1804 5691 2037 5821 glystum

445 5807 607 5892 item.
646 5811 808 5870 Pont.
849 5817 1113 5888 epistola,
1148 5826 1206 5892 e_t
1248 5807 1477 5892 Tertull.
1516 5816 1602 5873 de-
1631 5807 1878 5892 Spectac:
1913 5834 2034 5892 cap:

435 5879 539 5959 25,
566 5899 801 5960 quorum
836 5879 1017 5950 tamen
1061 5879 1375 5950 testimonia
1400 5902 1530 5949 num
1561 5879 1746 5949 statim
1783 5907 1813 5951 ιι
1843 5879 2036 5954 conse-

2146 3344 2390 3417 quoniam
2415 3343 2586 3399 suavis
2613 3353 2688 3400 est
2732 3341 3028 3399 Dominus:
3057 3343 3240 3398 beatus
3265 3342 3343 3397 vir
3368 3342 3458 3413 qui
3485 3350 3659 3414 sperat
3687 3342 3741 3396 in

2147 3454 2209 3494 eo
2238 3436 2415 3511 (Psal.
2443 3452 2611 3494 xxxm
2630 3479 2647 3504 ,
2675 3435 2755 3508 9).
2786 3436 2844 3493 in
2887 3437 2983 3492 illo
3009 3446 3356 3493 sacramento
3385 3434 3500 3509 (De
3526 3433 3739 3492 Com.

2150 3535 2274 3592 dist.
2300 3535 2338 3590 2
2354 3576 2369 3601 ,
2400 3536 2539 3606 cap.f
2568 3531 2635 3588 In
2660 3533 2754 3588 illo
2781 3530 3314 3604 sacram.)‘,Christus
3336 3541 3454 3599 est;
3476 3531 3602 3603 quia
3623 3544 3748 3586 cor-

2153 3645 2255 3703 pus
2294 3641 2379 3687 est
2402 3628 2603 3685 Christi
2628 3645 2644 3685 :
2673 3643 2781 3685 non
2810 3643 2944 3698 ergo
2969 3627 3271 3699 corporalis
3295 3640 3423 3683 esca
3445 3667 3461 3692 ,
3499 3625 3595 3682 sed
3633 3625 3749 3696 spi-

2149 3723 2328 3780 ritalis
2348 3732 2454 3780 est.
2482 3720 2639 3779 Unde
2662 3732 2719 3778 et
2747 3721 3041 3793 Apostolus
3064 3719 3133 3777 de
3159 3729 3289 3793 typo
3316 3721 3435 3791 ejus
3464 3720 3578 3776 ait:
3609 3718 3746 3786 Quia

2149 3827 2320 3889 patres
2350 3816 2512 3873 nostri
2535 3832 2708 3873 eseam
2734 3815 3025 3887 spiritalem
3056 3814 3504 3871 manducaverunt
3527 3856 3543 3881 ,
3569 3822 3618 3870 et
3648 3811 3743 3887 po-

2147 3920 2257 3967 tum
2296 3911 2582 3985 spiritalem
2618 3909 2856 3966 biberunt
2894 3908 2942 3981 (1
2966 3908 3089 3965 Cor.
3113 3924 3183 3979 x,
3224 3910 3324 3979 5);
3364 3922 3566 3980 corpus
3598 3906 3743 3962 enim

2144 4025 2389 4081 oratione
2418 4026 2579 4079 Amen
2609 4023 3013 4089 succineretur,
3050 4037 3119 4079 an
3147 4031 3356 4079 tantum
3388 4031 3511 4093 post
3554 4024 3744 4078 reeita-

2146 4106 2228 4153 tas
2256 4096 2394 4153 alias
2418 4096 2731 4162 orationes,
2758 4110 2865 4151 non
2906 4095 3117 4167 liquido
3151 4104 3459 4167 exponunt.
3489 4095 3745 4166 Apertior

2142 4179 2325 4225 autem
2353 4177 2438 4225 est
2477 4167 2625 4223 Flori
2664 4168 2814 4223 locus
2833 4209 2848 4235 ,
2878 4166 3039 4238 quem
3069 4166 3212 4222 idem
3238 4170 3391 4222 citat.
3431 4166 3587 4235 Quod
3613 4180 3741 4222 vero

2143 4241 2213 4296 ad
2254 4255 2461 4295 morem
2490 4254 2598 4311 quo
2637 4239 2834 4311 singuli
2872 4237 3259 4295 eucharistiam
3289 4239 3626 4311 accipientes
3656 4255 3742 4293 re-

2144 4309 2518 4384 spondebant,
2546 4309 2745 4384 Ameu,
2762 4310 2904 4384 (ejus
2930 4310 3244 4384 meminere
3280 4319 3472 4384 auctor
3507 4309 3738 4367 Constit.

2146 4381 2341 4455 A'post.
2372 4400 2492 4455 cap.
2521 4385 2621 4450 l3,
2647 4381 2887 4455 Cyrill’ns
2927 4382 3143 4439 llieros.
3173 4381 3397 4439 Catecb.
3431 4382 3467 4439 5
3486 4425 3503 4450 ,
3529 4385 3739 4455 Angus-

2153 4453 2299 4513 tinus
2338 4453 2518 4513 Serm.
2563 4455 2633 4512 ad
2684 4453 2919 4510 infantes
2942 4496 2957 4517 ,
3000 4464 3054 4509 et
3090 4464 3281 4510 auctor
3319 4455 3502 4525 operis
3539 4453 3608 4511 de
3648 4455 3740 4509 Sa-

2152 4543 2323 4584 cram.
2352 4529 2447 4584 lib.
2474 4537 2528 4584 et
2569 4542 2690 4598 cap.
2733 4540 2910 4598 supra
2934 4525 3190 4582 laudatis.
3219 4525 3323 4583 Ubi
3368 4527 3471 4598 hoc
3509 4527 3742 4598 maxime

2153 4599 2372 4666 dignum
2400 4610 2486 4656 est
2511 4597 2847 4665 observate,
2884 4597 3073 4654 ﬁdeles
3119 4598 3172 4653 in
3212 4598 3331 4666 ipso
3373 4597 3602 4654 articulo
3638 4613 3746 4664 quo

2154 4616 2205 4656 (ll
2248 4616 2372 4656 num
2400 4616 2486 4656 BS!
2511 4616 2806 4656 ouservatu
2832 4641 2847 4665 ,
2884 4616 3073 4654 "uetes
3119 4616 3172 4653 111
3212 4616 3331 4666 IPSO
3373 4616 3602 4654 aI'lICIIIO
3638 4616 3746 4664 quo

2154 4616 2242 4728 νεξιὶ
2282 4671 2707 4728 consecrabatur
2730 4685 2762 4725 a
2802 4668 3090 4742 sacerdote
3121 4669 3207 4724 vel
3243 4669 3314 4723 ab
3338 4668 3746 4742 iis_accipieba-

2156 4752 2243 4799 tur
2288 4743 2505 4815 Domini
2542 4744 2781 4815 corpus,
2817 4756 2962 4815 vera:
3002 4740 3479 4815 illiusprmsentize
3526 4740 3745 4815 expres-

2153 4831 2273 4870 sum
2320 4811 3056 4871 reddidisse'testimonium.
3104 4811 3265 4869 Plura
3311 4811 3382 4869 de
3425 4813 3511 4870 his
3556 4811 3746 4870 ritibus

2152 4887 2398 4970 reperi-es
2431 4901 2551 4970 cum
2579 4886 2732 4970 apud.
2753 4886 3055 4970 scriptores
3086 4884 3556 4970 jatn_memoratos
3576 4928 3591 4953 ,
3632 4896 3743 4942 tum

2150 4958 2292 5030 apud
2331 4958 2625 5013 Baronium
2668 4957 2737 5013 ad
2774 4971 2867 5012 an.
2898 4957 2986 5022 57,
3013 4956 3313 5013 Pamelium
3353 4969 3407 5013 et
3436 4959 3596 5016 alios.

2220 5027 2248 5068 ά
2278 5029 2399 5087 Vet.
2423 5029 2555 5085 edit.
2579 5043 2703 5085 cum
2735 5044 2868 5084 mss.
2896 5029 3144 5100 pluribus
3171 5030 3609 5100 potioribusque,
3638 5030 3744 5085 Fa-

2147 5116 2239 5158 vus
2266 5100 2524 5158 distillans
2549 5116 2568 5156 :
2598 5101 2756 5156 ltom.
2778 5099 2910 5155 cum’
2942 5099 3187 5170 reliquis,
3213 5099 3418 5155 Fanum
3465 5099 3741 5158 distillant.

2150 5175 2348 5231 Primae
2387 5173 2611 5230 lectioni
2649 5172 2792 5229 favet
2828 5172 2948 5245 sola
2990 5170 3171 5244 Vulg;
3215 5172 3312 5245 sed
3342 5174 3483 5229 forte
3521 5175 3590 5231 ad
3626 5175 3745 5245 ejus

2149 5246 2379 5302 formam
2420 5246 2598 5302 locum
2638 5244 3118 5300 aceommodavere
3160 5244 3739 5315 seriptoreslibrarii,

2149 5319 2293 5446 ἶιὲοὲ
2331 5332 2479 5444 saepe
2516 5316 2716 5374 factum
2746 5316 2800 5374 in
2841 5331 2973 5373 mss.
3012 5315 3188 5387 quivis
3227 5332 3333 5372 non
3373 5332 3517 5390 aegre
3550 5318 3747 5391 depre-

2170 5406 2183 5443 l
2226 5408 2255 5444 n
2299 5406 2375 5446 e.

2170 5399 2375 5446 tendet.

2226 5472 2250 5500 θ
2283 5462 2423 5517 Rom
2463 5461 2595 5517 edit.
2639 5461 2755 5517 sola
2782 5503 2797 5524 .
2830 5460 3206 5516 manducabam
3246 5477 3429 5532 panem
3472 5476 3742 5519 mentium

2150 5534 2255 5589 bibi
2282 5535 2457 5589 vinum
2495 5549 2758 5588 meum...
2786 5532 2961 5601 Quare
3000 5548 3182 5601 panem
3212 5542 3260 5586 et
3284 5534 3459 5594 vinum
3489 5535 3743 5602 dixerint,

2151 5607 2333 5675 ﬁdeles
2352 5602 2670 5676 intelligunt.
2695 5604 2815 5676 vet.
2840 5613 2897 5662 et
2915 5604 3098 5660 cuncti
3122 5618 3253 5676 mss.
3276 5615 3334 5659 ut
3356 5605 3408 5660 in
3436 5616 3618 5670 textu;
3642 5608 3745 5665 nisi

2148 5679 2291 5749 quod
2319 5675 2565 5733 nonnulli
2596 5675 2888 5749 pragferunt
2916 5677 3115 5749 partim
3140 5675 3409 5740 dixerunt,
3441 5678 3636 5747 partim
3666 5680 3747 5732 di-

2144 5747 2312 5878 ;tgerim
2335 5766 2358 5816 ,°
2390 5749 2538 5817 duo,
2576 5747 2756 5820 ﬁdeles
2797 5748 3110 5822 intelligite;
3151 5761 3327 5815 unus,
3373 5748 3546 5819 ﬁdelis
3587 5750 3745 5808 intel-

2167 5838 2303 5878 tats-
2472 5847 2494 5878 ⁷,
2694 5832 2699 5843 ’
2772 5846 2779 5853 ’
3218 5872 3221 5873 ν
3473 5865 3477 5869 -

2178 5832 2183 5833 ν
2230 5832 2235 5833 ν
2694 5832 2699 5843 ι

2167 5838 2183 5875 τ
2472 5847 2478 5853 υ
2772 5846 2779 5853 .

2186 5839 2219 5895 g
2271 5859 2303 5883 ,ι
2492 5876 2495 5885 ν
2770 5880 2773 5885 ι
2921 5880 2927 5885 ι
3218 5872 3221 5873 ⁷
3473 5865 3477 5869 ’

2227 5891 2242 5897 ρ
2284 5890 2308 5897 Α.
2360 5892 2372 5897 -
2395 5892 2409 5897 -
2762 5896 2771 5897 κ
3082 5890 3085 5893 ν
3250 5892 3255 5897 .

2224 5891 2242 5930 ί
2272 5890 2501 5962 Quidam
2542 5904 2708 5966 mss,
2743 5896 2966 5967 fructum
2993 5890 3263 5968 pomorum
3290 5896 3525 5953 suorum.
