4042 6294
242 341 342 398 409

1242 336 1328 393 οε
1370 336 1862 395 SACRMIENTIS
1899 335 2098 394 LIBRI.
2145 335 2534 394 PREFATIO.

3433 343 3542 402 H0

242 454 333 511 Dei
359 468 559 524 corpus
597 463 684 511 est
721 453 962 526 spiritale
991 470 1003 507 :
1046 466 1246 522 corpus
1281 449 1486 510 Christi
1514 467 1715 524 corpus
1745 461 1830 510 est
1854 455 1905 516 Α
1934 453 2019 509 lus
2049 452 2136 508 hic
2163 461 2368 509 natura:
2399 455 2568 524 ordo,
2600 453 2692 510 ubi
2731 453 3056 511 excellentia
3087 456 3276 525 gratiae
3304 465 3407 512 est.
3439 457 3542 512 De-

240 548 406 604 divini
447 548 725 618 Spiritus;
765 559 791 585 ι
832 548 954 619 quia
998 545 1232 618 Spiritus
1277 545 1567 614 Christus,
1603 555 1663 602 ut
1707 546 1842 618 legi-

238 656 396 698 mus:
431 640 664 712 Spiritus
691 651 813 696 ante
840 641 1027 711 faciem
1057 650 1287 695 nostram
1317 638 1556 696 Christus
1586 639 1839 696 Dominus

241 730 468 803 (Tliren.
510 749 597 800 tv,
645 733 776 805 ΞΟ).
823 733 893 789 Ει
940 734 994 788 ἱιι
1040 733 1183 788 Petri
1237 733 1478 802 Epistola
1529 732 1840 790 habemus:

239 825 472 881 Christus
499 841 597 898 pro
625 827 773 881 nobis
811 835 1045 882 mortuus
1075 835 1148 880 est
1178 824 1230 895 (l
1263 823 1380 879 Pet.
1411 841 1447 880 ιι
1467 870 1480 893 ,
1515 826 1577 881 2i
1603 825 1644 896 ).
1678 825 1840 890 Deni-

235 933 342 987 que
383 931 482 974 cor
526 929 773 974 nostrum
801 933 925 974 esca
970 919 1072 975 ista
1101 919 1421 986 conﬁrmat,
1449 927 1505 975 et
1536 929 1695 990 potus
1736 920 1841 976 iste

235 1009 393 1084 ω
424 1011 666 1068 laetiﬁcat
688 1025 787 1068 cor
811 1010 1050 1068 hominis
1071 1051 1088 1078 ,
1118 1019 1177 1067 ut
1214 1009 1486 1083 Propheta
1519 1012 1839 1068 memoravit

235 1105 408 1177 (Psal.
441 1122 535 1162 cur
558 1146 574 1172 ,
609 1107 724 1179 l5).

301 1199 392 1256 59.
438 1197 594 1257 Unde
622 1199 805 1272 adepti
847 1201 1063 1267 omnia,
1094 1202 1331 1258 sciamus
1359 1212 1711 1274 regeneratos
1735 1218 1836 1260 nos

234 1306 398 1348 esse:
449 1307 552 1350 nec
594 1292 882 1361 dicamus,
939 1293 1213 1365 quomodo
1259 1295 1562 1366 regenerati
1605 1299 1838 1354 sumus?

229 1382 503 1456 Numquid
533 1383 589 1440 in
620 1394 867 1442 ventrem
899 1386 1089 1441 matris
1118 1396 1321 1443 nostra:
1367 1388 1714 1444 introivimus
1737 1431 1754 1456 ,
1781 1399 1837 1446 et

228 1477 404 1532 renati
434 1476 670 1534 sumus?
700 1492 807 1534 non
837 1493 1077 1551 agnosco
1121 1495 1278 1536 usum
1318 1488 1544 1538 naturai.
1583 1482 1691 1540 Sed
1719 1483 1838 1539 nul-

1942 547 2107 621 nique
2133 562 2239 604 non
2280 563 2501 619 semper
2539 562 2667 604 usus
2708 556 2914 603 natura;
2943 546 2970 585 δ
3015 549 3422 620 generationem
3464 548 3544 606 fa-

1941 639 2052 694 cit:
2082 648 2403 709 generatum
2433 655 2499 697 ex
2529 639 2749 711 Virgine
2780 637 3056 695 Christum
3097 639 3387 697 Dominum
3413 657 3547 696 con-

1940 734 2185 799 titemur,
2215 742 2273 788 et
2318 741 2524 790 naturas
2563 732 2810 790 ordinem
2840 732 3194 804 denegamus.
3237 732 3356 790 Non
3395 735 3541 791 enim

1941 843 2006 882 ex
2044 829 2162 884 viro
2209 827 2374 885 Maria
2417 829 2667 900 concepit
2708 846 2720 883 :
2767 827 2863 884 sed
2900 827 2969 884 de
3006 827 3210 900 Spiritu
3256 838 3448 886 sancta
3487 830 3544 886 in

1941 929 2098 977 utero
2125 921 2376 992 accepit,
2407 931 2466 978 ut
2501 923 2633 979 dicit
2680 921 2967 978 Mattheus
3001 940 3014 976 :
3049 922 3184 990 Quia
3229 923 3435 978 inventa
3466 933 3548 977 est

1944 1015 1998 1069 in
2033 1026 2180 1070 utero
2207 1015 2395 1071 habens
2424 1016 2490 1071 de
2517 1015 2723 1086 Spiritu
2769 1026 2947 1070 sancto
2977 1014 3206 1087 (Matth.
3238 1032 3254 1071 ι
3280 1058 3296 1083 ,
3333 1016 3447 1088 18).
3483 1016 3542 1073 Si

1937 1121 2070 1180 ergo
2096 1109 2488 1179 superveniens
2509 1108 2750 1180 Spiritus
2775 1118 2994 1164 sanctus
3019 1109 3071 1164 in
3087 1107 3360 1180 Virginem
3380 1151 3394 1175 ,
3419 1125 3544 1164 con-

1938 1202 2246 1272 ceptionem
2265 1212 2523 1274 operatus
2539 1213 2656 1270 est,
2677 1212 2732 1260 et
2752 1203 3120 1276 generationis
3144 1219 3346 1260 munus
3365 1204 3549 1274 imple-

1937 1297 2053 1352 vit:
2087 1311 2196 1352 non
2232 1297 2417 1367 utique
2451 1296 2816 1353 dubitandum
2845 1306 2930 1353 est
2969 1296 3114 1365 quod
3147 1295 3541 1368 superveniens

1939 1391 1993 1447 in
2025 1388 2229 1447 fontem
2251 1431 2267 1459 ,
2293 1391 2380 1446 vel
2405 1406 2571 1462 super
2600 1405 2697 1446 eos
2718 1390 2810 1462 qui
2842 1389 3173 1461 baptismum
3203 1403 3544 1460 consequun-

1941 1495 2027 1542 tur
2049 1531 2064 1555 ,
2097 1486 2382 1543 veritatem
2415 1485 2849 1558 regenerationis
2872 1493 3150 1556 operetur.

298 1614 484 1700 “Mss.
513 1615 724 1689 aliquot
759 1631 868 1675 non
911 1616 1188 1675 inferioris
1231 1630 1408 1687 noue,
1449 1627 1573 1692 quia
1601 1620 1828 1694 Spiritus
1936 1625 2100 1750 facit;
2129 1625 2313 1681 cmteri
2350 1623 2442 1696 qni
2481 1633 2538 1680 et
2583 1623 2955 1695 probatiores,
2995 1625 3399 1697 generationem.
3435 1624 3545 1680 Me-

298 1697 440 1742 znsti.
1960 1697 2040 1750 ius
2059 1739 2073 1750 .
2103 1707 2162 1750 ut
2189 1697 2303 1750 inse
2328 1713 2523 1750 sensus
2547 1708 2736 1750 anerte
2776 1695 2968 1750 docet:
2999 1710 3096 1750 nec
3143 1696 3287 1750 enim
3317 1711 3541 1750 reuene-

229 1685 440 1768 Ch_risti.
607 1685 624 1689 ⁷
653 1760 688 1768 __
1393 1685 1402 1687 ⁷
1462 1685 1474 1692 ’
1646 1685 1669 1768 ’ί
1936 1685 2162 1760 Ιίιιε,ἰιι
2189 1697 2303 1767 ipse
2328 1685 2523 1752 sensus
2547 1685 2736 1767 aperte
2776 1685 2968 1762 docet';
2995 1685 3096 1751 nec
3143 1696 3287 1750 enim
3317 1711 3541 1768 regene-

300 1760 324 1797 δ
351 1758 561 1817 Omnes
601 1760 735 1818 edit.
781 1771 837 1819 et
874 1777 1008 1820 mss.
1051 1765 1339 1833 nonnulli,
1384 1767 1824 1838 regenerationem
1932 1758 2185 1836 ratiunis,
2211 1758 2308 1827 sed
2339 1758 2707 1841 generationis
2736 1758 3022 1839 subjicitur
3049 1758 3381 1839 exemplum.

227 1917 3494 1950 ———_————-————___——__—___.————

658 2038 778 2122 IN
853 2038 1270 2124 LIBROS
1345 2044 1505 2126 DE
1581 2046 2403 2134 SACRAMENTIS
2473 2049 3124 2145 PR/EFATIos

836 2178 966 2243 UBl
1011 2179 1116 2242 DE
1162 2179 1520 2246 EJUSDEM
1566 2182 1849 2247 OPERIS
1893 2188 2266 2253 AUCTORE
2312 2189 2890 2255 DlSCEPTATUR.

1722 2331 2051 2346 *

295 2425 446 2480 Idem
473 2426 634 2496 plane
658 2425 816 2494 huius
845 2427 1017 2498 operis
1039 2438 1400 2499 argutnentum
1429 2440 1503 2485 est
1536 2448 1600 2485 ac
1625 2433 1906 2502 superioris
1935 2433 2053 2488 libri
2083 2433 2150 2490 de
2179 2433 2471 2506 Mysteriis.
2507 2434 2558 2488 ΙΙ
2566 2451 2611 2489 ic
2636 2435 2772 2489 enim
2802 2435 2934 2490 nihil
2974 2434 3072 2489 nisi
3097 2449 3357 2490 sermones
3385 2433 3552 2488 conti-

225 2529 440 2586 nentur,
473 2521 667 2592 quibus
696 2523 979 2594 neophytos
1004 2537 1442 2582 sacramentorum
1486 2543 1602 2596 qua:
1629 2528 1801 2598 pridie
1830 2527 2108 2586 Paschatis
2136 2540 2439 2598 acceperant
2467 2571 2482 2595 ,
2515 2531 2570 2584 id
2600 2540 2703 2597 est,
2738 2530 3005 2601 baptismi,
3037 2529 3468 2599 confirmationis,
3502 2537 3551 2584 et

224 2615 558 2671 eucharistiat
585 2615 828 2671 doctrina
851 2617 1104 2688 informat
1131 2619 1424 2690 episcOpus.
1457 2617 1583 2674 Tria
1612 2631 1812 2676 tantunt
1837 2623 2165 2678 consideratu
2196 2623 2351 2692 digna
2381 2621 2465 2676 hic
2493 2623 2720 2692 reperias
2743 2665 2756 2686 ,
2785 2638 2900 2693 quia
2924 2638 3024 2676 non
3051 2620 3304 2674 habentur
3332 2620 3386 2674 in
3410 2635 3553 2674 com-

223 2709 537 2764 mentatione
563 2707 634 2765 de
664 2707 974 2781 Mysteriis;
1012 2711 1257 2765 nimirum
1287 2711 1420 2766 libra
1460 2728 1516 2768 Ill
1567 2712 1722 2785 (Cap.
1757 2713 1812 2786 1)
1858 2715 2097 2770 lationem
2129 2714 2315 2784 pedum
2358 2730 2472 2784 quae
2516 2715 2567 2768 in
2603 2713 2836 2769 Ecclesia
2880 2731 2975 2769 sua
3025 2713 3264 2768 instituta
3309 2723 3451 2780 erat,
3495 2713 3552 2767 in

222 2800 462 2858 Romana
494 2803 659 2858 tradit
696 2803 859 2874 fuisse
900 2805 1240 2870 inusitatam;
1269 2806 1400 2862 libra
1431 2823 1482 2862 iv
1512 2807 1680 2879 (Cap.
1709 2810 1742 2865 5
1766 2820 1813 2863 et
1844 2808 1899 2880 6)
1931 2817 1984 2862 ut
2012 2810 2196 2880 quibus
2225 2809 2388 2864 verbis
2434 2809 2685 2862 mirabilis
2712 2808 2805 2862 illa
2844 2810 2994 2878 panis
3023 2808 3076 2861 in
3107 2823 3296 2876 corpus
3341 2806 3556 2861 Domini

221 2895 478 2966 efficiatur
506 2897 803 2962 conversio,
832 2897 1037 2968 planius
1066 2899 1390 2970 innotescat,
1423 2917 1536 2956 eam
1566 2901 1790 2975 liturgiat
1827 2912 2058 2973 partem,
2087 2921 2239 2975 quant
2264 2921 2511 2958 canonem
2563 2903 2806 2968 dicimus,
2831 2903 3042 2973 exponit
3068 2920 3085 2958 :
3115 2904 3333 2974 denique
3359 2902 3489 2957 libro
3516 2919 3549 2958 v

221 2990 373 3066 (Cap.
395 2994 457 3063 4)
484 2991 782 3049 Βοηιὶηὶσω
807 2997 1057 3050 orationis
1082 2987 1239 3069 quam
1265 2999 1342 3054 eis
1367 3015 1477 3055 sese
1502 3001 1881 3072 explicaturum
1926 3001 2095 3071 fuerat
2127 3002 2389 3070 pollicitus
2414 3042 2430 3064 ,
2477 3002 2880 3056 enucleationem
2911 3002 3251 3071 prosequitur.
3286 3000 3403 3070 Quo
3430 3002 3552 3072 qui-

221 3085 335 3141 dem
362 3097 676 3158 argumento
718 3088 906 3142 iterum
951 3089 1044 3144 sub
1089 3089 1210 3146 libri
1238 3107 1291 3146 vr
1319 3090 1472 3164 (Cap.
1504 3093 1558 3164 5)
1589 3093 1780 3148 exitum
1825 3095 2040 3166 repetito
2061 3137 2075 3162 ,
2109 3096 2356 3168 precandi
2399 3096 2625 3166 formam
2650 3137 2664 3162 ,
2707 3093 2885 3148 eadem
2923 3096 3158 3148 aratione
3188 3094 3466 3149 Dominica
3507 3105 3557 3150 et

221 3181 421 3252 psalmo
451 3197 554 3236 vm
581 3182 1071 3253 perfectissimorum
1108 3186 1482 3255 exemplarium
1510 3186 1674 3241 instar
1704 3188 2015 3259 prepositis,
2057 3189 2226 3258 aperit
2251 3229 2266 3253 ,
2323 3188 2625 3257 singillatim
2681 3186 2955 3257 quomodo
3003 3186 3241 3254 incipere
3267 3228 3281 3252 ,
3313 3201 3422 3257 quo
3452 3203 3548 3242 or-

222 3275 346 3330 dine
374 3275 723 3345 distinguere
747 3316 763 3343 ,
796 3277 925 3348 quid
948 3279 1269 3345 subtexere,
1301 3280 1427 3350 quid
1453 3280 1689 3350 allegare
1714 3322 1728 3345 ,
1761 3281 2214 3351 quemadmodum
2242 3281 2516 3348 claudere,
2553 3296 2650 3350 pro
2675 3297 2782 3351 quo
2811 3296 2972 3334 orare
2998 3280 3197 3334 debeas
3216 3323 3230 3343 ,
3266 3281 3546 3334 edisseretts

219 3368 378 3440 (Cap.
403 3371 484 3440 5).
521 3370 720 3426 Ultima
746 3373 856 3426 haec
881 3389 1034 3444 pars,
1068 3373 1154 3428 ubi
1179 3375 1242 3428 de
1269 3375 1505 3428 oratione
1533 3376 1818 3446 generatim
1847 3376 2052 3446 agitur,
2083 3377 2240 3447 petita
2268 3378 2365 3448 fuit
2389 3391 2451 3429 ea:
2481 3374 2736 3429 Ambrosii
2756 3374 2949 3442 scripto
2973 3371 3040 3427 de
3070 3371 3411 3426 Institutione
3441 3373 3550 3426 vir-

221 3463 364 3535 ginis
392 3464 548 3537 (Cap.
576 3466 600 3519 1
629 3508 642 3532 ,
672 3482 814 3520 num.
842 3467 872 3521 7
894 3508 908 3533 ,
934 3478 980 3521 et
1011 3466 1143 3540 Cap.
1167 3468 1202 3522 2
1223 3510 1237 3533 ,
1274 3485 1328 3522 n.
1356 3468 1392 3522 8
1421 3477 1466 3523 et
1509 3470 1644 3540 seq.)
1670 3485 1690 3524 :
1719 3469 1854 3523 unde
1883 3485 1998 3524 vero
2023 3487 2138 3541 qute
2164 3471 2295 3526 libra
2322 3486 2355 3524 v
2389 3469 2538 3542 (Cap.
2563 3471 2619 3540 4)
2646 3470 2699 3523 in
2742 3469 3081 3537 precationem
3113 3468 3258 3522 nobis
3285 3484 3315 3520 a
3343 3464 3549 3522 Christo

217 3563 638 3615 commendatam
667 3561 940 3628 dicuntur,
973 3572 1238 3616 mutuatus
1262 3563 1329 3617 sit
1365 3562 1587 3629 Auctor,
1615 3578 1709 3617 nos
1740 3578 1951 3630 prorsus
1991 3564 2148 3634 fugit.
2180 3561 2319 3617 Nam
2350 3564 2466 3618 licet
2506 3562 2652 3617 illam
2684 3560 2826 3616 haud
2877 3561 3033 3614 semel
3063 3578 3093 3612 a
3123 3557 3341 3614 Dactare
3371 3570 3548 3613 nostro

217 3654 540 3724 “plicatam
567 3663 758 3708 constet
776 3696 790 3719 ,
819 3656 930 3721 eius
957 3667 1127 3710 tamen
1152 3655 1207 3709 in
1239 3656 1484 3729 legitimis
1509 3671 1624 3728 qua:
1651 3666 1845 3711 restant
1873 3657 2108 3729 operibus
2131 3699 2146 3724 ,
2177 3658 2276 3711 ista
2301 3674 2402 3711 non
2429 3658 2684 3729 reperitur
2726 3655 3002 3725 expositio.
3033 3654 3100 3708 lu
3139 3654 3350 3723 reliquis
3376 3665 3548 3708 autem

216 3747 288 3800 ita
314 3747 558 3802 imitatur
579 3746 982 3817 disputationem
1009 3747 1078 3802 tle
1107 3747 1383 3819 Mysteriis
1399 3789 1414 3815 ,
1442 3758 1497 3802 ut
1525 3757 1712 3819 printer
1738 3764 1933 3820 paucas
1961 3749 2277 3804 ceremonias
2302 3765 2431 3818 quas
2453 3761 2542 3802 aut
2569 3749 2739 3818 fusius
2765 3748 2829 3802 ab
2853 3745 3117 3801 Ambrosio
3146 3747 3393 3800 enodatas
3417 3762 3512 3800 con
3529 3776 3543 3788 -

219 3843 400 3909 trahit,
441 3853 543 3897 aut
570 3841 778 3897 discutit
806 3842 868 3897 ab
899 3860 958 3898 ea
990 3844 1384 3914 prwtermissas,
1413 3847 1522 3915 fere
1546 3853 1748 3899 tantum
1773 3844 2005 3917 ejusdem
2033 3845 2192 3900 libelli
2222 3844 2494 3898 ratiocinia
2517 3845 2894 3913 sententiasque
2931 3841 3232 3912 amplificet.
3279 3839 3462 3896 Verum
3495 3853 3550 3896 ut

216 3937 305 3992 ille
335 3936 679 3992 Ambrosium
703 3979 717 4004 ,
747 3937 821 3992 ita
864 3940 1018 3993 etiam
1050 3937 1200 3993 illum
1240 3938 1334 3992 alii
1361 3947 1742 4009 expresserunt.
1789 3937 2059 4007 Siquidem
2098 3939 2151 3993 in
2178 3937 2473 4010 Appendice
2500 3936 2812 3991 Sermonum
2857 3936 3071 4006 August.
3109 3950 3253 3990 naua:
3291 3936 3416 3991 edit.
3457 3935 3548 4006 qui

218 4041 533 4087 numeratur
560 4030 631 4086 84
660 4040 798 4086 totus
820 4047 882 4086 ea:
910 4031 1009 4086 hoc
1033 4050 1185 4104 opere
1211 4033 1394 4087 iisdem
1421 4049 1548 4101 pene
1572 4033 1736 4087 verbis
1759 4032 2027 4104 decerptus
2053 4034 2172 4104 fuit.

287 4124 370 4180 De
391 4135 616 4180 auctore
627 4125 788 4193 huius
806 4126 974 4197 aperis
989 4137 1166 4181 nostra
1185 4136 1231 4182 et
1250 4127 1510 4199 superiori
1531 4136 1684 4182 aetate
1696 4127 1915 4196 quando
1936 4127 2034 4198 fuit
2051 4125 2330 4180 admodum
2352 4133 2585 4178 contrave
2595 4140 2700 4178 rsa.
2716 4121 2843 4177 Cum
2863 4138 3017 4192 porro
3041 4120 3186 4175 nobis
3210 4136 3298 4191 per
3317 4127 3548 4173 nostrum

216 4223 519 4280 institutum
550 4239 654 4278 non
695 4223 848 4278 liceat
875 4241 986 4278 eam
1014 4225 1350 4295 quaestionem
1377 4225 1542 4280 sinere
1585 4224 1955 4286 indiscussain,
1987 4237 2094 4275 rem
2121 4221 2526 4276 examinabimus
2565 4236 2624 4275 eo
2664 4218 2892 4274 candore
2912 4259 2926 4282 ,
2956 4225 3011 4271 ut
3043 4217 3271 4270 studium
3319 4215 3545 4284 partium

213 4331 362 4371 omne
383 4317 610 4372 omnino
631 4327 928 4390 seponatur.
963 4316 1228 4372 Habemus
1257 4327 1426 4372 autem
1453 4317 1587 4372 illud
1619 4333 1955 4387 persuasum,
1983 4315 2215 4387 quisquis
2239 4315 2424 4370 horum
2469 4313 2716 4368 libroruin
2764 4321 2948 4366 auctor
2990 4311 3226 4375 dicatur,
3269 4308 3398 4363 nihil
3428 4309 3548 4362 hinc

213 4410 482 4465 veritatem
514 4409 828 4464 catholicam
857 4410 1034 4464 damni
1074 4426 1386 4478 passuram;
1416 4411 1543 4466 certi
1571 4411 1804 4465 videlicet
1827 4453 1841 4475 ,
1870 4411 1915 4464 si
1942 4411 2164 4478 scriptor
2193 4409 2280 4464 ille
2307 4409 2374 4463 ad
2405 4409 2650 4462 steculnm
2692 4424 2799 4474 vn,
2830 4417 2885 4461 ut
2916 4406 3024 4460 vult
3064 4404 3358 4460 Albertinus
3401 4402 3542 4476 (Lib.

211 4516 247 4556 tt
279 4502 344 4557 de
371 4501 537 4559 Sacr.
579 4498 751 4556 Euch.
799 4519 922 4573 pag.
948 4501 1109 4572 509),
1171 4503 1552 4570 retraheretur,
1596 4512 1684 4558 aut
1725 4504 1878 4557 etiam
1917 4503 1969 4557 in
2013 4518 2138 4566 vni,
2183 4512 2236 4556 ut
2279 4501 2514 4556 Dallteus
2557 4501 2697 4572 (Lib.
2729 4517 2788 4556 ιιι
2833 4501 2896 4554 de
2933 4499 3132 4570 Conﬁr.
3162 4518 3206 4552 c.
3239 4497 3339 4570 8),
3370 4515 3428 4552 ea
3460 4517 3550 4553 ra-

213 4596 348 4650 tione
387 4596 548 4651 nabis
585 4599 791 4667 futuros
834 4605 984 4652 testes
1028 4596 1322 4652 traditionis
1363 4597 1496 4652 duos
1537 4597 1857 4670 episcopos,'
1880 4612 2059 4667 nempe
2090 4595 2420 4650 Ambrosium
2459 4593 2526 4649 de
2566 4593 2876 4666 Mysteriis,
2912 4603 2958 4647 et
2998 4593 3217 4647 alterum
3255 4591 3324 4647 de
3353 4590 3548 4646 Sacra-

213 4691 414 4746 tneutis
446 4689 842 4744 concianantem
867 4706 886 4744 :
925 4689 1015 4760 qui
1055 4708 1172 4746 cum
1201 4693 1366 4747 tribus
1403 4702 1492 4746 aut
1529 4701 1755 4762 quatuor
1791 4691 1995 4746 sarculis
2035 4690 2098 4744 ab
2139 4692 2354 4745 invicem
2401 4699 2567 4745 essent
2604 4689 2824 4760 sejuncti
2852 4728 2867 4754 ,
2911 4699 3270 4759 argumentum
3311 4685 3550 4740 omnibus

215 4783 660 4840 heterodaxarum
695 4786 895 4840 castillis
938 4786 1163 4840 ualidius
1200 4787 1504 4856 prteberent.
1547 4785 1673 4841 Rem
1708 4787 1912 4855 itaque,
1942 4785 2176 4854 deposito
2203 4785 2425 4854 quolibet
2463 4784 2806 4858 prwjudicio,
2850 4784 3060 4852 perinde
3099 4781 3505 4838 exaniinabimus
3530 4825 3544 4845 ,

213 4894 273 4930 ac
302 4879 347 4932 si
379 4894 526 4932 nunc
569 4877 791 4948 primum
831 4879 1116 4946 agitaretur
1136 4894 1195 4932 ea
1225 4879 1462 4948 qucustio.
1493 4877 1648 4946 Quod
1680 4886 1733 4930 ut
1761 4875 1972 4930 clariori
2014 4874 2258 4946 procedat
2285 4875 2466 4930 ordine
2488 4917 2502 4939 ,
2542 4873 2857 4945 argumentis
2897 4884 3050 4943 atque
3079 4873 3338 4946 responsis
3381 4873 3545 4941 partis

216 4973 488 5046 utriusque
529 4974 664 5027 inter
691 4989 745 5028 se
765 4972 1062 5042 compositis
1083 5014 1099 5040 ,
1136 4973 1462 5045 adjiciemus;
1483 4988 1598 5044 qua:
1623 4971 1768 5026 nobis
1795 4973 1872 5028 vel
1903 4969 2362 5026 Ambrasianarum
2401 4967 2884 5024 commentationum
2929 4966 3077 5023 lectio
3104 4965 3508 5039 suppeditaverit
3529 5006 3543 5027 ,

213 5069 292 5124 uel
321 5069 485 5123 etiam
513 5066 728 5121 aliunde
752 5067 1024 5138 contigerit
1050 5083 1207 5136 super
1231 5068 1410 5123 eadem
1441 5070 1538 5122 hac
1562 5069 1781 5121 materia
1807 5082 2130 5137 comparare.

287 5161 513 5216 Luridis
545 5169 696 5232 atque
723 5161 916 5215 odiosis
957 5162 1240 5217 admodum
1268 5163 1526 5218 coloribus
1569 5174 1680 5216 tum
1709 5178 1840 5234 apus
1871 5164 2042 5234 ipsum
2068 5205 2083 5229 ,
2123 5173 2230 5218 tum
2259 5173 2524 5218 auctorem
2553 5166 2666 5236 ejus
2697 5164 2983 5234 depingunt
3015 5161 3369 5216 hmreticorum
3416 5174 3545 5211 non-

215 5256 372 5311 nulli.
407 5253 750 5326 Bullingerus
781 5251 976 5329 (Epist.
1008 5253 1076 5308 ad
1099 5254 1286 5309 Joach.
1329 5253 1576 5325 Vadian.)
1604 5254 1699 5308 hos
1730 5254 1887 5309 libros
1913 5254 2148 5324 stupidas
2177 5263 2321 5308 vocat
2343 5271 2552 5324 ,.neque
2581 5254 2778 5307 dubitat
2804 5253 3084 5308 Erasmum
3108 5252 3355 5312 sensisse,
3387 5262 3544 5302 man-

213 5351 372 5419 gonis
399 5349 714 5419 cujuspiam
745 5346 852 5404 hoc
882 5363 1006 5405 esse
1034 5363 1192 5419 opus.
1225 5346 1410 5403 Editar
1440 5346 1681 5403 Coeiana:
1709 5363 1941 5403 censurw
1970 5347 2178 5401 easdem
2206 5348 2358 5402 etiam
2389 5347 2723 5403 describens:
2754 5346 2888 5402 Nam
2921 5347 2974 5401 in
3006 5345 3090 5400 his
3117 5345 3266 5398 lrbris
3294 5384 3307 5404 ,
3343 5341 3507 5410 inquit
3529 5381 3544 5404 ,

213 5445 499 5502 habentur
528 5444 695 5499 inulta
727 5443 858 5498 lalsa
880 5484 895 5510 ,
922 5442 1170 5514 quaedam
1203 5442 1458 5508 ridicula,
1490 5459 1656 5500 unum
1686 5443 1972 5500 indttbium
2013 5443 2326 5499 lucreticum
2349 5485 2364 5509 ,
2394 5443 2626 5499 alterum
2666 5443 2810 5513 quod
2857 5449 3120 5512 repugnat
3149 5437 3384 5509 dogmati
3418 5436 3544 5490 Arn-

215 5540 484 5596 brosiano
512 5539 793 5611 (Helmest.
825 5560 950 5597 ann.
986 5542 1173 5614 1655).
1219 5541 1334 5599 Nec
1361 5559 1483 5599 vero
1518 5545 1754 5600 eumdem
1780 5553 2042 5599 auctorem
2069 5543 2386 5600 clementiori
2420 5559 2578 5596 manu
2607 5550 2792 5596 tractat
2822 5539 3164 5600 Albertinus;
3196 5537 3246 5590 in
3279 5536 3370 5589 illo
3411 5536 3544 5590 enim

213 5639 416 5710 ingenti
450 5655 610 5709 opere
636 5639 776 5712 quod
816 5640 1193 5694 consarcinavit
1220 5638 1288 5695 de
1314 5638 1674 5695 Sacramento
1706 5638 2066 5696 Eucharistim
2090 5681 2105 5706 ,
2135 5641 2211 5694 ita
2255 5639 2482 5708 loquitur
2520 5637 2672 5705 (Lib.
2705 5652 2776 5701 ll,
2806 5653 2850 5690 c.
2881 5635 2941 5698 l,
2975 5653 3030 5706 p.
3066 5629 3241 5704 507):
3275 5631 3549 5688 Ambrosii

215 5734 377 5789 simia
407 5743 526 5801 est,
557 5734 910 5790 barbarismis
937 5741 1146 5802 scatet,
1179 5734 1348 5790 multa
1382 5733 1548 5791 habet
1572 5749 1802 5806 quorum
1846 5733 2101 5790 nonnulla
2135 5745 2189 5790 et
2215 5733 2445 5788 ridicula
2473 5773 2488 5797 ,
2521 5729 2988 5798 Ambrosianaque
3033 5729 3298 5799 gravitate
3328 5741 3552 5796 prorsus

215 5833 442 5905 indigna
469 5875 486 5899 ,
520 5831 1162 5904 nonnulllalrepugnantia
1188 5839 1245 5888 et
1272 5830 1692 5888 cantradictoria
1716 5829 2024 5908 ,Inonnulla
2053 5829 2220 5886 etiam
2253 5827 2578 5898 simpliciter
2614 5823 2784 5910 falsa;
2829 5823 3012 5910 inepte
3037 5822 3328 5910 concludit
3353 5865 3368 5890 ,
3395 5838 3546 5902 cras.

217 5927 341 5988 sum
368 5927 559 5988 eﬁulil
595 5919 933 5989 mendaciqu
960 5943 973 5985 :
1003 5927 1154 5987 sicne
1194 5919 1476 5999 desiperet
1531 5906 1892 5983 AmbroSius?
1927 5921 2051 5981 "an:
2082 5932 2201 5980 stitit
2231 5920 2459 5978 auctoris
2488 5917 2652 5976 nostri
2695 5906 2836 5986 apud
2875 5906 3144 5974 ministros
3179 5913 3301 5975 illos
3329 5918 3497 5988 elogia
3521 5955 3538 5987 ,
