4042 6294
257 338 360 394 113
1036 392 1040 396 .
1284 340 1372 396 DE
1411 338 1897 397 SACRAMBN’I‘IS
1935 339 2137 397 LIBRI.
2183 336 2580 396 PBEFATIO.
3458 338 3566 396 414

256 453 465 511 Deinde
494 464 553 513 et
580 457 976 525 contundictio;
1006 474 1131 515 nam
1158 474 1442 532 poetqusm
1472 462 1700 519 dixisset
1733 480 1746 516 :
1777 462 1835 518 in
1866 462 2120 520 omuilms
2155 461 2317 534 cupio
2338 461 2493 532 sequi
2522 460 2822 516 Ecclesium
2858 459 3185 525 Romanam,
3212 461 3356 517 illico
3386 471 3568 517 unum

255 547 415 618 quasi
446 550 784 619 palinodiam
821 567 986 624 agens
1012 556 1088 625 (et
1132 554 1227 608 hoc
1264 555 1415 609 etiam
1443 571 1598 625 quam
1628 554 1874 612 Latinum
1909 557 1964 610 in
1992 555 2233 611 Gensaris
2263 554 2394 610 adeo
2432 554 2594 608 seueri
2636 552 2923 608 elocutione
2941 553 3007 624 !),
3042 552 3139 609 sed
3174 564 3354 608 tamen
3384 563 3437 610 et
3471 568 3577 610 nos

256 641 531 711 homines,
561 646 756 717 inquit,
792 661 1017 704 sensum
1050 647 1339 715 habemus,
1383 649 1507 705 ideo
1549 650 1693 722 quod
1725 649 1855 705 alibi
1885 649 2088 705 rectius
2114 657 2386 716 servatur,
2416 656 2473 705 et
2502 663 2604 704 nos
2650 654 2804 703 recte
2848 646 3208 701 custodimus.
3241 646 3319 702 Ac
3351 662 3569 703 rursum

252 740 544 802 postquam
569 734 798 792 dixisset
825 753 839 791 :
873 736 984 793 Hoc
1013 737 1136 794 ideo
1160 737 1285 795 dico
1310 754 1419 794 non
1455 739 1602 812 quod
1632 740 1770 796 alios
1800 739 2240 812 reprehendam;
2273 740 2452 796 subito
2481 739 2607 795 illos
2646 737 3018 810 reprehendit,
3041 746 3138 794 etc.
3180 738 3365 794 Verum
3402 741 3456 794 in
3488 739 3572 795 his

254 824 493 880 omnibus
513 829 655 898 quod
685 830 779 884 sibi
808 830 1150 898 contradicat,
1174 831 1305 886 nihil
1328 832 1596 900 inuenias;
1622 833 1668 888 si
1696 833 1851 888 modo
1873 849 1934 889 ea
1971 834 2209 897 candide,
2240 843 2393 902 atque
2418 849 2481 888 ex
2517 832 2729 887 humani
2772 834 3025 887 sermonis
3067 832 3444 887 consuetudine
3488 832 3570 885 iu-

254 919 531 987 terpretari
558 919 800 974 uolueris.
836 919 965 988 Quis
990 922 1123 977 enim
1149 932 1229 977 eat
1260 924 1464 993 inﬁcias
1494 925 1578 978 ubi
1603 924 1793 979 dicitur
1820 924 2035 997 :Cupio
2060 925 2214 997 sequi
2245 924 2555 981 Ecclesiam
2583 924 2916 990 Romanam;
2942 924 3037 979 sed
3062 931 3243 980 uitreo
3265 934 3319 980 et
3344 940 3441 980 nos
3470 924 3571 978 bo-

255 1010 429 1065 mines
456 1026 668 1079 sumus,
697 1023 819 1077 etc.,
848 1030 953 1068 non
978 1014 1260 1088 simplicem
1281 1027 1372 1071 aut
1396 1019 1711 1088 absolutam,
1743 1030 1799 1075 ut
1824 1030 2027 1089 vocant,
2059 1021 2151 1076 sed
2182 1022 2583 1077 conditionalem
2608 1038 2717 1076 esse
2745 1022 3085 1087 sententiam;
3117 1030 3270 1089 atque
3296 1021 3426 1075 adeo
3457 1022 3567 1077 illic

255 1112 422 1158 mente
450 1113 498 1157 et
524 1105 1224 1193 cogitatione’supplendum,
1267 1122 1527 1181 quantum
1575 1112 1812 1182 licuerit,
1851 1122 1947 1171 aut
1987 1115 2159 1169 risum
2194 1113 2360 1170 fuerit
2398 1115 2683 1187 expedire.
2722 1115 2813 1168 Sic
2838 1115 2891 1168 in
2923 1116 2994 1170 eis
3033 1132 3234 1187 quoque
3256 1115 3423 1171 verbis
3446 1132 3564 1188 qute

254 1195 644 1267 prcutittuntur
662 1213 682 1250 :
706 1196 779 1253 Se
801 1196 1063 1256 Romam
1094 1200 1348 1258 Ecclesiae
1381 1214 1566 1275 typum
1596 1214 1652 1259 et
1680 1203 1909 1262 formam
1933 1207 1986 1262 iu
2015 1206 2272 1262 omnibus
2300 1206 2478 1277 sequi,
2505 1207 2638 1262 nihil
2660 1208 2783 1277 falsi
2821 1206 3026 1262 subesse
3052 1208 3397 1278 confitebitur,
3425 1210 3571 1280 quis-

250 1293 369 1363 quis
389 1294 507 1363 ipsa
532 1309 638 1349 non
663 1294 981 1367 detorquebit
1006 1313 1040 1351 a
1064 1296 1289 1371 legitima
1310 1315 1488 1368 sensu,
1511 1316 1694 1373 nempe
1724 1302 1930 1357 morali.
1960 1300 2195 1373 Denique
2221 1301 2359 1371 quod
2394 1319 2482 1357 eos
2505 1302 2884 1373 reprehendere
2909 1302 3168 1374 arguitur,
3194 1318 3321 1371 quos
3346 1317 3569 1374 negave-

252 1395 335 1440 rat
363 1386 455 1440 abs
485 1402 540 1441 se
575 1387 905 1459 reprehendi,
937 1404 1069 1459 pura
1098 1399 1226 1461 puta
1253 1390 1566 1462 ritilitigatio
1602 1402 1696 1447 est.
1725 1392 1867 1461 Quid
1904 1394 2040 1448 enim
2068 1394 2329 1448 communi
2369 1392 2613 1469 loquendi
2654 1393 2770 1447 usui
2806 1392 2971 1466 magis
3000 1408 3305 1463 congruum,
3332 1409 3487 1463 quam
3517 1402 3572 1447 ut

251 1479 515 1549 quispiam
544 1482 631 1535 ubi
658 1483 853 1538 crimen
877 1499 909 1536 a
938 1500 992 1538 se
1021 1486 1328 1557 propulsare
1352 1495 1586 1558 nequeat,
1614 1489 1716 1543 nisi
1740 1489 1873 1544 illud
1902 1488 2180 1557 transferat
2208 1490 2261 1543 in
2281 1489 2466 1556 alium,
2496 1488 2553 1543 id
2579 1488 2756 1543 eadem
2780 1489 2981 1543 ratione
3004 1489 3314 1558 prwmolliat
3334 1490 3360 1543 ?
3452 1498 3457 1503 ‘

322 1572 445 1628 lam
476 1589 596 1630 uera
623 1576 776 1631 istam
808 1579 1227 1634 criminationem
1254 1597 1492 1649 quanam
1516 1584 1762 1655 excipiat,
1786 1584 2188 1639 consideremus.
2212 1580 2412 1650 Aliam,
2442 1582 2610 1651 inquit
2636 1581 2935 1637 Albertinus
2957 1580 3107 1653 (Lac.
3139 1583 3254 1648 cit.,
3293 1598 3415 1656 pag.
3440 1582 3567 1650 508,
3646 1613 3665 1626 υ

250 1669 356 1724 col.
385 1668 466 1741 2),
499 1670 564 1725 ab
594 1688 655 1726 ea
678 1689 780 1742 qua
805 1674 1043 1730 utebatur
1070 1674 1388 1741 Ambrosius,
1420 1687 1597 1732 auctor
1637 1678 1822 1733 horum
1849 1678 2100 1733 librarum
2138 1678 2369 1748 sequitur
2392 1675 2695 1731 versionem.
2726 1672 2793 1728 Id
2822 1676 3029 1745 quidem
3058 1677 3322 1729 uerissime
3363 1676 3561 1731 dictant

251 1782 359 1820 non
385 1767 662 1823 abnuimus
689 1786 709 1823 :
735 1770 825 1824 sed
849 1785 915 1825 ex
944 1785 1173 1841 operum
1197 1774 1370 1830 sancti
1399 1774 1678 1830 Ambrosii
1702 1774 1943 1831 lectione
1974 1781 2210 1842 constat,
2240 1783 2298 1828 ut
2336 1773 2634 1828 Alexander
2664 1772 2824 1840 (Loco
2854 1789 3013 1844 supra
3039 1774 3158 1844 cit.)
3188 1775 3314 1829 scite
3343 1777 3573 1846 reponit,

251 1876 376 1917 eum
416 1877 523 1916 non
567 1863 763 1919 iisdem
792 1879 1008 1935 semper
1034 1867 1216 1922 verbis
1248 1868 1472 1924 eosdem
1503 1867 1802 1940 Scriptura:
1829 1883 1998 1925 sacra
2039 1867 2191 1924 locos
2224 1868 2497 1924 laudasse.
2535 1866 2671 1921 Huic
2700 1868 3026 1939 responsioni
3066 1868 3378 1924 brevissimw
3408 1873 3572 1944 juazta

249 1971 312 2011 ac
332 1956 638 2011 certissima
674 1966 875 2012 tantum
915 1959 1184 2026 addemus,
1220 1977 1339 2015 cum
1375 1962 1486 2015 sine
1528 1978 1720 2035 magna
1747 1963 2133 2032 prtcparr:tione
2170 1973 2435 2017 auctorem
2468 1960 2603 2016 hunc
2636 1972 2866 2016 nostrum
2895 1962 3089 2018 dixisse
3114 1979 3217 2018 non
3245 1964 3310 2017 sit
3338 1964 3576 2029 dubium,

252 2050 551 2122 neutiquam
581 2067 709 2107 sane
733 2053 920 2107 mirum
952 2054 1135 2121 videri,
1163 2054 1209 2108 si
1235 2053 1565 2124 Scripturam
1592 2071 1695 2110 non
1720 2069 1919 2127 semper
1942 2054 2073 2122 suis,
2099 2054 2187 2110 sed
2213 2055 2277 2109 iis
2304 2071 2418 2125 qua:
2444 2054 2526 2109 illi
2553 2070 2621 2112 ex
2644 2063 2870 2125 tempore
2900 2056 3150 2127 suggessit
3174 2055 3438 2121 memoria,
3462 2070 3574 2109 ver-

250 2143 326 2197 bis
352 2144 531 2197 citauit
554 2160 573 2197 :
602 2155 839 2199 constare
861 2156 1029 2201 autem
1059 2146 1350 2217 ipsummet,
1373 2163 1489 2201 cum
1521 2145 1825 2217 Vulgatam,
1849 2157 1908 2202 ut
1932 2155 2136 2215 vacant,
2153 2163 2404 2216 nusquam
2427 2145 2742 2213 adhibuerit,
2771 2146 3020 2200 Albertini
3047 2148 3291 2217 opinione
3311 2148 3569 2218 antiquio-

249 2251 359 2295 rem
389 2237 669 2293 dicendum
692 2255 819 2294 esse.

327 2332 406 2386 Ad
430 2343 721 2388 extremum
747 2331 881 2388 alias
910 2334 1159 2407 quasdam
1179 2336 1425 2392 minutias
1455 2347 1739 2410 oggerunt;
1762 2347 1815 2391 ut
1850 2346 1976 2409 puta
2006 2336 2144 2408 quod
2166 2337 2311 2392 aiunt
2341 2346 2604 2391 auctorem
2634 2335 2822 2392 ludere
2845 2336 2998 2391 vanis
3026 2335 3304 2408 :tllt-goriis
3340 2355 3352 2391 :
3398 2353 3573 2392 verum

252 2442 380 2497 quas
406 2426 488 2480 illi
526 2443 688 2481 vanas
718 2427 995 2500 allegorias
1022 2429 1280 2495 dictitant,
1313 2430 1407 2484 hac
1444 2430 1617 2502 ipsum
1643 2440 1717 2485 est
1767 2446 1868 2511 qua
1902 2431 2137 2497 redditur
2162 2429 2519 2485 Ambrasiana:
2553 2430 2829 2486 elocutioni
2861 2431 3097 2484 vicinior.
3133 2429 3345 2485 Addunt
3387 2432 3439 2485 in
3468 2433 3580 2501 solo

254 2521 432 2576 libello
458 2522 528 2578 de
564 2522 840 2595 Mysteriis
863 2525 1081 2593 reperiri
1123 2541 1182 2580 ea
1219 2526 1533 2592 testimonia,
1564 2541 1680 2597 quae
1721 2525 1875 2599 quasi
1899 2541 1965 2581 ex
2004 2542 2162 2596 opere
2190 2526 2260 2581 de
2309 2525 2680 2582 Sacramcntis
2719 2526 2878 2598 petita
2920 2525 3099 2580 laudat
3130 2524 3469 2581 Rati-amnus.
3514 2528 3580 2582 At

250 2635 375 2673 vero
400 2617 526 2688 quid
546 2619 594 2674 si
619 2617 949 2690 imperfectus
974 2625 1137 2676 codex
1158 2621 1238 2676 illi
1263 2622 1550 2692 imposuit?
1574 2622 1700 2693 quid
1738 2623 1780 2676 si
1812 2620 1982 2675 labilis
2010 2621 2299 2675 memoria?
2321 2619 2389 2675 Et
2418 2635 2543 2675 sane
2574 2618 2657 2673 hic
2681 2636 2827 2673 error
2851 2612 2908 2674 eo
2931 2620 3101 2691 fuerat
3122 2620 3419 2691 proclioior,
3442 2621 3582 2689 quod

252 2720 466 2780 uterque
491 2722 748 2768 tractatus
773 2713 1024 2787 conjungi
1054 2713 1182 2768 solet
1207 2715 1262 2768 in
1286 2715 1674 2785 manuscriptis.
1707 2712 1945 2771 Clamat
1973 2724 2228 2784 postremo
2254 2714 2371 2784 ipsa
2395 2712 2516 2785 styli
2537 2711 2833 2768 diversitate
2852 2723 3117 2767 auctorum
3139 2730 3337 2784 quoque
3365 2715 3581 2768 diuersi-

253 2818 415 2862 tatem
445 2809 599 2877 prodi
626 2807 1089 2879 demonstrarique.
1126 2808 1234 2866 Sed
1273 2807 1383 2864 [nec
1409 2809 1632 2880 objectio
1656 2810 1878 2880 alicujus
1918 2808 2166 2879 ponderis
2203 2816 2421 2880 negatur
2449 2824 2557 2863 esse
2575 2826 2594 2874 ;
2614 2806 2754 2877 Quia
2783 2817 2966 2877 patres
2994 2806 3212 2862 diverso
3237 2807 3454 2862 dicendi
3484 2821 3580 2878 ge-

253 2914 392 2955 nere
424 2916 520 2967 pro
560 2912 1007 2971 argumentorum
1035 2900 1356 2958 diversitate
1397 2913 1622 2958 utuntur
1653 2901 1825 2974 (Alex.
1858 2902 2038 2975 ibid.).
2074 2900 2243 2970 Quam
2270 2902 2654 2973 responsionem
2693 2913 2950 2971 quatenus
2970 2902 3176 2957 extendi
3204 2903 3391 2957 ueritas
3416 2902 3576 2970 sinat,

251 2991 399 3065 infra
427 2992 748 3066 eapsndetur
782 3008 800 3047 :
830 3010 965 3048 nunc
989 3003 1159 3050 autem
1178 2997 1461 3050 contraries
1488 2996 1751 3066 opinionis
1768 2995 2016 3049 audiendi
2045 3005 2481 3068 propugnatores.

331 3082 572 3139 Primum
598 3086 824 3141 educunt
844 3087 924 3142 illi
952 3085 1249 3158 (Bcllarm.,
1284 3088 1657 3153 Sanctibtzuu.,
1695 3090 1842 3144 Alex.
1877 3098 1924 3143 et
1962 3086 2077 3159 alii)
2105 3105 2407 3145 numerosos
2435 3105 2497 3143 ac
2532 3101 2847 3163 pervetustas
2885 3091 3086 3146 codices
3123 3108 3283 3146 manu
3310 3102 3575 3160 exaratos,

254 3193 473 3248 canaque
502 3178 582 3233 his
608 3178 775 3234 editos
801 3195 978 3235 omnes
1000 3180 1184 3251 quibus
1213 3192 1330 3252 post
1354 3183 1614 3237 inventam
1644 3183 2044 3254 tgpographiam
2070 3183 2226 3238 iidem
2256 3183 2374 3238 libri
2399 3186 2623 3255 evulgnti
2645 3197 2782 3239 sunt.
2812 3183 3009 3241 Deinde
3040 3187 3188 3255 quasi
3214 3188 3571 3241 succenturie-

254 3280 367 3326 tum
395 3290 579 3343 agmen
603 3274 907 3329 subnn'uunt
939 3275 1153 3329 maximi
1179 3276 1402 3330 nominis
1431 3277 1566 3331 uiros
1595 3275 1935 3330 Hincmarum
1960 3262 2278 3344 Remensem,
2307 3275 2636 3331 Deoduinum
2670 3277 3023 3344 Leodiensem,
3054 3276 3303 3333 Paschas.
3334 3276 3572 3334 Radber-

259 3375 370 3421 tum
398 3366 597 3422 Corbei.
616 3366 871 3433 abbatem,
899 3366 1240 3424 Rotramnum
1270 3369 1500 3443 ejusdem
1521 3370 1754 3423 aseeterii
1778 3368 2107 3433 monachum,
2133 3367 2357 3424 Florum
2377 3371 2652 3425 diaconum
2677 3371 2945 3442 Lugdun.,
2968 3370 3361 3441 Lantfrancnm,
3381 3371 3572 3429 Beren-

257 3462 488 3533 garium,
522 3462 792 3533 Algcrum,
825 3459 1220 3531 Gnitmundum,
1245 3462 1550 3517 Durandum
1576 3459 2118 3532 Troarn.,.ﬂugonem
2137 3460 2382 3534 Lingon.,
2407 3462 2618 3518 leonem
2640 3461 2881 3530 Carnut.,
2903 3462 3233 3530 Gratianum,
3258 3463 3570 3535 Magistrum

258 3556 496 3627 Sentent.
528 3573 589 3613 ac
616 3559 822 3612 demunt
843 3568 1087 3630 quotquot
1118 3560 1183 3613 ab
1204 3560 1414 3615 ineunte
1435 3575 1572 3614 uano
1601 3559 1791 3613 scacqu
1820 3556 1890 3612 ad
1914 3567 2144 3611 nostram
2173 3556 2256 3612 uel
2279 3568 2489 3631 patrum
2516 3560 2832 3623 memoriam,
2863 3560 3157 3614 earumdem
3185 3558 3437 3615 librorum
3460 3579 3570 3615 mr-

256 3655 474 3723 minere,
503 3671 569 3711 ne
609 3655 1027 3711 dissentientibus
1052 3654 1282 3726 quidem,
1317 3657 1362 3711 si
1389 3673 1613 3727 nuperos
1640 3658 1834 3730 aliquot
1866 3635 2113 3730 excipias,
2156 3658 2497 3712 heterodosis.
2553 3657 2616 3709 At
2647 3656 2765 3710 licet
2793 3654 2893 3709 hoc
2932 3668 3295 3727 argumentum
3338 3673 3570 3711 omnium

255 3765 374 3815 qute
392 3750 445 3802 in
467 3750 700 3803 eamdem
725 3765 831 3804 rem
862 3750 1085 3821 proponi
1106 3751 1291 3818 solent,
1316 3751 1694 3807 ualidissimum
1716 3770 1823 3808 esse
1847 3763 1991 3810 extra
2020 3753 2233 3808 dubium
2258 3753 2348 3816 sit,
2374 3768 2473 3806 non
2494 3760 2663 3805 tamen
2686 3751 2875 3806 invicte
2893 3761 2940 3806 et
2967 3754 3261 3807 necessario
3286 3753 3573 3808 concludit.

262 3843 397 3913 Quot
423 3847 560 3899 enim
596 3861 756 3917 opera
790 3855 1061 3915 postquam
1093 3845 1383 3901 diutissime
1413 3846 1507 3900 sub
1537 3856 1805 3902 auctorum
1828 3846 2171 3919 quarumdant
2206 3845 2358 3900 titulo
2390 3854 2669 3917 pervagata
2695 3854 2880 3912 essent,
2910 3861 2967 3899 eo
3001 3845 3207 3898 tandem
3245 3855 3401 3900 eruta
3428 3854 3571 3911 sunt,

256 3943 588 4013 quotidieque
617 3942 914 3997 exuuntur?
937 3939 1188 3997 Ceterum
1223 3942 1500 4015 scriptores
1527 3941 1606 3997 illi
1632 3957 1742 3998 rem
1766 3942 1869 4014 ipsi
1897 3958 1987 4014 per
2023 3958 2077 3996 se
2100 3958 2160 3996 ac
2186 3942 2440 3996 destinato
2469 3940 2686 3994 consilio
2716 3956 2818 3994 non
2849 3939 3224 4001 discusserunt,
3257 3940 3347 3994 sed
3372 3940 3449 3995 vel
3477 3940 3574 3994 alii

257 4039 392 4093 alios
430 4038 595 4093 secuti
617 4046 757 4103 sunt,
786 4036 868 4092 uel
898 4037 1053 4107 ﬁdem
1092 4036 1314 4092 habuere
1334 4020 1449 4091 suis
1474 4039 1862 4110 manuscriptis,
1889 4040 1942 4093 in
1968 4036 2153 4108 quibus
2184 4037 2417 4091 eamdem
2445 4036 2667 4108 opellum
2691 4034 2818 4089 alibi
2842 4034 3046 4104 quidem
3075 4032 3329 4088 Ambrosii
3359 4050 3574 4088 nomen-

256 4132 483 4187 clatiane
502 4132 831 4202 inscriptam,
851 4131 977 4187 alibi
1005 4147 1124 4186 vero
1156 4131 1400 4185 tractatui
1422 4131 1581 4186 alicui
1605 4133 1841 4187 eamdem
1865 4132 2255 4205 inscriptionem
2285 4130 2582 4203 praeferenti
2598 4129 2832 4199 junctam
2855 4141 3107 4198 reperere.
3140 4124 3273 4180 Nam
3299 4143 3412 4181 cum
3443 4129 3584 4181 anti-

256 4228 494 4294 quissimi
522 4226 711 4297 quique
729 4225 929 4283 codices
957 4226 1159 4281 nullum
1187 4226 1415 4283 auctoris
1437 4242 1621 4281 nomen
1640 4224 1933 4292 exhibeant,
1951 4226 2037 4297 qui
2060 4223 2409 4279 exscribendis
2428 4223 2493 4277 iis
2512 4232 2827 4278 uomuerunt
2845 4237 3079 4293 operam,
3104 4236 3221 4275 cum
3245 4220 3572 4274 Ambrosium
3680 4212 3712 4257 ‘-

259 4323 359 4376 hac
386 4322 501 4393 ipsa
531 4323 595 4376 de
624 4321 840 4375 materia
870 4321 1142 4390 scripsisse
1167 4322 1537 4395 cognovissent,
1570 4337 1672 4376 non
1704 4321 2002 4375 dubitarunt
2033 4320 2199 4375 eidem
2226 4319 2369 4391 ipsos
2391 4317 2700 4389 adjudicare
2724 4332 2743 4371 :
2768 4317 2859 4372 alii
2889 4328 3059 4371 autem
3090 4317 3183 4371 etsi
3204 4316 3572 4370 Ambrosianos

258 4431 373 4471 esse
396 4431 497 4469 non
527 4414 920 4479 arbitrarentur,
950 4413 1078 4468 libro
1100 4424 1270 4469 tamen
1296 4413 1364 4470 de
1391 4413 1664 4486 Mysteriis
1692 4412 1753 4469 ab
1781 4413 2070 4484 argumenti
2096 4412 2489 4467 similitudinem
2522 4411 2778 4465 duxerunt
2806 4410 3210 4481 subjungendas.

336 4510 660 4585 Proponitur
688 4515 912 4566 secundo
939 4512 1207 4565 character
1234 4509 1497 4578 dictionis,
1522 4527 1673 4582 quam
1699 4510 1753 4564 in
1780 4510 2058 4581 scriptione
2086 4506 2154 4564 de
2200 4506 2499 4579 Mysteriis,
2540 4504 2775 4575 atquein
2806 4502 2905 4556 hoc
2929 4519 3084 4573 opere
3110 4501 3434 4556 simillimam
3466 4517 3575 4556 esse

258 4605 572 4678 pertcndunt
599 4621 618 4656 :
643 4604 926 4661 adversarii
953 4621 1072 4660 vero
1099 4605 1236 4659 illud
1264 4605 1449 4659 obnixe
1477 4605 1800 4679 inficiantur.
1846 4601 1989 4659 Sane
2014 4601 2219 4673 quidem
2248 4601 2392 4655 haud
2431 4600 2724 4665 immerito;
2751 4599 2827 4652 ita
2850 4598 2985 4651 enim
3015 4607 3200 4651 auctor
3230 4607 3446 4651 conatur
3479 4612 3572 4649 c1:-

258 4699 488 4771 primere
514 4715 630 4753 eum
658 4699 911 4766 libellum,
950 4708 1007 4752 ut
1031 4701 1190 4770 fernte
1222 4698 1396 4752 omnia
1424 4698 1477 4751 in
1502 4698 1690 4769 stglum
1720 4711 1891 4760 suum,
1925 4693 2024 4748 hoc
2055 4703 2151 4759 est,
2181 4692 2342 4747 multa
2372 4691 2700 4755 deteriorem,
2736 4692 3020 4762 transferat
3047 4699 3427 4760 convertatque.
3461 4688 3570 4744 Sed
3663 4752 3677 4764 υ

258 4807 326 4846 ex
350 4790 531 4845 eodem
560 4790 655 4845 hoc
689 4790 803 4847 loco
834 4789 937 4861 ipsi
982 4789 1062 4843 illi
1100 4788 1387 4843 adversarii
1420 4788 1752 4841 ratiocinium
1785 4786 1981 4840 ducunt
2014 4785 2171 4857 plane
2199 4784 2537 4837 contrarium.
2573 4780 2711 4835 Nam
2743 4782 2827 4834 cui
2865 4781 3142 4835 verisimile
3178 4781 3265 4846 sit,
3297 4780 3580 4852 inquiunt,

256 4885 589 4941 Ambrosium
627 4884 767 4957 quod
803 4885 859 4939 in
884 4884 1229 4955 disputatione
1267 4884 1335 4938 de
1363 4881 1631 4954 Mysteriis
1649 4882 1763 4952 jam
1794 4889 2118 4952 tractaverat,
2154 4880 2340 4933 iterum
2370 4879 2613 4933 recudere
2641 4888 2791 4950 atque
2820 4893 3094 4947 recoquere
3117 4879 3170 4931 in
3202 4878 3347 4932 alia?
3384 4876 3569 4930 Verum

258 4989 433 5034 tamen
473 4981 570 5034 hac
594 4989 951 5052 argumentum
974 4979 1136 5033 nihilo
1159 4978 1361 5047 firmius
1392 4985 1479 5030 aut
1507 4974 1780 5055 efficacius
1818 4985 1916 5043 est,
1948 4990 2102 5044 quam
2126 4974 2293 5028 aliud.
2328 4971 2668 5044 Nequaquam
2696 4974 2833 5027 enim
2868 4973 3160 5027 inauditum
3192 4982 3288 5039 est,
3317 4981 3369 5023 ul
3390 4970 3570 5024 eadem

259 5076 478 5131 materia
500 5077 555 5130 in
582 5075 718 5130 binis
744 5075 1063 5130 sermonibus
1091 5082 1181 5129 aut
1210 5073 1356 5130 libris
1382 5072 1647 5141 explicata
1686 5073 1840 5144 fuerit
1864 5089 1897 5128 a
1930 5069 2211 5136 Patribus;
2243 5087 2357 5125 cum
2387 5070 2520 5125 illud
2552 5071 2728 5141 ipsum
2768 5069 2896 5125 alibi
2924 5089 2955 5125 a
2982 5068 3128 5123 nobis
3157 5068 3473 5121 obseruatum
3500 5066 3567 5120 sit

256 5171 314 5225 in
346 5168 640 5224 Ambrosio.

335 5285 466 5354 Quce
491 5287 543 5340 in
585 5286 734 5341 tertia
760 5285 941 5345 ordine
967 5286 1101 5341 ratio
1139 5285 1445 5359 collocatur,
1473 5285 1552 5340 his
1591 5283 1755 5341 verbis
1782 5284 2071 5359 concipitur
2111 5300 2129 5339 :
2158 5282 2488 5339 Ambrosium
2519 5282 2743 5339 edidisse
2769 5301 2899 5358 opus
2929 5282 2996 5345 de
3022 5279 3400 5337 Sacramenlis
3430 5282 3570 5335 testis

259 5392 334 5437 est
364 5382 687 5457 Augustinus
715 5380 854 5457 (Lib.
891 5398 948 5449 ll,
976 5382 1124 5437 Cant.
1158 5382 1299 5454 .lul.,
1331 5364 1448 5455 cap.
1480 5381 1513 5439 5
1545 5391 1593 5439 et
1623 5398 1757 5461 seq.,
1783 5392 1829 5435 et
1858 5378 2009 5436 Retr.
2033 5380 2124 5434 lib.
2159 5394 2229 5446 tt,
2254 5395 2301 5432 c.
2333 5376 2413 5444 4),
2449 5379 2764 5453 proindequc
2793 5386 2883 5431 aut
2912 5374 3048 5430 illud
3078 5373 3248 5457 nobis,
3284 5372 3450 5438 aiunt,
3488 5387 3569 5427 re-

261 5486 621 5549 prtcsentetur,
654 5487 743 5531 aut
775 5476 1082 5531 concedatur
1104 5478 1199 5533 hoc
1224 5477 1393 5549 ipsum
1421 5493 1530 5533 esse
1558 5476 1620 5531 de
1641 5492 1741 5547 qua
1768 5477 1987 5545 agimus.
2021 5473 2213 5535 Verum
2237 5475 2289 5528 in
2323 5484 2563 5549 promptu
2595 5473 2861 5543 responsio
2881 5482 2989 5536 est;
3022 5485 3182 5536 neque
3203 5467 3337 5525 enim
3367 5465 3565 5520 utrius-

259 5585 353 5641 que
383 5569 518 5623 idem
547 5577 911 5642 argumentum
939 5570 1185 5642 refertur,
1218 5584 1380 5641 neque
1408 5567 1545 5622 idem
1570 5566 1770 5622 titulus.
1809 5565 2234 5639 Quandoquidem
2263 5564 2318 5623 id
2347 5567 2496 5638 cujus
2534 5564 2723 5619 mentio
2759 5564 2817 5630 fit
2848 5563 2911 5616 ab
2951 5562 3258 5631 Augustino,
3295 5577 3394 5622 non
3431 5559 3559 5614 siut-

259 5663 461 5735 pliciter
487 5659 867 5715 inscribebatur
896 5659 966 5716 de
994 5660 1387 5726 Sncramentis,
1416 5659 1507 5717 sed
1527 5659 1869 5735 adjiciebatur
1893 5660 2006 5715 sive
2033 5658 2100 5714 dc
2125 5658 2472 5739 Philosophia
2502 5675 2516 5712 :
2550 5673 2665 5711 cum
2685 5665 2876 5715 autem,
2902 5654 3078 5707 eodem
3107 5652 3395 5726 Augustino
3416 5664 3564 5727 teste,

262 5758 606 5831 compositum
631 5765 761 5811 esset
784 5756 1027 5812 adversus
1060 5754 1381 5833 Platonicos,
1413 5755 1666 5812 diversam
1694 5755 1746 5811 in
1773 5771 1832 5810 co
1862 5763 2132 5825 tractatam
2163 5755 2431 5808 ntateriam
2463 5751 2733 5811 obscurum
2761 5764 2865 5802 non
2891 5757 2984 5803 est.

336 5836 612 5921 Postrema
637 5853 878 5935 quedam
906 5852 1011 5908 alia
1031 5852 1084 5915 in
1108 5850 1333 5915 medium
1364 5852 1591 5931 proferri
1617 5861 1857 5927 possunt,
1882 5862 1939 5911 ut
1961 5850 2006 5911 si
2034 5849 2231 5913 dixeris
2252 5856 2515 5909 auctorem
2544 5836 2680 5923 (Lib.
2717 5861 2755 5915 ι,
2781 5860 2828 5901 c.
2852 5843 2909 5913 6)
2937 5844 3000 5903 de
3021 5846 3158 5900 noris
3182 5840 3329 5927 queri
3357 5847 3561 5922 fragili.
