4042 6294
3774 176 3829 237 Ὗ

471 315 580 379 tis
1530 282 1531 289 Ν
1796 318 2041 379 suum
2079 318 2401 377 annuos"
3670 318 3761 376 ns

473 446 595 505 tate,
622 436 689 494 de
706 453 813 509 qua
842 438 1053 511 ipsemet
1080 436 1381 495 Ambrosius
1401 439 1456 494 in
1484 438 1747 512 Apologia
1778 438 1947 496 David
1972 440 2211 498 secunda
2235 441 2521 513 quiritatur
2545 440 2696 515 (Cap.
2728 440 2783 507 5,
2814 457 2960 499 num.
2982 438 3100 511 28),
3127 456 3389 514 quamque
3409 440 3490 497 illi
3519 440 3764 513 facileob-

474 530 628 587 tundi
656 532 869 589 solitam
897 542 1204 591 memoratus
1227 534 1457 610 ejusdem
1488 544 1703 590 testatur
1729 533 2016 608 discipulus
2046 534 2189 609 (Lib.
2226 550 2278 590 v1
2304 531 2487 607 Conf.,
2511 551 2632 605 cap.
2657 533 2711 601 5,
2738 550 2883 589 num.
2914 532 2994 605 3).
3021 532 3085 589 Si
3104 531 3374 588 addideris
3399 531 3632 588 eumdem
3656 548 3766 587 con-

474 622 615 694 ﬁteri
642 622 789 698 (Lib.
814 641 891 692 Vl,
929 642 1045 700 cap.
1073 627 1129 698 5)
1155 643 1271 698 qua
1295 628 1407 698 ipse
1437 642 1540 681 non
1567 625 1826 694 didicerit,
1857 641 1968 681 sese
1992 625 2179 682 docere
2208 640 2228 681 :
2256 626 2396 699 quod
2429 627 2583 683 etiam
2614 624 2758 679 haud
2787 640 2974 695 parum
3005 621 3270 695 familiare
3296 631 3375 677 est
3396 621 3686 677 Ambrosio.
3711 620 3766 677 Si

476 716 687 773 tandem
716 719 963 778 institeris
996 719 1285 778 Dominica
1308 722 1555 778 orationis
1591 720 1990 792 expositionem,
2019 736 2174 792 quam
2200 722 2432 787 eiusdem
2462 717 2720 774 Ambrosii
2757 718 2811 771 in
2838 715 3037 772 Lucam
3064 714 3361 789 postulabat
3397 713 3765 779 commentatio,

475 824 583 866 non
611 811 677 868 ob
702 814 853 870 aliud
876 815 990 871 istic
1014 816 1275 882 omissam,
1314 815 1415 870 nisi
1437 814 1577 888 quod
1604 814 1731 870 alibi
1759 814 2004 870 traditam
2032 814 2097 868 ab
2127 830 2183 868 se
2219 813 2355 868 idem
2385 812 2725 867 meminerat?
2762 809 2893 867 Cum
2921 821 3094 866 autem
3123 827 3186 867 ex
3211 809 3452 865 omnibus
3474 824 3591 881 qua
3613 809 3768 879 ipsius

475 906 685 964 nomine
712 908 1147 981 circumferuntur
1173 909 1434 980 operibus,
1458 910 1513 965 in
1538 910 1634 966 hoc
1660 910 1772 966 solo
1791 910 2051 981 explicata
2083 906 2331 963 habeatur
2355 907 2532 961 eadem
2558 907 2752 971 oratio,
2790 921 2881 960 cur
2906 904 3054 960 illius
3090 904 3226 959 hanc
3250 918 3362 959 esse
3389 917 3498 957 non
3524 916 3769 973 agnosca-

475 1001 633 1056 mus!
660 1000 775 1057 Sed
806 1003 1001 1074 opponi
1030 1012 1193 1073 potest
1228 1002 1409 1073 prima
1435 1004 1732 1079 objectioni,
1763 1010 2108 1073 praterquam
2135 1000 2277 1068 quod
2308 1000 2579 1054 Ambrosio
2608 998 2742 1053 male
2768 997 2925 1052 tribui
2954 997 3174 1054 alterum
3207 994 3358 1050 illam
3385 992 3558 1048 David
3582 992 3768 1061 Apolo-

474 1092 615 1165 giam
641 1095 965 1167 probabilius
985 1106 1082 1163 est,
1102 1096 1394 1168 complures
1417 1107 1463 1153 et
1489 1098 1615 1153 olim
1641 1098 1805 1170 fuisse
1825 1105 1871 1153 et
1899 1112 2008 1152 esse
2027 1096 2183 1151 etiam
2209 1109 2367 1161 nunc,
2392 1094 2482 1165 qui
2504 1093 2763 1148 debilitate
2783 1092 2920 1147 vocis
2941 1107 3003 1146 ac
3028 1090 3337 1162 pulmonum
3361 1086 3603 1144 laborare
3620 1102 3672 1143 se
3692 1088 3768 1141 in-

474 1190 555 1241 ter
581 1185 997 1241 concionandum
1020 1203 1125 1241 non
1150 1186 1498 1244 dissimulent.
1528 1187 1657 1244 Cum
1682 1198 1857 1245 autem
1886 1204 1981 1245 nec
2000 1187 2167 1243 desint
2183 1189 2340 1244 etiam
2370 1189 2459 1257 qui
2482 1187 2734 1252 materia,
2756 1201 2913 1258 quam
2942 1183 3173 1257 aggressi
3201 1191 3349 1247 sunt,
3373 1182 3657 1239 euodanda
3681 1181 3770 1235 im-

474 1291 625 1349 pares
659 1277 928 1334 modestia
955 1295 1113 1334 causa
1136 1296 1190 1335 se
1220 1278 1505 1349 {ateantur,
1523 1280 1755 1337 indidem
1787 1295 1988 1352 quoque
2013 1278 2084 1334 ad
2116 1278 2399 1334 secundam
2438 1278 2803 1348 difficultatem
2840 1286 2980 1347 patet
3020 1291 3348 1348 responsum.
3384 1274 3541 1344 Quod
3567 1289 3680 1329 vero
3706 1274 3768 1328 ad

473 1373 676 1429 tertiam
702 1374 939 1446 pertinet,
968 1374 1048 1430 illi
1076 1375 1313 1431 similiter
1338 1392 1581 1431 occurras
1614 1376 1752 1443 licet,
1777 1376 1821 1431 si
1848 1374 2178 1430 Ambrosium
2204 1373 2458 1447 quidquid
2491 1388 2614 1428 voce
2644 1371 3023 1443 pronuntiavit,
3053 1369 3250 1441 scripto
3288 1367 3610 1433 mandasse;
3631 1368 3771 1439 quid-

471 1466 600 1537 quid
626 1476 803 1522 autem
822 1468 1017 1538 scripto
1045 1470 1334 1535 mandavit,
1361 1470 1431 1524 ad
1462 1481 1691 1527 nostram
1711 1472 2003 1542 pervenisse
2029 1479 2229 1525 atatem
2258 1469 2543 1542 negaveris.
2569 1467 2651 1523 Eo
2676 1470 2854 1539 forsan
2882 1476 2929 1523 et
2953 1468 3050 1522 hoc
3072 1466 3292 1532 accedit,
3320 1464 3462 1537 quod
3487 1480 3604 1518 cum
3629 1464 3680 1517 in
3711 1464 3771 1517 il-

472 1556 576 1612 lam
595 1557 886 1613 orationem
904 1556 1216 1615 Tertulliani
1242 1569 1290 1616 et
1310 1558 1563 1633 Cypriani
1587 1560 1707 1616 libri
1732 1570 1989 1618 exstarent
2020 1560 2329 1617 Latinorum
2363 1559 2608 1627 Patrum,
2635 1559 2699 1614 ab
2721 1560 2822 1615 isto
2856 1558 3032 1615 labore
3050 1567 3314 1630 tamquam
3340 1573 3528 1630 parum
3551 1573 3771 1613 necessa-

469 1651 549 1708 rio
575 1660 650 1707 est
676 1662 943 1708 revocatus
971 1669 991 1709 :
1017 1654 1151 1709 sicut
1178 1655 1332 1710 etiam
1360 1656 1498 1727 de,se
1520 1665 1735 1711 testatur
1756 1655 1994 1712 Hilarius
2014 1656 2326 1712 Comment.
2359 1654 2412 1708 in
2439 1653 2777 1719 Matthanm,
2801 1669 2917 1708 can.
2941 1653 2997 1709 5.

538 1742 713 1800 Porro
738 1760 804 1801 ex
831 1745 896 1800 iis
924 1760 1043 1817 qua
1066 1744 1314 1802 hactenus
1354 1764 1387 1802 a
1436 1748 1582 1804 nobis
1623 1747 1892 1820 disputata
1919 1758 2063 1814 sunt,
2095 1747 2200 1802 duo
2228 1754 2535 1802 noscuntur.
2577 1745 2785 1801 Etenim
2813 1744 3062 1801 adhibita
3089 1745 3437 1800 sectariorum
3461 1745 3771 1819 argumentis

469 1834 751 1892 solutiones
778 1837 952 1907 palam
982 1836 1189 1907 faciunt
1217 1840 1554 1895 contumeliis
1582 1840 1691 1895 illis
1718 1856 1782 1896 ac
1809 1839 2014 1913 probris
2032 1834 2262 1913 quorum
2292 1848 2400 1895 tota
2426 1838 2663 1910 plaustra
2687 1839 2777 1894 isti
2803 1836 3077 1906 effundunt
3102 1840 3158 1893 in
3181 1837 3322 1894 hunc
3343 1848 3625 1907 auctorata,
3653 1839 3774 1895 nihil

458 1925 701 1996 .probari,
731 1926 834 1982 nisi
858 1928 1273 2013 molestissimum
1302 1930 1430 2000 ipsis
1460 1947 1568 1987 esse
1595 1941 1750 2004 atque
1778 1933 2161 1989 odiosissimam
2200 1936 2315 2007 ejus
2355 1932 2665 1988 doctrinam.
2696 1933 2897 1987 Rursus
2915 1948 3037 1989 vero
3056 1949 3173 2006 qua
3204 1950 3300 1989 nos
3327 1936 3650 2006 reposuimus
3688 1950 3775 1988 ca-

471 2015 788 2072 tholicorum
827 2018 924 2073 hoc
949 2018 1121 2091 ipsum
1161 2036 1290 2092 opus
1315 2020 1587 2078 Ambrosio
1615 2023 1993 2080 vindicantium
2021 2024 2331 2092 rationibus,
2378 2041 2441 2080 ea
2487 2025 2845 2081 demonstrant
2894 2036 3094 2099 partem
3136 2037 3410 2099 negantem
3434 2027 3577 2083 haud
3615 2028 3777 2083 minus

471 2110 790 2182 probabilem
818 2128 927 2168 esse
948 2130 1106 2184 quam
1120 2114 1461 2184 affirmantem
1474 2133 1494 2183 ;
1507 2117 1822 2188 proindeque
1842 2134 1946 2173 non
1965 2118 2224 2174 immerito
2243 2118 2341 2172 hac
2362 2118 2415 2171 in
2442 2133 2498 2172 re
2516 2117 2783 2174 dubitasse
2807 2117 3092 2173 nonnullos
3110 2118 3525 2175 orthodoxorum
3544 2117 3777 2190 (Cardiu.

471 2201 624 2259 Bona
650 2204 778 2261 Rer.
806 2205 1013 2280 Liturg.
1044 2210 1135 2265 lib.
1165 2224 1206 2278 ι,
1238 2227 1359 2283 cap.
1384 2213 1440 2282 7,
1468 2230 1522 2267 n.
1546 2212 1612 2280 4;
1647 2212 1871 2269 Arnold.
1901 2214 1965 2268 de
1992 2210 2041 2265 F
2044 2229 2150 2280 req.
2178 2210 2450 2268 Commun.
2479 2231 2533 2285 p.
2568 2214 2623 2279 i,
2671 2228 2793 2285 cap.
2823 2212 2920 2279 1‘5;
2951 2210 3269 2276 Hermann,
3303 2210 3461 2286 etc.).
3502 2212 3613 2270 Sed
3638 2229 3699 2268 ne
3727 2215 3780 2267 in

473 2299 712 2357 omnibus
751 2302 1061 2372 pendeamus
1102 2306 1284 2373 animi,
1326 2307 1426 2362 tria
1454 2307 1724 2364 nobishoc
1760 2308 1876 2364 loco
1904 2306 2215 2380 inquirenda
2252 2307 2637 2381 proposuimus,
2670 2307 2917 2363 nimirum
2946 2322 3064 2380 qua:
3098 2306 3258 2379 fuerit
3285 2308 3521 2383 ejusdem
3553 2308 3783 2366 auctoris

475 2388 726 2463 dignitas,
756 2408 856 2463 quo
882 2401 1108 2467 tempore
1134 2396 1339 2464 vixerit,
1365 2414 1469 2471 qua
1491 2399 1547 2455 in
1573 2402 1804 2473 regione.

547 2483 721 2542 Primi
744 2503 871 2543 sane
895 2490 1081 2562 capitis
1106 2492 1163 2547 in
1193 2504 1437 2567 promptu
1459 2494 1698 2567 deﬁnitio
1726 2505 1817 2552 est.
1847 2494 2061 2554 Constat
2088 2496 2342 2567 siquidem
2361 2497 2511 2552 illum
2535 2496 2696 2567 fuisse
2723 2496 3028 2564 antistitem,
3048 2497 3137 2565 qui
3156 2497 3444 2570 neaphytos
3462 2506 3511 2553 et
3537 2496 3789 2553 creditum

472 2596 618 2637 cura
646 2597 755 2640 sua
776 2584 1029 2657 populum
1053 2585 1340 2643 erudiebat.
1364 2587 1564 2660 Ubique
1590 2590 1647 2645 in
1676 2599 1914 2662 apertum
1943 2589 2169 2660 erumpit
2195 2606 2257 2645 ea
2281 2589 2526 2661 dignitas.
2557 2586 2627 2642 Et
2653 2596 2710 2643 ut
2730 2587 2839 2643 alia
2867 2586 3101 2642 deessent
3127 2588 3274 2659 queis
3293 2589 3625 2658 probaretur,
3647 2589 3791 2644 locus

473 2675 565 2731 ille
593 2685 698 2733 tam
724 2670 1027 2736 decantatus
1050 2681 1129 2736 vel
1149 2682 1291 2738 solus
1318 2682 1587 2755 sufficeret,
1619 2700 1800 2755 nempe
1830 2684 1918 2739 ubi
1951 2683 2184 2740 dicitur:
2215 2682 2273 2739 In
2311 2682 2568 2741 omnibus
2595 2681 2755 2754 cupio
2782 2680 2936 2753 sequi
2965 2679 3274 2737 Ecclesium
3320 2679 3652 2751 Romanam,
3689 2680 3788 2739 sed

476 2786 601 2840 nos,
627 2782 726 2828 etc.
762 2772 890 2840 Quis
910 2777 1049 2832 enim
1072 2778 1147 2832 ita
1168 2778 1485 2850 loqueretur,
1518 2781 1617 2835 nisi
1645 2781 1957 2853 cpiscopus?

552 2866 705 2935 Quod
724 2878 896 2925 autem
924 2872 1143 2942 pertinet
1168 2872 1235 2926 ad
1260 2872 1544 2928 secundant
1566 2882 1743 2943 caput,
1776 2890 1844 2930 ex
1868 2875 2164 2931 memoratis
2189 2875 2486 2930 auctoribus
2516 2873 2782 2947 probabile
2808 2874 2869 2944 fit
2894 2873 3202 2944 scriptorem
3228 2872 3295 2928 de
3326 2888 3429 2944 quo
3456 2871 3790 2941 inquirimus,

478 2972 599 3022 ante
620 2975 857 3022 octavum
885 2968 1135 3024 saeuiunt
1159 2970 1400 3041 floruisse
1429 2987 1448 3026 :
1475 2981 1529 3026 at
1555 2988 1584 3026 e
1610 2972 1785 3027 codice
1815 2972 2198 3029 San-Gallensi
2220 2974 2525 3048 majusculis
2552 2974 2760 3041 litteris,
2787 2984 2909 3030 ante
2935 2990 3101 3030 annos
3126 2984 3183 3028 ut
3207 2971 3552 3051 Habillonius
3582 2970 3795 3046 (Musca

481 3056 682 3128 Italic.,
712 3079 768 3133 p.
797 3061 853 3133 7)
883 3072 1062 3120 noster
1087 3065 1230 3120 testis
1262 3075 1337 3120 est
1365 3066 1821 3137 locupletissimus,
1855 3069 2055 3124 circiter
2101 3069 2243 3124 mille
2268 3080 2478 3126 exarata
2515 3070 2767 3126 evincitur
2790 3072 2961 3143 ipsum
2985 3072 3203 3142 septimo
3230 3070 3387 3127 etiam
3431 3069 3627 3127 saculo
3653 3071 3796 3125 auti-

478 3157 730 3227 quiorem.
762 3155 1030 3215 Praterea
1060 3174 1178 3216 vero
1208 3162 1306 3215 hoc
1334 3161 1471 3217 idem
1502 3178 1635 3233 opus
1679 3164 1997 3235 argumentis
2042 3162 2271 3233 prapriis
2307 3173 2511 3219 atatem
2557 3165 2884 3220 remotiorem
2911 3163 3011 3219 sibi
3037 3163 3281 3219 vindicat.
3316 3160 3522 3217 Etenim
3562 3178 3680 3217 um
3701 3162 3799 3219 has

479 3252 756 3308 conciones
803 3256 873 3307 ad
916 3254 1199 3326 neophytos
1227 3271 1320 3310 nec
1363 3272 1557 3328 paucos
1597 3272 1740 3321 sane,
1772 3256 1983 3327 quando
2024 3255 2108 3309 hic
2139 3256 2333 3326 prasul
2360 3263 2408 3311 et
2437 3255 2642 3311 Inultos
2670 3265 2718 3310 et
2765 3254 3025 3312 familiam
3074 3252 3419 3310 candidatum
3456 3254 3577 3309 illos
3610 3254 3799 3310 vocitat

481 3342 623 3415 (Lib.
649 3359 702 3413 ν,
732 3361 781 3399 c.
804 3345 887 3417 3),
918 3347 1118 3402 habitas
1144 3358 1372 3415 constet;
1401 3347 1522 3403 inde
1541 3348 1803 3421 intelligas
1828 3348 2048 3403 necdum
2076 3349 2286 3404 omnino
2316 3356 2577 3418 receptam
2610 3349 2774 3419 fuisse
2808 3346 3240 3419 baptizandorum
3267 3347 3556 3418 infantium
3580 3362 3801 3403 consue-

450 3472 460 3482 ·
484 3439 740 3496 tudinem.
768 3439 837 3495 Et
859 3458 921 3497 eo
949 3443 1156 3514 quidem
1183 3454 1386 3516 tempus
1416 3444 1680 3518 designari
1711 3444 1853 3499 haud
1880 3445 2043 3501 multo
2072 3444 2351 3515 Augustini
2375 3451 2524 3500 atate
2547 3444 2810 3516 posterius
2854 3443 3001 3498 nobis
3038 3442 3261 3498 videtur.
3292 3440 3496 3498 Deinde
3535 3442 3676 3515 (Lib.
3718 3458 3799 3509 Vl,

485 3550 604 3607 cap.
628 3536 665 3592 4
683 3545 732 3592 et
762 3535 821 3609 5)
849 3538 976 3594 satis
1000 3539 1170 3595 innuit
1195 3539 1479 3597 Gentilium
1504 3542 1702 3597 cultum
1730 3542 1883 3596 etiam
1923 3550 2042 3596 tunc
2070 3539 2123 3594 in
2163 3540 2369 3596 diacesi
2397 3555 2494 3594 sua
2542 3539 2784 3610 viguisse.
2817 3537 2899 3592 Ad
2926 3540 3036 3593 hac
3062 3537 3200 3593 idem
3224 3527 3801 3609 quoque'conﬁrmatur

486 3633 552 3689 iis
581 3633 887 3701 rationibus,
918 3638 1055 3709 quod
1085 3638 1321 3694 videlicet
1342 3640 1566 3694 haretici
1592 3648 1780 3710 prater
1794 3639 2017 3695 Ariunos
2036 3646 2084 3695 et
2108 3654 2194 3693 eos
2213 3639 2300 3710 qui
2315 3638 2509 3693 Christi
2532 3636 2903 3709 oppugnabant
2924 3637 3265 3704 divinitatem,
3282 3636 3416 3691 nulli
3440 3635 3752 3707 refelluntur
3777 3649 3797 3688 :

488 3726 729 3798 quodque
756 3745 821 3785 ex
868 3731 1101 3786 versione
1124 3748 1227 3803 qua
1252 3748 1378 3788 usus
1410 3732 1667 3805 reperitur
1695 3732 1781 3788 hic
1820 3741 2026 3799 auctor,
2067 3733 2195 3787 satis
2238 3731 2501 3787 indicatur
2534 3727 2770 3801 Vulgata
2794 3727 2852 3783 id
2881 3729 3127 3800 temporis
3156 3728 3385 3783 nondum
3425 3726 3571 3797 apud
3614 3740 3793 3781 omnes

492 3824 794 3881 attributam
820 3823 1204 3881 auctoritatem.

562 3918 643 3979 De
663 3918 814 3975 tertia
841 3920 1048 3976 demum
1076 3922 1361 3992 quastione
1384 3922 1460 3978 sic
1482 3922 1780 3983 statuimus.
1816 3920 1982 3977 Extra
2011 3922 2414 3976 controversiam
2438 3926 2512 3974 est
2537 3918 2724 3973 horum
2751 3916 3004 3972 librorum
3045 3926 3310 3985 parentem
3344 3929 3447 3968 non
3475 3914 3638 3987 fuisse
3666 3912 3795 3967 sub-

490 4014 659 4071 ditum
708 4014 963 4072 Romana
1004 4015 1329 4087 metropoli:
1371 4033 1466 4073 nec
1518 4017 1692 4073 minus
1740 4029 1911 4072 tamen
1940 4026 2138 4072 certum
2191 4015 2355 4085 ipsius
2383 4013 2556 4070 sedem
2581 4012 2644 4067 ab
2676 4009 2817 4068 Urbe
2843 4010 2984 4067 haud
3012 4010 3237 4067 multum
3291 4009 3559 4075 dissitam;
3610 4010 3806 4080 quippe

487 4112 643 4185 cujus
686 4111 1004 4166 ceremonias
1028 4120 1078 4167 et
1106 4120 1398 4184 perspectas
1425 4111 1645 4168 habebat
1672 4122 1720 4167 et
1748 4113 2055 4183 sequebatur
2088 4112 2142 4165 in
2171 4110 2427 4181 pluribus.
2473 4107 2606 4166 Cum
2650 4124 2767 4164 vero
2811 4110 2966 4164 etiam
3011 4106 3203 4161 eisdem
3243 4106 3545 4161 ceremoniis
3586 4121 3809 4176 quarum

488 4202 680 4259 mentio
709 4202 768 4272 fit
788 4203 845 4257 in
870 4202 968 4258 hoc
989 4219 1164 4273 opere,
1197 4219 1316 4258 cum
1348 4205 1527 4260 veteris
1557 4202 1811 4260 Ecclesia
1838 4203 2125 4260 Gallicana
2164 4205 2300 4261 sicut
2329 4213 2376 4260 et
2421 4220 2541 4257 cum
2567 4200 2975 4257 Mediolanensis
3000 4200 3183 4256 ritibus
3211 4200 3492 4270 plurimum
3524 4200 3811 4258 intercedat

489 4293 786 4364 affinitatis;
816 4294 938 4350 hinc
965 4293 1269 4350 deducimus
1290 4295 1522 4351 vicinam
1551 4297 1755 4369 utrique
1786 4297 2019 4353 eamdem
2056 4296 2316 4353 diacesim
2366 4296 2643 4352 exstitisse.
2692 4292 2910 4349 Minime
2948 4302 3123 4349 tamen
3162 4292 3569 4366 refragabimur,
3608 4294 3655 4348 si
3692 4294 3814 4364 quis

491 4403 609 4442 cum
632 4387 932 4443 doctissimo
955 4388 1066 4443 viro
1098 4386 1379 4460 (Herman.
1401 4390 1519 4446 vita
1548 4390 1727 4448 Ambr.
1752 4389 1964 4446 Elucid.
1993 4408 2048 4461 p.
2083 4390 2176 4461 50)
2208 4391 2412 4451 eosdem
2443 4405 2698 4446 sermones
2724 4398 2816 4445 aut
2849 4387 3074 4445 Venerio
3093 4397 3182 4443 aut
3200 4388 3295 4443 alii
3323 4388 3556 4461 cuipiam
3584 4388 3815 4442 Ambro-

491 4479 557 4535 sii
585 4478 866 4551 discipulo,
896 4481 985 4551 qui
1016 4496 1119 4536 non
1145 4480 1312 4536 multo
1338 4492 1452 4555 post
1478 4483 1651 4556 ipsum
1678 4484 1946 4556 prafuerit
1973 4483 2221 4540 Ecclesia
2245 4482 2646 4550 Mediolanensi,
2691 4480 2909 4537 tributos
2946 4481 3114 4537 ntulit.
3148 4478 3219 4535 Id
3246 4497 3410 4536 unum
3440 4481 3540 4536 hoc
3571 4482 3675 4537 locs
3701 4482 3808 4536 ad-

484 4574 700 4648 jicimus
724 4589 789 4629 ex
814 4575 879 4629 iis
907 4591 1021 4646 qua
1040 4576 1106 4631 de
1130 4592 1281 4632 sacra
1302 4578 1681 4645 communione,
1700 4593 1817 4632 cum
1839 4577 1983 4648 apud
2008 4577 2286 4633 orientales
2315 4576 2557 4647 populos,
2586 4584 2693 4630 tum
2708 4575 2853 4649 apud
2866 4591 2991 4631 suos
3009 4574 3167 4630 semel
3189 4584 3390 4630 tantum
3413 4576 3632 4646 singulis
3654 4577 3812 4632 annis

495 4666 608 4739 fieri
632 4664 790 4722 solita
814 4678 1065 4723 memorat
1089 4679 1274 4724 auctor
1303 4667 1442 4740 (Lib.
1474 4686 1530 4737 v,
1557 4686 1606 4726 c.
1640 4671 1717 4741 4),
1743 4670 2021 4744 prudenter
2045 4670 2237 4741 conjici
2263 4670 2404 4725 haud
2426 4669 2579 4724 dubie
2601 4677 2718 4741 post
2735 4667 3093 4740 Chrysostomi
3120 4678 3352 4743 tempora
3382 4668 3554 4741 ipsum
3577 4669 3769 4727 uixisse
3794 4688 3814 4735 ,-

388 4752 391 4755 ’
494 4759 586 4814 sed
613 4768 890 4831 antequam
920 4761 975 4815 in
1004 4761 1316 4817 occidentem
1344 4761 1612 4819 Romnus
1643 4762 1772 4819 ordo
1796 4771 1845 4819 et
1863 4764 2167 4820 ceremonia:
2188 4764 2555 4834 reciperentur.

569 4853 823 4911 Caterum
844 4854 1117 4927 quominus
1146 4859 1428 4913 secundum
1461 4874 1547 4914 eos
1580 4876 1613 4914 a
1639 4859 1823 4930 quibus
1851 4860 2124 4914 Ambrosio
2155 4858 2252 4916 hoc
2291 4873 2420 4929 Opus
2448 4856 2807 4930 adjudicatur,
2838 4857 3048 4912 omnino
3090 4860 3325 4929 feramus
3368 4856 3703 4930 suffragium,
3749 4875 3817 4913 ea

496 4950 757 5022 pracipue
780 4951 1086 5024 scrupulum
1113 4961 1334 5008 movent.
1387 4951 1570 5008 Primo
1594 4952 1865 5009 diversitas
1889 4953 2231 5018 elocutionis;
2268 4967 2389 5006 nam
2420 4950 2514 5005 etsi
2546 4950 2740 5021 stylum
2778 4950 2972 5005 variari
3004 4950 3068 5004 ab
3090 4951 3412 5019 auctoribus,
3445 4963 3493 5007 et
3529 4968 3625 5023 pro
3653 4967 3711 5006 re
3748 4967 3817 5007 ac

496 5055 725 5121 tempore
744 5049 903 5105 modo
922 5049 1117 5115 attolli,
1143 5050 1295 5105 modo
1323 5050 1549 5121 deprimi
1575 5067 1678 5107 non
1703 5052 2036 5123 ignoremus;
2064 5065 2269 5122 semper
2296 5060 2467 5105 tamen
2488 5047 2762 5121 scriptoris
2783 5058 3006 5119 apparet
3037 5049 3307 5120 ingenium
3328 5060 3380 5105 et
3405 5052 3557 5122 quasi
3576 5049 3821 5106 intermi-

497 5153 581 5199 cat
611 5161 631 5199 :
658 5144 851 5217 quique
879 5143 1044 5200 nobili
1073 5155 1121 5201 et
1149 5146 1373 5218 eleganti
1408 5144 1631 5201 dictione
1676 5147 1753 5200 uti
1775 5146 2057 5210 consuevit,
2087 5143 2157 5198 ad
2182 5143 2430 5199 humilem
2458 5157 2739 5212 numquam
2765 5140 2988 5196 demittit
3012 5156 3123 5195 sese
3165 5157 3184 5196 :
3224 5152 3279 5196 at
3307 5158 3428 5198 vero
3465 5144 3674 5216 frigidis
3707 5145 3820 5199 illis

498 5248 547 5294 et
574 5238 860 5311 puerilibus
889 5239 1243 5311 interrogatis,
1275 5255 1392 5310 qua
1412 5238 1534 5293 huic
1558 5239 1830 5309 scriptioni
1857 5237 2071 5295 subinde
2096 5238 2485 5308 insperguntur,
2509 5243 2659 5289 caute
2688 5233 2928 5301 abstinet,
2958 5242 3017 5287 ut
3043 5233 3097 5288 in
3119 5233 3253 5288 libro
3278 5232 3822 5308 deﬂysteriis,ejus-

501 5333 617 5388 dem
643 5333 761 5389 licet
782 5334 1097 5405 argumenti,
1129 5334 1249 5406 fecit
1278 5331 1846 5401 Ambrosius._Accedit
1872 5341 1920 5386 et
1944 5331 2100 5399 illud,
2135 5329 2275 5400 quod
2317 5328 2647 5384 Ambrosium
2676 5343 2783 5382 non
2817 5336 2922 5381 tam
2955 5325 3213 5381 serviliter
3240 5325 3400 5381 libros
3430 5344 3553 5383 suos
3581 5328 3824 5383 imitatu-

498 5444 615 5484 rum
646 5430 806 5501 fnisse
830 5431 1219 5496 existimamus;
1260 5429 1362 5484 ista
1390 5428 1528 5483 enim
1552 5430 1908 5483 commentatio
1940 5437 2049 5483 tota
2075 5428 2183 5498 fere
2205 5444 2268 5483 ex
2311 5426 2567 5499 superiori
2608 5426 2678 5481 de
2706 5423 3003 5499 Mysteriis,
3046 5423 3236 5496 partim
3266 5424 3423 5480 etiam
3468 5440 3533 5479 ex
3570 5424 3703 5478 libro
3746 5423 3823 5481 de

502 5517 849 5575 Institutione
880 5518 1122 5594 Virginis
1149 5536 1393 5590 expressa
1424 5518 1522 5591 fuit
1548 5517 1702 5592 (Cap.
1732 5520 1783 5583 I,
1806 5537 1861 5574 n.
1892 5519 1947 5588 7,
1964 5529 2014 5574 et
2038 5536 2156 5590 cap.
2179 5518 2237 5587 ‘2,
2268 5535 2412 5573 num.
2445 5517 2523 5591 8).
2555 5516 2810 5573 Addimus
2834 5533 3032 5589 quoque
3070 5516 3454 5591 communionis
3496 5528 3603 5571 tam
3645 5518 3825 5591 infre-

504 5612 707 5681 quentis
734 5611 1151 5670 Mediolanenses
1177 5630 1209 5668 a
1232 5611 1295 5669 S.
1321 5610 1560 5666 Prasule
1582 5610 1639 5665 in
1669 5610 1823 5666 certis
1847 5611 1958 5667 suis
1977 5610 2123 5665 libris
2144 5626 2399 5683 nusquam
2421 5610 2676 5665 incusari.
2701 5608 2940 5682 Denique
2964 5610 3103 5682 quod
3131 5620 3315 5665 auctor
3354 5610 3514 5666 tantis
3549 5611 3738 5666 animis
3764 5612 3823 5667 iss

511 5700 800 5762 Ecclesium
826 5705 1115 5764 Romanam
1145 5719 1356 5781 propter
1377 5707 1621 5763 lationem
1643 5706 1831 5778 pedum
1853 5707 2095 5777 insurgit,
2119 5707 2264 5762 nobis
2303 5704 2631 5760 Ambrosiani
2665 5719 2775 5760 esse
2801 5705 3027 5760 instituti
3066 5705 3275 5760 minime
3302 5706 3527 5761 videtur.
3563 5703 3824 5762 Nouimus

509 5796 702 5881 quippe
731 5799 883 5877 illum
906 5814 1030 5874 suos
1050 5800 1325 5879 unicuique
1345 5796 1703 5875 Ecclesian
1730 5814 1856 5881 usus
1882 5814 1944 5873 ac
1964 5799 2095 5854 ritus
2124 5798 2254 5855 adeo
2280 5796 2466 5854 liberos
2487 5812 2595 5853 esse
2618 5796 2861 5866 voluisse,
2890 5806 2951 5852 ut
2968 5797 3038 5854 ad
3056 5812 3435 5871 quamcumque
3466 5790 3603 5873 forte

518 5878 699 5965 ὸὶὶἔὼιρ
731 5898 778 5955 ei
804 5887 882 5969 te,
906 5882 1337 5969 quemadmodum
1366 5885 1687 5967 Augustinus
1718 5878 1875 5952 tradit
1900 5884 2095 5969 (Epist.
2121 5888 2213 5966 ὄλ,
2247 5893 2379 5950 alias
2411 5890 2560 5966 ΗΒ),
2593 5893 3021 5951 accommodaret.
