4042 6294
227 327 326 385 ιη
1361 316 1448 378 DE
1488 314 1982 380 SACRAMENTIS
2019 315 2224 380 LIBER
2267 321 2306 379 l.
3399 327 3528 394 ΜΙὸ

315 440 675 495 Verumtamen
717 457 748 510 q
766 437 971 493 uouiam
1001 438 1096 493 hac
1116 438 1168 493 in
1195 452 1250 493 re
1277 437 1578 508 derogatum
1599 439 1834 493 nolumus
1858 438 2088 511 apinioui
2117 443 2446 513 cujusqttmtt,
2475 453 2564 493 nec
2588 437 2742 494 etiant
2767 453 2944 496 sumus
2970 439 3129 495 nescii
3153 443 3402 510 plurimos
3423 447 3534 516 fors

231 535 318 600 qui
338 532 674 602 scriptionem
713 551 810 602 pro
839 531 1175 588 Ambrosiana
1199 530 1402 585 Iamdiu
1429 530 1687 584 communi
1715 547 1842 600 pene
1863 546 2112 584 consensu
2139 529 2366 584 habitam
2388 529 2540 584 solito
2569 546 2663 584 suo
2691 533 2802 585 loco
2831 531 3022 600 privari
3059 533 3269 587 moleste
3299 537 3492 604 ferrent
3516 551 3535 600 ,°

232 641 289 680 eo
321 625 634 695 propensius
653 625 804 680 illam
826 625 879 679 in
903 624 1082 679 ordine
1101 639 1196 679 suo
1218 633 1266 678 et
1302 623 1884 696 possessione'duximus
1913 627 2337 692 conservandam,
2376 623 2513 696 quod
2543 640 2658 677 cum
2681 640 2744 679 ea:
2771 623 3030 679 Ambrosii
3058 626 3324 681 sententiis
3353 635 3404 681 et
3426 627 3535 698 ple-

234 731 452 787 rumque
479 721 640 771 etiam
665 716 830 772 verbis
857 717 1066 770 condita
1090 715 1269 786 fuerit,
1301 716 1398 771 bac
1422 715 1602 770 saltem
1624 715 1826 770 ratione
1850 732 1968 788 qua:
1995 717 2348 773 Ambrosianis
2375 727 2724 784 accenseatur,
2756 719 2972 791 indigna
3001 735 3102 775 non
3129 729 3224 776 est.

298 807 416 864 Hoc
437 825 596 879 porro
619 808 775 880 liquet
799 824 894 863 sea:
915 809 1042 863 istos
1072 806 1229 862 libros
1252 806 1461 862 totidem
1491 807 1769 862 conciones
1794 823 1924 874 esse,
1955 825 2170 875 quarum
2211 825 2369 864 unam
2402 810 2620 882 singulis
2643 810 2822 865 diebus
2851 809 3069 866 habebat
3095 812 3308 868 Auctor.
3331 812 3537 885 Quippe

229 899 366 957 idem
395 916 450 956 se
469 900 551 956 uel
579 900 750 972 pridie
774 900 925 955 verba
952 899 1171 971 fecisse,’
1195 900 1273 954 vel
1319 899 1569 970 postridie
1597 901 1880 971 facturum,
1911 900 2128 956 subinde
2149 902 2245 982 ait.
2281 902 2443 959 Orsus
2472 913 2644 960 autem
2685 905 2816 976 feria
2853 915 2967 978 post
3001 905 3332 963 Dominicam
3355 925 3533 964 resur-

225 1000 505 1055 rectionem
531 999 702 1066 tertia,
723 1015 784 1054 eo
812 997 969 1053 modo
999 998 1070 1053 ad
1098 1015 1264 1069 usque
1293 1010 1526 1053 octavam
1564 998 1796 1070 ejusdem
1833 998 1954 1070 [esti
1983 1011 2286 1069 prosecutus
2315 1011 2411 1056 est.
2448 1000 2880 1067 Quandoquidem
2909 1001 3004 1058 sub
3033 1002 3191 1072 ﬁnem
3215 1003 3464 1059 sermonis
3499 1002 3535 1058 4

224 1099 368 1163 (cap.
387 1090 447 1163 6)
466 1107 557 1146 eos
585 1091 674 1162 qui
693 1101 1021 1161 supererant,
1050 1090 1286 1146 crastina
1308 1090 1397 1146 die
1425 1090 1674 1156 sabbato,
1701 1099 1760 1148 et
1785 1090 2060 1150 Dominica
2090 1094 2167 1166 (in
2195 1094 2326 1150 albis
2345 1095 2604 1166 uidelicet)
2630 1096 2920 1152 habiturum
2944 1113 2999 1152 se
3016 1096 3313 1167 pollicetur.
3347 1096 3536 1154 Verum

221 1186 269 1240 si
295 1186 414 1257 quis
447 1185 698 1241 maluerit
735 1184 996 1240 Gallensis
1028 1184 1367 1255 manuscripti
1412 1184 1768 1240 auctoritatem
1808 1184 1972 1253 sequi,
2009 1184 2197 1241 librum
2239 1188 2475 1242 ultimum
2514 1188 2568 1242 in
2609 1189 2741 1243 duos
2769 1189 3064 1258 dividentis,
3093 1191 3211 1262 jam
3249 1207 3537 1248 sermonem

221 1281 449 1348 primum
474 1278 713 1334 secunda
738 1297 771 1334 a
809 1277 1059 1350 pascltate
1093 1278 1232 1348 {cria
1260 1279 1652 1351 pronuntiatum
1681 1278 1818 1333 dicat
1847 1295 2108 1336 necessum
2136 1281 2251 1334 erit.
2294 1279 2424 1336 Cum
2449 1293 2621 1338 autem
2647 1283 2743 1339 illa
2773 1284 3066 1341 distributio
3095 1286 3328 1342 uideatur
3353 1302 3538 1358 parum

223 1371 523 1440 commoda,
547 1373 738 1446 quippe
766 1388 868 1441 qua
899 1388 962 1428 ea:
987 1371 1106 1426 libri
1131 1389 1180 1426 τι
1207 1373 1384 1443 paucis
1407 1371 1637 1426 uersibus
1659 1371 1745 1444 (ab
1771 1370 1876 1425 illis
1913 1371 2156 1427 nimirum
2183 1373 2371 1439 uerbis,
2410 1373 2591 1442 Aliud,
2625 1375 2963 1434 Psalmorum
3004 1377 3194 1445 David,
3221 1378 3350 1452 etc.)
3378 1395 3538 1436 novus

221 1467 352 1524 liber
376 1469 772 1535 constituatur;
802 1471 916 1542 ejus
941 1469 1247 1540 scriptorem
1271 1483 1374 1522 non
1398 1466 1503 1520 alia
1529 1483 1584 1522 re
1607 1467 1820 1522 ductum
1847 1479 2111 1539 putamus,
2141 1485 2297 1539 quam
2320 1471 2460 1538 quod
2480 1471 2602 1527 illas
2623 1486 2790 1538 voces,
2815 1474 3051 1530 crastina
3079 1473 3168 1530 die
3201 1474 3448 1542 sabbato,
3476 1475 3540 1530 de

216 1558 419 1614 duobus
459 1557 778 1613 intellexerit
816 1558 1028 1624 diebus;
1055 1558 1145 1628 qui
1169 1567 1338 1612 tanien
1363 1573 1450 1612 eas
1472 1574 1562 1629 per
1589 1557 1968 1628 appositionem
1997 1569 2084 1612 aut
2114 1561 2286 1630 potius
2315 1561 2520 1632 ellipsin
2545 1565 2939 1634 grammaticam
2969 1566 3034 1622 de
3064 1567 3218 1622 unica
3240 1569 3427 1624 rectius
3452 1584 3540 1622 ac-

218 1654 458 1723 cepisset.
506 1652 647 1708 Hinc
674 1653 829 1708 etiam
860 1653 972 1722 fieri
1001 1652 1197 1724 potuit,
1229 1663 1284 1706 ut
1315 1668 1480 1707 sermo
1503 1653 1715 1723 quidam
1737 1654 1791 1708 in
1825 1655 2112 1726 appendice
2133 1656 2630 1727 Augustinianorum
2657 1661 2783 1718 edit.
2812 1678 2956 1718 nova:
2980 1681 3196 1720 numero
3233 1665 3364 1734 247,
3391 1682 3540 1739 quem

220 1746 392 1803 (variis
424 1746 772 1803 Carnuteusis
800 1747 1008 1802 nomine
1031 1746 1168 1818 typis
1199 1747 1414 1810 editum,
1439 1747 1595 1800 etiam
1621 1746 1784 1815 ipsius
1805 1762 1918 1802 esse
1945 1763 2074 1801 unus
2101 1763 2129 1802 e
2151 1746 2490 1804 Bibliotheca:
2515 1759 2706 1806 nostra:
2733 1753 2998 1810 codicibus
3030 1764 3273 1811 testatum
3293 1756 3456 1826 facit;
3484 1757 3541 1812 in

215 1841 458 1897 Aluetino
503 1850 677 1896 tamen
709 1839 964 1902 (Monast.
998 1839 1290 1894 Alnetensis
1319 1839 1453 1894 0rd.
1487 1837 1744 1910 Cistert.),
1783 1840 1878 1894 sub
1911 1839 2065 1894 titulo
2092 1840 2212 1895 libri
2239 1857 2312 1896 vn
2342 1840 2411 1898 de
2441 1842 2828 1911 Sacramentis,
2856 1857 2971 1918 post
2999 1848 3153 1901 hosce
3183 1856 3388 1902 nostros
3426 1847 3538 1902 col-

216 1931 504 1989 locaretur.
545 1935 792 2003 Quamois
817 1952 850 1989 a
871 1951 988 1990 vero
1009 1951 1210 2006 quoque
1244 1952 1348 1989 non
1377 1935 1596 1989 nimium
1623 1933 1840 1989 abludat
1861 1949 1949 1989 eos
1970 1950 2002 1989 a
2023 1936 2209 2006 quibus
2236 1936 2394 1991 iidem
2429 1953 2689 1994 sermones
2728 1949 2850 1996 sunt
2880 1942 3101 2007 exarati,
3133 1941 3226 1996 illo
3248 1951 3537 2012 spectasse,

215 2039 271 2084 ut
297 2047 388 2102 per
415 2039 662 2086 octavam
690 2047 840 2086 suum
867 2032 1070 2087 cuilibet
1097 2032 1204 2086 diei
1232 2032 1595 2098 attribuerent,
1625 2029 1905 2086 Dominica
1943 2028 2375 2098 Resurrectionis,
2410 2031 2549 2102 quod
2592 2043 2804 2105 propter
2828 2034 3201 2092 solemnitatem
3242 2035 3542 2109 impeditior

215 2136 370 2194 esset,
403 2134 617 2182 tantum
647 2127 858 2182 omissa.
898 2126 1008 2183 Sed
1037 2143 1129 2182 nec
1151 2126 1363 2182 aliunde
1385 2136 1555 2180 ortum
1577 2125 1803 2192 videtur,
1832 2133 1889 2179 ut
1916 2125 1969 2179 in
1992 2141 2117 2180 mss.
2149 2125 2344 2195 aliquot
2366 2125 2493 2180 liber
2507 2125 2576 2183 de
2599 2126 2868 2200 Mysteriis
2897 2129 3212 2185 inscribatur
3231 2130 3436 2202 primus
3471 2129 3542 2188 de

216 2219 594 2282 Sacramentis
625 2242 636 2276 :
666 2224 754 2293 qui
783 2238 903 2278 vero
931 2223 1130 2295 primus
1159 2231 1234 2276 est
1264 2220 1333 2277 de
1357 2217 1726 2278 Sacramentis
1751 2217 1804 2272 in
1829 2219 2117 2274 secundum
2145 2219 2378 2276 ordinem
2405 2219 2709 2294 dejiciatur,
2736 2231 2788 2275 et
2813 2222 2887 2277 sic
2921 2221 3184 2294 deinceps.

760 2393 988 2406 ———-,-'-

221 2397 586 2455 ’⁵ῇὲ

586 2431 3357 2729 magum

1416 2817 1995 2906 MEDIOLANENSIS
2053 2819 2380 2905 EPISCOPI

802 3189 806 3192 _
941 2988 1212 3134 DE
1310 2941 2723 3136 SACRAMENTIS

1591 3233 1888 3309 LIBRI
1942 3236 2180 3314 SEX.

1450 3495 1796 3579 LIBER
1868 3493 2351 3578 PRIMUS.

658 3734 821 3812 349
859 3733 1087 3794 CAPUT
1119 3729 1407 3791 PRIMUM.
1466 3735 1484 3770 ι

223 3858 321 3920 Ubi
346 3858 607 3932 prcemisit
631 3866 868 3911 acturum
897 3871 952 3910 se
971 3855 1033 3909 de
1052 3853 1417 3915 sacramentis,
1434 3865 1548 3922 quw
1571 3847 1716 3920 prius
1734 3862 1828 3904 ex-

287 3956 487 4029 plicata
522 3969 632 4007 non
664 3949 911 4023 aportttit,
944 3946 1140 4002 accedit
1169 3941 1238 4000 ad
1278 3943 1574 4014 mysterium
1603 3940 1831 4011 apertio-

289 4049 390 4117 nis,
408 4064 570 4121 quam
597 4064 632 4101 (ι
658 4045 864 4101 Christo
885 4043 938 4097 in
971 4041 1117 4097 surdi
1137 4057 1197 4096 ac
1217 4039 1348 4094 muti
1369 4038 1633 4094 curatione
1655 4037 1832 4109 signa—

288 4154 395 4200 tam
424 4145 609 4200 docet.

289 4305 344 4360 l.
369 4304 450 4361 De
482 4301 856 4360 sacramentis
884 4315 1002 4373 qua:
1023 4298 1332 4370 accepistis,
1367 4311 1680 4356 sermonem
1706 4295 1835 4352 ado-

220 4397 352 4464 rior,
384 4407 411 4436 ⁸
443 4397 620 4468 cuius
649 4393 915 4450 rationem
957 4409 1064 4450 non
1105 4392 1346 4463 oportuit
1375 4399 1502 4447 ante
1536 4389 1789 4463 prmmitti
1817 4405 1832 4454 ;

217 4493 273 4549 in
321 4491 646 4550 christiano
693 4487 840 4545 enim
885 4486 1007 4543 viro
1053 4487 1228 4558 prima
1272 4493 1358 4540 est
1406 4483 1560 4540 ﬁdes.
1607 4481 1736 4539 ldeo
1784 4490 1838 4538 et

221 4584 410 4642 Roma:
441 4583 645 4641 ﬁdeles
672 4581 932 4638 dicuntur
960 4579 1052 4652 qui
1083 4579 1340 4650 baptizati
1381 4586 1508 4634 sunt
1537 4595 1550 4630 :
1583 4586 1640 4634 et
1685 4585 1838 4648 pater

222 4687 413 4735 noster
437 4675 726 4734 Abraham
754 4689 825 4732 ex
845 4673 952 4730 ﬁde
977 4673 1311 4744 iustiﬁcatus
1331 4679 1436 4738 est,
1468 4686 1576 4727 non
1603 4686 1672 4727 ex
1701 4685 1838 4741 ope-

223 4769 375 4826 ribus
405 4768 599 4837 (Rom.
635 4782 708 4834 ιν,
737 4766 819 4838 3).
849 4766 991 4837 Ergo
1015 4763 1304 4834 accepistis
1330 4763 1686 4834 baptismum,
1713 4777 1837 4820 cre-

222 4861 464 4919 didistis.
498 4858 669 4917 Nefas
715 4869 800 4915 est
834 4859 981 4916 enim
1013 4872 1101 4914 me
1130 4856 1276 4912 aliud
1324 4857 1629 4923 aestimare;
1662 4871 1839 4928 neque

223 4957 370 5013 enim
402 4966 645 5013 vocatus
673 4968 829 5011 esses
853 4953 921 5010 ad
943 4950 1197 5026 gratiam,
1224 4951 1329 5008 nisi
1357 4951 1579 5024 dignum
1606 4960 1660 5008 te
1685 4951 1842 5008 Chri-

224 5058 342 5108 stus
365 5064 469 5106 sua
497 5045 1011 5121 gratiajudieasset.

1867 3734 1919 3795 Α
1947 3743 2109 3787 aures
2137 3731 2312 3804 tetigit
2342 3731 2601 3791 sacerdos
2649 3743 2704 3792 et
2755 3751 2939 3795 nares.
2969 3739 3123 3810 Quod
3175 3742 3445 3816 signiﬁcat
3489 3744 3546 3805 in

1938 3822 2237 3896 Evangelio
2285 3827 2544 3883 Dominus
2594 3839 2784 3888 noster
2809 3832 2971 3889 Jesus
3001 3835 3271 3904 Christus,
3319 3855 3445 3896 cum
3492 3843 3546 3898 ei

1938 3917 2152 3973 oblatus
2180 3929 2327 3974 esset
2372 3921 2572 3977 surdus
2600 3933 2656 3978 ct
2703 3934 2906 3993 mutus,
2941 3937 2996 3983 et
3028 3929 3206 4002 tetigit
3234 3945 3396 3988 aures
3427 3932 3548 4004 eius

1938 4020 1995 4067 et
2019 4026 2083 4067 os
2109 4011 2226 4083 ejus
2252 4032 2265 4069 :
2289 4028 2471 4081 aures,
2500 4017 2628 4088 quia
2659 4018 2856 4075 surdus
2886 4031 3030 4088 erat;
3059 4036 3145 4090 os,
3178 4023 3301 4092 quia
3333 4032 3544 4090 mutus,

1940 4117 1997 4165 et
2023 4110 2133 4165 ait:
2169 4109 2447 4182 Ep/tpheta
2473 4112 2673 4181 (Marc.
2705 4115 2937 4188 vu,34).
2968 4116 3298 4174 Hebraicum
3323 4117 3548 4175 verbum

1939 4211 2045 4271 est,
2080 4205 2222 4275 quod
2254 4204 2446 4262 Latine
2476 4205 2674 4264 dicitur
2694 4209 3005 4279 adaperire.
3025 4209 3153 4267 ldeo
3183 4225 3313 4280 ergo
3334 4209 3431 4266 tibi
3460 4224 3549 4266 sa-

1941 4296 2140 4354 cerdos
2181 4313 2341 4354 aures
2391 4299 2586 4369 tetigit,
2617 4309 2679 4356 ut
2718 4301 3065 4371 aperirentur
3112 4317 3276 4359 aures
3324 4309 3430 4358 tua:
3478 4300 3549 4358 ad

1940 4405 2276 4461 sermonem,
2310 4401 2364 4450 et
2387 4393 2454 4448 ad
2483 4393 2785 4466 alloquium
2814 4395 3140 4452 sacerdotis.

2011 4488 2064 4543 3.
2097 4485 2204 4543 Sed
2242 4487 2379 4544 dicis
2409 4487 2542 4544 mihi
2573 4507 2586 4544 :
2621 4489 2803 4557 Quare
2835 4489 3032 4547 nares?
3063 4489 3140 4548 lbi
3181 4490 3309 4564 quia
3349 4499 3536 4550 mutus

1942 4592 2081 4651 erat,
2106 4597 2172 4639 os
2201 4582 2409 4654 tetigit;
2433 4591 2492 4638 ut
2518 4582 2645 4654 quia
2662 4582 2810 4655 loqui
2832 4598 2940 4640 non
2967 4591 3184 4656 poterat
3201 4595 3551 4642 sacramenta

1942 4677 2207 4741 cmlestia,
2229 4690 2421 4732 vocem
2449 4676 2723 4746 acciperet
2751 4690 2782 4730 a
2804 4675 3046 4734 Christo.
3074 4677 3144 4733 Et
3166 4677 3264 4745 ibi,
3286 4678 3412 4751 quia
3433 4678 3549 4745 vir;

1944 4770 2056 4837 hic,
2085 4770 2208 4842 quia
2240 4769 2500 4826 mulieres
2527 4768 2899 4840 baptizantur,
2927 4778 2984 4827 et
3014 4784 3124 4828 non
3160 4770 3354 4830 eadem
3403 4770 3556 4843 puri-

1945 4871 2026 4919 tas
2053 4863 2222 4930 servi,
2254 4871 2457 4935 quanta
2495 4869 2550 4918 et
2584 4861 2806 4918 Domini
2829 4863 2976 4928 (cum
3003 4863 3151 4919 enim
3199 4862 3294 4920 ille
3330 4874 3556 4935 peccata

1943 4956 2232 5025 concedat,
2280 4956 2407 5013 huic
2451 4965 2676 5028 peccata
2724 4956 3022 5027 donentur,
3049 4973 3173 5030 qua:
3205 4965 3389 5030 potest
3429 4971 3556 5014 esse

1943 5049 2371 5123 comparatio?),
2402 5049 2527 5106 ideo
2552 5059 2778 5124 propter
2806 5052 3036 5124 gratiam
3069 5052 3255 5125 operis
3285 5060 3340 5107 et
3367 5065 3560 5107 mune-

292 5144 350 5200 2.
386 5144 539 5216 Ergo
561 5140 692 5215 quid
717 5142 928 5213 egimus
954 5140 1217 5199 sabbato?
1238 5140 1442 5213 Nempe
1468 5139 1843 5213 apertionem:
1872 5142 1924 5205 Β
1952 5144 2044 5202 ris
2068 5141 2170 5216 (De
2189 5141 2426 5210 Cousec.,
2455 5143 2579 5200 dist.
2612 5143 2669 5214 4,
2720 5162 2768 5201 c.
2802 5147 3028 5218 Propter
3069 5143 3318 5221 gloriam)
3355 5159 3466 5201 non
3493 5159 3560 5202 os

228 5261 350 5318 quae
381 5242 656 5319 mysteria
677 5235 957 5300 celebrata
987 5251 1117 5299 sunt
1146 5240 1471 5314 apertionis,
1499 5239 1718 5312 quando
1743 5238 1840 5296 tibi

305 5394 331 5423 α
361 5383 502 5441 Mss.
534 5383 744 5452 aliquot
771 5381 1366 5452 recentiores,quorum
1381 5377 1844 5452 rationem;Rom.

231 5456 391 5525 edit.,
425 5450 692 5525 cuiusrei
716 5454 1002 5520 rationem;
1029 5450 1226 5521 reliqui
1259 5467 1390 5506 mss.
1421 5467 1484 5507 ac
1513 5450 1671 5525 edit.,
1698 5451 1847 5520 cujus

233 5523 520 5584 rationem.
563 5524 679 5582 Non
719 5527 892 5588 male;
938 5525 1080 5579 ratio
1119 5525 1264 5579 enim
1302 5539 1446 5592 saepe
1489 5523 1720 5578 sumitur
1751 5536 1847 5591 pro

233 5600 352 5673 ipsa
381 5615 467 5666 re,
513 5607 677 5665 atque
704 5596 843 5652 adeo
874 5596 1015 5673 idem
1054 5605 1139 5652 cst
1178 5597 1332 5673 sesi
1375 5596 1669 5666 legeretur,
1696 5610 1848 5664 quem

232 5667 533 5730 sermonem
560 5685 662 5724 non
682 5669 929 5740 oportuit,
955 5668 1075 5723 sive
1104 5676 1163 5722 ut
1182 5667 1401 5740 quidam
1432 5683 1590 5740 mss.)
1615 5683 1719 5722 non
1746 5683 1846 5736 pu-

236 5745 366 5810 taui,
383 5752 498 5798 etc.
523 5739 942 5811 Consequenter
966 5748 1148 5795 autem
1175 5739 1366 5795 ultima
1389 5739 1524 5795 edit.
1554 5739 1728 5794 Paris.
1749 5744 1849 5811 re-

231 5823 502 5890 posuerat
542 5831 560 5868 :
610 5811 674 5890 In
715 5810 1007 5890 christiano
1046 5813 1183 5890 enim
1226 5813 1308 5867 uia
1337 5813 1534 5880 optima
1574 5822 1648 5866 est
1681 5810 1844 5890 ﬁdes,

234 5881 341 5961 pro
387 5899 462 5944 eo
515 5884 661 5956 quod
716 5884 948 5941 habetur
994 5883 1047 5940 in
1097 5882 1216 5939 aliis
1265 5898 1329 5940 ac
1368 5898 1503 5941 mss.
1555 5881 1847 5939 omnibus:

1951 5239 2123 5311 tangit
2147 5237 2461 5310 episcopus,
2492 5238 2588 5296 sed
2619 5253 2816 5308 nares;
2845 5238 2876 5280 ι)
2902 5249 2963 5297 ut
2985 5242 3192 5298 bonum
3219 5238 3446 5298 odorem
3468 5251 3561 5294 ac-

1954 5374 1982 5447 1
1992 5393 2024 5430 η
2056 5374 2339 5447 christiano
2361 5373 2497 5447 enim
2516 5373 2628 5429 uiro
2657 5373 2931 5447 primaest
2949 5374 3080 5447 ﬁdes
3097 5371 3343 5447 ;__quib_us
3371 5370 3559 5447 verbis

1955 5446 2196 5502 habitum
2264 5445 2392 5504 ﬁdei
2451 5442 2881 5516 supernaturalis
2946 5442 3441 5516 infundi'primum
3494 5443 3561 5516 in

1954 5517 2227 5588 baptismo
2263 5518 2415 5575 clare
2446 5513 2739 5574 indicatur.
2781 5516 3026 5586 Denique
3059 5515 3127 5588 de
3163 5529 3230 5571 eo
3258 5513 3402 5588 quod
3425 5515 3560 5571 sub-

1949 5585 2156 5660 jicitur,
2199 5588 2331 5646 Ideo
2371 5599 2419 5646 et
2457 5588 2641 5644 Romae
2677 5587 2881 5660 ﬁdeles,
2927 5585 3062 5654 étc.,
3107 5587 3221 5658 jam
3257 5585 3464 5642 dictum
3505 5587 3560 5645 in

1956 5657 2287 5718 Prtel'atione
2313 5671 2419 5728 est,
2447 5676 2610 5732 quam
2636 5657 2882 5716 censule.

2027 5738 2057 5778 ιι
2089 5733 2190 5790 Hic
2219 5734 2354 5790 edit.
2405 5731 2475 5789 et
2505 5731 2662 5788 Grat.
2709 5735 3007 5800 repetunt:
3058 5731 3233 5802 Quare
3277 5747 3465 5801 nares;
3506 5740 3565 5793 at

1956 5805 2074 5862 sine
2099 5805 2356 5877 suﬁ'ragio
2381 5817 2514 5861 mss.
