4042 6294
523 297 629 356 825

1886 295 2131 354 SANCTI
2167 293 2494 355 AMBROSII

3717 305 3809 365 ut

519 415 871 472 vocationem
907 423 1092 485 postea
1119 419 1177 471 et
1205 425 1423 486 precem
1453 413 1667 479 defert;
1711 423 1772 470 ut
1808 415 2119 472 sanctiﬁce-
2146 416 2198 476 Α
2223 414 2369 486 quod
2392 413 2616 478 evadas,
2643 425 2752 470 non
2776 426 3159 473 murmurare:
3184 412 3463 486 invocare,
3485 428 3698 492 rogare,
3716 436 3807 477 non

527 515 616 563 tur
666 508 827 576 fons,
885 517 940 564 ct
995 508 1137 564 adsit
1182 508 1472 580 praesentia
1525 507 2118 575 Trinitatismternm:

526 601 778 658 Christus
803 611 984 659 autem
1015 611 1140 658 ante
1166 600 1468 668 descendit,
1499 610 1722 658 secutus
1747 611 1830 657 est
1859 601 2117 671 Spiritus.

525 693 641 762 Qua
674 693 922 751 ratione?
946 693 1017 752 Ut
1040 709 1144 751 non
1174 694 1329 766 quasi
1352 693 1467 765 ipse
1486 709 1650 765 egere
1679 694 1943 749 Dominus
1962 694 2122 750 Jesus

519 788 970 846 sanctificationis
996 790 1259 860 mysterio
1283 788 1561 845 videretur
1587 806 1600 842 :
1629 787 1725 844 sed
1754 788 2124 844 sanctificaret

529 883 666 953 ipse,
693 883 1063 941 sanctificaret
1091 892 1146 940 et
1169 883 1421 954 Spiritus.

600 976 689 1032 l9.
725 977 866 1048 Ergo
889 976 1173 1034 descendit
1199 976 1252 1032 in
1283 991 1475 1048 aquam
1499 975 1774 1045 Christus,
1807 985 1862 1033 et
1887 976 2122 1047 Spiritus

525 1076 747 1124 sanctus
777 1068 919 1124 sicut
942 1066 1192 1124 columba
1218 1066 1538 1139 descendit(
1549 1067 1739 1124 Matth.
1772 1085 1854 1136 ιιι,
1886 1068 2000 1141 16).
2024 1068 2124 1124 Pa-

530 1168 612 1216 ter
643 1175 858 1231 quoque
883 1159 1030 1218 Deus
1051 1175 1082 1216 e
1118 1160 1260 1217 coelo
1286 1160 1502 1218 locutus
1528 1171 1634 1218 est.
1670 1161 1848 1218 Habes
1881 1178 2125 1232 praesen-

529 1253 658 1309 tiam
686 1251 990 1310 Trinitatis.

1141 1368 1372 1428 CAPUT
1403 1368 1492 1425 Vl.

524 1484 590 1542 In
616 1488 749 1543 mari
776 1485 954 1544 Rubro
998 1488 1240 1561 baptismi
1277 1490 1499 1563 ﬁguram
1537 1492 1856 1563 prtvcessisse
1897 1491 2123 1563 partium

591 1580 920 1653 singularum
972 1581 1446 1638 accommodatione
1505 1581 1911 1640 demonstratur.
1973 1583 2123 1638 Idem

595 1691 797 1746 quoque
817 1674 908 1731 sed
932 1675 1264 1748 paucioribus
1283 1676 1468 1742 verbis,
1495 1677 1783 1733 ostenditur
1810 1680 1862 1732 in
1885 1678 2080 1733 diluvio
2103 1693 2123 1733 :

597 1779 714 1838 post
739 1769 877 1840 quod
909 1768 1145 1825 absoluto
1190 1769 1359 1840 primo
1387 1787 1639 1839 sermone,
1665 1788 1879 1843 sequens
1904 1773 2121 1844 promit-

593 1862 736 1916 titur.

587 1998 680 2056 20.
703 1997 762 2056 In
784 1999 918 2057 mari
936 2008 1118 2058 autem
1142 1999 1330 2058 Rubro
1351 2001 1578 2074 ﬁguram
1603 2002 1759 2060 istius
1779 2003 2120 2076 baptismatis

521 2091 808 2148 exstitisse
841 2092 920 2148 ait
946 2092 1249 2162 Apostolus
1299 2092 1528 2150 dicens:
1560 2092 1727 2167 355
1767 2093 1905 2162 Quia
1950 2104 2119 2169 patres

422 2173 425 2176 ’
519 2186 685 2240 nostri
711 2201 887 2242 omnes
916 2186 1165 2258 baptizati
1200 2196 1320 2242 sunt
1345 2187 1401 2242 in
1431 2187 1566 2242 nube
1586 2199 1634 2244 et
1669 2189 1722 2243 in
1762 2190 1895 2243 mari
1919 2189 1973 2260 (l
1996 2190 2115 2245 Cor.

523 2300 580 2350 x,
610 2284 664 2350 l,
691 2283 773 2356 2).
824 2282 894 2340 Et
937 2283 1218 2340 subdidit:
1260 2283 1392 2340 Htec
1436 2293 1607 2339 autem
1639 2285 1813 2338 omnia
1849 2285 1904 2339 in
1948 2285 2118 2356 ﬁgura

521 2380 662 2447 facta
691 2385 812 2431 sunt
842 2375 948 2432 illis
967 2375 1163 2449 (Ibid.,
1193 2376 1250 2450 6)
1282 2395 1296 2432 :
1327 2377 1434 2433 illis
1456 2377 1510 2433 in
1539 2377 1848 2448 figura,sed
1875 2379 2034 2434 nobis
2062 2381 2116 2435 in

516 2470 779 2526 veritate.
815 2468 969 2525 Tunc
1011 2471 1227 2544 Moyses
1273 2471 1479 2543 virgam
1520 2472 1780 2536 tenebat,
1826 2472 2118 2528 conclusus

512 2569 633 2618 erat
657 2561 890 2632 populus
916 2559 1273 2628 Judaaorum;
1301 2561 1539 2618 instabat
1564 2561 1850 2636 Egyptius
1876 2579 1999 2620 cum
2031 2579 2119 2621 ar-

512 2655 621 2712 mis
646 2670 713 2711 ex
741 2670 848 2710 una
875 2663 1054 2726 parte,
1087 2664 1115 2693 α
1142 2662 1197 2712 ει
1225 2670 1292 2712 ex
1325 2655 1497 2712 altera
1526 2666 1682 2727 parte
1723 2657 1859 2714 mari
1889 2657 2115 2715 claude-

511 2748 715 2805 bantur
727 2748 962 2816 Hebraei;
992 2764 1171 2822 neque
1192 2749 1366 2806 maria
1387 2750 1623 2807 transire
1642 2760 1920 2823 poterant,
1941 2767 2118 2826 neque

513 2842 572 2900 in
601 2843 815 2899 hostem
844 2857 1170 2900 recurrere:
1217 2857 1563 2900 murmurare
1591 2855 1876 2918 cmperunt
1915 2845 2114 2918 (Exod.

516 2951 631 3004 xw,
657 2935 724 2992 2i
754 2945 802 2992 et
830 2936 986 3010 ηιμ).

586 3029 680 3086 2i.
713 3028 874 3097 Vide,
907 3045 1016 3087 non
1049 3039 1103 3088 te
1125 3039 1386 3104 provocet
1415 3031 1539 3104 quia
1560 3032 1800 3090 exauditi
1829 3042 1977 3091 sunt.
1998 3035 2113 3092 Etsi

515 3123 796 3182 exaudivit
812 3125 1098 3193 Dominus,
1125 3135 1306 3184 tamen
1327 3126 1484 3198 culpa
1506 3140 1613 3182 non
1631 3137 1839 3196 carent,
1857 3129 1949 3200 qui
1970 3145 2118 3186 mur-

513 3227 890 3276 muraverunt.
921 3218 1097 3276 Tuum
1135 3228 1221 3276 est
1270 3219 1364 3276 ubi
1406 3219 1804 3293 constringeris
1826 3261 1843 3289 ,
1890 3221 2117 3280 credere
2144 3215 2190 3281 C

513 3359 856 3418 Diversitatis
899 3369 1081 3418 autem
1129 3375 1353 3418 causam
1405 3361 1459 3418 in
1507 3360 1767 3418 adverbio
1819 3363 2108 3419 secundum

508 3433 853 3506 arithmetica
883 3443 1012 3506 nota
1057 3433 1112 3489 in
1147 3433 1272 3506 cod.
1306 3449 1412 3488 non
1443 3435 1638 3506 paucis
1660 3449 1947 3506 perperam
1976 3437 2106 3492 bre-

506 3502 658 3574 viato
698 3506 857 3560 sitam
889 3505 1057 3561 fuisse
1099 3502 1455 3560 manifestum
1479 3514 1586 3562 est.
1615 3502 1781 3574 Atqui
1823 3508 2109 3562 secundum

511 3571 602 3630 bic
629 3590 805 3647 neque
834 3576 1046 3632 numeri
1076 3591 1253 3647 neque
1281 3576 1489 3632 ordinis
1519 3571 1838 3633 adverbium
1873 3587 1979 3647 est,
2010 3579 2107 3634 sed

510 3654 720 3721 tantum
735 3647 851 3721 loci
877 3665 892 3702 :
917 3663 981 3703 ac
1011 3647 1172 3718 plane
1201 3647 1344 3702 idem
1376 3648 1647 3719 significat
1673 3663 1736 3704 ac
1766 3663 1957 3721 prope,
1991 3651 2110 3706 sive

508 3719 568 3790 in
591 3719 865 3790 proximo,
899 3728 958 3775 ut
987 3721 1138 3790 pueri
1187 3729 1408 3774 norunt.
1444 3721 1499 3774 In
1528 3719 1900 3776 memorandis
1924 3731 2109 3779 autem

507 3788 762 3860 baptismi
777 3788 1110 3848 ceremoniis
1131 3805 1240 3845 non
1264 3806 1484 3861 semper
1495 3807 1619 3848 cum
1633 3792 1878 3848 Sacram.
1894 3793 1955 3849 S.
1971 3792 2110 3850 Gre-

508 3864 875 3937 gorii,_neque
896 3878 1020 3937 cum
1038 3861 1264 3934 gothico
1290 3863 1495 3937 missali
1518 3863 1792 3935 congruit,
1815 3865 1912 3937 sed
1937 3867 2110 3937 magis

508 3935 722 3992 accedit
743 3936 810 3991 ad
833 3935 1056 3991 missale
1083 3944 1238 3991 vetus
1285 3935 1481 3991 Gallic.
1513 3937 1752 4005 itemque
1773 3935 1841 3992 ad
1863 3935 2110 3993 Sacrani.

507 4006 674 4080 etiam
702 4006 898 4080 Gallic.
930 4005 1077 4080 quod
1113 4006 1552 4080 nobis_vulgavit
1593 4006 1961 4080 Mabillonius.
1995 4010 2110 4078 Qua

508 4077 580 4136 de
613 4094 672 4154 r_e
693 4078 804 4154 jam
840 4095 939 4154 nos
953 4077 1170 4154 aliquid
1200 4079 1251 4132 in
1277 4077 1606 4135 Prmfatione
1628 4079 1696 4154 ad
1721 4078 1888 4154 hosce
1920 4077 2109 4136 libros.

581 4159 609 4188 ι
639 4149 932 4208 Ιιιέιιηειίε
955 4149 1090 4208 edit.
1115 4160 1173 4206 et
1209 4165 1350 4222 mss.,
1366 4167 1472 4207 non
1507 4151 1692 4222 paucis
1708 4150 2112 4222 desiderantur,

509 4231 558 4278 et
577 4223 849 4295 exonera
875 4232 1023 4295 parte
1050 4240 1065 4278 :
1091 4238 1213 4293 qua:
1240 4221 1407 4279 verba
1434 4239 1466 4281 c
1493 4221 1682 4279 multis
1723 4223 1849 4280 cod.
1883 4223 2008 4280 aliis
2034 4221 2120 4280 rc-

515 4294 818 4350 stituimus.

2229 506 2508 577 querelam
2541 521 2889 577 expromere.

2297 597 2390 654 22.
2424 598 2666 655 Tenebat
2693 598 2901 671 virgam
2933 602 3180 676 Moyses,
3210 611 3271 661 et
3297 603 3536 662 ducebat
3567 606 3806 677 populum

2227 689 2580 746 Hebraeorum
2607 690 2660 747 in
2693 699 2874 756 nocte,
2903 693 2955 748 in
2979 694 3233 750 columna
3259 695 3419 763 lucis,
3450 697 3504 754 in
3534 696 3624 755 die
3652 698 3706 754 in
3730 714 3808 755 co-

2229 784 2413 840 lumna
2442 785 2620 842 nubis.
2639 785 2759 842 Lux
2793 787 2920 857 quid
2947 797 3034 845 est
3063 789 3166 845 nisi
3192 789 3436 856 veritas;
3465 793 3593 863 quia
3616 790 3643 830 b
3668 806 3806 863 aper-

2227 887 2338 935 tum
2371 889 2428 936 et
2460 881 2680 950 plenum
2711 881 2895 938 lumen
2923 881 3189 938 eﬂ'undit?
3227 882 3492 940 Columna
3538 885 3670 940 lucis
3693 883 3804 955 quid

2225 982 2330 1040 est,
2361 973 2463 1028 nisi
2489 973 2739 1030 Christus
2765 974 3048 1040 Dominus,
3082 975 3176 1045 qui
3207 975 3463 1032 tenebras
3489 975 3805 1032 infidelitatis

2224 1065 2455 1138 depulit,
2487 1066 2662 1123 lucem
2690 1068 2940 1124 veritatis
2961 1077 3017 1124 et
3037 1070 3228 1140 gratia:
3251 1069 3519 1141 spiritalis
3543 1069 3804 1126 aﬂectibus

2225 1158 2422 1215 infudit
2447 1159 2745 1216 humanis?
2769 1164 2836 1216 At
2857 1177 2988 1217 vero
3009 1163 3263 1218 columna
3290 1163 3455 1218 nubis
3481 1172 3569 1219 est
3591 1162 3803 1233 Spiritus

2224 1262 2472 1310 sanctus.
2523 1254 2580 1309 ln
2609 1255 2746 1310 mari
2774 1264 2893 1311 erat
2919 1255 3170 1327 populus,
3217 1264 3274 1313 et
3301 1256 3534 1328 praeibat
3573 1256 3802 1313 columna

2224 1345 2367 1403 lucis
2395 1366 2408 1400 :
2441 1345 2642 1404 deinde
2671 1348 3001 1420 sequebatur
3026 1348 3279 1405 columna
3309 1349 3493 1417 nubis,
3527 1350 3678 1422 quasi
3705 1366 3803 1404 ιιιιι-

2224 1440 2402 1496 bratio
2468 1441 2709 1513 Spiritus
2755 1443 2952 1498 sancti.
3010 1442 3176 1498 Vides
3229 1442 3373 1514 quod
3423 1458 3523 1515 per
3566 1442 3801 1514 Spiritum

2225 1544 2472 1590 sanctum
2503 1543 2558 1590 ct
2605 1550 2703 1606 per
2753 1550 2949 1608 aquam
2981 1542 3170 1608 typum
3200 1535 3545 1607 baptismatis
3571 1534 3804 1592 demons-

2226 1628 2473 1685 traverit.

2298 1722 2389 1778 25.
2422 1721 2480 1777 In
2505 1721 2714 1778 diluvio
2756 1736 2973 1794 quoque
3000 1721 3103 1778 fuit
3126 1722 3240 1794 jam
3269 1730 3399 1780 tunc
3424 1722 3596 1795 ﬁgura
3615 1721 3802 1794 baptis-

2147 1817 2196 1878 B
2226 1817 2409 1883 matis,
2439 1825 2496 1872 et
2529 1815 2710 1872 adhuc
2741 1817 2929 1886 utique
2970 1831 3078 1872 non
3121 1824 3282 1873 erant
3325 1815 3582 1888 mysteria
3603 1815 3802 1872 Judteo-

2225 1925 2366 1964 rum.
2399 1919 2421 1948 ο
2470 1907 2527 1966 Si
2560 1923 2690 1980 ergo
2720 1908 2880 1979 hujus
2919 1908 3265 1980 baptismatis
3305 1907 3481 1965 forma
3518 1908 3800 1980 praecessit,

2222 2001 2374 2058 vides
2409 2004 2692 2073 superiora
2724 2001 2982 2074 mysteria
3013 1999 3477 2070 Christianorum,
3517 2016 3674 2073 quam
3705 1999 3805 2057 fue-

2223 2094 2334 2150 rint
2359 2093 2697 2150 Judteorum.

2291 2188 2382 2244 24.
2427 2188 2535 2245 Sed
2590 2188 2808 2246 interim
2859 2188 3162 2245 secundum
3201 2185 3229 2225 ά
3279 2187 3624 2260 fragilitatem
3671 2186 3803 2244 vocis

2221 2293 2429 2340 nostra:
2454 2325 2469 2350 ,
2507 2293 2564 2340 et
2608 2283 2909 2341 secundum
2956 2283 3223 2354 temporis
3270 2283 3544 2340 rationem
3581 2283 3709 2338 satis
3743 2281 3806 2336 sit

2220 2378 2386 2436 hodie
2411 2379 2575 2436 etiam
2598 2378 2668 2436 de
2697 2393 2858 2435 sacro
2881 2379 3033 2435 fonte
3054 2378 3256 2435 libasse
3277 2375 3802 2450 mysteria.Crastina

2220 2472 2330 2540 die,
2361 2473 2407 2528 si
2439 2471 2702 2528 Dominus
2729 2470 2944 2529 dederit
2968 2470 3230 2543 loquendi
3259 2478 3584 2542 potestatem
3609 2468 3692 2524 vel
3717 2482 3801 2523 co-

2222 2567 2386 2641 piam,
2410 2567 2626 2639 plenius
2668 2567 2954 2624 intiniabo.
2977 2565 3146 2638 :Opus
3164 2575 3249 2623 est
3268 2575 3330 2621 ut
3354 2565 3619 2622 sanctitas
3637 2573 3805 2620 vestra

2219 2674 2380 2717 aures
2408 2669 2624 2732 paratas
2669 2659 2891 2728 habeat,
2930 2660 3327 2733 promptiorem
3359 2659 3632 2723 animum;
3664 2667 3718 2713 ut
3746 2672 3802 2713 ca

2219 2770 2343 2826 qua:
2382 2769 2482 2810 nos
2508 2752 2771 2826 colligere
2800 2767 3094 2824 possumus
3114 2752 3184 2808 de
3205 2751 3352 2809 serie
3379 2751 3768 2823 Scripturarum
3786 2790 3800 2810 .

2221 2858 2277 2904 ct
2305 2847 2462 2903 vobis
2495 2846 2959 2914 intitnaverimus,
2998 2854 3185 2901 tenere
3210 2844 3459 2916 possitis,
3493 2855 3552 2899 ut
3577 2842 3805 2900 habeatis

2219 2941 2448 3014 gratiam
2485 2941 2688 3007 Patris,
2728 2948 2788 2996 et
2817 2939 2967 3008 Filii,
3000 2948 3056 2996 et
3076 2939 3316 3011 Spiritus
3343 2937 3545 2995 sancti.
3567 2935 3663 2994 Cui
3692 2935 3801 2992 Tri-

2220 3037 2378 3092 nitati
2427 3045 2750 3108 perpetuum
2794 3043 2880 3091 est
2910 3050 3136 3107 regnum
3178 3049 3208 3088 a
3246 3033 3489 3100 saeculis,
3520 3041 3733 3089 etnunc
3754 3039 3807 3086 et

2219 3145 2462 3202 semper,
2494 3139 2549 3184 et
2577 3128 2630 3184 in
2661 3124 2844 3184 omnia
2872 3127 3072 3185 saecula
3103 3125 3458 3184 saeculorum.

2288 3364 2316 3405 b
2345 3365 2475 3423 Mss.
2508 3361 2784 3429 nonnulli,
2811 3372 3048 3433 apertum
3077 3370 3124 3418 et
3147 3362 3385 3435 planum.

2285 3449 2307 3476 ο
2337 3439 2540 3494 Omnes
2569 3435 2704 3491 edit.
2742 3449 2807 3492 ac
2843 3431 3095 3507 plerique
3127 3431 3258 3490 mss.
3284 3475 3300 3500 ,
3347 3432 3439 3490 Sic
3483 3447 3604 3507 ergo
3651 3431 3808 3507 Itttjtts

2211 3509 2353 3578 bapt.
2380 3511 2550 3590 forma
2568 3503 2866 3590 prwcessit:
2897 3503 3052 3591 Vides
3079 3521 3226 3578 ergo,
3258 3514 3368 3562 etc.
3397 3522 3412 3573 ;
3452 3503 3548 3561 sed
3572 3503 3809 3560 omnium

2215 3581 2581 3632 antiquissimi
2608 3579 2894 3632 nobiscum
2927 3579 3156 3632 faciunt.

2215 3588 2581 3650 antiquissimi
2608 3588 2894 3635 nobiscum
2927 3588 3156 3634 iaciunt.
3387 3648 3399 3660 ο
3671 3647 3684 3659 .

2285 3651 2312 3690 ά
2345 3653 2474 3708 Hzcc
2497 3651 2564 3706 de
2592 3649 2883 3720 fragilitate
2923 3649 3075 3705 vocis
3103 3648 3327 3720 querela
3351 3647 3568 3720 Videtur
3594 3647 3809 3720 quidem

2214 3723 2304 3792 iis,
2334 3733 2392 3778 ut
2419 3725 2470 3778 in
2501 3719 2829 3778 Praefatione
2854 3721 3058 3778 dictum
3083 3719 3188 3788 εει,
3216 3721 3466 3776 nonnihil
3490 3719 3698 3786 favere,
3720 3721 3809 3791 qui

2214 3795 2383 3852 hosce
2414 3796 2581 3851 libros
2603 3793 2892 3849 Ambrosio
2913 3802 3185 3848 assertum
3217 3801 3386 3849 eunt:
3412 3807 3605 3848 verum
3634 3807 3665 3848 e
3685 3807 3811 3848 con-

2215 3867 2382 3923 trario
2412 3867 2545 3937 ipsis
2576 3864 2720 3919 haud
2753 3881 2940 3935 parum
2959 3865 3303 3937 adversatur,
3328 3863 3472 3936 quod
3498 3873 3687 3937 auctor
3712 3863 3812 3920 iste

2217 3954 2349 3995 suos
2394 3935 2673 3994 auditores
2716 3941 2875 4006 paulo
2901 3937 3062 4003 infra,
3095 3947 3150 3991 et
3182 3935 3280 3992 lib.
3309 3935 3385 4002 vi,
3422 3951 3547 4006 cap.
3577 3936 3636 4001 5,
3665 3951 3811 3992 com-

2254 4011 2458 4076 ellans,
2498 4008 2782 4076 sanctitas,
2828 4010 3036 4078 inquit,
3065 4019 3234 4064 vestra
3271 4025 3454 4074 aures,
3500 4015 3610 4063 etc.
3643 4007 3808 4076 Quam

2241 4082 2549 4137 ocutionem
2578 4080 2993 4136 Ambrosianam
3023 4095 3147 4136 esse
3168 4094 3275 4135 non
3307 4079 3468 4136 facile
3495 4079 3585 4134 isti
3615 4079 3812 4149 proba-

2217 4155 2429 4220 verint,
2461 4154 2604 4210 sicut
2633 4165 2738 4208 nec
2764 4151 2968 4209 incisas
3006 4152 3468 4223 interrogationes
3495 4152 3694 4222 passim
3731 4150 3810 4206 in-

2221 4236 2418 4282 sertas.

1633 4527 1982 4613 LIBER
2035 4526 2690 4614 SECUNDUS.

917 4807 1101 4888 355.
1142 4807 1371 4870 CAPUT
1394 4802 1686 4868 PRIMUM.

505 4927 746 4992 Resumit
779 4931 1176 5002 eapticationem
1200 4928 1407 4996 diluvii,
1449 4945 1552 5001 quo
1585 4929 1871 5000 figuratum
1897 4939 2007 4980 esse
2027 4939 2112 4980 as-

575 5025 700 5083 serit
729 5041 908 5082 uerum
931 5025 1275 5097 baptismum;
1305 5025 1392 5081 ubi
1413 5025 1476 5081 de
1503 5024 1623 5079 aliis
1646 5020 1916 5092 baptismis
1943 5034 2113 5090 pauca

579 5121 870 5196 subjungit.

576 5280 631 5339 i.
670 5279 732 5336 lu
761 5277 970 5336 diluvio
999 5291 1219 5350 quoque
1249 5276 1476 5348 figuram
1503 5273 1847 5346 baptismatis
1875 5286 2110 5344 praeces-

496 5374 640 5431 sisse
687 5373 948 5430 hesterno
997 5369 1268 5442 capimus
1301 5378 1327 5407 ει
1355 5368 1657 5439 disputare.
1689 5367 1829 5434 Quid
1854 5376 1939 5423 est
1961 5366 2104 5421 dilu-

497 5466 649 5522 vium
677 5464 836 5538 (Gen.
857 5480 954 5533 vtt,
973 5462 1094 5536 25),
1118 5461 1227 5520 nisi
1245 5461 1302 5518 in
1322 5476 1432 5532 quo
1459 5461 1642 5531 justus
1660 5459 1729 5515 ad
1747 5457 2103 5517 seminarium

502 5558 731 5632 iustitiae
774 5555 1158 5625 reservatur,b
1189 5563 1472 5627 peccaturo
1516 5551 1789 5608 moritur?
1828 5551 1954 5609 Ideo
2000 5552 2107 5610 Do-

573 5729 605 5760 ι
639 5719 800 5776 Rom.
841 5719 977 5776 edit.
1007 5717 1150 5784 sola,
1175 5715 1443 5786 disputare
1472 5727 1724 5786 sermone.
1768 5710 1912 5767 Nam
1951 5710 2098 5780 quid,

501 5801 611 5850 etc.
640 5792 750 5850 Sed
780 5791 956 5847 nihilo
983 5789 1225 5846 detcrius
1254 5785 1635 5854 subiutelligas
1661 5785 1744 5839 die
1764 5825 1778 5850 ,
1806 5797 1966 5855 quam
1996 5798 2101 5838 serv

508 5881 664 5922 mone
671 5905 684 5918 .

2129 4808 2185 4870 D
2209 4805 2390 4863 minus
2414 4814 2474 4863 ut
2498 4805 2635 4864 vidit
2650 4804 2930 4866 hominum
2958 4807 3229 4881 pullulare
3248 4808 3472 4880 delicta,
3494 4810 3698 4884 justum
3726 4827 3810 4870 so-

2220 4902 2332 4957 lum
2361 4916 2484 4958 cum
2511 4915 2609 4957 sua
2640 4903 2900 4973 progenie
2922 4903 3224 4960 reservavit
3257 4924 3272 4965 ;
3300 4919 3498 4976 aquam
3520 4917 3698 4964 autem
3721 4921 3810 4962 su-

2220 5009 2318 5065 pra
2353 5002 2568 5050 mentes
2613 5009 2830 5066 quoque
2867 4995 3018 5052 exire
3049 4997 3329 5068 praecepit.
3371 4997 3440 5053 Et
3472 4997 3597 5056 ideo
3640 4999 3691 5054 in
3721 4997 3810 5054 illo

2219 5085 2428 5143 diluvio
2449 5086 2632 5144 omnis
2668 5088 2978 5160 corruptela
3020 5089 3202 5145 carnis
3251 5089 3485 5160 interiit,
3530 5092 3646 5148 sola
3684 5090 3810 5162 justi

2219 5180 2469 5254 prosapia
2502 5189 2558 5237 et
2601 5180 2776 5237 forma
2825 5183 3147 5254 permansit.
3190 5181 3386 5241 Nonne
3434 5185 3539 5242 hoc
3564 5195 3648 5241 est
3673 5184 3810 5240 dilu-

2220 5275 2396 5342 vium,
2420 5273 2566 5347 quod
2591 5283 2676 5330 est
2696 5275 2965 5346 baptisma
2986 5293 3002 5340 ;
3025 5292 3132 5348 quo
3155 5285 3379 5348 peccata
3403 5279 3584 5334 omnia
3601 5278 3810 5334 diluun-

2218 5375 2326 5436 tur,
2357 5367 2477 5423 sola
2505 5368 2638 5438 justi
2661 5382 2818 5425 mens
2843 5377 2901 5425 et
2920 5371 3090 5440 gratia
3112 5370 3511 5428 resuscitatur?

2290 5462 2345 5517 2.
2389 5463 2555 5520 Multa
2613 5471 2744 5520 sunt
2791 5479 2994 5536 genera
3034 5465 3450 5536 baptismatum,
3507 5467 3602 5525 sed
3644 5482 3807 5524 unum

2215 5557 2505 5630 baptisma,
2551 5559 2752 5616 clamat
2799 5559 3096 5634 Apostolus
3119 5560 3343 5635 (Ephes.
3389 5579 3462 5633 tv,
3487 5561 3566 5636 5).
3593 5565 3808 5635 Quare?

2276 5710 2304 5750 δ
2325 5712 2460 5788 ΔΝοιι
2493 5713 2651 5785 pauci
2675 5729 2836 5786 mss.,
2862 5724 3101 5788 peccator
3131 5718 3377 5776 moritur.
3511 5719 3668 5786 intra,
3695 5720 3808 5775 sole

2200 5785 2424 5859 justitite
2454 5803 2615 5842 mens.
