4042 6294
274 338 381 394 ιὲὅ

1483 341 1570 398 DE
1611 335 2090 398 SACRAMENTIS
2129 337 2259 398 LIB.
2306 339 2370 396 ll.

3474 353 3580 413 526

269 455 412 512 Sunt
437 454 761 526 baptismata
809 459 1068 530 gentium,
1102 459 1196 516 sed
1219 472 1324 515 non
1357 470 1483 516 sunt
1514 461 1854 532 baptismum.

1973 455 2089 525 quia
2153 472 2250 526 pro
2281 465 2332 511 te
2362 469 2556 527 passus
2583 466 2687 514 est.
2726 459 2782 515 In
2825 458 2942 531 ipso
2989 461 3300 535 redimeris,
3359 470 3412 526 in
3454 471 3574 543 ipso

271 549 520 606 Lavacra
564 560 712 614 sunt,
765 551 1084 623 baptismata
1129 567 1250 608 esse
1299 569 1404 610 non
1438 566 1687 624 possunt.
1715 558 1858 614 Caro

271 645 504 709 lavatur,
549 661 655 701 non
695 645 851 716 culpa
897 646 1154 714 diluitur;
1201 648 1367 704 immo
1417 650 1469 706 in
1508 651 1599 705 illo
1645 652 1863 710 lavacro

267 739 632 796 contrahitur.
674 740 842 796 Erant
890 751 1066 797 autem
1124 745 1446 814 baptismata
1505 747 1856 820 inda-orum,

269 833 466 904 (.Ilarc.
497 851 592 901 vit,
623 835 702 906 8),
727 837 832 891 alia
850 837 1146 906 superﬂua,
1171 840 1273 893 alia
1307 841 1358 895 in
1393 842 1668 912 ﬁgura.Et
1692 846 1860 917 ﬁgura

269 925 384 996 ipsa
418 927 576 983 nobis
597 928 845 999 proﬁcit,
878 930 1001 1000 quia
1043 932 1284 988 veritatis
1303 943 1388 990 est
1419 936 1626 990 nuntia.

899 1043 1126 1103 CAPUT
1157 1045 1219 1102 ll.

265 1135 495 1194 Piscina:
521 1136 812 1195 Probaticcc
831 1140 895 1194 ab
917 1141 1100 1210 angelo
1135 1151 1416 1209 commotis,
1453 1160 1515 1198 ac
1556 1146 1600 1199 ei
1644 1146 1735 1216 qui
1757 1147 1863 1218 pri-

340 1247 453 1284 mus
487 1232 540 1285 in
587 1231 733 1286 illam
784 1232 1149 1299 descendisset,
1202 1237 1474 1291 sanitatem
1502 1239 1862 1306 restituentis;

337 1325 557 1394 itemque
578 1325 853 1396 paralytici
881 1326 950 1380 ad
980 1325 1244 1382 Christum
1269 1331 1536 1397 responsio
1565 1332 1861 1387 edisseruit-

336 1426 441 1470 tur.

333 1580 388 1635 '5.
421 1578 560 1648 Quid
586 1578 786 1636 lectum
825 1590 906 1636 est
933 1580 1087 1636 heri?
1113 1594 1136 1618 ιι
1161 1582 1424 1654 Angelus,
1443 1583 1641 1654 inquit,
1669 1598 1861 1639 secun-

255 1671 388 1728 dum
437 1681 650 1744 tempus
693 1673 1060 1730 descendebat
1090 1675 1141 1730 in
1175 1675 1437 1744 piscinam
1466 1718 1480 1740 ,
1513 1685 1569 1731 et
1619 1677 1861 1745 quoties-

262 1781 501 1836 cumque
541 1767 915 1823 descendisset
967 1768 1213 1840 angelus,
1259 1769 1580 1824 movebatur
1607 1784 1784 1841 aqua;
1809 1779 1864 1824 et

1971 549 2301 604 salvaberis.

2043 641 2098 696 7.
2145 641 2442 712 Hominem,
2480 645 2677 716 inquit,
2709 663 2810 702 non
2839 649 3040 716 habeo;
3066 651 3170 708 hoc
3192 664 3295 719 est,
3319 657 3438 726 quia
3485 676 3574 728 per

1969 735 2230 792 hominem
2269 755 2428 806 mors,
2473 749 2523 794 et
2572 757 2662 812 per
2693 741 2948 797 hominem
2988 749 3300 802 resurrectio
3345 763 3573 806 mortuo-

1969 844 2083 884 rum
2139 831 2182 900 (I
2227 830 2348 886 Cor.
2378 847 2491 900 xu,
2518 833 2636 903 21).
2667 834 2783 889 Non
2826 847 3038 906 poterat
3079 837 3435 912 descendere,
3462 860 3570 900 non

1969 935 2183 996 poterat
2209 927 2429 991 salvari,
2451 929 2540 998 qui
2579 944 2687 984 non
2715 929 2974 986 credebat
3003 932 3144 1002 quod
3175 935 3438 993 Dominus
3469 952 3568 993 no-

1968 1028 2081 1076 ster
2105 1019 2266 1076 Jesus
2291 1037 2513 1077 carnem
2545 1023 2876 1093 suscepisset
2902 1040 2972 1079 ex
2994 1023 3235 1098 Virgine.
3267 1028 3363 1084 llic
3389 1040 3571 1088 autem

1967 1111 2058 1182 qui
2113 1113 2498 1182 opperiebatur
2529 1113 2884 1171 mediatorem
2918 1115 3010 1172 Dei
3042 1128 3096 1172 et
3123 1117 3426 1188 hominum,
3471 1125 3567 1178 bo-

1969 1204 2168 1260 minem
2199 1205 2386 1261 Jesum
2413 1205 2712 1271 Christum,
2745 1216 3073 1278 exspectans
3102 1225 3224 1265 eum
3254 1211 3321 1266 de
3352 1228 3460 1284 quo
3483 1214 3568 1269 di-

1967 1307 2113 1352 ctum
2141 1308 2224 1352 est
2242 1316 2254 1352 :
2275 1297 2341 1352 Et
2364 1299 2529 1353 mittet
2552 1297 2812 1354 Dominus
2841 1303 3099 1356 hominem
3125 1305 3210 1372 qui
3231 1306 3399 1360 salvos
3415 1309 3573 1374 faciat

1967 1408 2052 1446 eos
2081 1390 2253 1464 (Esai.
2306 1393 2534 1464 “1.4);
2568 1394 2817 1450 dicebat:
2843 1395 3245 1452 Hominemnon
3284 1401 3481 1468 habeo;
3517 1413 3573 1460 et

1969 1483 2090 1540 ideo
2109 1484 2176 1539 ad
2200 1487 2490 1542 sanitatem
2520 1489 2720 1543 meruit
2751 1490 3060 1558 pervenire,
3085 1492 3208 1560 quia
3238 1495 3496 1551 credebat
3518 1499 3569 1552 in

1967 1577 2368 1634 advenientem.
2413 1579 2607 1634 Melior
2653 1590 2831 1636 tamen
2865 1590 2920 1636 et
2959 1583 3251 1652 perfectior
3279 1586 3491 1655 fuisset,
3523 1592 3570 1644 si

1965 1671 2285 1729 credidisset
2305 1672 2415 1742 iam
2433 1675 2651 1730 venisse
2668 1690 2826 1744 quem
2851 1690 3009 1745 spera
3020 1676 3246 1735 batesse
3257 1690 3566 1737 venturum.

2571 1787 2804 1846 CAPUT
2853 1789 2939 1845 Ill.

256 1862 353 1932 qui
385 1863 532 1932 prior
567 1861 965 1928 descendisset,
995 1863 1289 1919 sanabatur
1319 1865 1386 1919 ab
1423 1865 1570 1920 omni
1604 1867 1862 1938 languore
1891 1869 1940 1929 B
1967 1878 2258 1937 Nonnullis
2285 1899 2350 1938 ex
2375 1883 2592 1938 historia
2621 1883 2862 1940 Naaman
2895 1890 3177 1956 enarratis,
3208 1891 3341 1948 alias
3378 1893 3574 1964 aliquot

255 1969 606 2026 quocumque
641 1955 1142 2027 tenebatur.(Joan.
1171 1972 1201 2009 v
1224 1996 1242 2024 ,
1269 1955 1328 2027 4)
1352 1955 1380 1996 ι)
1405 1956 1557 2026 Quod
1589 1957 1861 2030 significat

256 2051 483 2120 Iiguram
509 2057 792 2106 venturam
825 2050 1037 2105 Domini
1070 2051 1241 2106 nostri
1270 2050 1396 2107 Jesu
1416 2051 1641 2109 Christi.

328 2143 386 2200 «1.
429 2144 669 2216 Angelus
695 2146 903 2216 quare?
933 2143 1052 2216 Ipse
1083 2156 1167 2200 est
1224 2145 1368 2201 enim
1419 2151 1598 2217 magni
1644 2147 1859 2203 consilii

251 2236 495 2308 Angelus
528 2235 697 2308 (Esai.
727 2252 803 2303 is,
853 2236 933 2307 6).
977 2236 1284 2293 Secundum
1343 2247 1576 2308 tempus,
1622 2239 1764 2308 quod
1793 2239 1860 2294 ad

252 2327 454 2384 horam
498 2328 852 2384 novissimam
898 2329 1264 2394 servabatur;
1307 2339 1364 2384 ut
1406 2330 1457 2385 in
1500 2345 1697 2386 occasu
1744 2333 1860 2402 ipso

247 2422 398 2479 diem
421 2422 875 2494 deprehenderet,
917 2431 974 2478 et
1006 2422 1252 2480 differret
1278 2437 1558 2480 occasum.
1607 2423 1860 2493 Quoties-

249 2531 488 2586 cumque
510 2531 641 2588 ergo
662 2515 1041 2572 descendisset
1067 2516 1316 2587 angelus,
1350 2517 1670 2572 movebatur
1696 2532 1858 2588 aqua.

250 2609 642 2666 Dieisfortasse
658 2627 671 2664 :
685 2609 867 2678 Quare
885 2608 1046 2664 modo
1066 2623 1174 2664 non
1194 2608 1484 2665 movetur?
1505 2608 1648 2665 Audi
1661 2609 1860 2680 quare?

248 2705 419 2776 Signa
452 2704 768 2770 incredulis,
799 2703 936 2760 ﬁdes
974 2703 1333 2761 credentibus
1373 2702 1417 2776 (l
1447 2702 1567 2758 Cor.
1596 2719 1708 2770 XIV,
1737 2702 1853 2774 22).

321 2798 376 2854 5.
417 2798 518 2868 Qui
559 2797 710 2869 prior
746 2795 1147 2865 descendisset,
1185 2796 1481 2852 sanabatur
1503 2795 1572 2851 ab
1600 2797 1747 2852 omni
1776 2796 1858 2850 in-

245 2891 521 2948 ﬁrmitate.
548 2891 650 2959 Qui
673 2899 757 2946 est
776 2892 944 2962 prior,
969 2899 1233 2960 tempore,
1260 2903 1326 2942 an
1353 2887 1598 2944 honore?
1629 2888 1856 2945 Utrum-

241 3006 354 3062 que
382 2987 645 3058 intellige.
669 2986 727 3044 Si
752 2995 1018 3056 tempore,
1052 2983 1201 3055 prior
1227 2983 1318 3054 qui
1349 2982 1745 3050 descendisset,
1771 2997 1858 3038 sa-

244 3083 480 3139 nabatur
520 3091 672 3146 ante,
720 3079 822 3134 hoc
876 3085 982 3144 est,
1027 3077 1095 3133 de
1121 3076 1320 3148 populo
1348 3076 1514 3150 356
1539 3075 1855 3132 Iudaeorum

243 3175 422 3247 magis
477 3187 640 3245 quam
681 3170 750 3227 de
787 3169 989 3242 pepulo
1033 3170 1335 3225 nationum.
1380 3169 1437 3225 Si
1484 3169 1714 3238 honore,
1761 3168 1854 3240 qui

245 3271 402 3342 prior
433 3267 823 3335 descendisset,
845 3264 949 3321 hoc
978 3273 1084 3332 est,
1115 3264 1206 3334 qui
1239 3263 1465 3320 haberet
1492 3263 1589 3320 Dei
1618 3270 1852 3330 metum,
1880 3269 1926 3331 ρ

245 3363 490 3420 studium
515 3361 762 3434 iustitiae,
799 3371 822 3399 ο
851 3359 1083 3432 gratiam
1122 3358 1429 3423 charitatis,
1475 3360 1742 3415 castitatis
1779 3358 1857 3414 al-

246 3457 489 3524 fectum;
529 3457 644 3527 ipse
670 3453 844 3526 magis
886 3453 1203 3510 sanabatur.
1237 3452 1445 3509 Tamen
1487 3461 1618 3508 tunc
1647 3461 1858 3523 tempo-

243 3551 329 3609 ris
360 3565 499 3606 nnus
525 3548 841 3616 sanabatur,
871 3556 1021 3612 tunc,
1049 3549 1287 3618 inquam,
1315 3545 1574 3617 temporis
1601 3547 1656 3601 in
1684 3544 1854 3618 ﬁgura

244 3645 345 3716 qui
370 3644 520 3714 prior
539 3640 937 3707 descendisset,
962 3640 1114 3696 solus
1137 3639 1445 3697 curabatur.
1473 3641 1692 3706 Quanto
1735 3655 1849 3695 ma-

241 3739 338 3811 jor
366 3746 450 3794 est
469 3736 640 3808 gratia
668 3733 950 3802 Ecclesiae,
979 3735 1032 3789 in
1065 3748 1171 3806 qua
1197 3747 1384 3790 omnes
1415 3733 1710 3800 salvantur,
1736 3733 1855 3805 qui-

248 3844 492 3901 cumque
516 3826 851 3884 descendunt
876 3826 900 3880 ?

326 3926 383 3980 6.
427 3923 536 3981 Sed
567 3923 748 3979 videte
770 3921 1108 3996 mysterium.
1140 3921 1304 3978 Venit
1359 3921 1620 3978 Dominus
1669 3933 1855 3980 noster

245 4020 415 4078 Jesus
441 4018 691 4074 Christus
727 4015 795 4072 ad
819 4017 1106 4086 piscinam,
1137 4016 1291 4071 multi
1335 4017 1464 4087 :rgri
1489 4017 1765 4087 iacebant.
1793 4019 1858 4072 Et

250 4113 414 4168 facile
445 4110 522 4166 ibi
551 4108 706 4167 multi
743 4108 870 4179 aegri
897 4108 1172 4177 iacebant,
1195 4107 1283 4164 ubi
1308 4123 1448 4164 unus
1481 4108 1856 4166 tantummodo

253 4205 574 4262 curabatur.
595 4199 926 4259 Deindedait
943 4199 1011 4256 ad
1030 4201 1179 4256 illum
1203 4201 1563 4273 paralyticum
1589 4219 1603 4255 :
1632 4200 1857 4257 Descen-

249 4298 337 4353 de.
369 4295 458 4352 Ait
488 4295 616 4352 ille:
657 4294 928 4351 Hominem
973 4310 1077 4349 non
1117 4293 1279 4349 habeo
1305 4291 1486 4366 (Joan.
1519 4309 1576 4361 v,
1617 4295 1694 4366 7).
1719 4294 1857 4351 Vide

252 4391 345 4449 ubi
403 4389 717 4460 baptizaris.
757 4387 914 4445 Unde
966 4388 1037 4442 sit
1082 4386 1368 4458 baptisma,
1423 4388 1526 4444 nisi
1586 4387 1654 4444 de
1697 4403 1856 4444 cruce

251 4483 486 4550 Christi,
523 4483 590 4539 de
618 4491 793 4538 morte
817 4480 1064 4538 Christi?
1111 4479 1186 4537 lbi
1218 4489 1303 4538 est
1327 4496 1489 4538 omne
1509 4482 1853 4555 mysterium,

2191 1976 2426 2047 ejusdem
2456 1977 2769 2032 sacramenti
2796 1978 2993 2048 ﬁguras
3023 1983 3350 2053 perstringit.

2041 2114 2096 2168 8.
2137 2110 2292 2168 Nunc
2319 2113 2440 2169 vide
2484 2115 2717 2186 singula.
2767 2115 3012 2173 Diximus
3065 2118 3293 2189 figuram
3342 2136 3577 2192 praeces-

1968 2202 2108 2258 sisse
2134 2203 2185 2258 in
2215 2202 2471 2270 Jordane,
2498 2205 2717 2276 quando
2733 2205 2970 2263 Naaman
3004 2210 3251 2278 leprosus
3280 2211 3372 2268 ille
3411 2229 3571 2269 mun-

1967 2293 2126 2352 datus
2154 2305 2255 2352 est.
2293 2295 2478 2353 Puella
2501 2298 2590 2353 illa
2621 2314 2686 2354 ex
2715 2301 2946 2370 captivis
2980 2301 3068 2372 (IV
3113 2303 3242 2377 Reg.
3276 2321 3328 2370 v,
3370 2305 3426 2376 5)
3454 2322 3577 2379 qua:

1966 2397 2072 2454 est,
2099 2387 2202 2443 nisi
2247 2405 2369 2458 qua:
2401 2391 2641 2460 speciem
2683 2392 2918 2448 habebat
2949 2393 3235 2464 Ecclesim,
3260 2406 3316 2452 et
3347 2398 3571 2470 ﬁguram
3624 2405 3631 2409 ’

1964 2483 2418 2552 representabat?
2438 2481 2698 2554 Captivus
2713 2485 2858 2540 enim
2873 2496 2990 2541 erat
3011 2489 3243 2558 populus
3267 2493 3568 2562 nationum,

1964 2575 2212 2644 captivus
2242 2585 2383 2642 erat,
2413 2591 2520 2632 non
2545 2576 2668 2633 dico
2696 2578 3064 2650 captivitatem
3102 2594 3124 2618 υ
3153 2583 3256 2637 sub
3283 2582 3442 2641 hoste
3468 2587 3572 2641 ali-

1963 2683 2070 2738 quo
2102 2669 2301 2740 populo
2332 2671 2680 2727 constitutam
2711 2689 2721 2724 :
2754 2673 2848 2728 sed
2877 2689 2996 2730 eam
3038 2677 3403 2747 captivitatem
3448 2679 3574 2737 dico

1960 2778 2082 2834 qua:
2109 2764 2282 2834 major
2308 2772 2414 2830 est,
2443 2765 2660 2836 quando
2687 2765 2939 2822 diabolus
2959 2784 3083 2824 eum
3128 2771 3245 2826 suis
3274 2786 3422 2828 saevo
3469 2772 3566 2828 do-

1962 2856 2197 2911 minatur
2221 2855 2472 2928 imperio,
2497 2866 2552 2914 et
2581 2859 2791 2930 captiva
2824 2859 2928 2916 sibi
2960 2861 3104 2917 colla
3126 2864 3347 2934 subiicit
3378 2876 3573 2933 pecea-

1965 2959 2166 3004 torum.

2035 3042 2090 3098 9.
2132 3043 2275 3115 Ergo
2310 3041 2489 3100 habes'
2509 3060 2673 3100 unum
2705 3045 2994 3115 baptisma,
3046 3048 3192 3104 aliud
3235 3053 3291 3105 in
3342 3051 3570 3120 diluvio,

1962 3134 2128 3192 habes
2155 3137 2373 3192 tertium
2401 3138 2828 3208 genus,quando
2855 3139 2908 3194 in
2934 3139 3070 3194 mari
3100 3139 3286 3196 Rubro
3310 3141 3567 3214 baptizati

1959 3240 2078 3284 sunt
2110 3238 2315 3300 patres,
2347 3230 2514 3286 habes
2545 3240 2796 3300 quartum
2825 3247 2997 3303 genus
3037 3233 3092 3288 in
3124 3234 3355 3304 piscina,
3389 3253 3568 3308 quan-

1962 3321 2034 3376 do
2058 3322 2373 3377 movebatur
2401 3337 2559 3392 aqua.
2594 3323 2747 3378 Nunc
2777 3334 2828 3380 te
2856 3325 3084 3380 consulo
3115 3339 3291 3384 utrum
3341 3333 3570 3390 credere

1958 3413 2162 3470 debeas
2211 3413 2338 3485 quia
2389 3414 2559 3472 habes
2600 3416 2762 3491 357
2819 3420 3161 3488 praesentiam
3203 3421 3486 3480 Trinitatis
3515 3427 3568 3483 in

1954 3505 2060 3562 hoc
2081 3507 2430 3577 baptismate,
2468 3508 2486 3546 ι
2522 3525 2630 3579 quo
2670 3510 2977 3581 baptizatur
3004 3513 3058 3568 in
3081 3513 3342 3572 Ecclesia.

2558 3621 2791 3680 CAPUT
2831 3624 2920 3680 IV.

1954 3716 2098 3772 Alias
2124 3717 2253 3772 duas
2280 3717 2605 3788 baptismatis
2638 3718 2872 3789 ﬁguras;
2903 3720 2956 3774 in
3003 3726 3141 3793 ferro
3167 3727 3307 3791 quod
3343 3729 3413 3780 ad
3440 3748 3562 3799 pre-

2029 3827 2111 3866 ces
2135 3808 2314 3866 Elistei
2336 3811 2549 3877 natavit,
2576 3828 2668 3865 nec
2693 3829 2793 3867 non
2819 3813 2871 3867 in
2897 3817 3038 3884 fonte
3056 3819 3168 3887 qui,
3208 3821 3367 3876 misso
3398 3823 3563 3895 ligno,

2031 3905 2203 3961 dulcis
2231 3909 2402 3977 factus
2432 3914 2524 3970 est,
2547 3908 2790 3976 proponit
2813 3908 3024 3962 Auctor.

2028 4020 2115 4076 10.
2161 4019 2306 4076 Idem
2355 4020 2534 4090 itaque
2567 4020 2825 4075 Dominus
2873 4030 3059 4080 noster
3107 4024 3266 4082 Jesns
3312 4028 3565 4091 Christus

1957 4111 2012 4167 in
2048 4111 2348 4182 Evangelio
2376 4125 2476 4166 suo
2506 4111 2638 4166 dic-t
2667 4110 2733 4166 ad
2784 4115 3112 4182 Apostolos:
3147 4117 3248 4184 Ite,
3305 4120 3564 4188 baptizale

1958 4220 2134 4258 omnes
2181 4213 2358 4275 gentes
2403 4203 2456 4258 in
2497 4204 2700 4258 nomine
2730 4202 2928 4271 Patris,
2963 4218 3008 4260 el
3043 4205 3199 4275 Filii,
3231 4222 3278 4264 et
3329 4213 3563 4284 Spit-im;

1957 4297 2124 4352 sancti
2147 4295 2366 4368 (Matth.
2401 4312 2593 4364 xxviii,
2621 4295 2708 4367 I9)
2757 4296 2951 4354 Sermo
2981 4299 3066 4355 hic
3098 4300 3397 4363 Salvatoris
3421 4321 3524 4366 est.

2032 4390 2121 4444 11.
2169 4389 2262 4444 Dic
2297 4387 2455 4455 mihi,
2511 4403 2546 4443 0
2592 4388 2794 4445 homo!
2829 4389 3108 4447 Invocavit
3147 4395 3292 4450 Elius
3329 4398 3398 4455 de
3424 4405 3565 4459 caelo

1957 4483 2159 4555 ignem,
2181 4492 2236 4538 et
2260 4481 2543 4538 descendit
2569 4483 2710 4553 ignis
2738 4484 2804 4539 de
2831 4485 2971 4541 caelo
3001 4485 3094 4556 (lll
3127 4486 3255 4564 Reg.
3274 4509 3422 4561 xvm,
3445 4497 3564 4569 58).

329 4613 354 4638 η
398 4595 850 4676 HancEvangelii
881 4595 1366 4676 lectionem__in_t_ra
1421 4594 1730 4676 paschalem
1754 4610 1850 4652 oc-
1877 4596 1932 4658 1)
1961 4597 2121 4676 modo
2159 4597 2607 4676 interpretemur,
2633 4598 2770 4668 quod
2794 4600 3076 4676 signi/irai,
3104 4605 3188 4659 vel
3217 4619 3267 4661 ιη
3300 4611 3456 4676 δαίμ,
3491 4617 3565 4669 εί-

251 4685 435 4732 tavam
461 4670 676 4726 recitari
699 4668 1052 4724 eonsuevisse
1099 4667 1247 4739 nulla
1277 4669 1518 4739 liturgia,
1542 4683 1643 4723 nec
1671 4682 1855 4723 sacra—

246 4743 587 4802 mentarium
622 4741 804 4794 tradit.
836 4739 946 4794 Hoc
968 4750 1144 4794 tamen
1166 4737 1392 4794 forsitan
1415 4737 1664 4794 innititur
1686 4741 1739 4795 in
1756 4739 1852 4796 lib.

245 4818 322 4874 de
352 4813 769 4894 Mysteriis,_u_bi
798 4811 998 4894 dicitur
1031 4830 1046 4894 ξ
1081 4809 1207 4894 Ideo
1247 4811 1338 4894 tibni
1365 4810 1698 4894 dictante",
1730 4814 1855 4894 quia

246 4881 475 4959 angelus
518 4884 724 4959 Domini
775 4883 1132 4959 descendebat,
1157 4883 1411 4959 (δα-81111
1438 4881 1851 4959 peculiaris—hic

248 4953 391 5014 usus
421 4972 545 5011 esse
579 4956 752 5025 potuit
777 4956 1130 5026 quarumdam
1162 4953 1656 5017 Ecclesiarum.vel
1687 4953 1852 5008 inseri

248 5033 377 5088 hcce
421 5029 587 5084 verba
635 5025 939 5097 baptismali
969 5025 1206 5097 cuipiam
1262 5026 1605 5094 precationi:
1639 5035 1704 5097 et
1725 5035 1854 5081 tunc

247 5101 550 5161 dicendum
608 5096 754 5155 esset
795 5100 914 5168 ipso
953 5099 1041 5154 die
1065 5096 1345 5166 paschatis
1387 5097 1630 5152 habitum
1685 5096 1856 5152 fuisse

247 5174 511 5232 eumdem
534 5185 860 5235 sermonem,
893 5170 978 5226 cui
1008 5169 1248 5240 opinioni
1277 5169 1466 5225 favere
1493 5177 1689 5237 potest,
1709 5168 1853 5237 quod

250 5250 309 5304 in
341 5244 584 5304 Gallensi
611 5243 731 5298 cod.
787 5238 1116 5312 prmtiotatur
1146 5259 1159 5294 :
1194 5238 1387 5314 Incipit
1443 5242 1609 5311 prima
1655 5241 1738 5296 die
1797 5242 1852 5294 in

294 5323 476 5374 ascita.

249 5339 476 5444 Parilia-
523 5396 634 5441 νει.
685 5384 814 5441 εδει,
870 5399 946 5440 π,
985 5385 1230 5456 plerique
1258 5398 1389 5440 mss.
1419 5384 1512 5456 alii
1551 5383 1716 5440 etiam
1740 5399 1847 5439 non

249 5463 437 5538 pzmci,
469 5458 624 5538 Quod
668 5457 926 5538 signiﬁcat
955 5455 1376 5538 ﬁgura’ventura
1399 5455 1643 5538 Domini,
1689 5466 1796 5538 etc.
1830 5473 1845 5512 :

247 5528 379 5608 qum
404 5533 568 5590 lectio
601 5544 708 5585 non
733 5530 954 5584 omnino
995 5528 1298 5608 respuenda
1329 5537 1434 5608 est,
1468 5528 1640 5608 modo
1675 5530 1851 5608 [igura

250 5600 306 5663 i'n
339 5616 500 5660 sexto
526 5617 679 5666 casn,
704 5610 757 5656 et
783 5612 994 5655 ventura
1021 5602 1071 5655 in
1103 5608 1292 5671 quarto
1309 5600 1506 5672 plurali
1529 5600 1847 5672 accipiatur.

247 5676 596 5736 Sententiam
619 5687 749 5728 vero
772 5674 997 5727 mutavit
1018 5673 1148 5728 edit.
1168 5673 1323 5727 Rom.
1352 5672 1403 5726 in
1425 5671 1569 5727 hunc
1589 5671 1808 5727 medum
1840 5691 1852 5725 :

253 5748 415 5819 Quod
468 5751 522 5819 in
565 5745 786 5816 ﬁguram
834 5743 1122 5819 venturi
1158 5743 1232 5798 Ν.
1263 5743 1320 5797 J.
1349 5741 1408 5797 C.
1434 5743 1589 5813 ﬁebat
1619 5760 1638 5799 .'
1665 5753 1856 5819 aperto

248 5815 448 5879 sensu.
481 5815 864 5874 Verumtamen
897 5817 1218 5872 auctoritate
1251 5831 1314 5870 ac
1335 5830 1570 5872 numero
1599 5829 1736 5871 mss.
1764 5815 1858 5870 ad-

247 5894 533 5958 ducimur,
559 5899 618 5945 ut
642 5889 914 5961 antiquam
945 5887 1231 5944 lectionem
1264 5887 1640 5958 przehabentes
1662 5887 1856 5944 eodem

711 5986 960 6050 ΡΑτιιοι.
974 6030 987 6047 .
1035 5983 1207 6047 XVI.

1959 4669 2264 4746 gnificabat,
2290 4669 2515 4746 figuram
2540 4679 2806 4746 uenturam
2835 4669 2904 4746 Β.
2958 4671 3010 4725 Ν
3021 4691 3072 4739 .;
3102 4681 3256 4746 quasi
3291 4669 3561 4742 scribi-rc-

1963 4739 2072 4804 iur,
2105 4741 2247 4814 quod
2286 4739 2633 4814 signiﬁcabat
2654 4743 2994 4810 pra-sentiam
3026 4739 3308 4806 venturam
3354 4755 3412 4808 D.
3445 4739 3558 4814 N7:

1961 4814 2135 4883 ﬁgura
2160 4811 2306 4868 enim
2340 4827 2404 4868 ac
2431 4813 2644 4877 species
2674 4815 2988 4881 plerumque
3034 4817 3178 4874 inter
3220 4837 3280 4875 se
3329 4811 3561 4881 οοιιῆηιέ

1958 4885 2181 4948 duntur,
2241 4892 2298 4938 et
2339 4884 2574 4954 speciem
2617 4899 2713 4950 pro
2757 4887 2872 4946 ipsa
2927 4901 2986 4939 re
3043 4903 3138 4943 seu
3195 4900 3450 4950 exteriori
3478 4902 3560 4956 rei

1957 4962 2256 5020 conspectu
2279 4956 2416 5008 sumi
2446 4964 2502 5008 et
2529 4969 2688 5019 supra
2744 4971 2806 5008 ex
2856 4958 3146 5013 Ambrosio
3179 4967 3560 5025 annlttatiums

1957 5035 2012 5098 et
2043 5041 2109 5080 ex
2138 5025 2321 5098 variis
2346 5025 2643 5098 Scriptura:
2669 5025 2802 5081 locis
2826 5029 2995 5083 asseri
3029 5043 3222 5098 potest.
3240 5034 3354 5089 Non
3373 5048 3554 5096 tamen

1965 5095 2418 5178 disSiﬂiUliNldlllP
2449 5096 2739 5178 estlinbert
2773 5099 2976 5178 in_nno
3000 5095 3122 5156 cod.
3156 5104 3300 5172 Vah,
3335 5095 3559 5178 ﬁgurant

1963 5170 2187 5232 uenturi,
2220 5181 2352 5231 etc.,
2381 5167 2517 5221 haud
2542 5167 2907 5224 incommode.

2039 5249 2077 5279 ο·
2102 5241 2229 5294 Mss.
2255 5238 2480 5307 aliqum,
2515 5241 2698 5308 gratim
2727 5243 3048 5296 charilatem.

2036 5309 2487 5391 d___hiss._3iliqiilrt,
2505 5315 2578 5364 ait
2607 5313 3042 5391 adpare/glicum
3069 5331 3087 5369 .°
3120 5315 3210 5391 Vis
3228 5335 3382 5372 sanus
3394 5321 3511 5391 fieri
3532 5327 3558 5379 ε)

1962 5386 2027 5439 At
2057 5385 2190 5438 ille:
2222 5381 2522 5445 Hominem,
2549 5393 2655 5436 etc.
2686 5383 2762 5438 Ex
2821 5381 2924 5438 hoc
2962 5397 3140 5440 autem
3197 5390 3318 5446 loco
3364 5381 3555 5452 contra

1961 5470 2238 5511 auct0rem
2267 5455 2425 5521 huius
2444 5455 2626 5524 Operis
2647 5456 3007 5524 objectionem
3024 5457 3246 5513 conﬂari
3275 5461 3328 5516 in
3357 5463 3557 5522 Praefa-

1955 5529 2103 5582 tione
2139 5526 2399 5592 diximus,
2430 5542 2588 5596 qttam
2620 5527 2868 5582 consule.

2041 5610 2064 5678 ξε
2105 5597 2360 5678 Nonnulli
2385 5605 2664 5678 mss:,_sub
2687 5599 2830 5678 hoste
2849 5597 3233 5678 aliquopopulo
3256 5608 3556 5678 constituto;

1959 5671 2149 5742 reliqui
2182 5684 2458 5743 etomnes
2481 5669 2608 5723 edit.
2635 5679 2692 5722 ut
2719 5670 2772 5722 in
2807 5676 2976 5734 textu,
3010 5669 3280 5743 nisiquod
3310 5679 3360 5732 in
3392 5669 3550 5741 Hom:

1959 5758 2063 5797 vos
2083 5741 2286 5812 papqu
2311 5741 2554 5825 iugulata
2585 5749 2688 5793 est.
2881 5811 2893 5822 _
3119 5816 3130 5827 ι
3153 5741 3164 5743 ἡ
3597 5821 3605 5827 ,

2040 5812 2231 5888 fultas.
2275 5814 2556 5888 claram“
2578 5810 2724 5888 quod
2754 5810 2977 5888 baptizat
3003 5812 3272 5888 Christus;
3299 5821 3389 5880 alii
3421 5842 3554 5885 non-

1966 5884 2123 5952 nulli,
2148 5882 2285 5954 quod
2313 5882 2537 5953 baptizat
2567 5879 2816 5936 Ecclesia.

2960 5980 3029 6043 Us
