4042 6294
301 359 410 416 ιξιι

1525 348 1614 406 DE
1652 334 2147 404 SACRAMENTIS
2182 332 2314 394 LIB.
2358 334 2428 391 ll.

3508 327 3614 385 450

300 489 411 543 quo
438 471 769 543 baptismate
798 468 919 524 audi
943 466 1069 538 quid
1099 465 1242 523 dicat
1278 464 1580 537 Scriptura,
1608 464 1776 520 immo
1803 462 1891 519 Fi-
1925 474 1980 536 Α
2004 453 2248 521 Domine,
2278 451 2545 543 quidanm
2586 454 2635 543 te
2682 444 2876 516 (Joan.
2909 459 3021 513 xu,
3058 444 3126 501 15
3157 452 3204 500 et
3229 444 3385 518 seq.).
3420 444 3608 503 Tertio

299 566 409 621 lius
458 564 600 629 Dei,
654 564 782 633 quia
833 558 1093 617 Pharisaei
1154 559 1243 631 qui
1297 558 1587 614 uoluerunt
1642 554 1907 628 baptizari

300 659 582 731 baptismo
627 655 881 721 Joannis,
930 654 1219 710 consilium
1255 654 1348 708 Dei
1390 660 1714 721 spreverunt
1745 650 1904 721 (Luc.

300 764 401 819 vtt,
442 750 557 821 ‘50).
612 748 756 820 Ergo
784 748 1112 819 baptismum
1135 746 1423 803 consilium
1455 744 1548 802 Dei
1567 755 1673 801 est.
1697 743 1907 813 Quanta

302 853 387 902 est
408 842 613 916 gratia,
646 842 736 898 ubi
767 849 853 897 est
879 841 1166 897 consilium
1196 839 1336 895 Dei?

380 934 469 992 l9.
510 928 652 991 Audi
698 946 829 1003 ergo
879 948 896 989 :
945 947 1067 987 nam
1108 938 1168 986 ut
1197 931 1250 986 in
1293 931 1399 986 hoc
1444 943 1663 1000 quoque
1703 927 1908 983 saeculo

303 1045 480 1089 nexus
505 1028 709 1085 diaboli
732 1028 1065 1091 solveretur,
1092 1024 1371 1080 inventum
1404 1032 1489 1079 est
1513 1020 1789 1093 quomodo
1810 1019 1907 1075 ho-

303 1134 400 1181 mo
429 1122 587 1179 vivus
621 1129 952 1188 moreretur,
1000 1128 1056 1177 et
1086 1119 1240 1174 vivus
1269 1124 1597 1188 resurgeret.
1632 1113 1774 1184 Quid
1822 1121 1909 1170 est

307 1226 334 1257 ιι
350 1216 551 1273 vivus?
571 1210 685 1272 Hoc
705 1218 789 1269 est
809 1213 921 1268 vita
943 1212 1192 1283 corporis
1217 1210 1429 1274 vivens,
1452 1224 1578 1264 cttm
1601 1208 1817 1264 veniret
1841 1204 1906 1261 ad

304 1310 536 1372 tantem,
567 1317 622 1362 ct
651 1312 996 1375 mergeretur
1040 1305 1090 1359 in
1122 1302 1348 1357 fontem.
1383 1298 1411 1339 ι’
1442 1300 1579 1367 Quid
1622 1307 1705 1353 est
1745 1312 1904 1367 aqua,

303 1403 409 1460 nisi
457 1401 526 1457 de
557 1399 741 1456 terra?
777 1396 983 1455 Satislit
1024 1410 1158 1465 ergo
1206 1394 1503 1450 sententiaa‘
1540 1391 1749 1448 caelesti
1790 1389 1911 1445 sine

305 1493 503 1552 mortis
527 1500 776 1563 stupore.
810 1488 964 1558 Quod
988 1488 1213 1559 mergis,
1245 1487 1474 1541 solvitur
1492 1484 1767 1542 sententia
1786 1483 1906 1537 illa:

306 1586 474 1641 Terra
501 1598 576 1651 es,
609 1592 656 1639 et
681 1584 738 1638 in
766 1593 953 1637 terram
974 1581 1071 1636 ibis
1100 1580 1256 1654 (Gen.
1290 1592 1373 1644 ιιι,
1401 1579 1522 1649 i9);
1546 1577 1765 1649 impleta
1789 1590 1913 1631 sen-

306 1679 502 1742 tentia,
534 1677 687 1731 locus
713 1680 799 1730 est
827 1672 1093 1729 beneﬂcio
1119 1670 1472 1743 remedioque
1501 1670 1731 1726 etelesti.
1764 1668 1911 1739 Ergo

305 1786 450 1844 aqua
483 1769 552 1827 de
580 1776 750 1835 terra,
783 1767 1118 1840 possibilitas
1165 1772 1346 1821 autem
1405 1764 1530 1818 vita:
1570 1771 1772 1818 nostra:
1802 1774 1909 1817 non

2008 543 2175 607 dixit,
2202 550 2260 598 ut
2289 541 2449 597 tertio
2475 538 2876 594 absolveretur.

2080 638 2171 694 22.
2213 637 2307 694 Sic
2335 650 2465 707 ergo
2494 642 2775 706 peccatum
2804 632 3029 688 dimittit
3078 630 3244 688 Pater
3268 674 3283 701 ,
3341 633 3481 689 sicut
3528 635 3612 690 di—

2009 730 2177 785 mittit
2232 728 2429 794 Filius,
2470 725 2550 781 sic
2575 734 2626 781 et
2650 723 2889 796 Spiritus
2934 729 3179 780 sanctus.
3212 722 3277 779 in
3299 739 3408 779 uno
3433 732 3616 781 autem

2012 824 2235 880 nomine
2262 820 2527 892 baptizari
2556 834 2659 877 nos
2688 820 2891 890 jussit,
2923 815 3028 873 hoc
3048 825 3153 881 est,
3186 816 3239 871 in
3268 816 3492 874 nomine
3516 818 3619 874 Pa-

2013 918 2147 981 tris,
2192 924 2248 972 et
2276 914 2425 981 Filii,
2453 923 2508 971 et
2537 912 2781 984 Spiritus
2828 910 3040 970 Sancti.
3092 909 3212 967 Noli
3261 909 3447 966 mirari
3492 909 3615 979 quia

2009 1010 2148 1067 dixit
2177 1020 2344 1066 unum
2385 1023 2583 1064 nomen
2632 1007 2723 1061 ubi
2752 1014 2858 1073 est,
2880 1019 2985 1060 una
3015 1004 3323 1060 substantia
3343 1045 3360 1071 ,
3395 1018 3503 1058 una
3532 1001 3617 1058 di-

2010 1105 2234 1167 vinitas.
2295 1118 2398 1158 una
2453 1101 2732 1173 maiestas.
2787 1098 2901 1155 lloc
2945 1107 3028 1153 est
3059 1112 3258 1152 nomen
3288 1095 3359 1152 de
3397 1110 3506 1165 quo
3532 1093 3620 1151 di-

2011 1208 2156 1252 ctum
2177 1204 2263 1252 est
2283 1213 2295 1249 :
2317 1193 2383 1249 In
2401 1211 2503 1264 quo
2520 1200 2722 1259 oportet
2739 1206 2910 1246 omnes
2941 1190 3111 1246 salsos
3134 1190 3245 1261 ﬁeri
3259 1188 3398 1260 (Aet.
3429 1203 3509 1255 tv,
3526 1187 3616 1255 1‘3)

2010 1290 2069 1345 In
2099 1288 2202 1346 hoc
2230 1287 2454 1343 nomine
2493 1301 2688 1343 omnes
2718 1284 2911 1340 salvati
2958 1284 3116 1349 estis,
3144 1281 3343 1339 redditi
3388 1281 3521 1338 estis
3548 1280 3617 1334 ad

2010 1382 2247 1454 gratiam
2274 1380 2422 1433 vitae.

2081 1472 2174 1528 23.
2216 1471 2431 1527 Clamat
2473 1482 2610 1540 ergo
2653 1466 2971 1538 Apostolus,
3006 1465 3148 1522 sicut
3187 1465 3419 1521 audistis
3453 1464 3506 1520 iu
3543 1464 3622 1520 le-

2013 1565 2197 1622 ctione
2225 1562 2483 1635 prtesenti
2516 1579 2529 1615 :
2575 1559 2832 1627 Quoniam
2860 1558 3167 1629 quicumque
3213 1557 3537 1629 baptizatur,
3568 1556 3622 1610 in

2014 1668 2177 1715 morte
2226 1657 2352 1712 Iesu
2402 1656 2692 1728 baptizatur
2729 1650 2910 1726 (Rom.
2946 1666 3018 1718 Vl,
3050 1651 3085 1706 ὅ
3111 1659 3186 1705 set
3208 1649 3337 1723 eq.).
3367 1649 3507 1717 Quid
3537 1660 3624 1704 est

2016 1755 2071 1811 in
2104 1753 2323 1813 morte?
2354 1750 2422 1809 Ut
2454 1748 2729 1824 quomodo
2759 1747 3008 1804 Christus
3039 1753 3288 1800 mortuus
3315 1752 3423 1810 est,
3465 1743 3545 1798 sic
3567 1750 3625 1798 et

306 1838 635 1923 admittebat
681 1873 742 1919 ut
768 1838 917 1919 terra
964 1860 1328 1932 operirentur,
1361 1867 1417 1914 et
1446 1858 1514 1913 de
1549 1865 1695 1913 terra
1728 1868 1910 1911 resur-
1945 1884 1994 1944 Β
2020 1857 2076 1903 ιιι
2103 1854 2341 1903 mortem
2364 1844 2653 1916 degustes:
2683 1839 2964 1913 quomodo
2987 1838 3237 1895 Christus
3269 1846 3520 1893 mortuus
3539 1846 3626 1893 est

307 1972 590 2033 geremus.
642 1956 849 2014 Deinde
881 1969 989 2011 non
1022 1963 1167 2010 terra
1218 1953 1395 2022 lavat,
1437 1952 1534 2008 sed
1560 1965 1698 2022 aqua
1729 1950 1912 2015 lavat;

310 2055 445 2113 ideo
463 2056 584 2112 fons
605 2054 760 2126 quasi
788 2051 1068 2124 sepultura
1092 2056 1196 2106 est.

923 2142 1153 2200 CAPUT
1199 2141 1306 2198 VII.

311 2240 568 2310 Triplicis
593 2237 1011 2310 interrogationis
1058 2244 1104 2291 et
1146 2233 1493 2289 immersionis
1537 2232 1825 2302 exemptum
1861 2231 1917 2284 in

388 2334 532 2387 trina
560 2330 893 2403 responsione
933 2327 1081 2384 Petri
1119 2329 1400 2384 exstitisse.
1453 2326 1625 2396 Quare
1650 2343 1769 2381 cum
1813 2335 1922 2380 tota

394 2426 623 2481 Trinitas
652 2432 863 2497 peccata
896 2422 1147 2488 dimittat,
1177 2421 1370 2476 dicitur
1398 2437 1562 2475 unum
1601 2436 1788 2475 nomen
1814 2435 1924 2474 esse

390 2521 446 2576 in
489 2534 591 2591 quo
631 2518 821 2572 salvari
861 2532 956 2571 nos
987 2526 1253 2586 oporteat;
1285 2526 1330 2570 et
1358 2530 1459 2585 qna
1488 2515 1687 2569 ratione
1716 2512 1923 2568 Christo

389 2618 445 2671 in
489 2615 744 2686 baptismo
771 2614 1187 2677 commoriamur,
1220 2620 1373 2683 atque
1402 2626 1659 2680 angantur
1688 2610 1740 2664 in
1768 2609 1924 2663 vitam

393 2718 644 2765 infernam
669 2707 695 2762 ἲ

392 2795 486 2852 20.
528 2795 904 2865 Interrogatus
935 2804 957 2833 ε
986 2808 1048 2849 es
1077 2810 1091 2846 :
1119 2791 1317 2848 Credis
1372 2793 1425 2845 iu
1478 2792 1647 2847 Deum
1705 2790 1924 2845 Patrem

314 2891 763 2962 munipotentem
786 2888 811 2943 t
838 2887 1030 2944 Dixisti
1061 2905 1075 2941 ε
1098 2884 1299 2953 Credo,
1323 2894 1379 2943 et
1398 2886 1659 2951 mersisti,
1691 2884 1794 2938 hoc
1819 2892 1926 2948 est,

315 2987 580 3058 sepultus
606 2999 688 3043 es.
718 2985 921 3041 lterum
962 2985 1331 3054 interrogatus
1355 2997 1417 3039 es
1446 3000 1461 3038 :
1493 2982 1690 3038 Credis
1734 2982 1788 3037 in
1827 2981 1933 3035 Do-

316 3081 535 3138 minum
569 3087 817 3135 nostrum
845 3078 1029 3134 Iesum
1048 3077 1349 3145 Christum,
1369 3085 1424 3133 et
1451 3077 1505 3132 in
1529 3090 1747 3132 crucem
1776 3073 1933 3146 ejus?

318 3176 564 3234 Di‘sisti:
590 3175 769 3232 Credo
789 3218 805 3243 ,
835 3184 894 3232 et
947 3173 1216 3240 mersisti;
1249 3174 1373 3229 ideo
1398 3180 1455 3229 et
1479 3170 1700 3228 Christo
1720 3185 1780 3226 cs
1805 3186 1940 3225 con-

2021 1953 2266 2015 peccato,
2299 1951 2355 1998 et
2385 1942 2496 1996 Deo
2523 1939 2656 1994 vivit
2688 1943 2703 2003 ξ
2738 1938 2808 1992 ita
2851 1946 2907 1992 et
2931 1943 2989 1991 tu
3016 1933 3397 2006 superioribus
3446 1932 3633 1988 illece-

2019 2036 2135 2093 bris
2181 2041 2525 2106 peccatorum
2572 2038 2822 2087 mortuus
2852 2029 2929 2085 sis
2952 2043 3048 2098 per
3070 2026 3418 2098 baptismatis
3448 2039 3634 2081 sacra-

2021 2138 2287 2195 mentum,
2330 2137 2386 2184 et
2430 2125 2743 2183 surrexeris
2770 2137 2869 2193 per
2919 2121 3151 2192 gratiam
3204 2117 3436 2175 Christi.
3483 2117 3631 2173 Mors

2022 2238 2154 2296 ergo
2182 2237 2285 2287 est,
2318 2221 2412 2277 sed
2450 2235 2557 2275 non
2591 2219 2645 2275 in
2677 2215 2869 2273 mortis
2897 2214 3204 2285 corporalis
3233 2212 3489 2277 veritate,
3531 2210 3628 2266 sed

2024 2316 2080 2372 in
2100 2313 2495 2378 similitudine;
2525 2322 2649 2367 cum
2676 2308 2820 2365 enim
2846 2307 3070 2377 mergis,
3098 2303 3293 2359 mortis
3324 2301 3559 2371 suscipis
3580 2308 3638 2355 et

2023 2420 2080 2469 et
2126 2410 2422 2480 sepultum
2468 2403 2882 2462 similitudinem
2927 2417 2939 2456 :
2990 2399 3173 2456 cmcis
3202 2398 3351 2453 illius
3379 2406 3402 2433 ε
3431 2395 3636 2465 accipis

2024 2507 2455 2565 sacramentum,
2502 2495 2648 2568 quod
2690 2494 2745 2550 in
2794 2506 2959 2549 cruce
2992 2491 3241 2548 Christus
3269 2488 3549 2560 pependit,
3581 2499 3642 2544 et

1984 2625 1989 2631 -
2024 2594 2200 2651 clavis
2248 2591 2523 2649 conﬁxum
2567 2598 2650 2644 est
2678 2587 2801 2659 ejus
2833 2599 3059 2657 corpus.
3088 2583 3169 2639 Tu
3200 2596 3335 2653 ergo
3355 2597 3479 2637 cum
3510 2595 3639 2637 cru-

2027 2689 2284 2761 eitigeris,
2311 2686 2529 2743 Christo
2560 2683 2833 2749 adtrahes,
2863 2680 3033 2735 clavis
3062 2675 3276 2732 Domini
3306 2675 3479 2731 nostri
3507 2673 3638 2730 Jesu

2027 2781 2234 2839 Christi
2261 2780 2549 2844 adhaeres;
2602 2793 2669 2833 ne
2720 2784 2773 2832 te
2803 2773 3059 2830 diabolus
3086 2770 3263 2841 possit
3291 2768 3638 2824 abstrahere.

2031 2878 2242 2934 Teneat
2265 2886 2325 2931 te
2341 2874 2527 2931 clavus
2550 2870 2777 2933 Christi,
2801 2882 2959 2939 quem
2988 2873 3210 2921 revocat
3232 2862 3488 2919 humana:
3507 2876 3639 2919 con-

2032 2971 2258 3029 ditionis
2288 2967 2601 3024 infirmitas.

2101 3062 2195 3118 24.
2237 3060 2383 3131 Ergo
2408 3056 2649 3123 mersisti
2690 3053 2794 3127 (De
2824 3050 3035 3107 Consec.
3072 3050 3195 3104 dist.
3226 3047 3294 3117 4,
3326 3065 3446 3117 cap.
3494 3046 3640 3102 Her-

2034 3153 2193 3227 sisti),
2226 3152 2422 3209 venisti
2452 3150 2519 3206 ad
2549 3147 2891 3205 sacerdotem
2919 3142 3198 3215 :quidtibi
3222 3140 3398 3197 dixit?
3424 3139 3444 3179 ί
3474 3140 3642 3206 Deus,

242 3252 247 3257 ’
322 3271 578 3342 sepultus
609 3289 622 3324 :
651 3270 743 3341 qui
774 3234 917 3325 enim
953 3268 1170 3323 Christo
1197 3234 1587 3336 consepelitur,
1616 3279 1739 3320 cum
1773 3264 1931 3319 Chri-
1959 3273 2004 3336 ρ
2037 3248 2236 3342 Ῑηψξίῑο
2264 3246 2424 3301 Pal"
2451 3241 2801 3311 οωπῖβοῑθηε
2828 3236 2923 3342 (ιυξ
2956 3245 3007 3291 ιθ
3034 3234 3386 3342 τεξξπξεηνίι
3409 3248 3476 3289 ει
3503 3246 3645 3303 θαυι

328 3363 699 3434 storesurgit.
719 3361 910 3418 Tertio
937 3363 1301 3431 interrogatus
1324 3373 1383 3415 es
1411 3377 1423 3414 :
1446 3358 1638 3414 Credis
1662 3358 1786 3414 etin
1813 3357 1932 3427 Spi-

328 3459 502 3515 ritum
532 3455 823 3513 sanctum?
862 3455 1057 3512 Dixisti
1089 3473 1102 3510 :
1134 3452 1333 3517 Credo,
1366 3454 1530 3509 tertio
1571 3452 1849 3508 mersisti?
1878 3459 1937 3506 ut

322 3552 695 3623 multiplicem
712 3551 923 3623 lapsum
942 3550 1246 3621 superioris
1264 3549 1441 3603 mtatis
1465 3547 1776 3619 absolveret
1794 3545 1932 3601 trina

324 3644 631 3702 confessio.

403 3715 499 3772 2t.
542 3714 784 3787 Denique
821 3723 880 3769 ut
909 3714 1066 3771 vobis
1094 3712 1384 3770 allevamus
1426 3712 1768 3781 exemplum,
1808 3726 1932 3767 san-

326 3822 460 3870 ctus
478 3811 761 3883 apostolus
784 3810 982 3869 Petrus
1021 3819 1371 3881 posteaquam
1411 3808 1463 3862 in
1496 3808 1751 3879 passione
1777 3807 1942 3880 θα)

332 3907 562 3965 Domini
608 3905 790 3974 lapsus
821 3903 1100 3960 videretur
1129 3902 1451 3957 inﬁrmitate
1480 3902 1815 3957 conditionis
1842 3902 1941 3957 hu-

333 4016 549 4066 manae;
579 3997 605 4037 ἀ
637 4000 730 4071 qui
771 4006 929 4054 antea
980 4006 1294 4068 negaverat,
1329 4004 1512 4065 postea
1545 4005 1603 4050 ut
1634 3996 1782 4051 illum
1824 3996 1941 4067 lap-

330 4109 465 4151 sum
493 4091 741 4149 aboleret
764 4098 821 4147 et
842 4088 1105 4152 solveret,
1130 4087 1293 4143 tertio
1329 4089 1695 4158 interrogatur
1722 4102 1752 4141 a
1788 4085 1949 4143 Chri-

333 4197 451 4253 sto,
484 4186 530 4240 si
567 4182 845 4241 Christum
879 4189 1128 4246 amaret;
1172 4187 1299 4235 tunc
1347 4178 1437 4235 ille
1478 4178 1609 4234 dicit
1640 4197 1652 4233 :
1687 4178 1761 4233 Tn
1791 4180 1950 4247 nosti,

414 4335 441 4364 ³
462 4324 631 4381 Rom.
680 4321 812 4379 edit.
848 4319 984 4389 sola,
1013 4320 1155 4374 vivus
1191 4328 1493 4378 moreretur.
1524 4330 1572 4374 et
1599 4321 1739 4376 vivus
1771 4337 1943 4377 resur-

333 4406 726 4525 geze'ﬁonnulli
758 4481 914 4527 mss,
951 4462 1089 4537 Ergo
1121 4446 1257 4534 aqua
1286 4472 1362 4519 est
1389 4473 1548 4519 terra.

419 4553 440 4581 ε
473 4540 606 4596 Cum
634 4537 823 4593 forma!
847 4552 875 4591 a
899 4535 1182 4593 sacerdote
1213 4538 1573 4605 pronuntiata:
1619 4535 1707 4591 hic
1738 4538 1941 4592 mentio

334 4629 454 4670 non
486 4612 601 4672 iiat,
629 4609 906 4681 ambigere
947 4608 1148 4681 aliquis
1174 4606 1379 4674 possit,
1412 4622 1537 4681 num
1573 4607 1740 4678 ipsius
1768 4611 1938 4665 vicem

335 4698 519 4743 terna:
574 4682 680 4736 illa:
733 4678 1593 4752 supp’everint_interrogationes
1625 4695 1687 4735 ac
1712 4694 1941 4752 respon-

2036 3348 2093 3397 et
2142 3339 2349 3411 Spiritu
2406 3342 2622 3401 sancto,
2667 3331 3055 3400 concessitque
3099 3326 3197 3382 tibi
3250 3333 3475 3397 peccata
3528 3331 3644 3391 tua,

2035 3437 2153 3505 ipse
2174 3443 2227 3488 te
2257 3431 2495 3503 ungatin
2510 3429 2679 3483 vitam
2721 3434 3007 3482 :eternam.
3036 3420 3174 3478 Vide
3199 3420 3511 3476 abiunctus
3531 3433 3594 3474 es
3627 3434 3643 3478 :

2035 3528 2088 3584 in
2121 3526 2288 3582 vitam
2314 3566 2331 3592 ,
2384 3523 2596 3594 inquit,
2641 3528 2927 3576 aeternam.
2961 3514 3083 3570 Noli
3135 3514 3276 3569 hanc
3304 3512 3473 3568 vitam
3505 3520 3530 3559 8
3565 3510 3645 3567 illi

2035 3622 2163 3678 vitae
2189 3619 2484 3675 anteferre.
2514 3614 2681 3673 Verbi
2711 3612 2906 3686 gratia,
2929 3612 2973 3666 si
2997 3617 3251 3680 exsurgat
3272 3607 3530 3663 inimicus
3549 3605 3647 3662 ali-

2039 3715 2183 3787 quis,
2207 3713 2253 3767 si
2275 3711 2407 3767 velit
2429 3708 2526 3765 tibi
2552 3707 2711 3762 iidem
2733 3716 2880 3761 tuam
2906 3702 3150 3768 auferre,
3174 3701 3219 3756 si
3238 3698 3483 3755 minatur
3503 3713 3648 3754 mor-

2036 3818 2172 3873 tem,
2212 3814 2270 3861 ut
2317 3801 2705 3875 praevaricetur
2740 3799 3048 3869 quisquam,
3081 3795 3210 3851 vide
3252 3792 3384 3865 quid
3426 3793 3642 3864 eligas:

2047 3900 2073 3939 δ
2097 3901 2210 3958 ηοιί
2253 3899 2459 3969 eligere
2495 3894 2625 3951 illud
2653 3894 2707 3949 in
2740 3908 2849 3965 quo
2897 3906 3007 3947 non
3040 3905 3098 3946 es
3128 3898 3344 3955 unctus,
3387 3886 3483 3942 sed
3510 3886 3653 3957 elige

2042 3996 2174 4052 illud
2203 3995 2255 4049 in
2284 4007 2391 4062 quo
2424 3998 2621 4045 unctus
2646 4002 2706 4044 es
2731 4004 2746 4054 ;
2780 3994 2837 4041 ut
2867 3986 3031 4040 vitam
3060 3992 3321 4037 aeternam
3350 3981 3479 4035 vita:
3512 3995 3652 4050 pra:-

2049 4089 2193 4145 l'eras
2232 4084 2549 4158 temporali.
2578 4083 2684 4140 Per
2733 4081 3011 4138 Christum
3053 4076 3342 4134 Dominum
3375 4085 3649 4132 nostrum.

2049 4183 2247 4240 Amen.

2050 4338 2147 4396 pro
2176 4322 2381 4379 Christo
2406 4321 2673 4396 att/neres,
2693 4318 2823 4391 legit
2859 4317 3066 4374 Christo
3091 4314 3288 4383 aderis,
3320 4314 3463 4372 forte
3492 4315 3654 4372 adde-

2044 4391 2137 4457 ris.
2170 4397 2220 4450 id
2249 4402 2354 4459 est,
2387 4391 2728 4463 adjungeris.

2106 4466 2143 4531 ,τ
2173 4466 2303 4523 Haec
2329 4467 2505 4521 oratio
2525 4459 2580 4519 in
2600 4464 2847 4519 Sacram.
2875 4460 3108 4529 Gregor.
3134 4468 3187 4516 et
3203 4459 3401 4517 Gallic.
3428 4475 3528 4515 nec
3546 4476 3655 4517 non

2048 4541 2100 4595 in
2135 4538 2334 4594 Missali
2381 4552 2600 4609 quoque
2646 4534 2831 4609 veteri
2857 4533 3063 4609 Gallic._
3098 4532 3389 4609 reperitur.
3429 4532 3519 4609 liis
3549 4548 3655 4609 qua

2048 4619 2198 4682 patet
2247 4603 2475 4665 formam
2511 4603 3065 4682 'eonlirmationis,'si
3099 4614 3280 4682 tamen
3327 4603 3396 4682 de
3429 4604 3655 4682 illa__hic

2047 4674 2243 4749 agitur,
2271 4681 2675 4749 deprecatiram
2705 4693 2829 4733 esse
2860 4694 2872 4730 :
2900 4676 3042 4745 quod
3073 4676 3237 4749 etiam
3270 4675 3499 4744 probare
3526 4674 3658 4749 licet

332 4761 549 4833 siones.
582 4753 783 4833 Yerum
805 4748 929 4808 eam
956 4750 1273 4833 non-luisse
1302 4748 1720 4818 prastermissam
1739 4748 1943 4833 auctor
1971 4772 2025 4833 ι)
2048 4748 2116 4811 ex
2142 4748 2372 4833 Tertull.
2405 4752 2517 4833 ιιι».
2537 4752 2608 4807 de
2636 4750 2938 4833 baptism-0,
2967 4765 3031 4833 εξ
3060 4748 3336 4833 Cypriano
3366 4749 3527 4833 epiSI.
3561 4748 3652 4833 Ἲς).

332 4829 486 4887 infra
511 4826 641 4882 satis
669 4825 890 4888 indicat,
919 4826 1010 4880 ubi
1043 4824 1118 4878 ait
1143 4839 1157 4878 :
1194 4821 1258 4876 In
1283 4840 1386 4876 uno
1412 4834 1581 4876 autem
1608 4826 1814 4879 nomine
1856 4826 1946 4880 ba-

334 4900 536 4973 ptizari
567 4912 657 4951 nos
682 4896 863 4973 jussit,
898 4896 994 4951 hoc
1020 4904 1112 4973 est,
1141 4895 1195 4949 in
1218 4895 1442 4973 nomine
1459 4892 1635 4949 Patris
1665 4907 1713 4950 et
1745 4894 1873 4951 Filii
1901 4907 1948 4952 et

337 4966 583 5043 Spiritus
636 4966 825 5043 sancti,
870 4977 986 5043 etc._
1035 4967 1326 5043 Dicendum
1361 4966 1537 5043 igitur
1566 4984 1671 5021 non
1702 4969 1947 5043 interpo-

334 5037 480 5101 siias
498 5040 726 5113 singulis
747 5038 1185 5113 immersionibus
1200 5037 1439 5113 singulas
1462 5037 1943 5111 interrogationes,

336 5116 446 5173 sed
479 5110 669 5168 omnes
698 5113 902 5168 eisdem
933 5112 1095 5167 simul
1145 5110 1451 5177 prauulssas
1492 5125 1647 5175 esse;
1684 5113 1949 5179 quemad-

336 5182 715 5244 modum‘lieri
730 5186 1080 5239 consuevissc
1098 5181 1355 5236 discimus
1373 5195 1403 5236 e
1420 5181 1666 5253 sacram.
1684 5183 1917 5253 Gregor.
1931 5225 1945 5249 ,

335 5259 554 5316 Ordine
594 5255 779 5322 Rem,
809 5255 1053 5310 Sacram.
1102 5261 1156 5309 et
1209 5253 1412 5322 Liturg.
1459 5252 1679 5313 Gallic..
1711 5253 1940 5311 Tertull.

336 5330 471 5386 adv.
512 5321 821 5411 Pramum,
868 5325 1073 5411 erill'o
1113 5324 1322 5409 llicros.
1354 5321 1597 5411 .Catech.
1627 5326 1858 5411 μίξεως.
1886 5327 1943 5395 2,

337 5398 825 5470 compluribusque
853 5396 991 5453 aliis.
1019 5396 1282 5466 Quocirca
1315 5397 1447 5470 nihil
1496 5397 1640 5453 aliud
1686 5396 1797 5454 hoc
1822 5396 1948 5453 loco

336 5474 686 5545 designatur,
709 5468 810 5545 nisi
842 5472 1057 5526 easdem
1082 5468 1533 5545 interrogationes
1554 5486 1616 5545 ac
1633 5473 1951 5545 Amers‘ioues

338 5541 684 5617 respondere
711 5543 810 5617 sibi
845 5554 1052 5617 mutuo,
1103 5552 1217 5617 non
1257 5542 1474 5617 quidem
1512 5541 1826 5617 celebrandi
1854 5557 1947 5596 or-

338 5611 499 5682 dine,
532 5614 626 5670 sed
651 5615 1064 5679 celebrantium,
1088 5623 1144 5666 ut
1174 5612 1253 5666 sic
1283 5611 1588 5681 loquamur,
1614 5615 1949 5671 intensione.

420 5685 448 5725 (ι
480 5688 639 5744 Rom.
664 5686 823 5754 edit.,
855 5686 976 5755 quia
998 5694 1074 5740 ter
1104 5692 1398 5755 negaverat.

426 5770 450 5800 ο
480 5760 719 5818 Clarum.
750 5758 899 5825 cod.,
933 5758 1109 5827 accipe
1144 5766 1488 5813 sacramenta.
1516 5756 1585 5813 Et
1628 5765 1752 5830 post
1782 5772 1955 5830 pauca

2051 4843 2115 4881 ex
2143 4826 2365 4880 Hieron.
2405 4822 2542 4877 Dial.
2590 4822 2805 4876 advers.
2864 4819 3033 4876 Lucil.
3058 4860 3074 4884 ,
3109 4819 3358 4889 ’August.
3383 4819 3457 4872 lib
3486 4834 3558 4872 xv
3587 4819 3657 4876 de
3700 4856 3711 4861 ς

2052 4898 2275 4962 Triuit.,
2306 4894 2518 4950 Isidoro
2550 4894 2626 4949 lib
2664 4908 2723 4947 ιι.
2753 4893 2821 4947 de
2862 4890 3025 4947 Ot‘tic.
3081 4888 3339 4961 cap.’26,
3384 4899 3441 4945 et
3476 4890 3549 4943 lib
3579 4906 3651 4945 γι.
3752 4951 3759 4957 _

2051 4969 2267 5037 Origln.
2299 4980 2423 5035 cap.
2449 4966 2548 5020 ult.
2578 4964 2907 5037 atquealiis.

2126 5031 2165 5088 δ’
2179 5040 2298 5095 Lat.
2333 5031 2585 5094 Latinius
2624 5031 2851 5103 coniicit
2880 5032 3195 5101 legendum,
3240 5032 3336 5087 ulli
3368 5031 3484 5086 vitta
3508 5047 3527 5085 :
3556 5032 3655 5088 sed

2053 5127 2312 5185 quorsum
2345 5125 2409 5163 ea
2445 5108 2743 5185 mutatione
2770 5107 3161 5185 opus-sit,_non
3189 5103 3458 5159 videmus.

2123 5181 2153 5221 δ
2184 5183 2313 5239 Mss.
2356 5195 2525 5252 prope
2552 5179 2814 5252 universi,
2852 5178 3071 5252 omissis
3098 5177 3154 5230 in
3174 5192 3276 5246 quo
3305 5190 3405 5228 non
3444 5181 3518 5252 est
3556 5189 3657 5227 uno

2053 5264 2188 5319 ctus,
2240 5264 2295 5310 et
2327 5245 2617 5323 postremis
2644 5250 2752 5305 illis
2805 5267 2897 5323 per
2946 5247 3268 5323 Cltrt'stum,__
3296 5254 3403 5300 etc.
3438 5245 3658 5323 ,l_ocum

2054 5328 2134 5382 sic
2158 5315 2361 5381 habent
2392 5344 2407 5380 :
2440 5322 2567 5379 Noli
2597 5315 2816 5393 eligere,‘
2869 5322 3081 5389 Benig.,
3132 5317 3390 5393 negligere
3414 5357 3429 5381 ,
3481 5315 3613 5393 illud
3641 5331 3662 5369 :

2056 5399 2147 5454 sed
2175 5398 2307 5469 elige
2336 5400 2391 5451 in
2433 5412 2534 5466 quo
2575 5386 2878 5469 πέζας-ζει,
2917 5386 3097 5451 vitam,
3126 5396 3232 5445 etc.
3274 5386 3386 5443 Sed
3411 5402 3550 5469 “cum
3585 5386 3665 5443 le-

2057 5457 2296 5526 ctionem
2328 5457 2566 5524 nostram
2596 5465 2718 5521 cod.
2748 5462 2990 5518 Clarom.
3016 5468 3335 5528 cunctaeque
3360 5457 3493 5514 edit.
3526 5473 3665 5529 pra:-

2060 5542 2258 5609 lerant,
2286 5539 2549 5596 credibile
2575 5546 2661 5609 est
2688 5536 3041 5609 hiclacunam
3053 5529 3485 5609 esse-scriptoris
3512 5540 3665 5587 vete-

2062 5615 2137 5670 ris
2164 5601 2402 5684 alirujus
2422 5607 2774 5679 exemplaris,
2804 5604 2948 5660 unde
2974 5602 3284 5672 transcripti
3306 5601 3400 5657 alii
3428 5601 3664 5673 luerunt,

2062 5682 2467 5743 asoribendam.
