4042 6294
397 307 494 364 851

1760 277 2007 340 SANCTI
2044 271 2373 338 AHBROSII

3587 254 3680 312 £32

395 367 3643 436 _____________________________._____._—

1577 463 1923 549 LIBER
1998 455 2543 546 TERTIUS.

1728 590 2400 626 ’β-

821 715 982 791 361
1019 708 1248 770 CAPUT
1293 701 1581 764 PRIMUM.

415 847 585 914 Quare
613 842 668 897 in
694 836 948 908 baptismo
999 827 1219 885 demersi
1267 841 1328 881 ac
1358 821 1600 893 riuiﬁcati
1631 818 1884 890 recipiant
1912 829 2008 868 un-

480 943 725 1011 guentum
761 930 815 984 in
848 925 1036 998 capite,
1069 933 1114 977 et
1150 919 1275 992 quid
1303 919 1370 974 sit
1398 912 1717 988 rcgeneratio
1748 921 2008 1011 :qua.ra-.

485 996 625 1084 iione
645 1024 798 1080 etiam
827 996 921 1075 nos
951 1014 1109 1088 piscis
1151 1012 1207 1067 in
1233 1009 1366 1065 mari
1409 1005 1590 1064 sceculi
1621 1003 1777 1076 hujus
1817 996 2011 1053 imitari

484 1131 724 1177 naturam
741 1119 971 1186 oporteat
994 1109 1020 1163 7
1052 1104 1078 1162 l
1085 1117 1184 1162 tem
1205 1103 1270 1159 de
1289 1100 1536 1176 mysterio
1565 1095 1775 1153 lotiouis
1796 1091 2008 1166 pedum,

486 1213 636 1284 cujus
657 1184 784 1265 licet
814 1219 934 1259 usus
960 1201 1016 1257 in
1039 1198 1276 1255 Ecclesia
1324 1193 1561 1250 Romana
1613 1205 1717 1246 non
1765 1184 2008 1248 obtineat,

486 1306 686 1364 utilitas
713 1299 850 1357 haud
890 1312 1050 1369 parva
1079 1291 1398 1348 declaratur.

489 1467 540 1520 l.
581 1461 849 1520 Hesterno
873 1466 899 1494 ι
927 1454 1017 1510 die
1061 1451 1132 1508 de
1163 1450 1313 1505 fonte
1363 1443 1765 1517 disputavimus
1789 1483 1803 1508 ,
1857 1437 2018 1510 cujus

414 1560 629 1632 species
653 1553 821 1612 veluti
849 1548 1099 1622 qumdam
1123 1540 1564 1616 sepulcril'orma
1596 1547 1680 1594 est
1707 1553 1724 1603 ;
1749 1535 1804 1590 in
1834 1547 2016 1604 quem,

413 1631 702 1712 credentes
732 1649 786 1702 in
816 1644 1034 1701 Patrem
1057 1649 1112 1697 et
1144 1637 1340 1694 Filium
1365 1643 1421 1690 et
1450 1631 1712 1702 Spiritum
1744 1635 2017 1690 sanctum,

409 1747 706 1819 recipimur
751 1753 806 1800 et
863 1735 1239 1808 demergimur
1289 1739 1346 1786 et
1401 1726 1710 1797 surgimus,
1757 1723 1859 1778 hoc
1890 1728 2018 1783 est,

412 1818 824 1898 resuscitamur.
877 1829 1094 1900 Accipis
1142 1833 1324 1880 autem
1357 1821 1384 1859 ι’
1412 1821 1594 1898 μύρον,
1628 1818 1732 1871 hoc
1769 1820 1874 1880 est,
1922 1825 2024 1864 un-

413 1944 675 2010 guentum
707 1942 873 2000 supra
894 1932 1058 1994 caput
1081 1919 1186 1986 (De
1211 1918 1425 1973 (Zonsec.
1454 1913 1577 1968 dist.
1607 1909 1662 1977 8,
1686 1925 1731 1962 c.
1768 1903 2024 1975 Accepisti

415 1999 620 2102 ἧφι).
650 2024 830 2093 Quare
856 2033 1018 2089 supra
1049 2013 1250 2083 caput?
1281 2010 1420 2078 Quia
1451 2019 1648 2062 sensus
1674 2001 1937 2074 sapientis
1970 1999 2022 2052 in

2028 694 2081 756 Α
2111 689 2373 746 Producat
2395 700 2529 746 terra
2541 704 2606 744 ea:
2622 705 2676 746 se
2693 689 2923 759 fructum
2943 685 3312 759 germinantem
3338 679 3492 753 (Gen.
3519 693 3574 742 ιι,
3592 674 3695 746 ll).

2109 782 2371 840 Similiter
2399 790 2457 837 et
2497 780 2567 837 de
2610 779 2766 851 aquis
2795 777 2977 849 legisti
3010 795 3024 833 :
3059 775 3362 831 Producant
3403 785 3553 842 aqua:
3593 768 3697 824 auio

2110 879 2306 934 mantia
2337 876 2502 950 (Ibid,
2531 875 2649 950 20).
2681 886 2738 932 et
2771 884 2896 932 nata
2940 882 3068 931 sunt
3113 870 3435 929 animantia.
3468 867 3562 922 Illa
3591 865 3699 937 qui-

2112 975 2236 1030 dem
2267 973 2320 1030 in
2343 971 2614 1044 principio
2640 979 2909 1028 creatura:
2936 987 2948 1022 :
2980 967 3077 1024 sed
3110 966 3204 1022 tibi
3233 971 3577 1022 reservatum
3602 968 3697 1026 est,

2113 1067 2276 1142 362
2305 1078 2363 1123 ut
2385 1082 2524 1138 aqua
2549 1075 2600 1122 te
2628 1072 2918 1137 regeneret
2943 1062 3010 1118 ad
3035 1063 3292 1134 gratiam,
3313 1057 3457 1115 sicut
3482 1056 3588 1111 alia
3621 1069 3705 1126 κει

2117 1161 2327 1218 neravit
2353 1160 2420 1217 ad
2443 1159 2631 1214 vitam.
2675 1157 2898 1214 Imitare
2925 1155 3074 1212 illum
3100 1154 3307 1224 piscem
3331 1149 3424 1223 qui
3450 1147 3702 1205 minorem

2116 1255 2332 1329 quidem
2371 1254 2602 1324 adeptus
2627 1261 2711 1309 est
2731 1251 2998 1324 gratiam;
3043 1258 3228 1305 tamen
3248 1245 3416 1302 debet
3460 1241 3558 1298 tibi
3595 1254 3706 1296 esse

2119 1348 2404 1406 miraculo.
2458 1346 2516 1402 lu
2549 1345 2684 1401 mari
2715 1355 2822 1412 est,
2851 1353 2908 1400 et
2930 1357 3096 1414 super
3123 1341 3297 1398 undas
3335 1347 3460 1395 est:
3491 1336 3544 1392 in
3585 1331 3706 1389 mari

2119 1452 2223 1510 est,
2255 1452 2309 1497 et
2336 1455 2500 1514 super
2525 1438 2725 1494 ﬂuctus
2751 1446 2923 1494 natat.
2955 1435 3015 1491 In
3064 1434 3200 1491 mari
3249 1441 3549 1502 tempestas
3573 1425 3708 1494 furit,

2120 1534 2361 1592 stridunt
2391 1532 2643 1603 procellae
2675 1549 2688 1586 :
2723 1530 2823 1588 sed
2853 1530 3016 1602 piscis
3063 1536 3252 1594 natat,
3307 1540 3414 1581 non
3454 1521 3710 1591 demergi-

2124 1639 2242 1694 tur;
2280 1639 2303 1666 ε’
2333 1628 2458 1700 quia
2484 1637 2674 1682 natare
2717 1624 3025 1682 consuevit.
3057 1622 3200 1694 Ergo
3225 1629 3282 1676 et
3306 1618 3404 1675 tibi
3425 1615 3532 1672 hoc
3557 1629 3714 1671 sacu-

2125 1723 2235 1779 lum
2268 1737 2418 1776 mare
2447 1728 2548 1775 est.
2585 1718 2759 1774 liabet
2783 1716 3030 1773 diversos
3061 1715 3280 1779 ﬂuctus,
3310 1711 3488 1768 undas
3512 1723 3710 1782 graves,

2127 1831 2298 1872 smvas
2351 1821 2724 1885 tempestates.
2777 1813 2842 1868 Et
2895 1822 2948 1866 tu
2979 1821 3098 1867 esto
3130 1809 3314 1881 piscis,
3365 1815 3426 1862 ut
3451 1803 3632 1861 seculi
3668 1813 3716 1858 te

2129 1909 2274 1966 unda
2305 1926 2409 1963 non
2442 1916 2671 1978 mergat.
2704 1905 2938 1962 Pulchre
2980 1917 3164 1960 autem
3197 1901 3358 1957 Pater
3387 1898 3520 1956 dicit
3544 1896 3608 1952 ad
3637 1895 3719 1950 Fi-

2129 2006 2292 2061 lium:
2318 2001 2434 2074 Ego
2459 1999 2617 2056 hodie
2642 1999 2795 2072 genui
2817 2009 2863 2053 te
2889 1996 3062 2072 (l’sal.
3081 2012 3143 2062 ιι,
3163 1994 3244 2068 7),
3269 1994 3372 2048 hoc
3386 2001 3493 2059 est,
3515 1987 3718 2063 quando

418 2087 596 2194 cavpite
623 2087 1044 2188 ejus,Salomon
1093 2111 1170 2165 ait
1195 2106 1426 2181 (Eccles.
1455 2120 1516 2169 ιι,
1551 2100 1668 2172 M);
1701 2098 1860 2169 friget
1882 2093 2028 2152 enim
2061 2093 2417 2174 Bredemisti
2473 2092 2754 2164 populum,
2802 2089 3021 2162 quando
3061 2087 3130 2144 ad
3175 2088 3298 2144 coeli
3350 2099 3580 2156 regnum
3629 2097 3720 2134 vo-

419 2186 686 2284 sapientia
718 2207 839 2264 sine
883 2203 1095 2276 gratia:
1131 2212 1152 2240 ο
1178 2198 1277 2257 sed
1342 2198 1434 2252 ubi
1472 2194 1708 2266 gratiam
1751 2186 2030 2260 acceperit

421 2281 712 2376 sapientia,
759 2311 885 2353 tunc
929 2311 1066 2366 opus
1111 2292 1230 2364 ejus
1282 2289 1474 2360 incipit
1523 2301 1649 2344 esse
1705 2281 2028 2356 perfectum.

423 2398 553 2456 ﬂare
578 2393 920 2467 regeneratio
947 2389 1169 2447 dicitur.

498 2492 554 2548 2.
594 2489 734 2560 Quid
761 2497 846 2544 est
879 2480 1266 2556 regeneratio?
1298 2478 1478 2536 Habes
1531 2478 1582 2533 in
1622 2474 1848 2532 Actibus
1901 2487 2035 2542 apo-

428 2585 698 2642 stolorum
747 2580 888 2653 (Act.
943 2594 1076 2646 xm,
1118 2574 1239 2646 55),
1271 2571 1417 2644 quod
1450 2573 1543 2628 ille
1583 2567 1886 2625 versiculus
1941 2565 2035 2637 qui

429 2679 631 2738 dicitur
655 2678 708 2734 in
752 2675 962 2748 psalmo
990 2669 1236 2729 secundo
1269 2687 1282 2724 :
1316 2665 1492 2723 Filius
1542 2681 1687 2720 meus
1733 2678 1785 2718 es
1823 2672 1897 2728 tu,
1942 2676 2036 2732 ego

433 2773 586 2828 hodie
614 2771 767 2844 genui
798 2779 862 2835 te,
897 2765 966 2824 ad
997 2763 1458 2822 resurrectionem
1487 2769 1736 2829 spectare
1763 2754 2034 2811 videatur.

433 2865 679 2936 Namque
705 2871 925 2919 sanctus
952 2858 980 2898 ιι
1016 2857 1299 2930 apostolus
1327 2855 1520 2911 Petrus
1550 2853 1604 2908 in
1635 2850 1864 2908 Actibus
1907 2862 2042 2918 apo-

435 2961 700 3018 stolomm
733 2958 815 3012 sic
841 2957 1230 3025 interpretatus
1251 2946 1522 3020 est,quod
1549 2956 1679 3002 tunc
1707 2941 1926 3016 quando
1957 2957 2042 2996 re-

436 3054 676 3113 surrexit
715 3051 886 3108 Filius
915 3064 944 3103 a
983 3047 1237 3110 mortuis,
1272 3043 1453 3099 Patris
1497 3056 1604 3096 vox
1648 3035 2040 3096 resultaverit:

439 3148 618 3205 Filius
664 3163 808 3202 meus
849 3161 905 3200 es
956 3152 1036 3210 tu,
1066 3157 1160 3211 ego
1189 3138 1342 3194 hodie
1389 3135 1544 3208 genui
1571 3131 1830 3205 te(Psal.
1865 3146 1924 3197 ιι,
1948 3127 2040 3202 7).

442 3241 595 3298 Unde
622 3250 674 3296 et
700 3235 1096 3310 primogenitus
1125 3247 1156 3288 a
1179 3229 1413 3288 mortuis
1434 3227 1654 3284 dicitur.
1685 3225 1829 3295 Ergo
1855 3237 2042 3279 resur-

439 3338 611 3394 rectio
631 3333 762 3406 quid
786 3342 896 3399 est,
921 3329 1028 3386 nisi
1050 3325 1268 3400 quando
1287 3325 1357 3381 de
1384 3330 1561 3380 morte
1583 3319 1654 3376 ad
1676 3321 1842 3375 vitam
1867 3331 2049 3374 resur-

418 3433 618 3505 gimus
644 3429 668 3481 ?
695 3427 789 3483 Sic
833 3438 964 3495 ergo
1009 3429 1065 3478 et
1090 3421 1144 3476 in
1175 3417 1534 3489 baptismate,
1563 3412 1820 3486 quoniam
1851 3409 2046 3465 simili-

2129 2191 2290 2256 casti,
2319 2187 2538 2262 quando
2590 2186 2832 2258 implesti
2879 2185 3218 2240 voluntatem
3255 2195 3464 2244 meam,
3500 2174 3726 2250 probasti

2133 2298 2315 2340 meum
2345 2296 2468 2337 esse
2491 2288 2546 2335 te
2576 2279 2796 2335 Filium.

2204 2379 2258 2433 Δ.
2298 2375 2606 2434 Ascendiin
2636 2373 2706 2430 de
2735 2373 2906 2440 fonte,
2937 2370 3066 2444 quid
3096 2376 3340 2426 secutum
3369 2366 3499 2424 est?
3529 2360 3729 2422 Audisti

2136 2472 2451 2529 lectionem.
2516 2468 2531 2506 τ
2592 2467 2918 2526 Succinctus
2968 2479 3214 2520 smnmus
3269 2459 3556 2528 sacerdos,
3615 2458 3733 2514 licet

2137 2569 2283 2626 enim
2324 2576 2380 2624 et
2407 2563 2714 2638 presbyteri
2745 2561 2996 2629 fecerint,
3027 2569 3210 2615 tamen
3254 2554 3540 2614 exordium
3584 2551 3736 2610 mini—
3791 2568 3794 2576 '

2137 2663 2291 2722 sterii
2336 2677 2366 2716 a
2412 2673 2626 2716 Sttllllllo
2654 2669 2737 2714 est
2761 2655 3073 2713 sacerdote.
3113 2651 3460 2717 Succinctus,
3493 2648 3730 2720 inquam,

2139 2768 2388 2812 summus
2412 2749 2676 2808 sacerdos
2699 2747 2868 2820 pedes
2920 2745 3019 2802 tibi
3068 2744 3225 2801 lavit.
3274 2741 3430 2813 Quod
3472 2751 3556 2798 est
3604 2737 3740 2796 istud

2142 2849 2505 2924 mysterium?
2535 2845 2749 2902 Audisti
2782 2843 2967 2916 utique
2996 2843 3121 2912 quia
3151 2839 3418 2897 Dominus
3441 2853 3562 2894 cum
3589 2835 3746 2892 lavis~

2142 2952 2229 3000 set
2253 2939 2535 3012 discipulis
2563 2939 2686 2994 aliis
2717 2936 2903 3006 pedes,
2935 2937 3086 2992 velut
3109 2933 3176 2989 ad
3205 2933 3426 2988 Petrum
3445 2973 3462 3000 ,
3485 2938 3546 2988 et
3570 2930 3646 2986 ait
3665 2927 3748 2984 illi

2143 3037 2342 3092 Petrus
2400 3052 2414 3089 :
2471 3032 2548 3087 Tu
2605 3030 2732 3086 ntihi
2767 3030 2910 3086 lavas
2961 3028 3118 3103 pedes
3147 3025 3333 3101 (Joan.
3363 3042 3482 3090 xm,
3513 3023 3752 3096 8)?lloc

2146 3139 2251 3198 est,
2277 3139 2334 3185 tu
2363 3127 2619 3184 dominus
2659 3140 2820 3182 servo
2866 3124 3015 3180 lavas
3043 3122 3254 3194 pedes?
3287 3131 3344 3178 tu
3377 3119 3756 3178 immaculata:

2147 3222 2280 3280 mihi
2311 3221 2462 3276 lavas
2493 3221 2661 3292 pedes
2685 3219 2710 3274 2
2739 3225 2794 3274 ιιι
2823 3226 3016 3274 auctor
3041 3216 3306 3272 caelorum
3327 3214 3464 3271 mibi
3496 3213 3644 3270 lavas
3663 3225 3754 3283 pe.

2148 3317 2292 3374 des?
2322 3315 2500 3372 Habes
2529 3315 2632 3370 hoc
2665 3322 2721 3368 et
2766 3313 2897 3370 alibi
2931 3328 2946 3367 :
3006 3311 3154 3368 Venit
3185 3311 3253 3366 ad
3292 3309 3576 3376 Joannem,
3607 3317 3657 3364 et
3681 3307 3758 3362 ait

2147 3413 2233 3468 illi
2276 3410 2509 3466 Joannes
2532 3425 2551 3464 :
2583 3407 2697 3481 Ego
2724 3424 2756 3463 a
2784 3419 2832 3463 te
2857 3406 3014 3463 debeo
3055 3405 3341 3476 baptizari,
3367 3415 3415 3460 et
3440 3414 3497 3459 tu
3524 3403 3661 3458 uenis
3685 3401 3759 3456 ad

449 3497 580 3578 inde
614 3517 807 3575 mortis
833 3527 939 3584 est,
965 3513 1085 3569 sine
1107 3512 1273 3568 dubio
1298 3511 1425 3566 dum
1455 3507 1660 3578 mergis
1685 3515 1739 3562 ct
1782 3501 2043 3575 resurgis,
2076 3505 2121 3570 ο
2154 3522 2233 3562 me
2259 3503 2477 3579 (Matth.
2522 3519 2601 3564 ιιι,
2654 3502 2792 3576 lt)?
2823 3503 2934 3570 Ego
2962 3516 3082 3558 sum
3118 3509 3398 3574 peccator,
3428 3507 3486 3556 et
3516 3511 3576 3554 tu
3611 3497 3762 3554 venis

446 3610 751 3672 similitudo
787 3609 846 3664 lit
885 3603 1325 3664 resurrectionis.
1357 3603 1520 3660 llecte
1549 3601 1730 3670 itaque
1757 3595 2056 3654 secundum

455 3699 963 3774 interpretationem
1013 3695 1251 3768 apostoli
1307 3693 1455 3749 Petri
1509 3692 1652 3751 sicut
1705 3692 1800 3746 illa
1865 3703 2050 3744 resur-

455 3799 630 3854 rectio
664 3791 1005 3865 rcgeneratio
1051 3789 1169 3850 fuit.
1199 3788 1274 3844 ita
1305 3795 1361 3844 et
1399 3787 1502 3842 ista
1545 3784 1874 3842 resurrectio
1904 3796 2057 3853 rcge-

461 3887 670 3946 neratio
692 3894 800 3942 est.

455 4025 469 4036 .
531 3982 586 4038 ὅ.
631 3979 738 4037 Sed
767 3975 894 4050 quid
919 3975 1056 4032 dicis
1081 3973 1210 4046 quia
1237 3972 1292 4029 in
1320 3986 1514 4044 aquam
1538 3970 1778 4041 mergis?
1805 3968 1931 4026 Ideo
1967 3983 2064 4040 pe-

461 4073 780 4148 regrinaris,
807 4071 933 4128 ideo
952 4079 1006 4127 te
1026 4068 1295 4126 dubitatio
1319 4065 1502 4123 tenet?
1526 4065 1785 4138 Legimus
1808 4065 2064 4137 quidem:

534 4208 558 4234 ιι
590 4194 796 4252 Vocula
822 4192 906 4247 die
953 4191 1009 4246 in
1040 4205 1174 4246 mss.
1205 4203 1380 4261 prope
1405 4187 1659 4261 omnibus
1678 4187 2060 4261 desideratur;

461 4269 557 4328 sed
587 4277 761 4322 exstat
784 4267 837 4320 in
862 4263 997 4320 edit.
1043 4259 1347 4317 omnibus:
1372 4259 1514 4330 quod
1539 4272 1718 4330 autem
1743 4259 1904 4314 [ἰοιιι.
1928 4260 2062 4315 edit.

461 4341 585 4412 ψεῖ
617 4339 680 4394 de
706 4341 866 4406 fonte.
896 4333 1250 4403 subjnnxerat
1276 4329 1616 4399 baptismatis,
1648 4329 1698 4386 id
1746 4331 1864 4387 sine
1885 4331 2066 4402 cujus-

469 4428 629 4462 nttant
655 4407 910 4462 snli't'attio
939 4406 1166 4461 fecerat.

547 4430 571 4462 :I
580 4428 629 4462 111
655 4427 754 4462 81111
765 4427 910 4462 ΙὩΠΙΟ
939 4427 1142 4461 ιϐεειτῖιι
1152 4443 1166 4456 υ

469 4411 629 4484 quam
655 4411 910 4476 sitll'ragio
939 4411 1166 4461 fecerat.

539 4481 565 4520 ι’
595 4480 799 4536 Omnes
828 4476 960 4533 edit.
1003 4489 1067 4530 ac
1097 4489 1230 4545 mss.
1255 4474 1415 4545 longe
1429 4543 1446 4545 ι
1459 4471 1709 4545 plurimi,
1743 4475 2063 4545 mysterium,

471 4555 566 4608 hoc
606 4561 700 4616 est,
736 4557 1088 4620 unguentum;
1133 4543 1372 4620 Gemet.,
1424 4543 1647 4600 Pratell.
1698 4543 1944 4620 Cmnom.
2004 4563 2068 4602 ac

469 4625 676 4681 'l‘eller.
711 4625 760 4677 l.
801 4617 1096 4685 prml'erunt
1127 4617 1320 4691 partim
1372 4631 1607 4671 murram
1631 4657 1646 4682 ,
1701 4617 1894 4686 partim
1927 4635 2067 4691 myr-

471 4713 611 4758 ram,
659 4701 764 4748 etc.
794 4691 900 4747 Sed
949 4691 1262 4768 legendum_
1293 4691 1712 4768 pbpoueamque
1749 4705 2064 4768 germanam

477 4769 765 4824 lectionem
796 4777 918 4818 e~se
945 4759 1106 4818 nemo
1132 4759 1389 4816 cordatus
1436 4759 1535 4817 ibit
1566 4759 1793 4816 inlicias.
1830 4764 1898 4816 At
1927 4762 2068 4817 infra

477 4855 574 4908 pro
611 4837 700 4893 sed
750 4837 832 4908 ubi
879 4832 1134 4908 gratiam,
1159 4845 1323 4908 ‘ete.,
1350 4847 1510 4908 _mss.
1559 4848 1668 4908 non
1701 4835 1855 4902 pauci
1889 4835 2066 4890 locum

479 4904 548 4966 ita
585 4907 920 4965 contrahunt
949 4905 1086 4978 :sed
1115 4904 1200 4959 ubi
1225 4905 1394 4976 gratia
1417 4906 1624 4976 eruperit
1665 4921 1773 4960 esse
1817 4909 2068 4978 perfecta,

479 4986 589 5039 htt’c
611 4979 930 5054 rcgenet'alio
956 4977 1168 5054 dicitur.

2165 3599 2232 3657 ad
2265 3615 2351 3655 me
2380 3607 2744 3672 peceatorem,
2765 3607 2824 3653 ut
2849 3606 2942 3652 tua
2961 3598 3112 3668 quasi
3140 3606 3362 3667 peccata
3384 3594 3646 3666 deponas,
3667 3591 3762 3663 qui

2161 3704 2442 3765 peccatum
2471 3708 2579 3748 non
2611 3691 2852 3748 ieceris?
2882 3689 3021 3747 Vide
3062 3705 3282 3745 omnem
3319 3689 3612 3760 justitiam,
3641 3684 3766 3742 vide

2165 3786 2552 3852 humilitatem,
2585 3785 2711 3841 vide
2749 3784 3004 3857 gratiam,
3054 3783 3180 3840 vide
3227 3783 3710 3840 sanctiﬁcationem
3746 3796 3763 3834 :

2167 3879 2291 3937 Nisi
2335 3882 2528 3947 lavero,
2561 3880 2760 3952 inquit,
2795 3880 2886 3935 tibi
2937 3880 3112 3952 pedes,
3166 3896 3269 3935 non
3316 3877 3526 3934 habebis
3571 3893 3768 3934 mecum

2170 3986 2391 4048 partem.

2244 4069 2297 4124 5.
2341 4067 2457 4124 Non
2491 4068 2803 4140 ignoramus
2831 4066 2978 4139 quod
3002 4078 3028 4116 κ
3056 4066 3298 4124 Ecclesia
3347 4066 3590 4123 Romana
3628 4063 3772 4123 hanc

2249 4200 2271 4226 ο
2304 4188 2544 4246 Claram.
2573 4187 2721 4258 cod.,
2747 4189 2870 4260 quia
2911 4201 3098 4244 natura
3128 4188 3411 4244 consuevit.
3448 4189 3544 4245 llic
3588 4198 3770 4245 autem

2172 4263 2328 4318 locus
2357 4276 2422 4317 ex
2445 4260 2556 4316 illis
2586 4276 2727 4316 unus
2749 4271 2855 4326 est,
2897 4276 3060 4332 quem
3108 4260 3513 4332 subsanuarunt
3563 4262 3778 4318 hetero-

2173 4333 2320 4390 duxi.
2349 4333 2454 4390 Sed
2507 4332 2582 4387 illi
2611 4331 2929 4405 discantab
2951 4333 3252 4405 Augustino
3285 4331 3384 4388 Dei
3416 4348 3584 4402 opera
3623 4349 3776 4390 com-

2175 4406 2358 4461 munia
2377 4414 2431 4462 et
2458 4404 2774 4476 quotidiana
2791 4403 3207 4461 admirationem
3229 4419 3330 4476 per
3345 4419 3405 4461 se
3427 4413 3630 4460 tantam
3661 4420 3778 4461 me-

2176 4479 2306 4541 reri,
2333 4486 2593 4548 quantam
2617 4477 2852 4548 maxime
2879 4476 3338 4548 extraordinaria.

2252 4548 2271 4586 ί
2303 4546 2430 4604 Gill.
2457 4558 2512 4604 et
2540 4547 2700 4602 Rom.
2731 4546 2892 4612 edit.,
2925 4547 3230 4605 Succinctus
3251 4559 3325 4604 est
3350 4566 3582 4606 sumntus
3605 4565 3776 4605 sacer-

2170 4619 2285 4676 dos.
2313 4618 2533 4674 Amerb.
2563 4629 2620 4674 et
2651 4619 2832 4679 Eras..
2868 4618 3147 4676 Succintus
3171 4630 3246 4676 est
3273 4622 3518 4678 sacerdos
3546 4639 3567 4676 :
3594 4622 3771 4677 cuncti

2171 4701 2353 4747 autem
2393 4705 2525 4746 mss.
2555 4691 2813 4745 omittunt
2837 4692 3069 4762 verbum
3108 4703 3203 4756 est,
3259 4691 3478 4762 plurimi
3509 4694 3672 4749 etiam
3715 4694 3774 4748 in

2171 4763 2366 4832 quibus
2408 4769 2464 4816 et
2510 4763 2876 4832 antiquissimi
2925 4761 3269 4832 adjecdvum’
3300 4762 3388 4818 hic
3433 4772 3600 4835 atque
3637 4764 3775 4818 intra
3817 4818 3836 4826 _

2171 4850 2400 4888 summus
2421 4841 2476 4888 et
2500 4850 2698 4887 summa
2735 4847 2842 4888 non
2871 4842 3191 4904 agnoscunt.
3225 4835 3480 4890 Attamen
3519 4835 3779 4890 usitatum

2173 4914 2292 4988 erat
2322 4904 2705 4988 istisismculis,
2729 4915 2788 4988 ut
2817 4906 3118 4988 episcopus
3137 4904 3340 4988 sumini
3363 4906 3686 4970 sacerdotis,
3714 4922 3782 4962 ac

2175 4977 2522 5048 episcopatus
2577 4977 3119 5048 snmmisacerdotii
3171 4978 3396 5032 nomine
3431 4988 3781 5033 vocarentur.

551 5067 575 5094 ο
607 5027 729 5108 Μὲε.
763 5065 868 5105 ιιοιι
895 5049 1046 5120 pauci
1073 5089 1088 5121 ,
1123 5027 1342 5121 sedubi
1364 5047 1535 5121 gratia
1563 5049 1772 5119 cmperit
1819 5064 1927 5104 esse
1955 5063 2072 5118 ρετ·
2103 5027 2149 5088 [³
2177 5027 2355 5121 ﬁliai
2369 5027 3015 5121 Ertio.ptaui'mﬁoéni
3034 5027 3414 5118 ίιδξθιῖῐξνὶὶῖ,

479 5131 640 5203 ῙρσςιιΔ
668 5123 774 5178 lucc
801 5118 1119 5203 regeneratio
1147 5118 1360 5203 dicitur.

548 5195 578 5236 ἀ
606 5197 763 5251 llom.
788 5189 921 5248 edit.
953 5191 1090 5258 sola,
1121 5190 1388 5264 apostolus
1421 5189 1638 5246 Paulus.
1662 5192 1726 5264 Et
1755 5191 1950 5264 iterum
1971 5189 2072 5264 sub

480 5270 640 5324 linem
695 5265 852 5336 hujus
888 5279 1072 5336 num.,
1122 5262 1886 5336 interpretationemAApostoli
1937 5262 2074 5336 sicut

470 5341 588 5405 illa,
646 5333 901 5395 etcCScd
945 5336 1224 5390 meruerim
1259 5333 1482 5403 lapsum
1533 5333 1802 5388 malumus
1858 5333 2072 5388 auctori

479 5410 798 5477 attribuere,
823 5420 982 5478 quam
1007 5417 1298 5478 corruptos
1353 5420 1544 5460 omnes
1588 5413 1653 5478 ει⁸
1675 5419 1806 5478 mss.
1861 5415 1917 5459 et
1961 5413 2070 5478 vel.

479 5482 614 5536 edit.
643 5475 976 5536 existimare.
1001 5477 1274 5532 Continuo
1297 5491 1425 5530 vero
1455 5484 1576 5542 pest
1603 5475 1692 5529 ubi
1721 5490 1913 5530 omnes
1940 5475 2072 5529 edit.

483 5567 547 5607 ac
570 5567 702 5608 mss.
732 5550 973 5620 aliquot,
1020 5549 1151 5620 sicut
1198 5547 1292 5601 illa
1334 5547 1638 5600 resurrectio
1664 5547 1926 5620 generatio
1944 5546 2074 5620 fuit,

486 5623 668 5690 plures
695 5635 760 5677 ac
786 5616 1026 5692 potiores
1056 5619 1356 5684 habent,...
1405 5616 1722 5692 regeneratio
1752 5619 1870 5688 fuit.
1927 5616 2077 5692 Alte-

487 5688 606 5774 ram
652 5688 841 5774 autem
866 5701 1072 5774 partem
1116 5704 1408 5773 is'..n0ll
1443 5691 1610 5773 pauci.
1651 5690 1930 5774 inverlutrt
1974 5688 2078 5772 hoc

483 5763 666 5828 modo,
693 5763 781 5834 ita,
792 5771 842 5834 et
861 5759 1311 5834 istayregeneratio
1337 5761 1641 5816 resurrectio
1661 5769 1738 5818 est
1766 5777 1786 5828 ;
1807 5759 2002 5834 reliqui
2021 5769 2076 5817 et

477 5843 686 5896 cuncta:
717 5832 850 5890 edit.
883 5832 1022 5888 utin
1050 5832 1222 5889 textu.

2182 5120 2278 5174 ιιι».
2313 5121 2378 5192 de
2413 5119 2684 5192 Mysteriis
2707 5135 2827 5192 cap.
2859 5119 2914 5186 ‘2,
2944 5135 3095 5192 num.
3118 5121 3401 5192 6,pra:bet
3426 5119 3782 5192 Ambrosius:

2180 5191 2404 5248 secundi
2439 5189 2685 5262 probatio
2706 5201 2790 5246 est
2816 5191 2869 5246 in
2892 5193 3014 5261 ejus
3042 5191 3148 5247 vita
3177 5189 3318 5262 apud
3351 5191 3670 5257 Paulinum;
3698 5190 3789 5248 hic

2179 5263 2324 5317 enim
2351 5265 2428 5318 ait
2455 5279 2468 5312 :
2502 5261 2686 5316 Flebat
2711 5263 3034 5335 amarissime
3049 5263 3471 5335 quotiescumque
3494 5263 3630 5332 forte
3648 5280 3787 5317 nun—

2179 5335 2361 5388 tiatum
2401 5335 2482 5388 illi
2529 5337 2694 5404 fuerat
2738 5334 2803 5388 de
2845 5337 3214 5405 cujuscumque
3237 5334 3784 5390 obitu'sacerdotis....

2179 5405 2704 5489 gitimdifﬁcileesset
2735 5407 2963 5489 inuenire
2993 5421 3181 5470 utrum,
3211 5407 3301 5489 qui
3325 5406 3792 5489 summo_sacerd9-

2179 5478 2252 5531 tio
2273 5475 2460 5546 dignus
2487 5476 2778 5530 haberetur.
2807 5475 3006 5533 lterum
3034 5485 3219 5532 autem
3248 5477 3350 5533 hoc
3380 5480 3502 5542 ipsis
3529 5478 3671 5544 loco,
3693 5477 3788 5533 ubi

2182 5561 2372 5604 Omnes
2400 5550 2532 5603 edit.
2566 5549 2853 5619 pluresque
2879 5564 3040 5614 mss.,
3073 5550 3346 5604 exordium
3367 5549 3664 5612 ministerii,
3695 5549 3791 5604 alii

2181 5635 2315 5746 mss;
2347 5621 2626 5686 exhibent,
2681 5623 3058 5677 consummatio
3104 5621 3358 5693 mysterii.
3411 5621 3590 5678 Minus
3633 5635 3792 5678 com-

2181 5705 2272 5746 mo
2314 5707 2364 5746 e.
3256 5735 3264 5740 .

2181 5705 2364 5747 111000.
3256 5735 3264 5740 .

2254 5771 2278 5810 8
2309 5763 2443 5832 Qua:
2485 5763 2551 5836 de
2585 5763 2690 5820 hoc
2748 5765 2853 5819 lilu
2883 5761 2980 5836 lib.
3013 5763 3085 5822 de
3111 5763 3384 5836 Mysteriis
3413 5779 3538 5836 cap.
3567 5762 3622 5836 6.
3668 5777 3792 5836 me-

2181 5843 2482 5902 morantur,
2511 5833 2613 5894 brc
2641 5835 2765 5894 loco
2789 5835 3138 5910 explicantur
3163 5833 3329 5910 paulo
3349 5833 3544 5896 iusius.
3574 5835 3794 5897 Etenim
