4042 6294
287 324 398 379 433

289 537 578 606 sequimur
628 551 682 597 et
731 544 956 598 fortnam
993 564 1003 598 :
1041 544 1178 602 hanc
1211 557 1388 603 tamen
1440 549 1890 606 consuetudinem

288 647 400 686 non
439 634 624 700 habet,
661 647 711 690 ut
748 639 908 708 pedes
943 639 1103 693 lavet.
1149 639 1284 697 Vide
1309 657 1457 712 ergo.
1503 642 1638 698 forte
1671 657 1892 714 preptcr

287 725 699 784 multitudinem
752 730 1061 786 declinavit.
1118 733 1259 788 Sunt
1295 742 1473 790 tamen
1507 735 1595 806 qui
1627 737 1809 792 dicant
1839 749 1891 792 et

284 831 550 876 excusare
581 832 870 888 conentur,
903 825 1024 896 quia
1057 825 1159 882 hoc
1182 845 1287 880 non
1321 828 1371 883 in
1404 832 1664 902 mysterio
1693 831 1892 886 facien-

281 913 414 968 dum
440 924 544 980 est,
575 933 681 971 non
711 918 872 991 363
903 920 953 974 in
982 920 1327 990 baptismate,
1362 941 1467 978 non
1520 927 1570 978 in
1601 942 1889 995 regenera-

284 1006 435 1061 tione
460 1025 472 1060 :
498 1008 593 1062 sed
626 1014 782 1080 quasi
809 1012 1007 1082 hospiti
1030 1013 1194 1082 pedes
1220 1014 1430 1069 lavandi
1459 1016 1587 1070 sint.
1623 1017 1782 1070 Aliud
1809 1027 1891 1070 est

283 1098 636 1167 humilitatis,
664 1101 811 1158 aliud
840 1103 1306 1160 sanetilicationis.
1346 1107 1584 1177 Denique
1614 1109 1736 1163 audi
1765 1109 1887 1180 quia

285 1203 306 1226 ε·
344 1194 660 1265 mysterium
686 1204 771 1250 est
815 1206 868 1251 et
905 1199 1262 1253 sanetitieatio
1291 1217 1303 1254 :
1336 1198 1458 1253 Nisi
1484 1201 1654 1254 lavero
1684 1203 1775 1255 tibi
1802 1220 1889 1271 pe-

279 1285 397 1352 des,
427 1302 528 1341 non
553 1286 765 1342 habebis
794 1305 995 1344 mecum
1033 1295 1231 1360 partem
1266 1291 1447 1362 (Joan.
1495 1309 1588 1348 xm
1617 1335 1632 1359 ,
1666 1294 1746 1365 8).
1778 1295 1890 1350 Hoc

283 1377 416 1434 ideo
441 1379 587 1446 dico,
622 1395 728 1436 non
756 1382 900 1454 quod
928 1383 1066 1439 alios
1091 1385 1510 1456 reprehendam,
1541 1388 1635 1443 sed
1668 1405 1784 1442 mea
1810 1390 1890 1444 of-

281 1473 407 1528 ficia
442 1475 558 1545 ipse
587 1477 994 1535 commendem.
1035 1477 1091 1534 In
1123 1479 1378 1536 omnibus
1418 1483 1575 1554 cupio
1606 1485 1762 1554 sequi
1790 1484 1890 1540 Ec-

277 1567 507 1622 clesiam
538 1568 835 1625 Romanam
879 1589 891 1625 :
922 1571 1017 1627 sed
1049 1581 1229 1628 tamen
1267 1586 1320 1629 et
1350 1589 1448 1630 nos
1489 1575 1739 1632 homines
1767 1593 1890 1633 sen-

274 1677 402 1716 snm
438 1662 733 1728 habemus;
764 1663 888 1719 ideo
915 1665 1061 1734 quod
1091 1667 1223 1722 alibi
1277 1670 1479 1725 rectius
1523 1682 1803 1741 servatur,
1835 1682 1890 1729 et

276 1771 381 1812 nos
410 1757 610 1812 rectius
635 1759 994 1815 custodimus.

346 1848 403 1904 6.
435 1847 609 1917 Ipsum
644 1852 922 1922 sequimur
972 1855 1281 1922 apostolum
1314 1855 1554 1920 Petrum,
1592 1860 1760 1928 ipsius
1813 1860 1886 1914 iu-

274 1941 550 1998 luercmus
580 1946 875 2002 devotioni.
923 1949 1003 2002 Ad
1036 1951 1139 2004 hoc
1189 1949 1434 2006 Ecclesia
1482 1952 1722 2008 Romana
1756 1956 1886 2026 quid

269 2036 610 2105 respondet?
641 2037 840 2110 Utique
866 2041 980 2111 ipse
1001 2052 1194 2097 auctor
1227 2055 1308 2098 est
1335 2046 1496 2101 nobis
1518 2045 1680 2117 hujus
1708 2064 1886 2105 asser-

271 2129 442 2185 tionis
482 2131 677 2187 Petrus
705 2136 1008 2203 apostolus.
1059 2137 1148 2205 qui
1194 2139 1452 2195 sacerdos
1500 2141 1601 2196 fuit
1623 2141 1884 2198 Ecclesim

266 2223 555 2279 Romamn.
591 2225 709 2296 ipse
732 2227 926 2284 Petrus
950 2229 1024 2282 ait
1055 2246 1067 2282 :
1103 2229 1345 2300 Domine,
1378 2250 1479 2288 non
1510 2236 1678 2289 solani
1708 2237 1880 2305 pedes,

266 2317 367 2373 sed
421 2320 573 2373 etiam
627 2338 811 2375 manus
853 2332 900 2376 et
945 2334 1104 2394 caput
1138 2322 1333 2398 (Ibid.,
1386 2326 1464 2396 9).
1517 2326 1651 2383 Vide
1691 2328 1880 2386 fidem.

267 2411 432 2479 Quod
469 2423 597 2471 ante
636 2417 939 2483 excusavit,
965 2417 1290 2477 humilitatis
1322 2419 1423 2477 fuit
1461 2439 1474 2477 :
1517 2423 1661 2494 quod
1694 2433 1879 2496 postea

267 2505 296 2544 ι)
316 2507 537 2575 obtulit,
561 2509 875 2566 devotionis
902 2523 957 2568 et
982 2512 1132 2570 fidei.

345 2602 401 2655 7.
431 2601 736 2672 Respondit
761 2603 836 2659 illi
862 2604 1144 2670 Dominus,
1175 2607 1296 2675 quia
1335 2608 1551 2663 dixerat
1601 2625 1793 2665 manus
1824 2621 1878 2666 et

264 2695 606 2765 caput:Qui
660 2699 804 2763 lavit,
850 2715 952 2753 non
1008 2716 1209 2755 necesse
1259 2701 1406 2754 habet
1447 2702 1632 2755 iterum
1680 2705 1872 2768 lavare,

265 2789 370 2843 nisi
399 2799 454 2842 ut
477 2790 614 2845 solos
650 2791 804 2859 pedes
831 2792 964 2846 lavet
1007 2791 1196 2865 (Ibid,
1228 2794 1337 2860 10).
1358 2793 1539 2860 Quare
1568 2795 1668 2849 hoc
1695 2795 1871 2863 ?Quia

266 2884 322 2938 in
377 2884 705 2954 baptismate
752 2886 930 2941 omnis
980 2887 1140 2956 culpa
1182 2886 1429 2941 diluitur.
1469 2887 1693 2942 Recedit
1747 2905 1876 2958 ergo

262 2976 430 3043 culpa
465 2993 477 3029 :
511 2976 607 3032 sed
655 2978 779 3047 quia
829 2979 1001 3033 Adam
1051 2979 1437 3050 supplantatus
1490 2995 1520 3034 a
1549 2979 1768 3035 diabolo
1790 2992 1870 3036 est

262 3069 428 3140 (Gen.
461 3085 540 3133 ιιι,
578 3070 659 3141 6),
685 3081 740 3126 et
786 3086 1056 3127 venenum
1102 3073 1153 3126 ei
1184 3072 1415 3128 effluunt
1448 3083 1530 3127 est
1585 3088 1744 3144 supra
1780 3089 1873 3143 pec

261 3164 388 3231 des,
421 3163 547 3220 ideo
579 3165 726 3220 lavas
754 3165 920 3237 pedes
947 3184 960 3232 ;
994 3178 1050 3222 ιιι
1081 3169 1132 3222 in
1163 3183 1223 3223 ea
1251 3178 1402 3238 parte
1428 3169 1477 3222 in
1511 3185 1615 3239 qua
1649 3169 1872 3226 insidia-

1473 335 1561 392 DE
1600 339 2088 397 SACRASIENTIS
2128 343 2257 400 LIB.
2303 345 2386 400 ΙΙΙ.

289 447 744 503 consuettnlimmi
776 467 878 504 non
916 452 1131 516 habeat,
1159 454 1312 525 cujus
1351 465 1533 526 typum
1561 456 1610 509 in
1636 456 1890 512 omnibus
1915 471 1971 532 Α

3496 356 3602 412 434

2065 472 2290 532 spectent
2311 478 2483 516 omnes
2507 464 2732 529 uirtutes,
2758 467 2980 533 quodam
3008 479 3175 524 tamen
3195 474 3462 542 prmcipuo
3474 480 3601 546 jure

2066 565 2255 623 septem
2286 557 2536 624 pertinent
2563 575 2580 611 :
2611 558 2771 611 eidem
2798 559 3060 629 baptizata
3090 561 3176 616 ubi
3203 565 3271 618 ad
3309 565 3474 620 altare
3513 585 3601 622 ac—

2067 652 2290 716 cesserit,
2321 654 2493 705 oculos
2533 655 2655 706 caeci
2708 655 2759 708 in
2788 653 3011 709 Joannis
3041 655 3325 729 Evangelia
3356 661 3602 732 descripti

2065 743 2248 810 instar,
2278 746 2388 796 luto
2412 745 2575 811 liniri,
2610 764 2701 815 per
2726 747 2865 818 quod
2893 759 3223 820 peccatorum
3252 755 3506 824 confessio
3526 757 3602 811 si-

2065 837 2344 908 gniﬁcatur
2371 854 2506 908 :quo
2530 841 2641 894 loco
2661 842 2725 895 iis
2738 845 2827 910 qui
2841 853 3137 912 peccatores
3165 863 3278 900 esse
3309 864 3362 902 se
3390 858 3597 920 negant,

2065 930 2362 999 confutatis,
2395 933 2570 988 oculos
2617 933 2715 988 hac
2767 935 3096 1005 impositione
3123 938 3222 994 luti
3249 941 3319 994 ad
3374 941 3600 997 videnda

2068 1024 2328 1091 spiritalia
2356 1027 2554 1095 aperiri
2575 1027 2914 1083 demonstrat.

2067 1138 2121 1192 8.
2156 1138 2416 1209 Sequitur
2463 1141 2708 1212 spiritale
2764 1145 3102 1214 signaculum
3155 1151 3303 1218 quod
3371 1149 3604 1206 audistis

1995 1230 2157 1286 hodie
2192 1231 2296 1300 legi
2327 1232 2432 1303 (De
2454 1233 2696 1301 Causea,
2729 1238 2850 1292 dist.
2876 1237 2931 1304 4,
2975 1256 3020 1293 c.
3047 1239 3325 1311 Accepisti,
3350 1241 3378 1313 §
3407 1242 3594 1313 Sequi-

1994 1324 2288 1395 tur);qnia
2337 1337 2457 1395 post
2494 1327 2695 1384 fontem
2746 1341 2996 1400 superest
3043 1342 3099 1388 ut
3158 1334 3425 1403 perfectio
3464 1336 3593 1402 fiat;

1992 1419 2212 1486 quando
2233 1419 2299 1472 ad
2334 1419 2734 1476 invocationem
2767 1424 3074 1481 sacerdotis
3105 1426 3343 1496 Spiritus
3368 1438 3594 1485 sanctus

1994 1509 2318 1576 infunditur,
2342 1511 2579 1584 Spiritus
2607 1515 2894 1586 sapientia:
2921 1528 2972 1572 et
2999 1518 3330 1586 intellectus,
3363 1520 3597 1590 Spiritus

1991 1604 2203 1658 consilii
2254 1615 2417 1675 atque
2467 1607 2683 1662 virtutis
2715 1649 2730 1670 ,
2778 1608 3020 1677 Spiritus
3069 1613 3402 1682 cognitiOuis
3431 1624 3595 1684 atque

1993 1698 2237 1765 pietatis,
2261 1698 2498 1769 Spiritus
2528 1704 2702 1758 saneti
2735 1705 2948 1760 timoris
2975 1722 2988 1759 :
3023 1703 3047 1742 ἀ
3072 1718 3280 1778 septem
3304 1711 3460 1780 quasi
3485 1712 3593 1765 vir-

1995 1798 2141 1844 tutes
2164 1790 2402 1860 Spiritus
2428 1792 2595 1865 (Esai.
2629 1811 2703 1862 ιι,
2733 1797 2812 1867 2).

1922 1881 1966 1940 Β
2065 1885 2118 1940 9.
2150 1884 2218 1940 Et
2250 1902 2441 1944 mnues
2481 1888 2702 1958 quidem
2728 1891 2960 1948 virtutes
2997 1893 3064 1949 ad
3121 1895 3383 1967 Spiritum
3431 1901 3604 1968 perti-

1991 1988 2158 2034 nent:
2185 1979 2278 2035 sed
2323 1982 2438 2035 ista:
2479 1983 2634 2054 quasi
2676 1984 2986 2041 cardinales
3016 1997 3164 2053 sunt,
3192 1991 3348 2060 quasi
3391 1991 3597 2060 princi-

1988 2072 2160 2142 pales.
2185 2073 2322 2139 Quid
2348 2073 2494 2130 enim
2532 2085 2637 2130 tam
2673 2078 3172 2149 principale,qnam
3196 2082 3407 2151 pietas?
3432 2083 3598 2159 364

1986 2166 2115 2236 quid
2144 2176 2250 2222 tam
2287 2169 2610 2240 principale,
2639 2186 2802 2241 quam
2859 2173 3099 2243 cognitio
3132 2175 3223 2230 Dei
3251 2176 3276 2229 ἲ
3303 2175 3432 2246 quid
3483 2188 3590 2231 tam

1986 2258 2310 2328 principale.
2343 2276 2507 2330 quam
2544 2262 2764 2316 virtus?
2793 2264 2921 2334 quid
2949 2273 3055 2320 tam
3085 2266 3407 2336 principale,
3432 2284 3594 2336 quam

1984 2352 2276 2408 consilium
2328 2355 2625 2426 Dei?quid
2662 2367 2770 2412 tam
2827 2358 3150 2428 principale,
3205 2375 3368 2430 quam
3432 2362 3593 2418 timor

1984 2446 2081 2502 Dei
2109 2448 2296 2504 ?sicut
2327 2451 2492 2505 timor
2540 2450 2725 2507 sarcnli
2785 2451 3078 2508 infirmitas
3109 2495 3125 2521 ,
3174 2455 3245 2509 ita
3278 2455 3441 2512 timor
3497 2459 3591 2512 Dei

1983 2556 2173 2609 magna
2203 2551 2288 2596 est
2331 2541 2616 2599 fortitudo.

2057 2635 2139 2688 10.
2167 2631 2290 2689 Ista:
2340 2644 2468 2690 sunt
2513 2646 2721 2707 septem
2755 2637 2986 2694 virtutes
3015 2640 3235 2710 quando
3288 2641 3586 2715 consigna-

1983 2725 2076 2779 ris.
2107 2725 2239 2780 Nam
2273 2737 2324 2781 ut
2371 2727 2440 2781 ait
2468 2728 2764 2798 Apostolus
2792 2740 3017 2786 sanctus
3049 2749 3062 2784 :
3093 2733 3229 2801 Quia
3251 2734 3589 2805 multiformis

1979 2829 2072 2884 est,
2103 2819 2297 2889 inquit,
2330 2821 2584 2891 sapientia
2607 2822 2706 2878 Dei
2737 2826 2900 2878 nostri
2925 2824 3147 2898 (Epltes.
3178 2842 3258 2894 ιιι,
3283 2827 3398 2898 10).
3436 2829 3500 2883 Et
3529 2838 3588 2883 ut

1979 2913 2329 2970 multiformis
2374 2924 2460 2970 est
2503 2917 2775 2986 sapientia
2830 2919 2946 2986 Dei,
2983 2919 3054 2973 ita
3113 2919 3468 2975 multiformis
3499 2933 3585 2978 est

1975 3007 2209 3078 Spiritus
2234 3018 2479 3074 sant-tus,
2515 3011 2604 3079 qui
2656 3009 2820 3064 habet
2852 3010 3098 3066 diversas
3147 3012 3442 3083 variasque
3471 3014 3582 3069 vir-

1976 3111 2140 3157 tutes.
2176 3100 2330 3158 Unde
2355 3112 2408 3157 et
2437 3103 2581 3158 Deus
2629 3103 2890 3158 virtutum
2944 3105 3146 3160 dicitur
3179 3122 3191 3158 :
3226 3106 3370 3176 quod
3409 3111 3582 3178 aptari

1975 3201 2155 3263 potest
2183 3193 2331 3248 Patri
2362 3203 2415 3248 et
2439 3193 2581 3248 Filio
2609 3205 2665 3250 et
2715 3195 2943 3265 Spiritui
2992 3205 3206 3252 sancto.
3233 3197 3342 3253 Sed
3371 3198 3477 3255 hoc
3508 3201 3588 3254 al-

265 3266 356 3312 tus
411 3269 496 3313 est
552 3274 800 3332 serpens,
832 3264 1008 3333 majus
1062 3261 1363 3318 subsidium
1418 3264 1937 3339 sanctificationisc
1973 3261 2808 3357 ieriusdisputauonis’aherms
2833 3291 3223 3360 εειιρηιροτεε,

263 3352 652 3425 accedat,qno
694 3365 880 3426 postea
917 3368 969 3412 te
1000 3358 1351 3428 supplantare
1388 3373 1495 3411 non
1530 3359 1719 3428 possit.
1769 3357 1868 3412 La.

267 3464 367 3502 vas
395 3464 523 3519 ergo
552 3449 739 3520 pedes,
785 3460 844 3506 ut
876 3451 1026 3506 laves
1076 3467 1282 3508 venena
1332 3451 1624 3522 serpentis.
1655 3452 1735 3507 Ad
1768 3451 1870 3506 hu-

262 3543 560 3598 militatem
592 3558 810 3614 quoque
842 3543 1076 3615 proficit,
1106 3558 1125 3582 θ
1157 3555 1216 3600 ιιι
1246 3545 1300 3599 in
1331 3546 1591 3616 mysterio
1613 3561 1720 3600 non
1744 3561 1869 3601 eru-

263 3636 580 3705 bescamus,
603 3637 748 3708 quod
779 3637 1138 3709 dedignamur
1158 3640 1209 3692 in
1237 3639 1526 3710 obsequio.

889 3751 1123 3808 CAPUT
1165 3753 1228 3808 ll.

258 3841 598 3914 Baptizatum
629 3845 922 3917 consignari
977 3815 1177 3916 spiritu
1209 3859 1406 3913 sancto,
1437 3849 1505 3901 ad
1549 3864 1700 3919 quem
1747 3865 1863 3922 cum

258 4018 422 4072 iStins
467 4015 697 4072 instituti
730 4029 972 4081 causam,
1002 4015 1256 4069 nimirum
1310 4013 1605 4070 Dotninicte
1636 4012 1860 4068 humili.

258 4090 394 4144 tatis
419 4104 542 4160 quae
588 4090 640 4142 in
683 4088 960 4156 prtemissa
995 4086 1268 4155 Evangelii
1319 4086 1553 4160 lectione
1587 4086 1860 4160 ῃτοιιιιείιιι

254 4158 480 4227 luerat,
531 4160 930 4224 imitationem,
960 4161 1316 4227 ejusdemque
1367 4158 1533 4212 veluti
1582 4158 1860 4226 proprium

256 4233 538 4295 echclum,
561 4233 771 4286 scilicet
790 4231 1240 4299 concupiscentim
1263 4229 1716 4294 debilitatiouetu,
1741 4245 1864 4299 pcr-

255 4305 549 4359 strinxiSse
573 4314 757 4359 auctor
789 4301 1009 4356 minime
1029 4310 1616 4370 contentus.pr:eterea
1649 4316 1753 4354 ιιοιι
1776 4317 1864 4356 or-

253 4377 446 4429 dinem
479 4377 650 4429 Solum
683 4389 788 4440 quo
819 4375 886 4428 ab
929 4374 1186 4441 episcopo
1215 4375 1656 4442 presbyteriSque
1698 4375 1862 4442 perii.

251 4449 527 4509 ciebatur,
563 4447 756 4514 aperit,
793 4461 981 4500 verum
1011 4447 1173 4500 etiam
1201 4445 1444 4499 confutet
1477 4443 1632 4496 Hom.
1669 4443 1861 4500 Eccle-

255 4520 437 4584 siam,
494 4521 543 4572 in
603 4533 707 4587 qua
748 4518 835 4571 ille
890 4533 1008 4571 tuos
1043 4534 1146 4571 non
1199 4517 1535 4572 servabatur.
1591 4514 1859 4570 (Steternm

255 4591 765 4658 interpretationem
800 4589 944 4642 illam
986 4605 1086 4658 qua
1120 4588 1352 4643 Romani
1389 4588 1562 4641 locum
1589 4589 1862 4655 evangeli-

253 4675 383 4716 Cum
408 4663 478 4715 de
496 4661 736 4714 lavandis
769 4661 1174 4729 peregrinorum
1200 4661 1426 4727 pedibus
1448 4660 1764 4713 asserebant
1785 4661 1860 4713 in-

256 4733 642 4801 Ielligendum,
693 4731 834 4784 haud
865 4746 933 4784 eo
962 4747 1123 4786 sensu
1154 4732 1221 4784 ab
1250 4731 1372 4784 aliis
1403 4730 1694 4784 admissam
1727 4745 1860 4785 con-

251 4813 388 4865 stat,
418 4816 474 4857 ut
499 4819 616 4858 eam
647 4814 894 4872 putarent
921 4804 972 4857 in
997 4803 1320 4873 baptismate
1345 4803 1520 4855 omitti
1550 4817 1730 4870 posse,
1759 4805 1855 4857 sed

253 4886 317 4930 ut
349 4875 632 4944 baptizatis
653 4876 1018 4942 imponeretur
1037 4875 1198 4944 pedes
1217 4874 1622 4943 peregrinorum
1639 4873 1851 4928 lavandi

253 4948 581 5003 necessitas.
655 4945 786 5000 Vide
848 4945 901 4999 in
973 4945 1222 5016 Append.
1291 4960 1456 5002 serm.
1501 4944 1565 5016 β.
1622 4945 1847 5016 August.

251 5037 386 5098 pag.
411 5018 544 5098 288,
576 5017 892 5098 tertiummex
933 5018 1037 5098 illis
1063 5015 1278 5098 quos}
1326 5015 1708 5098 cod.LRem_ig.
1752 5019 1854 5098 sub

249 5086 547 5162 Augustini
582 5089 736 5170 titulo
761 5086 1096 5170 _Sir_moudus
1141 5088 1412 5170 ediderat;
1467 5086 1596 5143 item
1633 5087 1853 5170 pausarii

249 5160 569 5218 serinonem
602 5162 691 5230 qui
723 5160 968 5223 eiusdem
997 5160 1244 5229 Append.
1273 5160 1378 5214 ‘257
1409 5167 1751 5225 numeratur;
1780 5160 1852 5230 si-

248 5248 347 5290 ent
377 5243 435 5288 et
459 5233 598 5288 alios
618 5229 754 5287 duos
776 5231 1043 5302 Anonymi
1071 5231 1267 5286 ibidem
1300 5230 1496 5294 editos,
1527 5245 1720 5302 nempe
1747 5229 1851 5285 149

249 5316 312 5361 et
340 5306 470 5371 158,
499 5319 726 5374 quorum
756 5305 902 5372 prior
933 5301 1109 5359 eidem
1152 5303 1338 5357 lotioni
1361 5318 1465 5357 non
1494 5301 1662 5374 modo
1689 5303 1847 5368 levia,

247 5380 353 5434 sed
389 5377 608 5432 lcthalia
638 5390 856 5446 quoque
882 5386 1097 5444 peccata
1123 5375 1428 5430 retnitteudi
1454 5373 1564 5429 vim
1585 5374 1852 5446 attribuit.

225 5452 433 5508 .Porru
461 5445 907 5503 consuetmlincm
959 5447 1153 5517 pedum
1197 5447 1250 5500 in
1292 5447 1559 5514 baptismo
1597 5445 1856 5499 eluendo-

247 5540 380 5580 rum
411 5521 464 5574 in
487 5517 779 5574 Gallicanis
810 5519 1055 5574 ecclesiis
1087 5522 1248 5572 etiam
1275 5517 1572 5573 obtinuisse
1599 5517 1858 5572 discimus

251 5612 289 5649 e
319 5590 634 5648 Missalibus
657 5588 883 5645 Gothico
925 5607 1044 5661 pag.
1078 5591 1206 5654 249,
1257 5599 1313 5644 et
1364 5587 1643 5661 Gallicana
1690 5589 1858 5661 veteri

246 5681 538 5740 pag......,
573 5659 1100 5740 quaablabiiloniush
1123 5670 1310 5740 noster
1338 5660 1631 5740 evulgavit.
1665 5661 1746 5740 ab
1777 5659 1863 5740 his

247 5731 481 5809 quaque
504 5749 611 5809 non
634 5733 845 5809 abludit
864 5734 1251 5809 aliudMissale
1281 5734 1332 5787 in
1363 5732 1555 5809 itinere
1577 5731 1860 5809 Italicoab

248 5803 458 5867 éodem
491 5803 720 5884 editum,
746 5805 849 5860 nisi
888 5805 1028 5875 quod
1055 5804 1660 5884 eamdeni_ablutiotte1n
1691 5803 1861 5884 collo-

249 5890 348 5936 cat
382 5883 509 5948 post
534 5875 711 5931 datam
736 5874 938 5932 vestem
971 5877 1277 5933 candidam.
1303 5876 1428 5934 Haec
1449 5883 1627 5932 autem
1657 5874 1862 5929 ablutio

1883 4841 1934 4902 D

2045 3381 2132 3437 Η.
2188 3381 2320 3436 Post
2366 3383 2481 3436 haec
2531 3383 2662 3452 quid
2711 3384 3000 3454 sequitur?
3054 3385 3250 3440 \‘enire
3295 3385 3463 3441 habes
3511 3389 3579 3444 ad

1967 3476 2142 3531 altare
2169 3475 2284 3548 (Ps.
2325 3491 2509 3546 Lutx,
2535 3476 2614 3543 5).
2647 3486 2670 3513 ε
2704 3476 2974 3544 Quoniam
3027 3478 3246 3545 venisti,
3273 3477 3456 3535 videre
3485 3479 3581 3532 ha.

1970 3568 2068 3623 hes
2099 3585 2219 3637 qum
2242 3577 2369 3624 ante
2392 3583 2500 3624 non
2529 3569 2776 3637 videbas,
2813 3569 2915 3625 hoc
2945 3580 3051 3638 est,
3086 3573 3404 3644 mysterium
3433 3575 3578 3642 quod

1967 3662 2147 3733 legisti
2174 3663 2224 3717 in
2256 3662 2552 3733 Evangelia
2583 3679 2597 3728 ;
2653 3663 2698 3718 si
2729 3672 2908 3720 tamen
2940 3681 3047 3720 non
3082 3665 3282 3735 legisti,
3306 3677 3458 3749 certe
3479 3682 3578 3722 au-

1969 3757 2120 3811 disti.
2169 3757 2358 3812 Caecus
2385 3757 2589 3812 obtulit
2635 3772 2696 3813 se
2727 3758 3000 3815 Salvatori
3051 3768 3109 3814 ut
3157 3772 3486 3818 curaretur:
3519 3775 3577 3819 et

1975 3850 2071 3906 ille
2092 3851 2186 3921 qui
2219 3849 2358 3906 alios
2385 3849 2554 3906 verbo
2578 3860 2787 3906 tantum
2835 3862 2891 3907 et
2936 3867 3192 3909 sermone
3244 3855 3490 3923 curabat,
3523 3866 3579 3912 et

1971 4029 2094 4070 cum
2122 4013 2459 4082 aliquamdiu
2483 4013 2739 4084 viguisset
2757 4015 2811 4070 in
2831 4015 3107 4085 Hispania.
3132 4032 3159 4070 a
3185 4032 3338 4073 conc.
3367 4018 3565 4075 Elibcr.

1968 4101 2089 4140 can.
2121 4086 2190 4142 t8
2221 4086 2431 4141 sublata
2477 4097 2579 4140 est.
2611 4086 2765 4152 Quod
2812 4087 2880 4141 ad
2930 4088 3240 4143 Africanam
3274 4091 3571 4147 Ecclesium

1969 4162 2200 4228 August.
2251 4159 2410 4227 epist.
2445 4157 2536 4222 54,
2587 4174 2736 4223 num,
2767 4159 2854 4222 10,
2888 4169 2941 4214 et
2972 4161 3133 4228 epist.
3167 4160 3236 4215 55
3292 4177 3442 4216 nutu.
3474 4162 3568 4230 35,

1970 4245 2076 4285 non
2107 4244 2274 4298 pauca
2305 4230 2466 4284 tradit
2491 4246 2609 4298 quae
2639 4239 2885 4300 spectant
2929 4230 2996 4284 ad
3028 4231 3274 4287 eamdem
3321 4249 3570 4288 ceremo-

1970 4302 2114 4356 niam
2142 4319 2154 4354 :
2188 4317 2251 4356 ex
2293 4302 2488 4372 quibus
2517 4313 2780 4371 quantum
2814 4302 3055 4357 Ecclesia
3108 4303 3199 4358 illa
3240 4304 3308 4359 ab
3336 4305 3569 4361 Ambro-

1969 4375 2118 4426 siana
2149 4373 2234 4427 vel
2266 4372 2546 4427 Gallicana
2572 4373 2623 4426 in
2655 4373 2757 4427 hoc
2780 4375 3087 4437 dissideret,
3111 4389 3441 4441 cognoscere
3463 4386 3566 4432 est.

1971 4444 2208 4500 Berosus
2239 4445 2292 4498 in
2324 4444 2686 4509 Ccremoniali
2731 4445 3092 4500 Ambrosiano
3121 4446 3364 4516 ejusdem
3412 4464 3567 4503 usum

1968 4516 2187 4571 lotionis
2221 4532 2328 4585 quo
2358 4526 2605 4586 tempore
2631 4517 2926 4584 scribebat,
2963 4517 3190 4573 necdum
3223 4519 3566 4576 intercidisse

1966 4588 2308 4642 testificatur.

2039 4670 2062 4731 ft
2096 4658 2222 4714 Mss.
2252 4658 2517 4726 Clarom.,
2545 4661 2847 4730 mysterium
2875 4672 2950 4716 est
2976 4661 3421 4731 sanctiﬁcationis.

2037 4729 2063 4768 ι)
2083 4732 2282 4785 Omnes
2309 4731 2441 4786 edit.
2465 4771 2480 4796 ,
2531 4729 2612 4785 se,
2637 4733 2815 4786 obtulit
2843 4750 2862 4798 ;
2915 4747 3110 4788 omnes
3145 4729 3304 4800 mss.,
3353 4733 3560 4799 obtulit,

1960 4803 2154 4871 supple
2181 4804 2356 4872 pedes,
2384 4813 2490 4857 etc.
2537 4801 2669 4857 Ibid.
2719 4806 2907 4867 etiam,
2939 4805 3028 4858 ubi
3082 4817 3290 4860 cuncue
3336 4805 3469 4859 edit.
3500 4822 3564 4861 ac

1962 4875 2167 4946 plures
2204 4888 2360 4937 mss.,
2385 4873 2670 4946 devotionis
2705 4885 2752 4930 et
2791 4877 2932 4944 ﬁdei,
2965 4877 3056 4932 alii
3087 4875 3334 4931 nonnulli
3367 4875 3565 4946 pracfe-

1961 4953 2106 5008 rnnt,
2135 4945 2334 4998 devotio
2361 4944 2502 5013 ﬁdei.

2039 5027 2059 5052 ο
2085 5016 2230 5069 Clar.
2263 5017 2411 5078 cod.,
2445 5026 2500 5070 ut
2530 5019 2584 5071 in
2614 5018 2898 5072 ministerio
2942 5036 3044 5074 non
3091 5019 3358 5073 erubescas
3383 5034 3401 5071 :
3431 5032 3533 5072 con
3553 5048 3565 5059 -

1960 5088 2267 5170 tinno_vero
2296 5096 2431 5170 post
2460 5103 2557 5158 pro
2588 5089 2726 5170 (μέ-(ιιι
2756 5106 2856 5144 ηοιι
2888 5092 3251 5170 dedignamur,
3281 5097 3329 5141 ut
3352 5097 3479 5170 .erat
3504 5090 3559 5170 in

1959 5160 2212 5213 omnibus
2242 5159 2374 5214 edit.
2405 5173 2457 5214 et
2487 5176 2590 5216 ms.
2627 5159 2890 5226 Clarom.,
2935 5159 3146 5217 sublata
3187 5159 3472 5230 negatioxte
3501 5159 3556 5214 in

1961 5246 2092 5304 mss.
2128 5230 2377 5299 legimus,
2398 5231 2537 5302 quod
2566 5231 2924 5304 dedignamur.
2981 5235 3043 5288 Et
3084 5231 3225 5287 hanc
3250 5246 3433 5286 veram
3483 5231 3560 5286 le-

1955 5303 2190 5374 ctionem
2214 5318 2335 5357 esse
2359 5303 2700 5374 perspicuum
2728 5314 2833 5358 est.

2029 5372 2055 5410 ά
2088 5373 2215 5448 Mss.
2245 5376 2472 5448 aliquot,
2492 5372 2686 5448 septem
2710 5375 3086 5448 virtutesquasi
3109 5384 3299 5448 septem
3316 5374 3551 5443 spiritus.

2037 5454 2059 5480 ε
2092 5445 2164 5500 Ita
2191 5446 2323 5500 edit.
2369 5445 2563 5504 omnes
2604 5460 2658 5501 et
2706 5462 2837 5502 mss.
2891 5445 3176 5517 plerique;
3207 5445 3315 5500 duo
3372 5455 3551 5501 tamen

1962 5519 2172 5587 legunt,
2198 5519 2283 5588 qui
2312 5519 2465 5571 modo
2506 5519 2689 5573 venisti
2713 5533 2732 5581 ;
2762 5517 2856 5572 atii
2885 5519 3130 5581 totidem,
3155 5533 3254 5584 quo
3285 5526 3404 5571 ante
3455 5533 3556 5571 non

1963 5589 2166 5645 venisti.
2183 5590 2313 5656 Quae
2335 5589 2494 5644 lectio
2513 5592 2738 5645 multum
2763 5589 2986 5644 arridet.
3004 5588 3144 5643 infra
3160 5603 3288 5642 vero
3309 5588 3399 5642 ubi
3423 5588 3556 5644 edit.

1966 5676 2030 5715 ac
2065 5663 2247 5730 plures
2277 5675 2433 5725 mss.,
2460 5662 2506 5715 si
2543 5670 2712 5714 tamen
2740 5676 2840 5712 non
2874 5660 3063 5730 legisti,
3095 5662 3310 5728 negatio
3337 5677 3437 5713 non
3463 5661 3561 5715 de-

1967 5731 2236 5787 sideratur
2266 5733 2320 5787 in
2347 5746 2475 5788 mss.
2512 5731 2888 5804 haudpaucis.
2930 5731 3210 5804 Postremo
3260 5733 3399 5799 qtind
3431 5732 3560 5804 sub:

1965 5803 2148 5874 jicitur
2169 5807 2236 5860 de
2257 5818 2422 5866 ca'co,
2451 5804 2500 5858 id
2533 5803 2584 5858 iu
2613 5801 2798 5858 libello
2827 5801 2894 5857 de
2937 5803 3205 5872 biysteriis
3236 5804 3392 5874 plane
3435 5801 3563 5857 retié

1968 5886 2140 5931 Cdllll‘.
