4042 6294
479 294 590 352 4εὸ

1829 278 2076 338 εΑΝετι
2116 274 2434 335 AMBROSII

3669 263 3760 321 458

477 404 1268 477 refundebatimperiolumen
1293 401 1576 458 oculorum
1607 413 1624 464 ;
1657 407 1834 452 tamen
1862 395 1916 450 in
1944 392 2083 448 libro
2108 395 2160 456 Α
2261 392 2348 448 i3.
2377 390 2558 447 Nolite
2622 390 2860 448 otiosum
2906 396 3117 458 putare.
3173 387 3313 444 Sunt
3355 385 3575 477 quidam
3603 425 3618 451 ,
3663 385 3765 438 scio

484 500 774 572 Evangelii
805 499 900 572 qui
927 497 1185 554 scribitur
1203 493 1500 552 secundum
1529 487 1934 568 Joannemnqui
1956 501 2083 543 vere

479 609 598 665 pra:
627 583 847 649 caeteris
877 591 1012 647 vidit
1051 605 1240 662 magna
1289 589 1569 661 mysteria,
1599 597 1655 644 et
1678 583 1998 657 designavit,
2027 588 2085 637 et

479 683 834 750 declaravit;
876 683 1198 756 mysterium
1254 676 1356 737 hoc
1386 681 1440 736 in
1495 681 1588 738 illo
1631 680 1800 735 voluit
1829 675 2082 749 praeﬁgu-

475 793 623 836 rare.
643 777 849 835 Omnes
874 777 1099 848 quidem
1133 776 1311 832 sancti
1339 774 1711 847 evangelista,
1739 788 1929 829 omnes
1949 783 2085 840 apo-

473 863 603 928 stoli
634 879 832 944 praeter
859 870 1194 942 proditorem
1216 910 1231 935 ,
1278 884 1474 926 omnes
1501 869 1673 926 sancti
1699 885 1714 936 ;
1747 877 1926 923 tamen
1957 878 2084 920 san-

475 976 598 1022 ctus
621 965 862 1022 Joannes
889 965 981 1036 qui
1015 963 1236 1019 ultimus
1265 953 1484 1035 scripsit
1513 961 1890 1034 Evangelium,
1928 956 2085 1030 quasi

478 1060 829 1118 necessarius
870 1059 1168 1131 requisitas
1209 1066 1265 1113 et
1291 1057 1499 1114 electus
1544 1073 1573 1111 a
1604 1056 1846 1122 Christo,
1877 1053 2086 1124 majore

481 1151 718 1224 quadam
761 1151 889 1207 tuba
920 1147 1057 1206 fudit
1114 1158 1316 1206 acterna
1363 1148 1644 1222 myStcria.
1689 1143 1960 1217 Quidquid
2005 1144 2087 1200 lo-

479 1253 640 1301 cutus
684 1251 807 1307 est.
857 1241 1178 1316 mysterium
1231 1250 1337 1298 est.
1368 1241 1524 1298 Alius
1564 1239 1701 1296 dixit
1747 1249 1957 1295 caecum
1991 1251 2086 1293 cu-

478 1344 686 1404 ratum,
711 1335 848 1391 dixit
875 1333 1188 1402 Mattlneus,
1219 1334 1361 1390 dixit
1404 1329 1603 1400 Lucas,
1635 1331 1774 1388 dixit
1824 1329 2038 1386 Marcus
2067 1349 2080 1385 :

477 1427 630 1486 solus
657 1427 896 1485 Joannes
931 1420 1062 1500 quid
1107 1423 1226 1482 ait?
1259 1425 1401 1482 Tulit
1424 1427 1611 1492 tutum,
1637 1433 1682 1481 et
1725 1424 1890 1480 tiniuit
1927 1439 2085 1493 super

482 1519 662 1578 oculos
718 1525 833 1596 ejus
864 1561 882 1588 ,
931 1524 980 1576 et
1031 1519 1165 1575 dixit
1211 1519 1256 1575 ei
1303 1527 1328 1557 ι
1369 1536 1382 1573 :
1443 1513 1590 1575 Vade
1635 1519 1689 1573 in
1737 1515 1958 1574 Siloam.
2015 1513 2086 1570 Et

484 1627 764 1687 exsurgens
813 1611 928 1682 iuit,
975 1621 1022 1669 et
1051 1611 1178 1668 tavit
1207 1652 1225 1682 ,
1281 1622 1328 1668 et
1357 1609 1493 1668 venit
1544 1608 1727 1668 uidens
1755 1605 1939 1684 (Joan.
1998 1623 2082 1677 ιι,

483 1707 538 1776 6,
566 1707 642 1780 7).

2186 496 2333 543 certe
2361 486 2598 558 aliquem
2624 485 2789 541 fuisse
2813 483 2904 556 qui
2931 483 3159 552 diceret,
3182 497 3306 538 cum
3331 481 3410 538 illi
3435 476 3765 536 diceremus:

2187 579 2242 636 In
2277 575 2377 634 hac
2406 590 2566 635 aetate
2614 576 2786 651 magis
2827 577 3092 647 baptizari
3135 574 3325 653 debes,
3383 571 3600 630 dicebat
3641 569 3768 627 ille:

2184 672 2364 742 Quare
2396 669 2684 742 baptizor?
2716 669 3003 726 Peccatum
3045 684 3154 724 non
3207 667 3403 724 habeo.
3429 660 3589 738 365
3613 661 3771 720 Num-

2185 761 2312 836 quid
2370 774 2653 834 peccatnm
2707 759 3000 818 contraxi?
3047 757 3146 815 Hic
3193 758 3366 814 lutum
3419 773 3525 812 non
3573 754 3770 822 habuit,

2186 856 2330 929 quod
2361 858 2410 913 ei
2434 855 2686 912 Christus
2709 852 2735 892 τι
2767 871 2875 911 non
2907 855 3132 920 leverat,
3163 852 3268 909 hoc
3295 860 3402 920 est,
3445 868 3551 906 non
3580 849 3632 907 ei
3658 863 3776 921 ape-

2187 960 2372 1006 ruerat
2397 947 2622 1014 oculos;
2649 947 2828 1004 nullus
2849 945 2996 1003 enim
3027 945 3189 1002 homo
3216 945 3339 1000 sine
3364 951 3606 1014 peccato.

2261 1042 2350 1100 14.
2382 1041 2529 1113 Ergo
2570 1041 2818 1112 agnoscit
2861 1054 2920 1095 se
2952 1037 3227 1094 hominem
3257 1079 3273 1104 ,
3314 1037 3406 1108 qui
3437 1033 3679 1105 confugit
3714 1031 3776 1090 ad

2186 1133 2514 1206 baptismum
2569 1131 2793 1189 Christi.
2828 1129 3017 1203 Itaque
3041 1141 3097 1187 et
3143 1127 3238 1184 tibi
3283 1127 3544 1200 imposuit
3593 1127 3773 1194 lutum,

2188 1228 2292 1284 hoc
2321 1238 2426 1294 est,
2461 1226 2869 1292 verecundiam,
2901 1223 3266 1296 prudentiam,
3295 1219 3775 1277 considerationem

2188 1320 2496 1394 iragilitatis
2523 1329 2628 1376 tua:
2655 1336 2672 1388 ;
2697 1328 2754 1376 et
2780 1318 2917 1374 dixit
2944 1317 3037 1373 tibi
3070 1332 3087 1374 :
3117 1313 3263 1371 Vade
3301 1313 3357 1369 in
3406 1311 3628 1370 Siloam.
3647 1309 3774 1379 Quid

2189 1429 2276 1477 est
2325 1419 2544 1476 Siloas?
2577 1416 2729 1488 Quod
2774 1417 3164 1488 interpretatur,
3219 1411 3417 1496 inquit,
3447 1411 3652 1474 missus,
3683 1409 3777 1466 hoc

2190 1523 2274 1572 est
2298 1531 2311 1568 :
2337 1508 2486 1570 Vade
2507 1509 2574 1568 ad
2607 1509 2756 1566 illum
2788 1507 2994 1564 fontem
3024 1509 3078 1563 in
3103 1519 3212 1577 quo
3241 1519 3374 1560 crux
3404 1499 3620 1557 Domini
3647 1517 3776 1568 pne-

2188 1607 2402 1664 dicatur
2427 1624 2439 1661 :
2472 1601 2610 1661 vade
2631 1603 2698 1659 ad
2721 1597 2872 1658 illum
2905 1600 3112 1658 fontem
3141 1597 3195 1654 in
3227 1613 3338 1669 quo
3367 1597 3611 1653 omnium
3629 1593 3779 1652 Chri-

2187 1711 2303 1757 stus
2329 1699 2562 1757 redemit
2581 1711 2820 1756 errores.

550 1801 638 1858 12.
673 1800 977 1858 Considera
1007 1811 1064 1858 et
1101 1809 1156 1857 tu
1176 1799 1206 1840 ιι
1237 1801 1431 1858 oculos
1485 1795 1666 1855 cordis
1707 1797 1806 1853 tui.
1843 1795 2079 1854 Videbas
2105 1793 2156 1855 B
2255 1794 2421 1868 366
2451 1791 2680 1858 15.1sti,
2705 1789 2906 1853 lavisti,
2939 1785 3131 1843 venisti
3153 1785 3218 1842 ad
3245 1781 3439 1855 altare,
3471 1781 3780 1841 viderem:-

473 1905 596 1967 quae
616 1891 931 1965 corporalia
957 1901 1106 1960 sunt,
1147 1891 1532 1963 corporalibus
1575 1889 1751 1948 oculis
1779 1909 1792 1945 :
1822 1889 1919 1947 sed
1959 1905 2081 1960 qua:

431 2053 438 2062 η
476 1993 948 2042 sacramentorum
979 1993 1126 2052 sunt,
1155 1983 1338 2042 cordis
1362 1983 1534 2040 oculis
1551 1981 1732 2039 adhuc
1754 1982 1944 2049 videre
1971 1997 2080 2038 non

475 2061 718 2150 poteras.
733 2075 877 2151 Ergo
902 2079 1122 2152 quando
1144 2089 1165 2118 ο
1195 2077 1392 2135 dedisti
1424 2091 1624 2134 nomen
1657 2076 1968 2141 tuutn,tulit
1996 2075 2084 2130 lu-

477 2182 620 2240 tum,
667 2179 724 2229 et
749 2173 929 2228 linivit
967 2185 1134 2245 super
1179 2171 1369 2229 oculos
1411 2175 1556 2226 tuos.
1605 2167 1744 2238 Quid
1773 2168 2093 2240 signiﬁcat?

475 2263 552 2325 Ut
579 2276 860 2341 peccatum
891 2277 1042 2324 tuum
1089 2265 1357 2333 fatereris,
1404 2270 1462 2322 ut
1499 2264 1894 2323 conscientiam
1943 2275 2088 2323 tuam

477 2373 927 2434 recognoscens,
973 2369 1035 2416 ut
1080 2361 1455 2432 paenitentiam
1498 2369 1689 2432 ageres
1738 2359 2086 2429 delictorum,

476 2453 585 2508 hoc
609 2459 716 2520 est,
767 2459 975 2510 sortem
1023 2453 1275 2510 humana:
1315 2449 1686 2526 generationis
1729 2459 2084 2524 agnbsceres.

378 2555 387 2562 '
479 2548 615 2604 Nam
637 2548 852 2605 etiamsi
885 2564 990 2605 non
1033 2547 1365 2614 confiteatur
1394 2551 1698 2619 peccatum,
1724 2545 1817 2617 qui
1845 2546 1995 2603 venit
2013 2541 2081 2602 ad

370 2692 375 2697 _
473 2639 807 2711 baptismum
836 2682 852 2709 ,
903 2649 1081 2696 tamen
1131 2639 1236 2696 hoc
1270 2640 1391 2709 ipso
1432 2639 1626 2708 implet
1680 2637 2079 2695 confessionem

472 2733 718 2788 onmium
742 2737 1118 2804 peccaturum,
1151 2731 1299 2804 ituod
1327 2725 1590 2802 baptizari
1629 2730 1786 2802 petit,
1819 2737 1879 2786 ut
1917 2729 2080 2804 justi-

476 2826 691 2896 ttcetur,
721 2823 825 2885 hoc
849 2836 958 2895 est,
989 2833 1051 2884 ut
1078 2837 1109 2884 a
1136 2825 1294 2899 culpa
1320 2823 1387 2882 ad
1413 2825 1644 2899 gratiam
1669 2829 1930 2882 transeat.

2188 1886 2339 1960 pisti,
2369 1901 2492 1958 quae
2540 1893 2667 1940 ante
2713 1898 2822 1938 non
2851 1878 3110 1946 videras;
3139 1879 3243 1935 hoc
3278 1887 3385 1946 est,
3444 1893 3540 1949 per
3587 1877 3779 1933 I’ontcm

2191 1978 2402 2038 Domini
2432 1987 2486 2036 et
2517 1972 2954 2051 praedicationem
3008 1973 3304 2030 Dominicae
3348 1971 3621 2044 passionis
3659 1979 3784 2028 tunc

2191 2072 2365 2146 aperti
2391 2080 2520 2128 sunt
2549 2068 2692 2127 oculi
2724 2069 2801 2126 tui
2831 2087 2845 2124 :
2876 2069 2966 2141 qui
2999 2077 3126 2124 ante
3163 2065 3334 2123 corde
3374 2063 3647 2122 videbaris
3668 2079 3785 2122 esse

2194 2177 2432 2225 czecatus
2477 2208 2494 2236 ,
2559 2165 2772 2238 coepisti
2819 2163 3003 2221 lumen
3063 2171 3532 2218 sacramentorum
3584 2159 3786 2217 videre.

2194 2265 2359 2338 Ergo,
2386 2256 2584 2320 fratres
2635 2259 2998 2340 dilectissimi,
3030 2259 3278 2315 venimus
3301 2271 3474 2330 usque
3501 2255 3570 2313 ad
3597 2255 3788 2327 altare,

2190 2363 2258 2420 ad
2283 2370 2568 2420 tractatum
2601 2359 2934 2416 uberiorem.
2966 2357 3037 2413 Et
3077 2356 3201 2413 ideo
3225 2365 3249 2393 ε
3279 2355 3406 2427 quia
3456 2353 3510 2410 id
3535 2355 3792 2424 temporis

2193 2466 2296 2523 est,
2321 2453 2744 2526 disputationem
2776 2453 3040 2525 integram
3064 2467 3171 2507 non
3197 2464 3484 2521 possumus
3513 2450 3789 2520 incipere:

2189 2550 2317 2623 quia
2348 2549 2613 2621 prolixior
2643 2557 2906 2604 tractatus
2931 2555 3036 2611 est,
3055 2545 3189 2601 satis
3219 2543 3293 2600 sit
3319 2543 3464 2615 quod
3489 2541 3690 2598 dictum
3711 2551 3796 2598 est

2191 2643 2351 2702 hodie
2380 2651 2476 2712 ;et
2501 2642 2743 2699 crastina
2767 2641 2877 2708 die,
2907 2640 2954 2698 si
2995 2639 3229 2697 Domino
3276 2637 3480 2711 placet,
3511 2631 3582 2694 de
3609 2649 3794 2693 sacra-

2189 2737 2388 2794 mentis
2417 2736 2548 2808 ipsis
2583 2733 2958 2791 tractabimus.

549 2964 798 3021 ﬂOmnes
850 2967 984 3025 edit.
1035 2981 1100 3022 ac
1153 2981 1284 3022 mss.
1335 2964 1581 3021 nonnulli
1607 3005 1622 3026 .
1674 2963 1840 3029 Vade,
1864 2964 1981 3018 tam
2020 2965 2079 3019 in
2104 2949 2150 3012 C
2183 2962 2466 3021 credibile.
2507 2963 2679 3020 lmmo
2703 2975 2837 3021 vero
2857 2977 2979 3020 cum
3007 2977 3204 3020 sensus
3226 2962 3392 3020 totius
3411 2963 3515 3022 loci
3547 2965 3594 3022 is
3614 2965 3797 3022 ridea-

477 3037 702 3092 Sitoam.
738 3035 804 3093 Et
846 3049 968 3108 post
1015 3054 1185 3110 pauca
1218 3079 1234 3110 ,_
1293 3036 1458 3110 oculis
1507 3035 1677 3091 cordis
1708 3037 1780 3110 tui
1869 3036 2082 3092 utrobi-

473 3122 581 3180 que
607 3117 788 3164 antem
837 3107 927 3166 alii
960 3107 1095 3167 mss.
1129 3107 1302 3166 multo
1325 3109 1512 3181 pittres
1538 3123 1601 3163 ac
1631 3107 1996 3176 probatiores,
2021 3113 2081 3163 ut

477 3181 532 3235 in
564 3186 854 3236 contextu.

546 3251 574 3291 1³
609 3253 780 3318 Edit.,
803 3254 968 3308 oculis
987 3253 1164 3308 cordis
1191 3254 1290 3308 tui.
1723 3309 1728 3316 ,

550 3335 572 3362 ε
596 3324 804 3380 Nomen
829 3342 983 3380 suum
1002 3324 1386 3380 catechumeni
1409 3324 1612 3393 dabant
1635 3319 1703 3393 ad
1724 3321 2076 3393 baptismum,

475 3395 565 3462 qui
594 3397 648 3448 in
680 3399 1106 3464 competentinm
1164 3395 1410 3453 ordinem
1445 3391 1892 3450 admittebantur.
1924 3391 2080 3462 Quod

476 3476 658 3521 autem
677 3469 834 3538 addit
863 3468 933 3522 de
960 3468 1286 3524 contitendis
1311 3469 1627 3538 priusquam
1652 3466 2082 3534 baptisarentnr,

477 3536 903 3604 peccatis;e:nn
933 3539 1065 3594 olim
1110 3539 1274 3594 fuisse
1315 3536 1768 3595 consuetudinem
1826 3539 2084 3592 observa-

480 3617 708 3680 [illitieSt
737 3610 786 3680 in
838 3609 1038 3680 Expos.
1074 3609 1278 3680 Evang.
1325 3609 1702 3680 sec-Lucam,
1736 3609 1831 3664 lib.
1865 3625 1943 3680 Vt,
1969 3610 2076 3664 Col.

479 3673 635 3733 1585.
669 3675 731 3733 Et
755 3679 882 3734 ltinc
909 3673 1137 3749 intelligi
1169 3673 1350 3751 po'test
1373 3679 1722 3751 Ambrosiani
1748 3673 1948 3750 ingenii
1975 3695 2079 3734 non

479 3752 707 3805 omnino
730 3763 878 3817 esse,
905 3751 1048 3819 «iuod
1073 3749 1262 3806 auctor
1290 3763 1409 3808 eam
1461 3749 1866 3808 conicssionein
1906 3753 2082 3806 oniitti

475 3835 641 3892 posse
660 3819 806 3878 inira
834 3823 1123 3895 signiﬁcat.
1153 3823 1282 3878 Nam
1311 3825 1706 3895 quamvisvera
1756 3825 1826 3879 sit
1851 3823 1937 3879 illa
1961 3824 2080 3894 opi-o

475 3897 568 3966 nio
604 3934 618 3957 ,
670 3893 1130 3966 quemadmodum
1179 3906 1304 3963 post
1330 3893 1502 3951 'doct.
1553 3893 1877 3966 Angelicum
1909 3911 1966 3950 ιιι
1997 3893 2074 3965 ρ..

475 3965 594 4036 q.8,
611 3974 715 4020 art.
734 3967 790 4032 6,
812 3966 1016 4022 docent
1043 3965 1299 4038 theologi;
1318 3965 1670 4038 Ambrosium
1691 3976 1870 4022 tamen
1899 3967 1988 4038 qui
2009 3982 2079 4022 cx

474 4027 848 4108 usu'veterum
872 4038 1102 4108 aliorum
1127 4027 1345 4093 Pati-uin
1373 4035 1441 4094 ad
1466 4027 1774 4108 huiusmodi
1803 4027 2076 4108 prepara-

477 4105 709 4182 tionemg
729 4125 861 4182 suos
896 4105 1102 4166 hortari
1132 4108 1497 4167 consueverat
1520 4105 1552 4176 ,ί
1568 4107 1772 4182 aliquid
1804 4105 2074 4182 dicturum

475 4177 620 4234 unde
659 4173 730 4237 ab
758 4177 948 4237 eadem
987 4183 1204 4238 avocari
1237 4191 1482 4251 possent,
1513 4173 1622 4236 non
1662 4173 1968 4238 'adtnodum
2019 4173 2081 4236 ιιι

2189 3048 2298 3108 tur,
2333 3035 2624 3108 tingendos
2676 3051 2784 3108 non
2812 3035 2924 3092 alio
2955 3035 3120 3108 modo
3147 3043 3372 3108 peccata
3421 3052 3519 3108 sua
3547 3038 3796 3094 conﬁteri

2185 3107 2399 3173 solitos,
2420 3105 2584 3180 quam
2599 3107 2741 3177 quod
2783 3105 3240 3180 confugiendo’ad
3267 3105 3588 3171 remedium.
3623 3125 3797 3180 agro-

2185 3187 2269 3234 tos
2301 3193 2359 3234 se
2391 3191 2552 3250 atque
2595 3181 2814 3234 saucios
2843 3180 3006 3235 tacita
3029 3179 3262 3250 quadam
3293 3181 3349 3235 et
3369 3181 3630 3250 implicita
3660 3179 3792 3237 con-

2185 3195 2269 3234 tos
2301 3195 2359 3234 se
2391 3195 2552 3305 atﬂlte
2595 3195 2814 3234 sanctos
2843 3195 3006 3235 tacita
3029 3195 3262 3250 quadam
3293 3195 3349 3235 et
3371 3195 3630 3250 nnpncna
3660 3195 3792 3237 con-

2184 3249 2424 3307 fessione
2489 3251 2803 3315 eclarabat;
2833 3253 2937 3306 hoc
2975 3256 3108 3306 satis
3155 3263 3344 3321 aperte
3395 3253 3612 3320 probari
3656 3255 3794 3307 arbi-

2187 3336 2395 3379 tramur
2417 3323 2585 3377 hasce
2610 3321 2863 3379 homilias
2885 3323 3017 3392 alibi
3039 3339 3203 3392 quam
3227 3323 3282 3378 in
3308 3323 3556 3380 Ecclesia
3583 3325 3795 3382 Medio-

2190 3395 2398 3450 Innensi
2434 3395 2644 3450 habitas
2675 3411 2819 3450 esse.

2258 3461 2284 3503 ἀ
2320 3457 2437 3520 Vet.
2467 3466 2597 3521 edit.
2625 3473 2680 3520 et
2731 3481 2864 3522 mss.
2907 3461 3136 3536 aliquot,
3161 3476 3264 3520 non
3321 3466 3520 3522 iuverat
3549 3485 3569 3532 ;
3595 3467 3794 3524 melius

2186 3538 2320 3592 edit.
2354 3538 2515 3599 Boni.
2555 3547 2606 3592 et
2655 3539 2828 3594 codex
2857 3537 3061 3592 Teller.
3113 3539 3302 3600 alter,
3356 3549 3459 3594 non
3510 3540 3796 3606 linit-erat;

2185 3612 2392 3680 Optime
2424 3623 2559 3664 vero
2589 3623 2720 3665 mss.
2767 3608 2988 3679 reliqui.
3045 3625 3148 3663 non
3193 3609 3400 3665 iecerat.
3424 3612 3578 3678 Quod
3606 3623 3792 3668 autem

2189 3691 2310 3752 post
2334 3681 2472 3736 duos
2501 3695 2688 3734 versus
2729 3696 2826 3750 pro
2857 3681 3091 3752 confugit
3117 3680 3184 3734 ad
3223 3683 3552 3749 baptismum,
3583 3683 3794 3738 ultima:

2185 3751 2366 3806 Paris.
2393 3752 2526 3806 edit.
2570 3751 2965 3822 substituerant
2986 3751 3252 3822 consurgit
3273 3754 3342 3806 ad
3373 3753 3705 3821 baptismum,
3734 3754 3791 3809 in

2186 3824 2288 3877 hoc
2308 3839 2336 3876 a
2359 3825 2574 3878 caeteris
2593 3821 2728 3877 edit.
2756 3838 2820 3878 ac
2843 3838 2974 3878 mss.
3000 3821 3254 3880 omnibus
3280 3824 3647 3882 desciverant.
3677 3825 3791 3883 Sed

2182 3894 2312 3949 illud
2340 3909 2628 3964 operarum
2649 3906 2929 3962 peccatum
2961 3894 3082 3949 fuit.

2259 3976 2282 4003 θ
2311 3965 2551 4021 Clarom.
2578 3967 2752 4033 solus,
2780 3974 2836 4022 et
2865 3981 2963 4037 per
2993 3975 3227 4037 correct.
3259 3966 3355 4024 sed
3381 3967 3572 4024 eadem
3597 3983 3789 4036 manu,

2181 4038 2305 4109 quia
2333 4037 2578 4108 temporis
2627 4054 2731 4093 non
2779 4036 2878 4094 est,
2907 4036 3309 4110 disputationem
3368 4041 3625 4112 integrant
3656 4041 3789 4096 inri-

2187 4125 2326 4180 pere.

1614 4356 1962 4445 1.1mm
2040 4359 2640 4472 QUARTUS.
2704 4307 2709 4312 ’

1916 4505 2332 4528 Ψ

980 4610 1142 4686 aes
1161 4610 1394 4670 cspu'r
1419 4609 1712 4671 PRIMUM.

476 4724 776 4782 Secundum
800 4725 980 4784 veteris
1009 4725 1137 4799 tegis
1171 4723 1582 4782 Tabernaculttm
1612 4767 1626 4793 ,
1674 4729 1723 4782 et
1775 4731 1890 4798 dare
1917 4726 2075 4780 moris

549 4828 656 4875 erat
678 4817 751 4875 ibi
778 4815 994 4887 servari,
1022 4817 1093 4874 ad
1123 4818 1481 4891 baptisterium
1500 4815 1838 4892 baptismiqué
1863 4815 2074 4886 effectus

545 4909 877 4984 adoptantur.

543 5072 599 5128 1.
631 5069 692 5126 In
718 5069 892 5128 veteri
911 5067 1266 5126 Testamento
1309 5068 1626 5127 sacerdotes
1674 5067 1990 5140 frequenter
2018 5069 2074 5125 in

472 5165 706 5238 primum
735 5160 1145 5221 tabernaculum
1181 5164 1386 5220 intrare
1412 5165 1848 5222 consueverant:
1881 5165 1936 5222 iu
1981 5173 2070 5221 se-

466 5257 704 5314 cundum
733 5255 1148 5314 tabernaculum
1193 5251 1364 5314 semel
1385 5249 1440 5313 in
1463 5273 1608 5314 anno
1629 5267 1874 5316 Summus
1903 5260 2075 5315 intra-

470 5351 566 5408 bat
591 5351 850 5408 sacerdos
876 5349 1066 5421 (Leuit.
1091 5365 1207 5419 xu,
1244 5349 1284 5404 Ξ
1305 5359 1353 5405 et
1401 5351 1557 5424 αφ).
1582 5351 1740 5420 Quod
1789 5351 2073 5410 evidenter

472 5442 538 5499 ad
569 5442 830 5499 Hebraeos
881 5445 1165 5511 recolens,
1217 5443 1421 5501 seriem
1483 5447 1682 5502 veteris
1735 5441 2071 5504 Testamenti

476 5537 738 5608 explanat
756 5537 1040 5610 apostolus
1078 5526 1284 5598 Paulus
1315 5529 1502 5613 (Hebr.
1527 5556 1607 5610 ις,
1631 5533 1658 5599 l
1684 5549 1733 5596 et
1758 5536 1918 5613 πᾳ).
1945 5531 2074 5598 Erat

471 5639 654 5686 autem
683 5633 736 5687 in
767 5632 1018 5690 secundo
1064 5627 1420 5692 tabernaculo
1449 5649 1645 5692 manna
1677 5676 1692 5702 ,
1743 5645 1864 5692 erat
1902 5636 2071 5694 etiam

479 5719 629 5792 virga
656 5722 836 5778 Aaron
885 5735 1008 5796 qua
1033 5725 1198 5795 arsit,
1241 5731 1298 5784 et
1336 5734 1526 5802 postea
1577 5725 1844 5796 reﬂoruit,
1873 5731 2072 5786 eratet

479 5813 997 5890 thymiamaterium‘.

2102 4610 2156 4672 D
2250 4603 2306 4664 2.
2337 4606 2458 4679 Quo
2504 4608 2717 4682 spectat
2765 4604 3012 4671 hociUt
3049 4611 3371 4688 intelligatis
3417 4613 3548 4689 quid
3598 4618 3674 4675 sit
3698 4635 3794 4678 se-

2180 4701 2418 4758 cundum
2449 4703 2956 4776 tabernaculumﬁn
2983 4706 3127 4778 quod
3153 4719 3248 4764 vos
3269 4709 3576 4767 introduxit
3599 4727 3794 4770 sacer-

2181 4789 2302 4861 dos,
2361 4796 2416 4853 in
2447 4797 2590 4870 quod
2621 4801 2790 4857 semel
2820 4801 2878 4857 in
2907 4815 3052 4858 anno
3096 4807 3344 4860 summus
3392 4807 3651 4862 sacerdos
3703 4809 3791 4865 in-

2181 4891 2326 4946 trare
2355 4891 2659 4961 consuevit,
2689 4891 2793 4950 hoc
2841 4903 2946 4964 est,
2977 4895 3050 4978 ad.
3066 4895 3477 4978 baptisterium,
3511 4900 3598 4956 ubi
3633 4901 3790 4975 virga

2178 4981 2361 5039 Aaron
2407 4982 2591 5040 ﬂoruit
2615 4983 2806 5057 (Num.
2843 5002 2979 5056 xm,
3024 4986 3106 5060 8).
3144 4989 3286 5045 Ante
3335 4991 3484 5046 arida
3513 5003 3655 5060 erat,
3687 5011 3794 5062 po-

2177 5085 2292 5133 stea
2323 5075 2573 5134 reﬂoruit
2603 5097 2614 5133 :
2641 5086 2698 5136 et
2747 5089 2804 5136 tu
2828 5065 3015 5137 aridus
3047 5091 3193 5149 eras,
3219 5087 3276 5139 et
3305 5083 3521 5154 accpisti
3549 5085 3603 5140 in
3637 5085 3790 5144 fonte

2177 5169 2382 5244 irriguo
2407 5166 2784 5232 reﬂorescere.
2813 5168 3054 5232 Arueras
3079 5177 3342 5248 peccatis,
3375 5184 3599 5236 arueras
3631 5197 3791 5239 erro-

2173 5265 2326 5321 ribus
2347 5275 2512 5336 atque
2540 5265 2756 5324 delictis
2781 5286 2794 5324 :
2826 5267 2922 5324 sed
2948 5270 3182 5325 fructum
3215 5269 3326 5340 jam
3385 5271 3584 5331 aii‘erre
3607 5278 3790 5347 cepi-

2171 5360 2260 5430 sti,
2289 5361 2564 5432 plantstus
2585 5374 2748 5418 secus
2771 5363 3039 5420 decursus
3063 5375 3345 5436 aquarum.

2243 5452 2296 5507 3.
2324 5449 2434 5508 Sed
2465 5452 2604 5509 forte
2631 5449 2780 5510 dicas
2809 5471 2823 5509 :
2851 5455 2991 5526 Quid
3019 5457 3123 5513 hoc
3143 5457 3214 5514 ad
3247 5457 3530 5531 populufn,
3553 5461 3600 5518 si
3633 5463 3786 5534 Virga

2173 5543 2477 5606 sacerdotis
2503 5554 2746 5614 eruerat,
2772 5556 2826 5604 et
2844 5545 3123 5604 reﬂoruit?
3144 5539 3386 5621 Populus
3416 5553 3534 5624 ipse
3553 5553 3678 5624 quis
3699 5565 3790 5612 est

2173 5636 2278 5692 nisi
2333 5636 2742 5694 sacerdotalis?
2795 5638 3005 5708 Quibus
3051 5640 3256 5697 dictum
3311 5653 3440 5698 est:
3482 5641 3588 5699 Vos
3606 5655 3786 5702 autem

2172 5737 2334 5804 genus
2365 5729 2606 5799 eiectam,
2647 5733 2828 5804 regale
2851 5735 3220 5806 sacerdotium,
3242 5748 3368 5811 gens
3387 5743 3589 5812 saneta,
3605 5742 3667 5796 ut
3705 5737 3786 5798 sit

2177 5823 2454 5903 apostolus
2484 5823 2681 5903 Petrus
2713 5827 2758 5908 (ι
2785 5827 2932 5890 Ρθιτ.
2962 5848 3022 5902 ιι,
3041 5831 3122 5906 9).
3146 5821 3530 5918 Unusquisque
3557 5839 3784 5914 ungitur
