4042 6294
293 271 402 327 457

1493 264 1582 320 DE
1620 260 2108 321 SACRAIBNTIS
2145 261 2277 320 LIB;
2320 263 2411 319 IV.

3488 260 3597 319 438

297 393 350 446 in
368 389 763 461 sacerdotium,
790 387 1004 458 ungitur
1050 394 1105 441 et
1132 385 1186 440 in
1219 396 1445 454 regnum
1479 379 1617 437 :sed
1659 378 1902 451 spiritale
1928 381 1984 441 Α
2075 379 2467 450 comparatione
2495 394 2516 445 ,-
2550 377 2638 431 ubi
2679 376 2829 432 illam
2854 376 3286 447 «materiarum
3304 388 3601 433 nostrorum

297 500 526 556 regnum
553 493 661 550 est,
684 491 741 540 et
762 480 1127 539 sacerdotium
1153 478 1419 551 spiritale.

368 602 423 655 s.
451 598 510 654 lu
540 596 786 654 secundo
833 608 1053 668 quoque
1082 593 1436 649 tabernaculo
1464 599 1550 648 est
1575 582 1901 661 tityhiiama-

298 695 499 750 terium
524 690 717 764 (Hebr.
760 704 841 758 ιι,
868 688 956 756 «1),
985 687 1129 759 quod
1168 687 1375 742 bonum
1413 683 1640 741 odorem
1671 682 1906 754 ﬂagrare

296 784 625 848 consuevit;
654 782 728 838 ita
755 791 811 838 et
838 794 936 836 vos
976 780 1088 851 jam
1134 780 1312 837 bonus
1335 777 1475 833 odor
1515 775 1717 832 Christi
1744 772 1901 843 estis,

298 883 410 951 jam
442 886 470 915 ιι
493 877 641 932 nulla
669 877 724 931 in
754 874 910 930 vobis
933 886 1060 930 sors
1112 870 1438 928 delictorum
1467 909 1484 937 ,
1536 867 1719 923 nullus
1768 865 1906 922 odor

299 974 569 1047 gravioris
594 971 823 1029 erroris.

978 1099 1211 1161 CAPUT
1250 1100 1315 1158 ll.

306 1224 606 1280 Humanam
656 1223 713 1277 in
744 1220 999 1295 baptism
1034 1217 1381 1273 conditionem
1432 1210 1765 1267 admirationi
1799 1224 1909 1264 esse

375 1319 505 1390 ipsis
527 1317 773 1389 Angelis;
797 1314 933 1369 hanc
955 1314 1091 1368 enim
1125 1327 1217 1381 per
1249 1309 1396 1364 illum
1424 1306 1491 1361 ad
1523 1304 1831 1360 innocentia:
1848 1318 1909 1357 ac

363 1411 655 1482 juscntutis
675 1409 899 1483 gratiam
922 1405 1176 1462 revocari.

377 1530 432 1586 5.
460 1528 722 1602 Sequitur
751 1536 810 1584 ut
832 1525 1063 1583 veniatis
1082 1523 1151 1581 ad
1181 1522 1374 1578 altare.
1402 1517 1657 1590 Caspistis
1679 1515 1867 1573 venire
1893 1531 1907 1568 :

306 1632 632 1696 spectarunt
670 1623 873 1694 angeli,
913 1619 1170 1676 viderunt
1194 1630 1293 1672 vos
1325 1614 1490 1688 363
1531 1612 1911 1677 advenientes,

305 1734 363 1779 et
393 1721 685 1777 humanam
715 1715 1089 1773 conditionem
1110 1713 1286 1777 illam,
1311 1726 1431 1781 qua:
1481 1716 1611 1764 ante
1658 1714 1913 1778 peccato-

2074 481 2336 527 aactorem
2360 480 2408 526 et
2434 469 2627 525 Christi
2647 469 2870 542 ligarant
2899 469 3155 524 exstitisse
3183 472 3398 539 Nonum
3422 470 3572 541 facit.

2077 566 2131 621 8.
2171 566 2376 621 Venisti
2401 565 2465 620 ad
2498 565 2694 631 altare,
2725 562 2907 618 vidisti
2937 573 3282 620 sacramenta
3309 564 3484 635 posits
3514 577 3607 620 su-

2006 676 2105 731 per
2128 660 2321 725 altare,
2352 667 2409 715 et
2432 658 2604 728 ipsam
2635 655 2854 729 quidem
2900 656 3063 729 337
3095 659 3323 713 miratus
3363 673 3424 714 es
3454 673 3609 714 crea-

2006 765 2218 822 turam;
2249 763 2428 810 tamen
2454 763 2761 810 creaturam
2788 753 3091 808 solemnem
3108 760 3162 807 et
3182 760 3388 807 notam.

2078 848 2133 905 9.
2169 849 2335 905 Forte
2363 848 2560 919 aliquis
2578 847 2776 903 dixerit
2800 863 2815 903 :
2848 844 3055 903 iudicis
3086 846 3228 902 Deus
3254 855 3457 903 tantam
3485 861 3613 918 gra-

2009 942 2140 998 tiam
2170 952 2193 981 ε
2223 942 2497 1012 ῃι-τεειὶιίι,
2522 955 2718 997 manna
2749 939 2858 995 illis
2880 939 3021 1011 pluit
3045 954 3077 994 e
3105 938 3250 996 caelo
3268 938 3469 1013 (Exod.
3498 955 3611 1008 svr,

2011 1032 2103 1107 15)
2136 1052 2151 1091 :
2179 1035 2309 1106 quid
2332 1035 2455 1106 plus
2483 1034 2635 1092 dedit
2662 1034 2917 1091 ﬁdelibus
2943 1033 3078 1101 suis,
3113 1034 3245 1106 quid
3274 1034 3393 1106 plus
3422 1036 3615 1092 tribuit

2009 1126 2078 1184 iis
2102 1126 2300 1197 quibus
2324 1127 2447 1198 plus
2474 1127 2763 1199 promisit?

2084 1220 2170 1275 10.
2230 1220 2432 1293 Accipe
2490 1236 2611 1292 quae
2661 1221 2806 1289 dico,
2858 1222 3134 1277 anteriora
3185 1235 3307 1278 esse
3354 1222 3613 1293 mysteria

2012 1314 2449 1372 Christianorum
2477 1330 2639 1387 quam
2658 1314 2998 1383 Judaorum,
3025 1325 3082 1371 et
3108 1314 3371 1371 diviniora
3392 1326 3512 1372 esse
3533 1329 3621 1370 sa-

2012 1418 2298 1466 cramenta
2344 1407 2788 1466 Christianorum
2851 1424 3014 1481 quam
3065 1408 3398 1466 Iudaeorum.
3469 1408 3618 1477 Quo-

2014 1505 2211 1562 modo?
2251 1506 2473 1577 Accipe.
2525 1504 2699 1561 Judaei
2745 1504 2962 1575 quando
3002 1518 3127 1561 esse
3171 1503 3496 1574 eruperunt?
3536 1504 3616 1559 Ει

2014 1598 2152 1655 Juda
2182 1598 2368 1669 utique
2392 1605 2697 1669 pronepote
2727 1595 2963 1652 Abralue
2998 1612 3016 1656 ξ
3043 1592 3070 1633 ά
3097 1606 3213 1664 aut,
3258 1595 3305 1652 si
3334 1595 3416 1653 vis
3460 1606 3516 1653 et
3541 1596 3623 1650 sic

2016 1691 2348 1763 intelligere,
2382 1705 2449 1746 es
2478 1690 2646 1762 Lege,
2677 1690 2731 1746 id
2759 1701 2843 1746 est
2864 1690 3084 1761 quando
3108 1689 3283 1746 Judaei
3308 1690 3507 1761 Legem
3538 1703 3622 1744 ac-

305 1830 428 1872 rum
480 1813 774 1869 ιεηθιη-οεο
801 1809 1057 1880 squalore
1107 1779 1368 1863 sordebat
1392 1844 1407 1870 ,
1456 1810 1786 1873 aspexerim;
1822 1814 1913 1852 su-
1942 1779 1989 1842 B
2018 1788 2199 1881 cipere
2245 1793 2587 1881 meruertmt.
2618 1785 2762 1856 Ergo
2799 1798 2867 1840 ει
2912 1795 3216 1855 pronepote
3255 1784 3492 1840 Abrahat
3521 1782 3619 1838 ιυ-

303 1911 421 1966 bito
452 1907 746 1980 refulgere.
774 1904 1010 1975 Ideoque
1051 1901 1350 1958 dixerunt:
1392 1899 1521 1964 Qui:
1560 1903 1637 1951 est
1665 1894 1774 1948 haec
1799 1906 1916 1964 qua

302 2002 539 2060 ascendit
579 2019 612 2056 a
641 2002 838 2057 deserto
868 1997 1107 2053 dealbata
1154 1994 1331 2065 (Cant.
1363 2007 1482 2059 vui,
1514 1989 1570 2061 5)
1603 1989 1626 2043 ‘l
1652 1987 1917 2043 Mirantur

303 2115 439 2168 ergo
462 2106 516 2153 et
542 2094 744 2167 angeli.
774 2093 866 2149 Vis
898 2092 1042 2148 scire
1090 2090 1219 2162 quia
1268 2088 1535 2143 mirantur
1562 2084 1586 2138 i
1615 2081 1758 2138 Audi
1784 2094 1916 2151 ergo

303 2188 662 2267 apostolumb
689 2189 914 2248 Paulum
946 2187 1222 2243 dicentem
1252 2198 1316 2239 ea
1346 2181 1507 2237 nobis
1535 2192 1659 2235 esse
1689 2176 1914 2242 collata,

303 2266 430 2360 qum
456 2285 854 2355 concupiscunt
877 2276 1133 2351 etaugeli
1158 2276 1344 2332 videre
1369 2274 1413 2346 (Ι
1440 2272 1587 2327 Petr.
1621 2268 1802 2341 ι,12).
1852 2266 1918 2321 Et

304 2384 508 2438 iterum
534 2396 547 2433 :
585 2376 739 2445 Quod
777 2376 961 2430 oculus
992 2388 1094 2428 non
1130 2370 1278 2436 vidit,
1309 2383 1399 2423 nec
1425 2366 1569 2421 auris
1596 2362 1914 2417 audivit.....

303 2491 426 2547 qua:
455 2471 775 2546 prwparavit
808 2464 945 2523 Deus
983 2461 1319 2537 diligentibus
1346 2477 1398 2515 se
1424 2454 1468 2533 (l
1494 2454 1615 2513 Cor.
1640 2464 1699 2523 tt,
1729 2450 1807 2527 9).

383 2591 438 2647 6.
472 2587 677 2645 Deinde
694 2584 822 2658 quid
844 2582 1125 2654 acceperis
1150 2588 1503 2649 recognosce.
1539 2573 1778 2631 Sanctus
1816 2568 1919 2624 Da-

310 2680 409 2739 vid
440 2679 700 2754 propheta
737 2678 874 2732 hanc
915 2674 1146 2747 gratiam
1199 2672 1251 2726 in
1284 2668 1451 2742 ﬁgura
1474 2666 1611 2723 vidit
1636 2675 1690 2720 et
1719 2670 1921 2719 concu-

309 2776 475 2849 pivit.
496 2773 592 2829 Vis
613 2770 760 2828 seire
785 2769 911 2841 quia
938 2762 1322 2837 concupierit?
1352 2759 1551 2818 lterum
1580 2756 1708 2815 audi
1736 2756 1922 2812 dicen-

309 2880 424 2926 tem
457 2884 472 2921 :
503 2866 761 2936 Asperges
786 2878 866 2917 me
893 2861 1137 2933 hyssopo,
1165 2866 1211 2912 et
1230 2854 1521 2910 mundabor
1544 2867 1563 2907 :
1594 2849 1789 2906 lavabis
1815 2863 1915 2917 me,

310 2973 362 3020 et
390 2974 545 3032 super
566 2959 735 3013 nivem
758 2954 1038 3012 dealbabor
1063 2952 1182 3025 (Ps.
1213 2967 1265 3019 ι,
1291 2948 1371 3013 9).
1392 2948 1572 3017 Quare
1596 2944 1621 2999 τ
1649 2944 1782 3013 Quia
1805 2943 1917 3009 nix,

311 3054 570 3130 quamvis
599 3051 671 3108 sit
698 3046 952 3118 candida,
1006 3048 1117 3104 cito
1144 3046 1322 3118 aliqua
1349 3040 1513 3099 sorde
1558 3038 1817 3111 nigrescit
1840 3044 1922 3091 at-

310 3167 424 3224 que
486 3146 855 3218 corrumpitur
895 3159 911 3197 :
968 3144 1071 3199 ista
1116 3140 1288 3212 gratia
1334 3153 1496 3209 quam
1546 3133 1828 3205 accepisti,
1873 3130 1918 3185 si

312 3254 511 3302 teneas
558 3240 699 3315 quod
737 3237 1019 3310 accepisti,
1069 3235 1176 3291 erit
1214 3233 1466 3288 diuturna
1512 3239 1673 3299 atque
1722 3239 1921 3297 perpe-

316 3351 438 3399 tua.

399 3435 450 3491 7.
483 3431 752 3489 Veniebas
774 3442 906 3499 ergo
944 3423 1265 3481 desiderans
1306 3420 1374 3476 ad
1405 3418 1596 3485 altare,
1623 3422 1811 3486 utpote
1832 3413 1925 3484 qui

315 3535 528 3587 tantam
556 3525 787 3600 gratiam
828 3518 1046 3579 videras
1071 3536 1086 3586 ;
1120 3517 1378 3573 veniebas
1404 3513 1723 3570 desiderans
1750 3509 1815 3565 ad
1846 3510 1925 3569 al-

318 3632 461 3685 tare,
494 3616 910 3691 quo‘accipcrcs
941 3617 1364 3668 sacramentum.
1398 3605 1547 3662 Dicat
1577 3605 1754 3659 anima
1788 3613 1876 3657 tua
1909 3616 1923 3656 :

316 3714 394 3770 Et
423 3712 647 3768 introibo
686 3710 753 3763 ad
800 3708 967 3763 altare
996 3705 1092 3761 Dei
1119 3704 1239 3771 mei,
1273 3701 1342 3755 ad
1390 3699 1558 3755 Deum
1577 3698 1663 3768 qui
1694 3695 1928 3766 lwtiﬁcat

306 3812 641 3883 juventutem
663 3799 957 3873 meam(Ps.
980 3797 1195 3869 sunt).
1212 3792 1517 3867 Depdsuisti
1573 3800 1923 3864 peccatorum

317 3906 690 3965 senectutem,
718 3891 997 3962 sumpsisti
1027 3889 1219 3963 gratiae
1242 3888 1583 3960 iuventutem
1609 3901 1622 3937 :
1659 3883 1761 3939 hoc
1792 3898 1929 3954 pra:—

319 3995 584 4050 stitcrunt
616 3990 712 4047 tibi
768 3998 1110 4045 sacramenta
1154 3984 1416 4041 cmlestia.
1447 3981 1691 4052 Denique
1731 3978 1928 4034 iterum

318 4086 761 4158 audidicentem
811 4081 977 4138 David
1012 4098 1025 4131 :
1062 4077 1410 4134 Renooabitur
1453 4076 1584 4130 sicut
1634 4072 1931 4143 aquileiat-

319 4191 507 4238 oentus
540 4191 631 4235 tua
654 4179 779 4251 (Ps.
802 4192 896 4244 cu,
921 4176 1000 4248 5).
1029 4174 1177 4230 Bona
1201 4172 1379 4244 aquila
1408 4184 1530 4226 esse
1546 4166 1779 4240 coepisti,
1811 4180 1932 4237 quae

320 4276 529 4333 caelum
559 4272 739 4345 petis;
771 4280 991 4327 terrena
1015 4266 1246 4324 fastidis.
1276 4266 1437 4321 Bona:
1464 4263 1662 4335 aquila:
1686 4262 1831 4318 circa
1854 4259 1935 4315 al-

322 4366 619 4426 tarerbi
670 4366 806 4422 enim
861 4379 1069 4436 corpus,
1117 4362 1186 4416 ibi
1218 4370 1267 4416 et
1297 4358 1486 4431 aquila:
1514 4356 1733 4429 (Matth.
1784 4370 1931 4421 xxiv,

321 4465 448 4536 28).
481 4461 688 4519 Forma
710 4459 956 4530 corporis
982 4457 1158 4512 altare
1181 4463 1288 4520 est,
1320 4466 1373 4508 et
1399 4468 1601 4524 corpus
1622 4448 1825 4505 Christi
1852 4457 1935 4504 est

324 4558 383 4615 in
417 4556 574 4613 altari
606 4573 619 4610 :
652 4544 851 4624 aquilae
880 4567 978 4608 vos
1005 4551 1161 4618 estis,
1190 4552 1464 4604 renovem:
1513 4544 1797 4601 ablatione
1839 4541 1932 4598 de-
1959 4560 2013 4620 Ι)

324 4651 465 4708 licti.

956 4756 1185 4819 CAPUT
1225 4758 1311 4815 lli.

326 4900 654 4958 Dstensnrus
683 4908 863 4954 auctor
886 4906 1211 4954 sacramenta
1230 4905 1406 4951 nostra
1428 4908 1581 4961 quam
1632 4890 1936 4947 Iudaeorum

407 5006 515 5051 tum
549 4994 845 5066 antiquiora
873 5004 979 5047 lunt
1012 4992 1268 5046 diviniora
1312 5006 1444 5056 esse,
1469 4990 1693 5059 priorem
1740 4997 1938 5059 portent

408 5089 620 5159 con/icit
640 5086 880 5142 instituta
906 5085 1043 5140 inter
1072 5082 1453 5137 Melchisedech
1480 5091 1636 5152 atque
1678 5079 1939 5135 Abraham

411 5236 437 5264 δ
466 5225 601 5284 Gill.
626 5238 692 5279 ac
720 5222 875 5277 Rom.
908 5219 1043 5277 edit.
1084 5229 1141 5275 et
1168 5233 1300 5273 mss.
1326 5217 1468 5273 Tell.
1508 5218 1668 5281 alter,
1701 5218 1862 5274 nulla
1888 5222 1943 5273 in

326 5301 480 5360 nobis
501 5297 720 5360 sordes;
745 5294 838 5349 alii
885 5293 1117 5362 aliquot,
1149 5290 1377 5362 nulloin
1404 5289 1545 5344 vobis
1584 5296 1796 5345 sordes:
1818 5292 1945 5347 reii-

329 5374 432 5442 qui
454 5370 629 5442 multo
655 5368 843 5442 plures
865 5360 1243 5442 potioresque,
1266 5360 1408 5442 sicut
1432 5371 1506 5442 et.
1531 5362 1753 5442 Amerb.
1786 5372 1950 5433 atque

332 5433 502 5504 Erus.
532 5433 699 5503 editl,
728 5433 880 5492 nulla
906 5438 958 5489 in
989 5434 1130 5489 vobis
1162 5451 1291 5489 sors.
1316 5433 1463 5488 Bona
1494 5434 1684 5499 lectio,
1711 5444 1767 5488 et
1794 5449 1954 5505 quam

332 5512 822 5592 jam_tom.r,col.
882 5506 973 5590 6i,
1030 5510 1083 5589 in
1138 5505 1440 5588 Ambrosio
1478 5507 1957 5592 annotavimusnet

338 5577 558 5655 'saipius
588 5594 851 5638 annotare
895 5579 1172 5655 si_visum
1218 5585 1386 5641 esset,
1430 5578 1504 5655 in_
1531 5588 1782 5655 promptu
1833 5577 1958 5633 fuit.

348 5649 514 5720 Unde
560 5657 790 5726 colligas
815 5662 929 5726 (aut
962 5650 1104 5726 hunc
1147 5654 1431 5705 auctorem
1480 5649 1964 5706 Ambrosianorum

2017 1880 2119 1936 daei
2156 1881 2288 1937 dicti
2318 1877 2597 1947 suntfaut
2642 1894 2675 1935 a
2708 1888 2955 1950 tempore
3002 1880 3175 1934 sancti
3206 1877 3430 1950 Moysis.
3467 1878 3532 1933 Et
3574 1878 3624 1931 si

2018 1982 2149 2028 tunc
2198 1973 2343 2029 Deus
2377 1970 2581 2028 Judaeis
2635 1971 3102 2027 murmurantibus
3154 1982 3352 2027 manna
3403 1970 3544 2042 pluit
3588 1985 3622 2026 e

2017 2065 2161 2122 caelo
2184 2102 2201 2133 ,
2234 2065 2331 2121 tibi
2363 2073 2547 2121 autem
2569 2074 3039 2121 sacramentorum
3072 2065 3268 2120 borum
3293 2064 3464 2137 ﬁgura
3484 2078 3623 2134 prm-

2017 2159 2208 2226 cessit,
2254 2157 2476 2230 quando
2522 2157 2799 2214 Abraham
2837 2158 3247 2229 erat,,quando
3295 2160 3620 2215 vernaculos

2018 2260 2293 2308 trecentos
2318 2262 2341 2289 ε
2365 2250 2554 2308 decem
2588 2259 2643 2307 et
2669 2261 2793 2307 octo
2824 2250 3067 2322 collegit,
3093 2260 3149 2308 et
3178 2250 3274 2307 tibi
3299 2263 3622 2322 persecutus

2019 2356 2104 2401 est
2119 2344 2487 2412 adversarios,
2507 2344 2576 2400 de
2594 2344 2910 2415 captivitate
2931 2359 3134 2400 erueus
3149 2355 3399 2413 uepmem
3424 2359 3581 2399 suum
3602 2361 3619 2410 ;

2021 2446 2149 2492 tunc
2180 2435 2351 2491 victor
2391 2435 2562 2504 venit,
2606 2437 2849 2491 occurrit
2880 2435 2958 2490 illi
2991 2430 3391 2490 Melchisedech
3438 2448 3622 2490 sacer-

2020 2533 2138 2601 dos,
2188 2540 2243 2586 et
2283 2530 2480 2587 obtulit
2518 2530 2568 2585 ei
2602 2542 2799 2601 partem
2852 2536 2905 2585 et
2932 2526 3117 2584 viuum
3165 2526 3320 2601 (Gen.
3354 2543 3470 2595 xlv,
3505 2524 3621 2599 18).

2020 2626 2153 2697 Quis
2180 2624 2371 2680 habuit
2398 2639 2595 2694 panem
2621 2634 2676 2678 et
2701 2622 2926 2678 viuum?
2955 2614 3231 2677 Abraham
3268 2637 3376 2677 non
3406 2620 3618 2678 habuit.

2020 2718 2132 2776 Sed
2161 2718 2283 2789 quis
2312 2716 2539 2772 habuit?
2566 2714 2990 2771 Melchisedech.
3020 2715 3141 2785 ipse
3166 2728 3298 2787 ergo
3320 2723 3513 2768 auctor
3529 2728 3618 2768 sa.

2019 2816 2425 2868 crametitorum
2461 2806 2652 2884 (Hebr.
2679 2823 2774 2876 vu,
2811 2805 2837 2862 l
2867 2817 2913 2861 et
2942 2808 3099 2877 seq.).
3122 2807 3255 2874 Quis
3283 2812 3367 2861 est
3393 2802 3621 2861 Melchi-

2021 2903 2264 2962 sedech?
2313 2902 2415 2972 Qui
2465 2900 2804 2974 signiﬁcatur
2853 2916 2952 2956 rex
2991 2899 3242 2970 justitiw,
3301 2914 3397 2954 rex
3453 2898 3627 2970 pacis.

2021 2999 2156 3068 Quis
2183 3008 2267 3054 est
2299 2998 2404 3053 iste
2431 3010 2525 3051 res
2545 2994 2809 3065 justitiae?
2835 2993 3110 3062 Numquid
3140 2994 3304 3048 homo
3333 2992 3625 3064 quisquam

2023 3102 2204 3166 potest
2227 3106 2325 3147 rex
2355 3105 2478 3146 esse
2504 3088 2769 3160 justitim?
2797 3087 2933 3156 Quis
2958 3098 3092 3159 ergo
3123 3101 3217 3142 rex
3238 3085 3487 3156 justitim,
3523 3084 3629 3140 nisi

1949 3166 1995 3231 Ο
2022 3185 2237 3258 justilia
2268 3184 2385 3253 Dei,
2418 3183 2509 3252 qui
2533 3190 2617 3237 est
2643 3181 2735 3237 Dei
2759 3197 2885 3252 pax,
2921 3176 3020 3235 Dei
3048 3176 3364 3250 sapientia?
3402 3178 3502 3244 Qui
3534 3192 3634 3247 po-

2029 3279 2131 3334 tuit
2157 3278 2343 3334 dicere
2377 3294 2391 3330 :
2424 3275 2616 3331 Pacem
2648 3288 2816 3329 meam
2843 3275 2910 3329 do
2939 3272 3106 3341 nobis,
3130 3287 3310 3342 pacem
3351 3286 3517 3325 meum
3547 3286 3628 3325 re-

2027 3371 2206 3442 linquo
2236 3370 2375 3425 vobis
2406 3367 2588 3439 (Joan.
2617 3382 2728 3434 ιιι,
2754 3365 2872 3438 '27).

2101 3466 2190 3524 11.
2224 3466 2370 3538 Ergo
2399 3465 2575 3536 primo
2604 3463 2848 3535 intellige
2872 3466 3215 3519 sacramenta
3247 3461 3366 3518 haec
3385 3476 3508 3534 quae
3529 3475 3627 3517 ac-

2029 3563 2188 3634 cipis,
2220 3563 2500 3618 anteriora
2545 3575 2669 3617 esse
2698 3572 2862 3631 quam
2910 3559 3019 3615 sint
3046 3558 3215 3631 Moysi
3261 3567 3628 3622 sacramenta,

2028 3671 2383 3729 quzecumque
2413 3654 2586 3711 Judaei
2621 3654 2823 3709 habere
2871 3666 2931 3709 se
2967 3652 3190 3718 dicunt;
3234 3661 3291 3707 et
3322 3651 3472 3722 prius
3510 3664 3627 3706 cte-

2032 3756 2174 3827 pisse
2206 3750 2466 3825 populum
2497 3748 2893 3813 Christianum,
2923 3763 3083 3820 quam
3113 3748 3347 3820 cmpisse
3370 3746 3628 3818 populum

2030 3848 2339 3906 Judaiorum
2367 3864 2379 3901 :
2411 3846 2510 3902 sed
2551 3860 2654 3901 nos
2701 3845 2754 3899 in
2806 3842 3317 3915 praedestinatione,
3368 3842 3516 3897 illum
3577 3842 3630 3897 in

2031 3944 2276 4000 nomine.

2107 4037 2192 4094 l2.
2224 4036 2437 4094 Obtulit
2471 4048 2603 4108 ergo
2643 4030 3044 4092 Melchisedech
3085 4045 3279 4103 panem
3323 4039 3382 4086 et
3422 4028 3631 4083 vinum.
3690 4098 3697 4103 ﬁ

2032 4133 2168 4201 Quis
2196 4141 2280 4188 est
2309 4128 2708 4187 Melchisedech
2732 4129 2756 4184 τ
2783 4128 2912 4186 Sine
2939 4136 3106 4198 patre,
3141 4126 3339 4192 inquit,
3366 4125 3479 4179 sine
3522 4139 3635 4176 nta-

2034 4234 2132 4293 tre,
2174 4225 2286 4279 sine
2323 4222 2668 4294 generationis
2708 4220 2916 4286 ordine,
2956 4233 3117 4289 neque
3155 4217 3360 4272 initium
3403 4214 3633 4283 dierum,
3702 4210 3715 4221 ’

2037 4335 2197 4393 neque
2240 4319 2398 4389 ﬁnem
2438 4318 2558 4372 vita
2608 4315 2850 4370 habens:
2890 4312 2995 4367 hoc
3052 4309 3215 4367 habet
3254 4310 3320 4365 ad
3379 4307 3640 4364 llebrazos

2036 4412 2285 4484 epistola.
2315 4410 2445 4468 Sine
2468 4419 2644 4481 patre,
2678 4407 2875 4479 inquit,
2908 4414 2966 4463 et
2986 4406 3105 4461 sine
3135 4413 3309 4460 matre
3334 4410 3437 4459 est.
3473 4399 3641 4458 Simi-

2040 4506 2110 4561 lis
2143 4505 2274 4560 cuil
2306 4504 2444 4559 Filio
2476 4502 2591 4558 Dei.
2622 4500 2755 4557 Siue
2797 4509 2975 4555 matre
3020 4497 3185 4571 368
3210 4506 3371 4552 natus
3420 4498 3507 4551 est
3538 4492 3638 4549 Dei

2039 4598 2210 4655 Filius
2240 4598 2594 4669 generatione
2620 4592 2829 4651 cmlesti
2854 4634 2869 4659 ,
2896 4591 3024 4663 quia
3074 4607 3141 4647 ex
3175 4588 3295 4647 solo
3324 4590 3435 4645 Deo
3474 4586 3644 4643 Patre

2037 4704 2197 4751 natus
2240 4702 2323 4749 est
2354 4709 2367 4748 :
2395 4701 2451 4749 et
2487 4690 2685 4747 iterum
2733 4688 2853 4745 sine
2888 4696 3044 4760 patre
3086 4692 3248 4741 natus
3288 4692 3395 4750 est,
3423 4680 3645 4755 quando

2040 4795 2200 4841 natus
2224 4799 2293 4842 ex
2322 4783 2538 4855 Virgine
2562 4791 2649 4838 est
2673 4798 2688 4847 ;
2722 4796 2831 4835 non
2857 4779 3002 4835 enim
3030 4792 3100 4834 ει
3125 4776 3268 4834 virili
3308 4776 3523 4832 semine
3547 4788 3644 4845 ge-

2042 4889 2265 4937 neratus
2292 4887 2377 4935 est
2407 4893 2421 4930 :
2452 4875 2550 4933 sed
2573 4886 2736 4953 natus
2766 4873 2837 4929 de
2876 4872 3085 4943 Spiritu
3124 4878 3319 4925 sancto
3350 4865 3567 4939 (Matth.
3603 4880 3644 4931 ι,

2041 4976 2136 5049 20)
2169 4986 2222 5032 ct
2250 4974 2460 5045 virgine
2496 4970 2685 5039 Maria,
2726 4979 2881 5025 utero
2907 4966 3085 5023 editus
3129 4961 3404 5035 virginali,
3448 4957 3645 5015 similis

2044 5090 2142 5150 per
2160 5073 2341 5127 omnia
2364 5069 2507 5124 Filio
2536 5067 2654 5122 Dei.
2684 5062 2954 5121 Sacerdos
2971 5073 3189 5131 quoque
3212 5065 3333 5113 erat
3361 5050 3646 5109 Melchise-

2080 5216 2145 5301 ’δ
2183 5214 2314 5271 istic
2341 5219 2397 5266 ut
2413 5206 2541 5264 alibi
2566 5220 2672 5260 non
2698 5202 2873 5273 semel.
2893 5211 3172 5257 auctorem
3208 5193 3405 5251 leiellit
3429 5204 3646 5247 memo-

2049 5304 2155 5401 r“;
2173 5356 2314 5413 Cod.
2348 5352 2616 5418 Claram,
2649 5345 2892 5419 priestitit
2916 5352 2972 5397 ut
2994 5355 3185 5419 manna
3211 5337 3319 5392 illis
3340 5334 3565 5419 plueret.

2130 5430 2156 5469 ά
2180 5406 2549 5486 ὂῖεεξεδίι.
2594 5406 2662 5476 ἑὸ
2692 5434 2823 5475 mss.
2858 5411 3129 5486 nonnulli,
3153 5419 3264 5474 aut,
3306 5408 3349 5460 si
3377 5407 3475 5471 uis,
3506 5415 3553 5459 et
3580 5406 3656 5461 sic

2063 5484 2315 5573 intelligo,
2341 5513 2407 5552 ea:
2435 5490 2572 5565 Lege
2591 5507 2748 5561 quam
2769 5487 2943 5573 adici
2966 5484 3197 5573 accipere
3214 5486 3509 5533 meruerunt
3534 5494 3553 5532 :
3572 5491 3664 5533 re-

2068 5577 2197 5643 liqui
2228 5559 2429 5643 maguo
2453 5559 2711 5643 numero,
2744 5569 2803 5614 ut
2831 5559 2885 5615 in
2906 5564 3123 5643 testu-7“
3168 5621 3365 5643 una“
3422 5629 3459 5643 Α.
3484 5620 3501 5643 ι

2148 5620 2632 5703 ἶῙΝΪιειῗιῖιΙιιηδεη
2660 5620 2836 5687 decem
2866 5639 2917 5684 et
2944 5640 3127 5682 nouem
3156 5621 3386 5695 collegit,
3413 5629 3460 5676 et
3482 5620 3596 5689 irit,
3614 5630 3668 5675 et

339 5737 632 5795 librorum
679 5720 921 5783 maxime
959 5722 1259 5779 studiosum
1296 5761 1310 5785 ,
1358 5730 1454 5775 aut
1515 5729 1807 5795 utrumque
1860 5735 1969 5779 non
2070 5725 2373 5792 perrectum
2397 5720 2491 5766 est.

342 5793 466 5887 mal
482 5814 599 5860 tum
624 5798 863 5867 diversis
889 5795 1094 5855 vixisse
1123 5795 1259 5854 locis
1280 5808 1350 5859 ac
1377 5793 1734 5867 temporibus.

3514 5800 3527 5838 ε
