4042 6294
458 262 564 323 459

1807 263 1890 321 SA
1899 264 2055 322 NCTI
2097 264 2451 335 AMBROSII}
3651 264 3742 323 ιω

455 383 630 451 decb;
664 383 791 456 quia
832 389 891 439 et
913 381 1168 439 Christus
1195 380 1480 446 sacerdos,
1507 379 1594 435 cui
1619 379 1852 436 dicitur:
1877 379 1960 438 Tu
2004 399 2060 440 es
2087 387 2141 446 Α
2163 384 2358 453 cratio,
2389 383 2460 440 de
2481 398 2621 457 pane
2645 383 2706 440 fit
2729 383 2757 424 ι»
2787 397 2918 441 caro
2946 381 3176 441 Christi.
3203 382 3319 439 Hoc
3361 383 3524 455 igitur
3550 391 3746 438 astrua-

460 477 708 532 sacerdos
744 477 802 531 in
825 484 1080 532 attentum
1099 476 1386 533 secundum
1417 475 1652 531 ordinem
1682 473 2067 532 Melchisedech

464 569 644 644 (Psal.
666 584 784 639 tux,
809 567 888 641 4).

1071 661 1316 720 CAPUT
1351 661 1442 717 IV.

469 753 542 812 Ut
591 758 904 829 persuadeat
945 757 1042 812 hoc
1087 765 1466 812 sacramentum
1501 754 1726 812 divinius
1776 755 2068 813 habendum

538 866 694 919 quam
711 867 923 916 osanna,
943 866 1008 906 ea:
1037 866 1170 920 pane
1192 850 1466 920 ipsummet
1491 845 1693 904 Christi
1712 865 1902 915 corpus
1928 851 2069 920 ejus-

539 943 658 997 dem
687 943 878 996 Christi
901 958 1130 998 sermone
1156 941 1272 1010 ﬁeri
1295 951 1554 995 asseverat
1585 957 1604 994 :
1638 943 1779 1010 quod
1800 951 2067 1014 postquam

539 1035 720 1090 allatis
740 1035 897 1089 uariis
917 1033 1208 1102 effectibus,
1236 1033 1422 1105 quibus
1449 1034 1681 1106 ejusdem
1709 1035 1963 1089 sermonis
1989 1037 2069 1108 ef-

537 1129 776 1197 ﬁcacitas
798 1129 981 1196 claret,
1027 1128 1382 1198 conﬁrmavit;
1409 1145 1502 1183 cur
1531 1129 1747 1201 sanguis
1773 1129 1868 1184 sub
1897 1129 2069 1184 aliena

543 1223 715 1293 specie
741 1222 913 1288 detur,
937 1239 1148 1277 causam
1175 1221 1370 1278 reddit.

541 1315 627 1370 15.
657 1315 800 1386 Ergo
824 1325 1013 1370 auctor
1028 1323 1498 1372 sacramentorum
1521 1316 1644 1387 quis
1680 1324 1790 1382 est,
1820 1317 1924 1372 nisi
1958 1317 2063 1373 Do-

465 1406 649 1464 minus
685 1405 890 1464 Jesus‘t
929 1409 1004 1466 De
1042 1409 1186 1466 coelo
1227 1409 1330 1464 ista
1376 1419 1718 1480 sacramenta
1767 1419 2066 1476 venerunt;

463 1497 756 1556 consilium
796 1499 944 1556 enim
998 1515 1163 1557 omne
1219 1501 1290 1557 de
1336 1501 1484 1559 cmlo
1540 1511 1646 1558 est.
1701 1500 1840 1558 Vere
1885 1510 2067 1557 autem

466 1609 718 1666 magnum
766 1603 823 1650 et
851 1593 1095 1651 divinum
1127 1597 1451 1652 miraculum
1495 1595 1639 1664 quod
1687 1595 1887 1666 pupulo
1932 1596 2072 1667 pluit

462 1687 607 1744 Deus
647 1704 842 1743 manna
871 1687 940 1744 de
960 1688 1125 1754 coelo,
1181 1697 1240 1744 et
1268 1704 1373 1744 non
1405 1687 1692 1745 laborabat
1722 1687 1981 1761 p0pulus,
2015 1697 2070 1745 et

464 1781 850 1838 manducabat.

536 1874 626 1930 14.
661 1873 742 1930 Tu
769 1873 914 1932 forte
943 1875 1082 1934 dicis
1108 1895 1120 1930 :
1149 1885 1174 1914 ιι
1205 1877 1360 1933 Meus
1385 1875 1542 1948 panis
1567 1839 1653 1932 est
1676 1875 1932 1932 usitatus.
1961 1876 2070 1934 Sed

2174 490 2314 531 mus.
2370 475 2656 545 Quomodo
2699 485 2882 547 potest
2919 477 3012 549 qui
3056 476 3213 547 panis
3253 485 3361 545 est,
3405 489 3598 546 corpus
3637 489 3748 532 esse

2171 562 2416 622 Christi?
2456 564 2910 624 Conseoratione.
2955 567 3308 624 Consecratio
3347 574 3529 623 autem
3569 565 3749 639 quibus

2170 655 2354 713 verbis
2378 667 2485 725 est,
2513 658 2672 730 cujus
2695 657 3090 716 sermonibus?
3118 657 3330 714 Domini
3360 657 3516 715 Jesu.
3545 658 3676 714 Nam
3700 667 3750 714 et

2171 749 2379 821 reliqua
2395 751 2574 807 omnia
2596 763 2618 791 ε
2634 767 2758 823 quae
2769 751 3025 808 dicuntur
3049 752 3104 808 in
3118 750 3518 822 superioribus,
3539 767 3569 806 a
3587 765 3752 808 sacer-

2169 845 2297 902 dote
2321 847 2597 915 dicuntur,
2631 847 2820 905 laudes
2867 850 2980 906 Deo
3024 849 3368 913 deferuntur,
3419 847 3598 902 oratio
3627 847 3754 918 peti-

2171 952 2260 996 tur
2287 957 2386 1011 pro
2412 943 2636 1013 pupula,
2668 959 2766 1014 pro
2797 943 3035 1015 regibus,
3064 959 3162 1014 pro
3199 943 3418 999 czeteris
3451 959 3466 996 :
3496 941 3588 998 ubi
3614 943 3755 998 veni-

2171 1043 2260 1090 tur
2279 1043 2342 1091 ut
2365 1035 2688 1092 conﬁciatur
2712 1037 3030 1094 venerabile
3071 1045 3502 1104 sacramentum,
3523 1036 3632 1108 jam
3657 1052 3753 1092 non

2171 1127 2284 1184 suis
2309 1128 2656 1185 sermonibus
2683 1130 2852 1185 utitur
2875 1129 3158 1196 sacerdos,
3187 1127 3284 1185 sed
3307 1128 3481 1184 utitur
3509 1129 3758 1185 sermoni-

2172 1219 2275 1276 bus
2301 1217 2528 1277 Christi.
2571 1222 2717 1294 Ergo
2753 1236 2939 1279 sermo
2973 1221 3178 1278 Christi
3206 1221 3309 1278 hoc
3341 1220 3756 1278 conﬁcitsacra-

2173 1325 2438 1372 mentum.

2245 1408 2334 1466 15.
2363 1408 2497 1478 Quis
2525 1418 2606 1466 est
2641 1425 2826 1468 sermo
2869 1409 3075 1467 Christi
3112 1428 3126 1464 :
3159 1409 3364 1483 Nempe
3406 1409 3455 1466 is
3494 1425 3604 1483 quo
3629 1409 3757 1466 facta

2172 1507 2302 1556 sunt
2326 1501 2531 1556 omnia.
2562 1500 2736 1558 Jussit
2781 1502 3066 1568 Dominus,
3109 1510 3167 1558 et
3191 1501 3393 1558 factum
3421 1510 3512 1558 est
3533 1501 3756 1558 emtum:

2170 1593 2334 1666 jussit
2365 1594 2651 1664 Dominus,
2687 1604 2744 1652 et
2768 1596 2906 1650 facta
2956 1604 3045 1652 est
3072 1603 3215 1652 terra
3249 1613 3262 1649 :
3287 1594 3453 1666 jussit
3483 1594 3758 1660 Dominus,

2174 1696 2230 1740 et
2257 1687 2393 1742 facta
2420 1696 2546 1742 sunt
2574 1687 2769 1743 maria.
2793 1686 2967 1744 Jussit
2998 1686 3276 1754 Dominus,
3318 1697 3375 1743 et
3413 1687 3596 1743 euntis
3623 1701 3762 1743 erea-

2101 1795 2146 1855 Β
2175 1789 2293 1836 tura
2323 1788 2581 1852 generata
2609 1790 2696 1836 est
2725 1777 2881 1842 (Gen.
2902 1781 2986 1847 t,l
3013 1789 3059 1834 et
3085 1779 3242 1852 ιαμ).
3273 1779 3438 1836 Vides
3457 1795 3596 1851 ergo
3613 1779 3764 1853 aa

2171 1884 2332 1942 quam
2369 1868 2716 1941 operatorius
2755 1871 2826 1926 sit
2869 1884 3055 1926 sermo
3082 1870 3308 1926 Christi.
3350 1871 3409 1928 Si
3447 1885 3584 1944 ergo
3627 1881 3760 1926 tanta

463 1968 624 2038 panis
653 1967 756 2026 iste
785 1968 941 2040 panis
980 1981 1067 2027 est
1102 1978 1232 2026 ante
1259 1970 1425 2028 verba
1468 1979 1938 2026 sacramentorum
1969 1967 2074 2040 (De
2169 1963 2254 2020 vis
2283 1973 2367 2020 est
2399 1963 2452 2018 in
2485 1977 2740 2020 sermone
2775 1963 2991 2020 Domini
3019 1962 3173 2032 Jesu,
3222 1973 3282 2020 ut
3310 1964 3621 2036 inciperent
3655 1979 3763 2021 esse

468 2053 711 2125 Consec.,
735 2058 863 2114 dist.
884 2059 942 2127 2,
974 2077 1022 2116 c.
1051 2060 1218 2117 Panis
1241 2061 1376 2134 est):
1411 2062 1504 2118 ubi
1541 2062 1842 2120 accesserit
1875 2075 2071 2118 conse-
2168 2071 2292 2128 quae
2322 2071 2432 2113 non
2473 2064 2652 2124 erant,
2681 2053 2708 2092 ά
2743 2065 2952 2128 quanto
2979 2056 3156 2128 magis
3195 2057 3543 2128 operatorius
3571 2067 3676 2123 εει,
3714 2065 3766 2112 ιιι

542 2195 751 2252 INasci
795 2207 1029 2268 possunt
1062 2199 1194 2256 hinc
1221 2199 1344 2256 dote
1385 2201 1746 2269 quaestiones,
1792 2201 1961 2256 altera
1999 2216 2066 2256 ex

463 2283 602 2344 voce
623 2285 787 2344 meus,
820 2271 996 2325 altera
1018 2287 1083 2325 ex
1115 2286 1250 2328 voce
1276 2273 1520 2327 usitatus.
1551 2272 1684 2327 Nam
1709 2271 1836 2344 jure
1859 2281 2072 2344 quaerat

466 2340 689 2414 aliquis,
719 2353 788 2414 an
809 2351 1100 2414 propterea
1141 2359 1282 2397 meus
1309 2344 1522 2414 dicatur
1547 2359 1576 2399 a
1608 2340 1907 2414 neophyto,
1941 2343 2066 2412 quia

469 2409 722 2467 eumdem
763 2411 881 2484 ipse
918 2409 1245 2470 ubtulisset?
1284 2413 1440 2483 Quod
1489 2427 1621 2469 sane
1659 2409 1834 2484 palam
1871 2409 2072 2470 faceret

469 2490 752 2557 auctorem
779 2483 933 2557 illum
969 2490 1281 2557 neutiquam
1312 2485 1523 2541 sedisse
1552 2485 1866 2548 Mediolani.
1894 2501 2069 2557 quan-

467 2553 774 2628 doquidem
793 2556 847 2610 iu
873 2571 934 2609 ea
967 2553 1188 2612 civitate
1214 2557 1522 2628 neophytos
1557 2567 1685 2612 ante
1707 2553 1956 2612 octavam
1985 2558 2068 2612 sui

465 2625 811 2698 baptismatis
854 2641 1053 2698 partem
1093 2643 1123 2682 a
1173 2625 1461 2684 sacerdote
1503 2629 1941 2684 consecrandum
1987 2629 2070 2684 of-

466 2697 616 2752 lerre
663 2711 771 2752 non
808 2697 1164 2755 consuevisse
1201 2708 1276 2755 to.
1305 2698 1349 2766 l,
1389 2698 1456 2754 ad
1496 2699 1718 2754 Prmfat.
1771 2701 1969 2768 Expos.
2017 2703 2067 2756 in

469 2769 668 2834 psalm.
699 2783 887 2836 cxvut,
931 2771 1287 2826 observatum
1320 2781 1424 2827 est.
1471 2771 1678 2827 Deinde
1722 2773 1936 2832 rogabit
1967 2787 2070 2828 nec

425 2898 436 2904 ,
467 2839 767 2914 immerito,
797 2855 925 2914 num
967 2844 1118 2914 panis
1167 2843 1386 2898 usitatus
1437 2841 1557 2914 hoc,
1583 2843 1704 2899 loco
1735 2841 1880 2898 idem
1910 2845 1981 2898 sit
2008 2859 2070 2899 ac

472 2909 878 2983 fermentatus?
909 2909 978 2968 In'
1011 2913 1151 2968 cibis
1199 2916 1346 2970 enim
1374 2913 1705 2983 quotidianis
1759 2929 1866 2969 non
1902 2914 2068 2970 alimn

472 2981 648 3056 ferme
673 2981 996 3056 adhibemus
1025 2999 1189 3056 quam
1218 2981 1627 3042 fermentatum.
1660 2985 1784 3056 llaec
1811 2993 1932 3040 erat
1955 2988 2074 3056 opi-

471 3054 566 3110 nio
593 3053 710 3110 Jac.
751 3053 1116 3112 Sirmondi'et
1161 3057 1456 3112 cardinalis
1484 3057 1672 3120 Bonas.
1714 3055 1945 3112 doctiss.
1975 3053 2075 3112 ho-

471 3127 704 3194 minum,
741 3137 930 3182 contra
966 3145 1102 3198 quos
1128 3137 1311 3184 tamen
1365 3124 1710 3184 Mabillonius
1737 3128 1972 3184 Dissert.
2005 3131 2074 3186 de

473 3197 700 3269 Azymo,
736 3213 860 3272 pag.
891 3200 960 3255 88
985 3197 1042 3256 et
1070 3200 1192 3272 ibi,
1227 3210 1406 3272 tuetur
1435 3199 1764 3272 oppositam,
1795 3210 1850 3255 et
1871 3215 2069 3271 partem

471 3249 956 3344 s'z‘y'.a'..’.;.'_a’i;..‘n‘
985 3249 2074 3344 sissetsisset"magnanimitas};
2101 3249 2147 3314 C

474 3338 732 3396 usitatum
757 3338 985 3411 Ruperti
1005 3338 1580 3400 'astruit’auctoritate.
1618 3343 1726 3400 Sed
1756 3352 1818 3399 ut
1845 3338 2078 3399 difficul-

475 3423 556 3468 tas
588 3424 816 3482 utraque
861 3415 1190 3488 resolvatur,
1239 3415 1466 3488 adverte
1512 3413 1772 3486 neopbyti
1817 3416 2076 3488 mysteria

475 3497 654 3558 sacra,
681 3499 803 3558 quae
841 3485 946 3540 sibi
981 3486 1128 3552 prius
1167 3487 1351 3558 ignota
1382 3485 1631 3553 fuerant,
1658 3485 1893 3555 primum
1925 3488 2071 3558 aspi-

471 3554 666 3608 cientis
721 3555 838 3610 brec
884 3559 1048 3611 verba
1089 3554 1214 3613 esse
1249 3577 1263 3612 :
1300 3557 1448 3612 Meus
1499 3554 1666 3627 panis
1701 3569 1774 3613 est
1818 3554 2076 3626 usitatus;

473 3627 814 3697 proindeque
837 3627 971 3696 ipsis
995 3643 1104 3683 non
1139 3629 1306 3684 alium
1331 3630 1632 3699 legitimum
1655 3645 1876 3685 sensum
1911 3633 2074 3686 tribui

477 3711 640 3768 posse
671 3709 868 3767 praeter
898 3699 1050 3754 illum
1083 3716 1098 3753 :
1127 3699 1285 3756 Oculi
1310 3703 1414 3756 mei
1448 3701 1552 3755 huc
1579 3702 1710 3758 mibi
1735 3704 2074 3766 renuntiant,

483 3782 680 3844 nempe
711 3769 878 3825 talem
909 3768 1077 3844 hunc
1101 3786 1225 3844 esse
1255 3787 1474 3842 panem,
1517 3773 1664 3842 quali
1705 3773 1950 3844 quotidie
1994 3775 2078 3828 vi-

480 3842 652 3914 ctito,
672 3855 778 3914 non
807 3851 990 3914 autem
1009 3841 1189 3914 aliud;
1217 3841 1360 3914 quod
1391 3845 1456 3898 ad
1489 3841 1739 3900 neutram
1769 3847 2076 3914 proposita-

475 3927 599 3967 rum
622 3910 1211 3988 diflicultatumil'aeere
1235 3910 1454 3988 liquido
1483 3923 1650 3986 patet.
1685 3910 1894 3988 Etenim
1925 3928 1982 3972 ut
2009 3918 2078 3972 ab

476 3998 617 4058 eone
641 3999 708 4040 an
744 3985 813 4058 ab
846 3985 955 4058 alio
996 3987 1161 4042 fuerit
1198 3985 1438 4054 oblatus,
1483 3985 1592 4043 non
1625 3988 1715 4044 hic
1755 3987 1969 4058 agitur;
2005 3990 2076 4044 ita

473 4055 636 4110 etiam
663 4056 820 4124 panis
840 4057 1197 4130 fermentatus
1214 4075 1513 4130 azymusve
1533 4061 1626 4123 sit,
1647 4055 1827 4115 statim
1851 4075 1883 4114 e
1903 4061 2080 4127 primo

476 4138 774 4197 conspectu
821 4129 940 4198 ejus
969 4146 1074 4186 non
1116 4129 1488 4202 distinguitur.
1535 4131 1674 4198 Quid
1724 4145 1853 4186 vero
1895 4133 1938 4186 si
1968 4133 2076 4188 fer-

477 4209 756 4272 mentatus
776 4216 899 4256 eum
929 4217 1118 4272 azymo
1142 4201 1344 4258 mixtus
1369 4201 1563 4258 fuerit?
1591 4204 1750 4259 Certe
1771 4203 2076 4260 Cbronicon

479 4270 647 4345 Datii,
680 4273 724 4345 si
763 4288 868 4341 qua
918 4270 1264 4344 inscriptioni
1307 4273 1462 4338 ﬁdes,
1510 4274 1935 4330 Mediolaueusis
1965 4277 2083 4345 epi-

483 4341 978 4422 sc0pi.Ambrosio_
1019 4341 1162 4400 hunc
1212 4361 1420 4422 rnorem
1454 4347 1762 4422 attribuit:
1803 4346 1896 4401 sed
1943 4341 2077 4403 illud

482 4425 620 4483 opus
655 4415 778 4480 jure
811 4415 1242 4487 pseudonymum
1277 4417 1466 4472 haberi
1501 4417 1850 4473 manifestum
1880 4427 1986 4474 est.

555 4480 584 4520 ι)
605 4481 734 4538 Mss.
765 4501 868 4538 non
897 4490 1078 4556 pauci,
1109 4497 1164 4542 et
1189 4503 1312 4544 cum
1339 4489 1424 4544 his
1446 4487 1784 4544 Lanfrancus
1805 4498 1969 4556 atque
1985 4491 2079 4545 Al-

557 4505 584 4520 ν
605 4505 734 4538 uss.
765 4505 868 4538 non
897 4505 1078 4556 pauci,
1109 4505 1164 4542 et
1189 4505 1312 4544 cum
1339 4505 1424 4544 ms
1446 4505 1784 4544 Lamrancus
1805 4505 1969 4560 atque
1985 4505 2077 4545 Al-

477 4555 753 4627 gerus,]it
782 4571 970 4626 corpus
1001 4555 1228 4626 Christi;
1267 4575 1399 4616 mss.
1435 4571 1616 4616 tamen
1657 4561 1775 4627 alii,
1805 4569 1860 4616 ct
1885 4577 2077 4618 omnes

2173 2205 2294 2252 runt
2323 2213 2342 2251 :
2371 2197 2540 2269 oratio
2560 2195 2918 2269 prtemittitur,
2947 2194 3093 2268 quod
3121 2195 3354 2269 habetur
3374 2195 3428 2269 in
3453 2195 3591 2269 edit:
3617 2195 3760 2269 Rom.

2171 2269 2293 2324 alia:
2319 2266 2628 2339 quidemet
2671 2283 2806 2323 mss.
2848 2266 3043 2323 omnes
3071 2268 3360 2334 exhibent,
3389 2267 3510 2323 laus
3551 2266 3662 2324 Deo
3686 2268 3766 2322 de-

2174 2344 2340 2412 fertur
2366 2355 2386 2394 :
2418 2339 2516 2396 sed
2544 2340 2614 2412 in
2644 2343 2898 2412 sequenti
2936 2339 3184 2412 membro
3224 2340 3368 2396 inter
3416 2355 3480 2396 se
3511 2339 3764 2395 trifariam

2173 2410 2507 2467 dividuntur.
2539 2410 2754 2467 Etenim
2780 2411 3042 2482 veLedit.
3068 2427 3132 2466 ac
3152 2412 3370 2482 quidam
3403 2426 3538 2466 mss.
3573 2414 3763 2482 legunt,

2174 2483 2410 2540 oratione
2448 2483 2670 2554 petitur;
2715 2483 2837 2537 cod.
2881 2481 3099 2540 Gemct.
3121 2524 3137 2546 ,
3173 2481 3392 2554 ’Pratel.
3417 2525 3434 2550 ,
3479 2481 3682 2554 Alnet.
3712 2498 3766 2538 ac

2175 2554 2406 2619 Teller.,
2431 2553 2597 2610 oratio
2625 2555 2782 2624 petit;
2813 2565 3090 2624 postremo
3121 2554 3334 2623 Benig.,
3361 2553 3623 2619 Remeu.,
3653 2553 3768 2610 Cla-

2176 2641 2341 2693 r0m.,
2370 2626 2531 2681 Surb.
2563 2637 2619 2682 et
2645 2625 2914 2688 Colbert..
2948 2627 3118 2681 oratio
3147 2630 3368 2696 petitur;
3391 2641 3560 2697 quam
3591 2627 3768 2682 lectio-

2177 2713 2300 2753 nem
2332 2697 2403 2754 ob
2434 2699 2596 2752 trium
2639 2697 2764 2769 cod.
2793 2697 3170 2769 antiquitatem
3205 2699 3274 2753 ita
3317 2697 3682 2766 prmferimus,
3718 2706 3768 2752 ut

2176 2769 2408 2825 aliarum
2437 2770 2612 2824 neutri
2635 2767 2983 2840 derogemu‘s.
3015 2767 3428 2826 Observandum
3448 2779 3636 2826 autem
3665 2769 3770 2824 obi-

2181 2851 2264 2896 ter
2305 2842 2486 2897 missze
2537 2839 2940 2908 praefationem,
2988 2851 3048 2913 ut
3086 2842 3402 2913 loquuntur,
3450 2856 3518 2898 ac
3564 2855 3766 2897 sacro

2181 2913 2442 2983 trisagion
2483 2927 2580 2982 per
2610 2927 2796 2978 voces,
2845 2913 2962 2968 laus
3001 2912 3114 2968 Deo
3155 2912 3431 2981 defertur:
3455 2921 3766 2984 sequentem

2181 2999 2311 3040 vero
2336 2985 2731 3052 precationem,
2753 2999 2916 3052 quam
2947 2985 3174 3054 primam
3205 2984 3436 3041 canonis
3453 2985 3767 3051 vocitamus,

2180 3071 2279 3128 per
2309 3055 2457 3128 illas,
2489 3055 2656 3110 oratio
2683 3057 2897 3127 petitur,
2944 3057 3260 3126 significari.
3302 3055 3415 3112 Nec
3441 3071 3580 3128 sane
3604 3056 3770 3112 obstat

2179 3127 2326 3200 quod
2355 3128 2576 3200 scripsit
2601 3135 2791 3183 auctor
2819 3143 2912 3196 pro
2948 3130 3176 3199 regibus,
3208 3143 3316 3183 non
3349 3144 3448 3197 pro
3483 3127 3770 3200 imperato-

2181 3199 2354 3254 ribus.
2396 3199 2530 3254 Nam
2563 3207 2924 3270 prmterquum
2965 3200 3110 3270 quod
3156 3215 3252 3254 rex
3303 3216 3402 3270 pro
3450 3199 3770 3271 imperatore

2177 3271 2320 3340 apud
2350 3271 2522 3324 bonos
2566 3281 2820 3326 auctores
2862 3279 2918 3326 et
2957 3273 3304 3329 Ambrosium
3349 3271 3554 3340 ipsum.
3583 3272 3769 3339 repeti-

2181 3340 2500 3406 mus;‘forte
2519 3345 2804 3413 usurpavit
2830 3345 2933 3397 hoc
2958 3343 3306 3408 vocabulum,
3329 3351 3391 3398 ut
3417 3343 3570 3398 Pauli
3596 3343 3767 3399 elocu-

2181 3413 2313 3469 tioni
2341 3413 2364 3469 ι
2394 3412 2631 3469 'l‘immb.
2661 3412 2722 3479 ll,
2749 3416 2802 3482 l,
2833 3417 3004 3486 magis
3033 3415 3343 3471 accederet.
3373 3415 3770 3470 Annotabimus

2177 3497 2442 3559 praeterea
2471 3499 2737 3559 canonetn
2783 3503 2813 3542 a
2853 3486 3120 3558 Gregorio
3162 3487 3233 3559 id.
3255 3488 3360 3559 lib.
3393 3501 3493 3552 vu,
3533 3489 3698 3559 epist.
3720 3487 3766 3550 7,

2179 3556 2370 3630 indici.
2410 3558 2466 3624 2,
2506 3569 2560 3613 et
2598 3557 2872 3629 Cypriano
2904 3556 2998 3614 lib.
3049 3559 3118 3614 de
3161 3556 3311 3614 Uuit.
3369 3559 3518 3613 Eccl.
3564 3556 3768 3630 precem

2179 3629 2358 3684 vocari
2386 3645 2400 3694 ;
2436 3644 2536 3684 nec
2567 3645 2674 3684 non
2701 3643 2918 3698 precem
2953 3631 3096 3686 inter
3125 3645 3186 3686 ac
3225 3631 3537 3684 orationem
3568 3629 3641 3684 ab
3667 3629 3768 3684 Au-

2176 3700 2395 3768 gustino
2425 3701 2588 3770 epist.
2639 3702 2742 3759 M9
2781 3703 2916 3757 edit.
2963 3717 3116 3756 novre
3159 3701 3418 3756 constitui
3455 3704 3561 3758 hoc
3589 3699 3768 3758 discri-

2180 3772 2362 3837 minis,
2393 3783 2451 3826 ut
2476 3789 2596 3842 quae
2633 3775 3106 3829 conSecrationem
3137 3772 3471 3844 pra-cedunt,
3509 3773 3769 3844 precatio-

2180 3858 2277 3898 nes
2302 3860 2326 3916 γε
2357 3859 2479 3912 quae
2511 3859 2643 3900 vero
2672 3846 2819 3900 illam
2862 3855 3188 3916 sequuntur,
3221 3843 3641 3901 orationes’dici
3679 3843 3770 3916 Ec-

2179 3915 2522 3970 clesiasticus
2551 3931 2668 3970 mos
2713 3918 2975 3972 voluerit.
3015 3917 3122 3974 Sed
3163 3917 3374 3972 huncce
3401 3927 3682 3972 auctorem
3719 3915 3766 3970 iu

2179 3986 2416 4059 singulis
2441 3989 2666 4043 vocibus
2689 4000 2940 4045 exactum
2971 4006 3078 4045 non
3106 4004 3230 4044 esse
3269 3987 3583 4059 neutiquam
3617 3993 3766 4043 mira-

2179 4057 2350 4123 bitur,
2385 4059 2496 4132 ‘qui
2527 4061 2756 4116 canonis
2784 4076 2945 4132 quem
2977 4061 3165 4126 refert,
3221 4057 3464 4130 integras
3500 4060 3768 4116 orationes

2180 4130 2634 4202 animadverterit
2663 4137 2731 4186 ab
2758 4130 2826 4188 eo
2852 4134 3272 4202 prmtermissas.

2253 4197 2380 4258 dlta
2421 4214 2529 4258 vel.
2579 4203 2712 4259 edit.
2765 4219 2829 4259 ac
2854 4197 3004 4260 ‘utss.
3049 4214 3280 4273 excepto
3329 4202 3453 4258 cod.
3487 4202 3626 4259 lllid.
3661 4198 3764 4262 ubi.

2181 4284 2373 4344 quanto
2408 4276 2668 4346 magism.
2714 4292 2829 4344 quae
2872 4285 3044 4340 erant,
3089 4287 3262 4331 totum
3309 4275 3583 4346 omittitur
3614 4293 3626 4328 :
3655 4273 3766 4328 ulli-

2185 4362 2326 4400 tutam
2362 4344 2514 4401 vero'
2535 4356 2746 4415 partem
2776 4348 2934 4402 Rom.
2969 4348 3102 4404 edit.
3155 4348 3240 4401 bis
3268 4347 3454 4402 verbis
3504 4344 3686 4412 effert,
3719 4353 3766 4398 ut

2182 4433 2298 4489 quae
2320 4426 2486 4484 erant,
2528 4421 2583 4474 in
2622 4419 2772 4474 aliud
2793 4429 3189 4474 commutantur.
3221 4419 3520 4490 Prteiverat
3549 4418 3763 4490 quidem

2184 4487 2260 4543 illi
2286 4490 2620 4545 Lanl’rancus
2664 4491 2718 4546 in
2751 4490 2844 4547 lib.
2875 4491 2944 4546 de
2970 4490 3232 4548 Sacram:
3265 4491 3346 4545 sic
3369 4487 3515 4544 enim
3553 4487 3608 4544 in
3643 4505 3764 4542 mss.

2185 4561 2505 4630 quibusdam
2533 4563 2712 4616 locum
2741 4562 2880 4617 hunc
2906 4563 3015 4630 legi
3045 4563 3388 4619 testiﬁcatur.
3420 4561 3530 4617 Sed
3559 4570 3613 4616 et
3641 4560 3768 4615 Lan-

476 4622 636 4704 ςξιῆι.3
662 4625 722 4693 [it
745 4622 884 4704 caro:
900 4627 1115 4704 Christi.
1141 4622 1354 4704 Rursus
1382 4643 1566 4688 autem
1597 4622 1772 4688 verba
1795 4638 2076 4700 sequentia
2106 4638 2161 4700 Ι)
2187 4622 2372 4704 franco
2416 4645 2467 4687 et
2501 4635 2657 4688 Rom.
2701 4633 2835 4690 edit.
2881 4622 3261 4704 gravissimum
3307 4637 3516 4688 crimen
3547 4630 3766 4704 intendit

475 4697 559 4776 ita
584 4698 716 4750 citat
745 4698 803 4751 Β.
824 4700 1113 4776 AAlgerus,
1161 4703 1456 4776 utiomisso
1490 4705 1724 4776 integro
1768 4697 1926 4759 versu
1973 4705 2077 4762 ista

475 4769 781 4846 subuectat,
815 4766 1146 4846 Coniecratio
1173 4774 1335 4844 igitur
1357 4791 1376 4830 :
1405 4775 1501 4831 sed
1520 4766 1654 4845 qua?
1670 4776 1931 4831 continuo
1959 4787 2082 4846 post

477 4853 546 4892 ex
577 4839 678 4894 hoc
717 4841 900 4916 capite
950 4839 1266 4900 referuntur
1300 4849 1370 4900 ab
1410 4839 1604 4902 eodem
1649 4849 1868 4916 Algero,
1901 4839 2078 4903 locum

477 4913 817 4967 contractius
851 4915 1189 4984 propositum
1231 4932 1356 4972 esse
1385 4919 1534 4973 clare
1579 4913 1897 4973 ostendunt.
1945 4919 2076 4976 Mss.

477 4992 660 5059 autem
691 4995 750 5059 et
775 4984 910 5040 edit.
945 4985 1052 5059 hoc
1079 5002 1189 5041 uno
1227 4988 1539 5059 discrepant
1567 4989 1710 5044 inter
1737 5004 1818 5051 se,
1845 4991 1988 5057 quod
2021 4994 2078 5047 in

476 5055 666 5110 multis
699 5055 918 5112 illorum
969 5057 1200 5113 habetur
1236 5055 1543 5122 astruimus,
1589 5070 1643 5114 et
1669 5077 1770 5116 vos
1805 5055 2082 5117 consecra-

478 5125 618 5202 tione
648 5127 1102 5202 praetermittitur,
1133 5132 1380 5202 atque-in
1419 5130 1666 5200 pluribus
1711 5134 1862 5202 legas
1887 5129 2080 5188 Conse-

479 5199 644 5270 cratio
683 5209 856 5254 autem
885 5215 905 5255 :
933 5199 1066 5256 edit.
1113 5199 1243 5254 vero
1286 5199 1434 5256 inter
1479 5217 1538 5256 se
1582 5199 1940 5270 conveniunt,
1977 5205 2078 5262 nisi

481 5268 626 5343 quod
659 5281 874 5326 veteres
913 5271 1372 5343 interpungebaut
1397 5272 1464 5327 ad
1494 5288 1620 5328 eum
1663 5275 1884 5330 modum
1913 5268 1934 5331 ε.
1965 5275 2081 5334 Hoc

484 5339 660 5417 igitur:
671 5353 989 5417 nstruanms.
1021 5339 1278 5416 quantodo
1294 5354 1462 5417 potest
1487 5347 1578 5414 qui
1601 5345 1752 5416 panis
1775 5357 1871 5411 est,
1891 5363 2079 5417 corpus

484 5425 592 5466 esse
621 5410 813 5489 Christi
834 5410 1246 5472 consecratione.
1279 5410 1614 5471 Consecr'atio
1643 5418 1824 5489 igitur,
1850 5410 1958 5474 etc.
1983 5410 2082 5476 hli-

485 5495 588 5537 nus
607 5487 898 5544 concinne.

519 5622 530 5633 .
558 5562 580 5592 ε
599 5551 806 5636 Diones
833 5560 967 5615 edit.
989 5574 1064 5636 ac
1086 5573 1216 5636 mss.
1244 5558 1498 5615 undecim
1539 5560 1815 5630 omittunt,
1844 5563 1899 5616 in
1920 5577 2073 5632 supe-

481 5624 727 5704 rioribus,
757 5647 788 5682 a
812 5633 1084 5704 sacerdote
1115 5633 1364 5704 dicuntur
1385 5649 1406 5686 :
1433 5646 1554 5704 qure
1581 5646 1682 5686 nos
1717 5624 1950 5690 aliorum
1981 5624 2076 5689 eo-

482 5694 692 5777 dicunt,
739 5703 974 5777 maxime
1003 5718 1134 5777 vero
1173 5703 1360 5775 Benig.
1393 5694 1719 5777 et'Claromt
1743 5706 2072 5772 auctoritate

481 5771 838 5824 restituimus.
868 5771 938 5828 At
961 5771 1362 5845 consequenter
1397 5779 1516 5846 pro',
1547 5774 1759 5836 laudent
1789 5777 1900 5835 Deo
1927 5778 2068 5848 defe-

2186 4703 2348 4761 Edm.
2382 4705 2699 4760 Albertinus
2741 4706 2834 4760 lib.
2866 4702 2904 4760 ti
2929 4705 3002 4761 de
3033 4705 3274 4763 Sacram.
3318 4704 3519 4771 Euch.,
3563 4719 3614 4775 p.
3643 4702 3762 4775 57w,

2185 4778 2338 4845 quasi
2379 4777 2631 4833 eumdem
2677 4778 2852 4832 locum
2893 4776 3262 4844 depravarint.
3290 4777 3494 4834 Verum
3539 4774 3638 4831 nec
3667 4774 3764 4845 Ro-

2169 4843 2364 4908 ,utanis
2393 4847 2539 4918 quod
2571 4848 2708 4902 tanti
2744 4849 2842 4904 viri
2886 4843 3262 4904 anetoritatcm
3295 4849 3468 4906 secuti
3509 4843 3764 4918 sint,_crif

2189 4919 2320 4992 mini
2368 4915 2710 4984 vertendum,
2741 4936 2842 4975 nec
2871 4919 3177 4976 Lanfranco
3209 4920 3311 4992 ipsi
3347 4919 3620 4992 accusatio
3648 4915 3760 4992 falsi

2186 4989 2532 5062 impingenda
2549 4999 2652 5047 est.
2671 4991 2802 5046 Nam
2820 5001 3182 5063 praeterquam
3197 4989 3338 5062 quod
3357 4991 3550 5046 eadem
3572 4989 3762 5045 omissa

2187 5072 2312 5134 sum
2335 5077 2497 5134 supra
2539 5063 2592 5118 in
2620 5064 2746 5118 cod.
2775 5063 2915 5118 lllid.
2963 5073 3020 5118 et
3051 5063 3302 5120 similiter
3338 5063 3516 5120 omitti
3546 5071 3762 5134 potuere

2187 5133 2240 5208 i_u
2273 5129 2594 5208 quibusdam
2625 5135 2767 5199 aliis,
2813 5135 2938 5208 quis
2963 5136 3151 5208 credat
3192 5137 3352 5208 abeo
3379 5129 3760 5208 quaesitnnref-

2185 5203 2412 5276 fugium,
2453 5205 2506 5260 l°
2534 5207 2622 5276 qui
2661 5203 2885 5261 alteram
2919 5206 3207 5263 lectionem
3250 5207 3316 5263 in'
3349 5203 3482 5262 mss.
3529 5203 3761 5276 pluribus

2185 5273 2402 5334 exstare
2447 5273 2567 5350 non‘
2597 5278 2948 5350 dissimulans
2986 5294 3107 5333 eam
3153 5279 3396 5345 esponit,
3439 5273 3614 5350 neque
3658 5273 3760 5330 alio

2184 5361 2350 5405 sensu
2398 5349 2628 5422 intelligi
2660 5365 2840 5420 posse,
2875 5350 2974 5422 nisi
3019 5351 3294 5406 catholico
3336 5350 3497 5422 plane
3532 5349 3758 5422 demon-

2183 5430 2358 5488 strat;
2407 5420 2468 5475 2°
2498 5419 2599 5490 qui
2620 5419 2893 5478 diversam
2939 5421 3084 5476 illam
3115 5439 3276 5492 quam
3315 5419 3611 5492 anteponit,
3644 5419 3757 5472 loco

2187 5493 2359 5577 petitu
2388 5492 2664 5577 exolibello
2697 5492 2766 5577 de
2811 5492 3085 5577 Mysteriis
3113 5505 3238 5577 apte
3279 5495 3597 5577 conﬁrmat;
3638 5503 3754 5577 cum

2184 5559 2330 5618 enim
2345 5563 2448 5619 huc
2466 5563 2608 5618 idem
2622 5559 2899 5620 Ambrosii
2915 5559 3289 5622 testimonium
3305 5563 3521 5620 nonnisi
3534 5559 3756 5618 absurde

2181 5649 2210 5687 a
2245 5636 2408 5691 realis
2432 5637 2734 5706 praesentia:
2763 5650 2929 5692 sensu
2960 5637 3484 5706 possitdetorqueri,
3515 5634 3756 5706 haurire-

2178 5707 2408 5764 risimile
2433 5703 2511 5780 sit
2537 5721 2662 5780 eum
2692 5703 3042 5780 scriptorem,
3071 5725 3234 5780 quem
3261 5703 3518 5764 Ambrosii
3545 5703 3753 5780 Simiam

2177 5789 2334 5837 vocat
2374 5779 2716 5846 Albertlnus,
2763 5779 2913 5836 illius
2956 5777 3172 5850 placitis
3215 5777 3749 5840 docere'eoutraria;
