  <div class='ocr_page' id='page_1' title='image "/cluster/home/n/w/nwhite01/storage/ocr_20150623/16/hvd.32044015471998/226.png"; bbox 0 0 4042 6294; ppageno 0'>
   <div class='ocr_carea' id='block_1_1' title="bbox 213 291 314 348">
    <p class='ocr_par' dir='ltr' id='par_1_1' title="bbox 213 291 314 348">
     <span class='ocr_line' id='line_1_1' title="bbox 213 291 314 348; baseline 0 -1"><span class='ocrx_word' id='word_1_1' title='bbox 213 291 314 348; x_wconf 71' lang='lat' dir='ltr'><strong>Ml</strong></span> 
     </span>
    </p>
   </div>
   <div class='ocr_carea' id='block_1_2' title="bbox 1406 293 2314 355">
    <p class='ocr_par' dir='ltr' id='par_1_2' title="bbox 1406 293 2314 355">
     <span class='ocr_line' id='line_1_2' title="bbox 1406 293 2314 355; baseline 0.002 -4"><span class='ocrx_word' id='word_1_2' title='bbox 1406 295 1493 352; x_wconf 85' lang='lat' dir='ltr'><strong>DE</strong></span> <span class='ocrx_word' id='word_1_3' title='bbox 1528 293 2016 352; x_wconf 74' lang='lat' dir='ltr'><strong>SACRAMENTIS</strong></span> <span class='ocrx_word' id='word_1_4' title='bbox 2055 296 2184 354; x_wconf 86' lang='lat' dir='ltr'><strong>LIB.</strong></span> <span class='ocrx_word' id='word_1_5' title='bbox 2229 298 2314 355; x_wconf 83' lang='lat' dir='ltr'><strong>IV.</strong></span> 
     </span>
    </p>
   </div>
   <div class='ocr_carea' id='block_1_3' title="bbox 3402 302 3514 362">
    <p class='ocr_par' dir='ltr' id='par_1_3' title="bbox 3402 302 3514 362">
     <span class='ocr_line' id='line_1_3' title="bbox 3402 302 3514 362; baseline -0.018 0"><span class='ocrx_word' id='word_1_6' title='bbox 3402 302 3514 362; x_wconf 70' lang='lat'><strong>“2</strong></span> 
     </span>
    </p>
   </div>
   <div class='ocr_carea' id='block_1_4' title="bbox 213 406 3516 487">
    <p class='ocr_par' dir='ltr' id='par_1_4' title="bbox 213 406 3516 487">
     <span class='ocr_line' id='line_1_4' title="bbox 213 406 3516 487; baseline 0.004 -27"><span class='ocrx_word' id='word_1_7' title='bbox 213 407 324 462; x_wconf 90' lang='lat' dir='ltr'><strong>sint</strong></span> <span class='ocrx_word' id='word_1_8' title='bbox 368 421 494 478; x_wconf 74' lang='lat' dir='ltr'><strong>quae</strong></span> <span class='ocrx_word' id='word_1_9' title='bbox 540 416 720 477; x_wconf 91' lang='lat' dir='ltr'><strong>erant,</strong></span> <span class='ocrx_word' id='word_1_10' title='bbox 765 417 818 463; x_wconf 92' lang='lat' dir='ltr'><strong>et</strong></span> <span class='ocrx_word' id='word_1_11' title='bbox 861 407 912 463; x_wconf 94' lang='lat' dir='ltr'><strong>in</strong></span> <span class='ocrx_word' id='word_1_12' title='bbox 943 408 1085 463; x_wconf 82' lang='lat' dir='ltr'><strong>aliud</strong></span> <span class='ocrx_word' id='word_1_13' title='bbox 1125 407 1570 464; x_wconf 70' lang='lat' dir='ltr'><strong>commutantur?</strong></span> <span class='ocrx_word' id='word_1_14' title='bbox 1597 406 1811 463; x_wconf 64' lang='lat' dir='ltr'><strong>Caelum</strong></span> <span class='ocrx_word' id='word_1_15' title='bbox 1843 413 1892 472; x_wconf 78' lang='grc' dir='ltr'>Α</span> <span class='ocrx_word' id='word_1_16' title='bbox 1989 409 2152 482; x_wconf 79' lang='lat' dir='ltr'><strong>37o</strong></span> <span class='ocrx_word' id='word_1_17' title='bbox 2181 410 2264 465; x_wconf 89' lang='lat' dir='ltr'><strong>l8.</strong></span> <span class='ocrx_word' id='word_1_18' title='bbox 2294 411 2496 482; x_wconf 81' lang='lat' dir='ltr'><strong>Accipe</strong></span> <span class='ocrx_word' id='word_1_19' title='bbox 2517 411 2689 470; x_wconf 86' lang='lat' dir='ltr'><strong>aliud.</strong></span> <span class='ocrx_word' id='word_1_20' title='bbox 2715 413 3023 486; x_wconf 87' lang='lat' dir='ltr'><strong>Urgebatur</strong></span> <span class='ocrx_word' id='word_1_21' title='bbox 3043 415 3278 487; x_wconf 88' lang='lat' dir='ltr'><strong>populus</strong></span> <span class='ocrx_word' id='word_1_22' title='bbox 3300 417 3516 473; x_wconf 71' lang='lat' dir='ltr'><strong>Judaao-</strong></span> 
     </span>
    </p>
   </div>
   <div class='ocr_carea' id='block_1_5' title="bbox 213 501 1819 568">
    <p class='ocr_par' dir='ltr' id='par_1_5' title="bbox 213 501 1819 568">
     <span class='ocr_line' id='line_1_5' title="bbox 213 501 1819 568; baseline 0.001 -12"><span class='ocrx_word' id='word_1_23' title='bbox 213 515 325 556; x_wconf 91' lang='lat' dir='ltr'><strong>non</strong></span> <span class='ocrx_word' id='word_1_24' title='bbox 358 510 498 566; x_wconf 87' lang='lat' dir='ltr'><strong>erat,</strong></span> <span class='ocrx_word' id='word_1_25' title='bbox 546 517 697 558; x_wconf 86' lang='lat' dir='ltr'><strong>mare</strong></span> <span class='ocrx_word' id='word_1_26' title='bbox 741 516 848 557; x_wconf 89' lang='lat' dir='ltr'><strong>non</strong></span> <span class='ocrx_word' id='word_1_27' title='bbox 880 512 1022 568; x_wconf 88' lang='lat' dir='ltr'><strong>erat,</strong></span> <span class='ocrx_word' id='word_1_28' title='bbox 1053 511 1197 558; x_wconf 91' lang='lat' dir='ltr'><strong>terra</strong></span> <span class='ocrx_word' id='word_1_29' title='bbox 1231 518 1337 558; x_wconf 91' lang='lat' dir='ltr'><strong>non</strong></span> <span class='ocrx_word' id='word_1_30' title='bbox 1385 513 1540 568; x_wconf 88' lang='lat' dir='ltr'><strong>erat;</strong></span> <span class='ocrx_word' id='word_1_31' title='bbox 1570 503 1665 556; x_wconf 90' lang='lat' dir='ltr'><strong>sed</strong></span> <span class='ocrx_word' id='word_1_32' title='bbox 1693 501 1819 557; x_wconf 92' lang='lat' dir='ltr'><strong>audi</strong></span> 
     </span>
    </p>
   </div>
   <div class='ocr_carea' id='block_1_6' title="bbox 216 593 1821 667">
    <p class='ocr_par' dir='ltr' id='par_1_6' title="bbox 216 593 1821 667">
     <span class='ocr_line' id='line_1_6' title="bbox 216 593 1821 667; baseline 0 -19"><span class='ocrx_word' id='word_1_33' title='bbox 216 593 494 649; x_wconf 89' lang='lat' dir='ltr'><strong>dicentem</strong></span> <span class='ocrx_word' id='word_1_34' title='bbox 529 595 692 649; x_wconf 80' lang='lat' dir='ltr'><strong>David</strong></span> <span class='ocrx_word' id='word_1_35' title='bbox 729 611 742 648; x_wconf 91' lang='lat'>:</span> <span class='ocrx_word' id='word_1_36' title='bbox 778 593 899 664; x_wconf 74' lang='lat' dir='ltr'><strong>Ipse</strong></span> <span class='ocrx_word' id='word_1_37' title='bbox 919 594 1069 660; x_wconf 72' lang='lat' dir='ltr'><strong>dixit,</strong></span> <span class='ocrx_word' id='word_1_38' title='bbox 1100 606 1145 649; x_wconf 84' lang='lat' dir='ltr'><strong>et</strong></span> <span class='ocrx_word' id='word_1_39' title='bbox 1173 599 1313 667; x_wconf 80' lang='lat' dir='ltr'><strong>facta</strong></span> <span class='ocrx_word' id='word_1_40' title='bbox 1344 605 1466 649; x_wconf 76' lang='lat' dir='ltr'><strong>sunt</strong></span> <span class='ocrx_word' id='word_1_41' title='bbox 1494 609 1513 649; x_wconf 91' lang='lat'><strong><em>:</em></strong></span> <span class='ocrx_word' id='word_1_42' title='bbox 1544 595 1652 665; x_wconf 82' lang='lat' dir='ltr'><strong>ipse</strong></span> <span class='ocrx_word' id='word_1_43' title='bbox 1675 611 1821 648; x_wconf 86' lang='lat' dir='ltr'><strong>mau-</strong></span> 
     </span>
    </p>
   </div>
   <div class='ocr_carea' id='block_1_7' title="bbox 213 686 1360 761">
    <p class='ocr_par' dir='ltr' id='par_1_7' title="bbox 213 686 1360 761">
     <span class='ocr_line' id='line_1_7' title="bbox 213 686 1360 761; baseline 0.002 -21"><span class='ocrx_word' id='word_1_44' title='bbox 213 686 381 753; x_wconf 81' lang='lat' dir='ltr'><strong>dattit,</strong></span> <span class='ocrx_word' id='word_1_45' title='bbox 412 698 460 742; x_wconf 84' lang='lat' dir='ltr'><strong>et</strong></span> <span class='ocrx_word' id='word_1_46' title='bbox 481 699 656 741; x_wconf 81' lang='lat' dir='ltr'><strong>creata</strong></span> <span class='ocrx_word' id='word_1_47' title='bbox 680 700 798 742; x_wconf 81' lang='lat' dir='ltr'><strong>sunt</strong></span> <span class='ocrx_word' id='word_1_48' title='bbox 822 687 994 761; x_wconf 79' lang='lat' dir='ltr'><strong>(Psal.</strong></span> <span class='ocrx_word' id='word_1_49' title='bbox 1026 704 1248 756; x_wconf 70' lang='lat' dir='ltr'><strong>chvm,</strong></span> <span class='ocrx_word' id='word_1_50' title='bbox 1282 688 1360 761; x_wconf 85' lang='lat'><strong>5).</strong></span> 
     </span>
    </p>
   </div>
   <div class='ocr_carea' id='block_1_8' title="bbox 289 779 1821 852">
    <p class='ocr_par' dir='ltr' id='par_1_8' title="bbox 289 779 1821 852">
     <span class='ocr_line' id='line_1_8' title="bbox 289 779 1821 852; baseline 0.001 -17"><span class='ocrx_word' id='word_1_51' title='bbox 289 779 381 835; x_wconf 77' lang='grc'><strong>16.</strong></span> <span class='ocrx_word' id='word_1_52' title='bbox 430 781 572 850; x_wconf 85' lang='lat' dir='ltr'><strong>Ergo</strong></span> <span class='ocrx_word' id='word_1_53' title='bbox 599 781 696 835; x_wconf 90' lang='lat' dir='ltr'><strong>tibi</strong></span> <span class='ocrx_word' id='word_1_54' title='bbox 749 789 808 836; x_wconf 92' lang='lat' dir='ltr'><strong>ut</strong></span> <span class='ocrx_word' id='word_1_55' title='bbox 861 782 1248 852; x_wconf 88' lang='lat' dir='ltr'><strong>respondeam,</strong></span> <span class='ocrx_word' id='word_1_56' title='bbox 1304 799 1410 837; x_wconf 91' lang='lat' dir='ltr'><strong>non</strong></span> <span class='ocrx_word' id='word_1_57' title='bbox 1454 790 1572 836; x_wconf 89' lang='lat' dir='ltr'><strong>erat</strong></span> <span class='ocrx_word' id='word_1_58' title='bbox 1622 795 1821 852; x_wconf 89' lang='lat' dir='ltr'><strong>corpus</strong></span> 
     </span>
    </p>
   </div>
   <div class='ocr_carea' id='block_1_9' title="bbox 212 871 1819 947">
    <p class='ocr_par' dir='ltr' id='par_1_9' title="bbox 212 871 1819 947">
     <span class='ocr_line' id='line_1_9' title="bbox 212 871 1819 947; baseline 0.001 -19"><span class='ocrx_word' id='word_1_59' title='bbox 212 871 420 928; x_wconf 86' lang='lat' dir='ltr'><strong>Christi</strong></span> <span class='ocrx_word' id='word_1_60' title='bbox 452 882 582 929; x_wconf 93' lang='lat' dir='ltr'><strong>ante</strong></span> <span class='ocrx_word' id='word_1_61' title='bbox 623 876 1094 931; x_wconf 87' lang='lat' dir='ltr'><strong>consecrationem</strong></span> <span class='ocrx_word' id='word_1_62' title='bbox 1129 893 1148 929; x_wconf 84' lang='lat'><strong>:</strong></span> <span class='ocrx_word' id='word_1_63' title='bbox 1173 876 1267 932; x_wconf 89' lang='lat' dir='ltr'><strong>sed</strong></span> <span class='ocrx_word' id='word_1_64' title='bbox 1299 885 1420 947; x_wconf 88' lang='lat' dir='ltr'><strong>post</strong></span> <span class='ocrx_word' id='word_1_65' title='bbox 1445 877 1819 931; x_wconf 80' lang='lat' dir='ltr'><strong>consecratio-</strong></span> 
     </span>
    </p>
   </div>
   <div class='ocr_carea' id='block_1_10' title="bbox 215 966 1818 1039">
    <p class='ocr_par' dir='ltr' id='par_1_10' title="bbox 215 966 1818 1039">
     <span class='ocr_line' id='line_1_10' title="bbox 215 966 1818 1039; baseline -0.001 -17"><span class='ocrx_word' id='word_1_66' title='bbox 215 983 346 1022; x_wconf 90' lang='lat' dir='ltr'><strong>nem</strong></span> <span class='ocrx_word' id='word_1_67' title='bbox 378 967 503 1022; x_wconf 89' lang='lat' dir='ltr'><strong>dico</strong></span> <span class='ocrx_word' id='word_1_68' title='bbox 530 966 624 1022; x_wconf 93' lang='lat' dir='ltr'><strong>tibi</strong></span> <span class='ocrx_word' id='word_1_69' title='bbox 649 969 772 1039; x_wconf 83' lang='lat' dir='ltr'><strong>quia</strong></span> <span class='ocrx_word' id='word_1_70' title='bbox 795 968 906 1038; x_wconf 87' lang='lat' dir='ltr'><strong>jam</strong></span> <span class='ocrx_word' id='word_1_71' title='bbox 937 983 1135 1038; x_wconf 90' lang='lat' dir='ltr'><strong>corpus</strong></span> <span class='ocrx_word' id='word_1_72' title='bbox 1158 977 1245 1024; x_wconf 87' lang='lat' dir='ltr'><strong>est</strong></span> <span class='ocrx_word' id='word_1_73' title='bbox 1263 966 1486 1024; x_wconf 85' lang='lat' dir='ltr'><strong>Christi.</strong></span> <span class='ocrx_word' id='word_1_74' title='bbox 1515 968 1635 1039; x_wconf 90' lang='lat' dir='ltr'><strong>Ipse</strong></span> <span class='ocrx_word' id='word_1_75' title='bbox 1662 969 1818 1034; x_wconf 82' lang='lat' dir='ltr'><strong>dixit,</strong></span> 
     </span>
    </p>
   </div>
   <div class='ocr_carea' id='block_1_11' title="bbox 212 1064 1820 1135">
    <p class='ocr_par' dir='ltr' id='par_1_11' title="bbox 212 1064 1820 1135">
     <span class='ocr_line' id='line_1_11' title="bbox 212 1064 1820 1135; baseline -0.001 -15"><span class='ocrx_word' id='word_1_76' title='bbox 212 1073 270 1120; x_wconf 91' lang='lat' dir='ltr'><strong>et</strong></span> <span class='ocrx_word' id='word_1_77' title='bbox 296 1064 498 1119; x_wconf 80' lang='lat' dir='ltr'><strong>factum</strong></span> <span class='ocrx_word' id='word_1_78' title='bbox 531 1075 619 1120; x_wconf 88' lang='lat' dir='ltr'><strong>est</strong></span> <span class='ocrx_word' id='word_1_79' title='bbox 655 1083 668 1120; x_wconf 92' lang='lat'>:</span> <span class='ocrx_word' id='word_1_80' title='bbox 703 1065 816 1135; x_wconf 88' lang='lat' dir='ltr'><strong>ipse</strong></span> <span class='ocrx_word' id='word_1_81' title='bbox 862 1064 1163 1130; x_wconf 79' lang='lat' dir='ltr'><strong>mandavit,</strong></span> <span class='ocrx_word' id='word_1_82' title='bbox 1215 1074 1270 1120; x_wconf 90' lang='lat' dir='ltr'><strong>et</strong></span> <span class='ocrx_word' id='word_1_83' title='bbox 1316 1074 1560 1120; x_wconf 88' lang='lat' dir='ltr'><strong>creatum</strong></span> <span class='ocrx_word' id='word_1_84' title='bbox 1601 1074 1704 1122; x_wconf 89' lang='lat' dir='ltr'><strong>est.</strong></span> <span class='ocrx_word' id='word_1_85' title='bbox 1738 1065 1820 1119; x_wconf 90' lang='lat' dir='ltr'><strong>Tu</strong></span> 
     </span>
    </p>
   </div>
   <div class='ocr_carea' id='block_1_12' title="bbox 213 1158 1817 1230">
    <p class='ocr_par' dir='ltr' id='par_1_12' title="bbox 213 1158 1817 1230">
     <span class='ocr_line' id='line_1_12' title="bbox 213 1158 1817 1230; baseline 0.001 -17"><span class='ocrx_word' id='word_1_86' title='bbox 213 1158 334 1228; x_wconf 90' lang='lat' dir='ltr'><strong>ipse</strong></span> <span class='ocrx_word' id='word_1_87' title='bbox 381 1172 527 1223; x_wconf 88' lang='lat' dir='ltr'><strong>eras,</strong></span> <span class='ocrx_word' id='word_1_88' title='bbox 574 1158 670 1213; x_wconf 90' lang='lat' dir='ltr'><strong>sed</strong></span> <span class='ocrx_word' id='word_1_89' title='bbox 718 1173 842 1213; x_wconf 90' lang='lat' dir='ltr'><strong>eras</strong></span> <span class='ocrx_word' id='word_1_90' title='bbox 891 1171 1047 1214; x_wconf 90' lang='lat' dir='ltr'><strong>vetus</strong></span> <span class='ocrx_word' id='word_1_91' title='bbox 1090 1168 1342 1214; x_wconf 84' lang='lat' dir='ltr'><strong>creatura</strong></span> <span class='ocrx_word' id='word_1_92' title='bbox 1376 1176 1388 1211; x_wconf 89' lang='lat'><strong>:</strong></span> <span class='ocrx_word' id='word_1_93' title='bbox 1422 1168 1608 1229; x_wconf 87' lang='lat' dir='ltr'><strong>postea</strong></span> <span class='ocrx_word' id='word_1_94' title='bbox 1656 1175 1817 1230; x_wconf 92' lang='lat' dir='ltr'><strong>quam</strong></span> 
     </span>
    </p>
   </div>
   <div class='ocr_carea' id='block_1_13' title="bbox 210 1256 1820 1326">
    <p class='ocr_par' dir='ltr' id='par_1_13' title="bbox 210 1256 1820 1326">
     <span class='ocr_line' id='line_1_13' title="bbox 210 1256 1820 1326; baseline 0.001 -18"><span class='ocrx_word' id='word_1_95' title='bbox 210 1262 580 1309; x_wconf 89' lang='lat' dir='ltr'><strong>consecratus</strong></span> <span class='ocrx_word' id='word_1_96' title='bbox 629 1269 710 1322; x_wconf 90' lang='lat' dir='ltr'><strong>es,</strong></span> <span class='ocrx_word' id='word_1_97' title='bbox 757 1269 895 1309; x_wconf 87' lang='lat' dir='ltr'><strong>nova</strong></span> <span class='ocrx_word' id='word_1_98' title='bbox 945 1266 1219 1320; x_wconf 89' lang='lat' dir='ltr'><strong>creatura,</strong></span> <span class='ocrx_word' id='word_1_99' title='bbox 1268 1270 1391 1311; x_wconf 90' lang='lat' dir='ltr'><strong>esse</strong></span> <span class='ocrx_word' id='word_1_100' title='bbox 1436 1256 1669 1326; x_wconf 67' lang='lat' dir='ltr'><strong>coepisti.</strong></span> <span class='ocrx_word' id='word_1_101' title='bbox 1730 1256 1820 1310; x_wconf 86' lang='lat' dir='ltr'><strong>Vis</strong></span> 
     </span>
    </p>
   </div>
   <div class='ocr_carea' id='block_1_14' title="bbox 212 1347 1819 1420">
    <p class='ocr_par' dir='ltr' id='par_1_14' title="bbox 212 1347 1819 1420">
     <span class='ocr_line' id='line_1_14' title="bbox 212 1347 1819 1420; baseline 0.001 -18"><span class='ocrx_word' id='word_1_102' title='bbox 212 1348 363 1403; x_wconf 85' lang='lat' dir='ltr'><strong>seire</strong></span> <span class='ocrx_word' id='word_1_103' title='bbox 391 1363 555 1418; x_wconf 91' lang='lat' dir='ltr'><strong>quam</strong></span> <span class='ocrx_word' id='word_1_104' title='bbox 587 1363 723 1402; x_wconf 90' lang='lat' dir='ltr'><strong>nova</strong></span> <span class='ocrx_word' id='word_1_105' title='bbox 755 1349 1048 1404; x_wconf 79' lang='lat' dir='ltr'><strong>creatura?</strong></span> <span class='ocrx_word' id='word_1_106' title='bbox 1073 1348 1275 1418; x_wconf 79' lang='lat' dir='ltr'><strong>Omnis,</strong></span> <span class='ocrx_word' id='word_1_107' title='bbox 1303 1349 1499 1420; x_wconf 85' lang='lat' dir='ltr'><strong>inquit,</strong></span> <span class='ocrx_word' id='word_1_108' title='bbox 1534 1350 1584 1402; x_wconf 86' lang='lat' dir='ltr'><strong>in</strong></span> <span class='ocrx_word' id='word_1_109' title='bbox 1613 1347 1819 1404; x_wconf 77' lang='lat' dir='ltr'><strong>Christo</strong></span> 
     </span>
    </p>
   </div>
   <div class='ocr_carea' id='block_1_15' title="bbox 211 1441 1101 1514">
    <p class='ocr_par' dir='ltr' id='par_1_15' title="bbox 211 1441 1101 1514">
     <span class='ocr_line' id='line_1_15' title="bbox 211 1441 1101 1514; baseline 0.003 -20"><span class='ocrx_word' id='word_1_110' title='bbox 211 1457 347 1496; x_wconf 78' lang='lat' dir='ltr'><strong>nova</strong></span> <span class='ocrx_word' id='word_1_111' title='bbox 373 1451 613 1496; x_wconf 75' lang='lat' dir='ltr'><strong>creatura</strong></span> <span class='ocrx_word' id='word_1_112' title='bbox 646 1442 712 1514; x_wconf 93' lang='lat' dir='ltr'><strong>(ll</strong></span> <span class='ocrx_word' id='word_1_113' title='bbox 746 1441 866 1496; x_wconf 86' lang='lat' dir='ltr'><strong>Cor.</strong></span> <span class='ocrx_word' id='word_1_114' title='bbox 899 1458 954 1508; x_wconf 94' lang='lat' dir='ltr'><strong>v,</strong></span> <span class='ocrx_word' id='word_1_115' title='bbox 991 1443 1101 1514; x_wconf 75' lang='lat' dir='ltr'><strong>i7).</strong></span> 
     </span>
    </p>
   </div>
   <div class='ocr_carea' id='block_1_16' title="bbox 285 1538 1817 1610">
    <p class='ocr_par' dir='ltr' id='par_1_16' title="bbox 285 1538 1817 1610">
     <span class='ocr_line' id='line_1_16' title="bbox 285 1538 1817 1610; baseline 0.003 -17"><span class='ocrx_word' id='word_1_116' title='bbox 285 1539 377 1593; x_wconf 73' lang='grc'><strong>17.</strong></span> <span class='ocrx_word' id='word_1_117' title='bbox 432 1538 635 1609; x_wconf 84' lang='lat' dir='ltr'><strong>Accipe</strong></span> <span class='ocrx_word' id='word_1_118' title='bbox 688 1553 820 1610; x_wconf 89' lang='lat' dir='ltr'><strong>ergo</strong></span> <span class='ocrx_word' id='word_1_119' title='bbox 875 1540 1336 1609; x_wconf 86' lang='lat' dir='ltr'><strong>quemadmodum</strong></span> <span class='ocrx_word' id='word_1_120' title='bbox 1381 1556 1568 1597; x_wconf 90' lang='lat' dir='ltr'><strong>sermo</strong></span> <span class='ocrx_word' id='word_1_121' title='bbox 1615 1541 1817 1597; x_wconf 78' lang='lat' dir='ltr'><strong>Clit-isti</strong></span> 
     </span>
    </p>
   </div>
   <div class='ocr_carea' id='block_1_17' title="bbox 209 1637 1816 1703">
    <p class='ocr_par' dir='ltr' id='par_1_17' title="bbox 209 1637 1816 1703">
     <span class='ocr_line' id='line_1_17' title="bbox 209 1637 1816 1703; baseline 0.004 -18"><span class='ocrx_word' id='word_1_122' title='bbox 209 1639 531 1686; x_wconf 85' lang='lat' dir='ltr'><strong>creaturam</strong></span> <span class='ocrx_word' id='word_1_123' title='bbox 581 1646 796 1687; x_wconf 91' lang='lat' dir='ltr'><strong>omnem</strong></span> <span class='ocrx_word' id='word_1_124' title='bbox 847 1644 1056 1690; x_wconf 90' lang='lat' dir='ltr'><strong>mutare</strong></span> <span class='ocrx_word' id='word_1_125' title='bbox 1100 1637 1470 1700; x_wconf 83' lang='lat' dir='ltr'><strong>consueverit,</strong></span> <span class='ocrx_word' id='word_1_126' title='bbox 1521 1647 1575 1690; x_wconf 89' lang='lat' dir='ltr'><strong>et</strong></span> <span class='ocrx_word' id='word_1_127' title='bbox 1625 1647 1816 1703; x_wconf 91' lang='lat' dir='ltr'><strong>mutet,</strong></span> 
     </span>
    </p>
   </div>
   <div class='ocr_carea' id='block_1_18' title="bbox 208 1726 1819 1804">
    <p class='ocr_par' dir='ltr' id='par_1_18' title="bbox 208 1726 1819 1804">
     <span class='ocr_line' id='line_1_18' title="bbox 208 1726 1819 1804; baseline 0.007 -25"><span class='ocrx_word' id='word_1_128' title='bbox 208 1739 338 1780; x_wconf 89' lang='lat' dir='ltr'><strong>cum</strong></span> <span class='ocrx_word' id='word_1_129' title='bbox 370 1726 511 1792; x_wconf 89' lang='lat' dir='ltr'><strong>vult,</strong></span> <span class='ocrx_word' id='word_1_130' title='bbox 550 1726 800 1782; x_wconf 84' lang='lat' dir='ltr'><strong>instituta</strong></span> <span class='ocrx_word' id='word_1_131' title='bbox 843 1739 1070 1785; x_wconf 74' lang='lat' dir='ltr'><strong>naturze.</strong></span> <span class='ocrx_word' id='word_1_132' title='bbox 1095 1731 1382 1799; x_wconf 88' lang='lat' dir='ltr'><strong>Quomodo</strong></span> <span class='ocrx_word' id='word_1_133' title='bbox 1412 1734 1684 1804; x_wconf 87' lang='lat' dir='ltr'><strong>requiris?</strong></span> <span class='ocrx_word' id='word_1_134' title='bbox 1716 1736 1819 1790; x_wconf 79' lang='lat' dir='ltr'><strong>Ac-</strong></span> 
     </span>
    </p>
   </div>
   <div class='ocr_carea' id='block_1_19' title="bbox 1920 502 3516 577">
    <p class='ocr_par' dir='ltr' id='par_1_19' title="bbox 1920 502 3516 577">
     <span class='ocr_line' id='line_1_19' title="bbox 1920 502 3516 577; baseline 0.007 -20"><span class='ocrx_word' id='word_1_135' title='bbox 1920 519 2039 558; x_wconf 91' lang='lat' dir='ltr'><strong>rum</strong></span> <span class='ocrx_word' id='word_1_136' title='bbox 2068 506 2135 561; x_wconf 89' lang='lat' dir='ltr'><strong>ab</strong></span> <span class='ocrx_word' id='word_1_137' title='bbox 2164 502 2462 577; x_wconf 68' lang='lat' dir='ltr'><strong>Egyptiis,</strong></span> <span class='ocrx_word' id='word_1_138' title='bbox 2490 508 2825 565; x_wconf 89' lang='lat' dir='ltr'><strong>interclusus</strong></span> <span class='ocrx_word' id='word_1_139' title='bbox 2853 521 2966 565; x_wconf 86' lang='lat' dir='ltr'><strong>erat</strong></span> <span class='ocrx_word' id='word_1_140' title='bbox 2996 511 3130 566; x_wconf 91' lang='lat' dir='ltr'><strong>mari</strong></span> <span class='ocrx_word' id='word_1_141' title='bbox 3163 529 3174 563; x_wconf 93' lang='lat'>:</span> <span class='ocrx_word' id='word_1_142' title='bbox 3205 511 3390 567; x_wconf 75' lang='lat' dir='ltr'><strong>divino</strong></span> <span class='ocrx_word' id='word_1_143' title='bbox 3416 515 3516 568; x_wconf 89' lang='lat' dir='ltr'><strong>im-</strong></span> 
     </span>
    </p>
   </div>
   <div class='ocr_carea' id='block_1_20' title="bbox 1922 598 3515 675">
    <p class='ocr_par' dir='ltr' id='par_1_20' title="bbox 1922 598 3515 675">
     <span class='ocr_line' id='line_1_20' title="bbox 1922 598 3515 675; baseline 0.006 -23"><span class='ocrx_word' id='word_1_144' title='bbox 1922 598 2077 667; x_wconf 83' lang='lat' dir='ltr'><strong>perio</strong></span> <span class='ocrx_word' id='word_1_145' title='bbox 2105 599 2260 670; x_wconf 80' lang='lat' dir='ltr'><strong>virga</strong></span> <span class='ocrx_word' id='word_1_146' title='bbox 2291 599 2502 671; x_wconf 83' lang='lat' dir='ltr'><strong>Moyses</strong></span> <span class='ocrx_word' id='word_1_147' title='bbox 2535 602 2708 672; x_wconf 78' lang='lat' dir='ltr'><strong>tetigit</strong></span> <span class='ocrx_word' id='word_1_148' title='bbox 2741 618 2930 675; x_wconf 86' lang='lat' dir='ltr'><strong>aquas,</strong></span> <span class='ocrx_word' id='word_1_149' title='bbox 2965 614 3017 659; x_wconf 89' lang='lat' dir='ltr'><strong>et</strong></span> <span class='ocrx_word' id='word_1_150' title='bbox 3049 618 3109 659; x_wconf 88' lang='lat' dir='ltr'><strong>se</strong></span> <span class='ocrx_word' id='word_1_151' title='bbox 3131 605 3273 660; x_wconf 89' lang='lat' dir='ltr'><strong>unda</strong></span> <span class='ocrx_word' id='word_1_152' title='bbox 3298 606 3515 673; x_wconf 85' lang='lat' dir='ltr'><strong>divisit;</strong></span> 
     </span>
    </p>
   </div>
   <div class='ocr_carea' id='block_1_21' title="bbox 1924 692 3514 764">
    <p class='ocr_par' dir='ltr' id='par_1_21' title="bbox 1924 692 3514 764">
     <span class='ocr_line' id='line_1_21' title="bbox 1924 692 3514 764; baseline 0.006 -21"><span class='ocrx_word' id='word_1_153' title='bbox 1924 707 2030 745; x_wconf 91' lang='lat' dir='ltr'><strong>non</strong></span> <span class='ocrx_word' id='word_1_154' title='bbox 2067 692 2253 763; x_wconf 89' lang='lat' dir='ltr'><strong>utique</strong></span> <span class='ocrx_word' id='word_1_155' title='bbox 2303 693 2601 750; x_wconf 89' lang='lat' dir='ltr'><strong>secundum</strong></span> <span class='ocrx_word' id='word_1_156' title='bbox 2654 711 2765 750; x_wconf 81' lang='lat' dir='ltr'><strong>suae</strong></span> <span class='ocrx_word' id='word_1_157' title='bbox 2797 707 3005 752; x_wconf 67' lang='lat' dir='ltr'><strong>natura:</strong></span> <span class='ocrx_word' id='word_1_158' title='bbox 3033 698 3514 764; x_wconf 86' lang='lat' dir='ltr'><strong>consuetudinem,</strong></span> 
     </span>
    </p>
   </div>
   <div class='ocr_carea' id='block_1_22' title="bbox 1920 783 3514 861">
    <p class='ocr_par' dir='ltr' id='par_1_22' title="bbox 1920 783 3514 861">
     <span class='ocr_line' id='line_1_22' title="bbox 1920 783 3514 861; baseline 0.002 -21"><span class='ocrx_word' id='word_1_159' title='bbox 1920 783 2015 840; x_wconf 87' lang='lat' dir='ltr'><strong>sed</strong></span> <span class='ocrx_word' id='word_1_160' title='bbox 2045 785 2344 840; x_wconf 88' lang='lat' dir='ltr'><strong>secundum</strong></span> <span class='ocrx_word' id='word_1_161' title='bbox 2373 795 2399 824; x_wconf 76' lang='grc'>⁸</span> <span class='ocrx_word' id='word_1_162' title='bbox 2423 787 2652 857; x_wconf 78' lang='lat' dir='ltr'><strong>gratiam</strong></span> <span class='ocrx_word' id='word_1_163' title='bbox 2671 788 2914 844; x_wconf 72' lang='lat' dir='ltr'><strong>caelestis</strong></span> <span class='ocrx_word' id='word_1_164' title='bbox 2940 788 3156 861; x_wconf 87' lang='lat' dir='ltr'><strong>imperii</strong></span> <span class='ocrx_word' id='word_1_165' title='bbox 3179 789 3380 860; x_wconf 72' lang='lat' dir='ltr'><strong>(Exod.</strong></span> <span class='ocrx_word' id='word_1_166' title='bbox 3403 806 3514 857; x_wconf 79' lang='lat' dir='ltr'><strong>xlv,</strong></span> 
     </span>
    </p>
   </div>
   <div class='ocr_carea' id='block_1_23' title="bbox 1920 879 3513 956">
    <p class='ocr_par' dir='ltr' id='par_1_23' title="bbox 1920 879 3513 956">
     <span class='ocr_line' id='line_1_23' title="bbox 1920 879 3513 956; baseline 0.005 -24"><span class='ocrx_word' id='word_1_167' title='bbox 1920 879 1984 933; x_wconf 74' lang='grc'><strong>21</strong></span> <span class='ocrx_word' id='word_1_168' title='bbox 2018 891 2064 935; x_wconf 84' lang='lat' dir='ltr'><strong>et</strong></span> <span class='ocrx_word' id='word_1_169' title='bbox 2093 883 2250 953; x_wconf 57' lang='grc' dir='ltr'><strong>τεῳ).</strong></span> <span class='ocrx_word' id='word_1_170' title='bbox 2285 881 2490 955; x_wconf 80' lang='lat' dir='ltr'><strong>Accipe</strong></span> <span class='ocrx_word' id='word_1_171' title='bbox 2512 883 2682 939; x_wconf 87' lang='lat' dir='ltr'><strong>aliud.</strong></span> <span class='ocrx_word' id='word_1_172' title='bbox 2715 885 2946 941; x_wconf 88' lang='lat' dir='ltr'><strong>Sitiebat</strong></span> <span class='ocrx_word' id='word_1_173' title='bbox 2980 886 3235 956; x_wconf 77' lang='lat' dir='ltr'><strong>populus,</strong></span> <span class='ocrx_word' id='word_1_174' title='bbox 3267 886 3419 942; x_wconf 75' lang='lat' dir='ltr'><strong>venit</strong></span> <span class='ocrx_word' id='word_1_175' title='bbox 3447 886 3513 940; x_wconf 91' lang='lat' dir='ltr'><strong>ad</strong></span> 
     </span>
    </p>
   </div>
   <div class='ocr_carea' id='block_1_24' title="bbox 1922 972 3515 1048">
    <p class='ocr_par' dir='ltr' id='par_1_24' title="bbox 1922 972 3515 1048">
     <span class='ocr_line' id='line_1_24' title="bbox 1922 972 3515 1048; baseline 0.004 -22"><span class='ocrx_word' id='word_1_176' title='bbox 1922 972 2125 1029; x_wconf 88' lang='lat' dir='ltr'><strong>lentem</strong></span> <span class='ocrx_word' id='word_1_177' title='bbox 2168 989 2434 1030; x_wconf 87' lang='lat' dir='ltr'><strong>:amarus</strong></span> <span class='ocrx_word' id='word_1_178' title='bbox 2483 988 2604 1031; x_wconf 90' lang='lat' dir='ltr'><strong>erat</strong></span> <span class='ocrx_word' id='word_1_179' title='bbox 2646 977 2786 1041; x_wconf 88' lang='lat' dir='ltr'><strong>lous,</strong></span> <span class='ocrx_word' id='word_1_180' title='bbox 2844 976 2990 1032; x_wconf 90' lang='lat' dir='ltr'><strong>misit</strong></span> <span class='ocrx_word' id='word_1_181' title='bbox 3035 977 3240 1048; x_wconf 86' lang='lat' dir='ltr'><strong>lignum</strong></span> <span class='ocrx_word' id='word_1_182' title='bbox 3294 988 3515 1032; x_wconf 88' lang='lat' dir='ltr'><strong>sanctus</strong></span> 
     </span>
    </p>
   </div>
   <div class='ocr_carea' id='block_1_25' title="bbox 1920 1067 3518 1144">
    <p class='ocr_par' dir='ltr' id='par_1_25' title="bbox 1920 1067 3518 1144">
     <span class='ocr_line' id='line_1_25' title="bbox 1920 1067 3518 1144; baseline 0.003 -22"><span class='ocrx_word' id='word_1_183' title='bbox 1920 1067 2135 1140; x_wconf 78' lang='lat' dir='ltr'><strong>Moyses</strong></span> <span class='ocrx_word' id='word_1_184' title='bbox 2161 1070 2212 1123; x_wconf 86' lang='lat' dir='ltr'><strong>in</strong></span> <span class='ocrx_word' id='word_1_185' title='bbox 2238 1069 2464 1135; x_wconf 78' lang='lat' dir='ltr'><strong>t‘ontem,</strong></span> <span class='ocrx_word' id='word_1_186' title='bbox 2487 1082 2542 1126; x_wconf 90' lang='lat' dir='ltr'><strong>et</strong></span> <span class='ocrx_word' id='word_1_187' title='bbox 2567 1071 2747 1128; x_wconf 81' lang='lat' dir='ltr'><strong>factus</strong></span> <span class='ocrx_word' id='word_1_188' title='bbox 2768 1083 2848 1128; x_wconf 93' lang='lat' dir='ltr'><strong>est</strong></span> <span class='ocrx_word' id='word_1_189' title='bbox 2881 1071 3060 1128; x_wconf 91' lang='lat' dir='ltr'><strong>dulcis</strong></span> <span class='ocrx_word' id='word_1_190' title='bbox 3086 1074 3229 1140; x_wconf 86' lang='lat' dir='ltr'><strong>lous,</strong></span> <span class='ocrx_word' id='word_1_191' title='bbox 3252 1072 3342 1144; x_wconf 92' lang='lat' dir='ltr'><strong>qui</strong></span> <span class='ocrx_word' id='word_1_192' title='bbox 3369 1088 3518 1127; x_wconf 90' lang='lat' dir='ltr'><strong>ama-</strong></span> 
     </span>
    </p>
   </div>
   <div class='ocr_carea' id='block_1_26' title="bbox 1922 1162 3516 1228">
    <p class='ocr_par' dir='ltr' id='par_1_26' title="bbox 1922 1162 3516 1228">
     <span class='ocr_line' id='line_1_26' title="bbox 1922 1162 3516 1228; baseline 0.003 -13"><span class='ocrx_word' id='word_1_193' title='bbox 1922 1175 2016 1216; x_wconf 92' lang='lat' dir='ltr'><strong>rus</strong></span> <span class='ocrx_word' id='word_1_194' title='bbox 2054 1172 2204 1227; x_wconf 89' lang='lat' dir='ltr'><strong>erat;</strong></span> <span class='ocrx_word' id='word_1_195' title='bbox 2235 1162 2339 1219; x_wconf 92' lang='lat' dir='ltr'><strong>hoc</strong></span> <span class='ocrx_word' id='word_1_196' title='bbox 2381 1173 2496 1228; x_wconf 88' lang='lat' dir='ltr'><strong>est,</strong></span> <span class='ocrx_word' id='word_1_197' title='bbox 2545 1166 2771 1219; x_wconf 90' lang='lat' dir='ltr'><strong>mutavit</strong></span> <span class='ocrx_word' id='word_1_198' title='bbox 2810 1165 3256 1222; x_wconf 87' lang='lat' dir='ltr'><strong>consuetudinem</strong></span> <span class='ocrx_word' id='word_1_199' title='bbox 3305 1177 3516 1221; x_wconf 73' lang='lat' dir='ltr'><strong>natura!</strong></span> 
     </span>
    </p>
   </div>
   <div class='ocr_carea' id='block_1_27' title="bbox 1921 1257 3514 1331">
    <p class='ocr_par' dir='ltr' id='par_1_27' title="bbox 1921 1257 3514 1331">
     <span class='ocr_line' id='line_1_27' title="bbox 1921 1257 3514 1331; baseline 0.002 -21"><span class='ocrx_word' id='word_1_200' title='bbox 1921 1271 2054 1318; x_wconf 74' lang='lat' dir='ltr'><strong>suze,</strong></span> <span class='ocrx_word' id='word_1_201' title='bbox 2115 1259 2328 1328; x_wconf 90' lang='lat' dir='ltr'><strong>accepit</strong></span> <span class='ocrx_word' id='word_1_202' title='bbox 2367 1257 2711 1314; x_wconf 86' lang='lat' dir='ltr'><strong>dulcedinem</strong></span> <span class='ocrx_word' id='word_1_203' title='bbox 2753 1261 2941 1329; x_wconf 70' lang='lat' dir='ltr'><strong>gratiae</strong></span> <span class='ocrx_word' id='word_1_204' title='bbox 2983 1257 3181 1331; x_wconf 74' lang='lat' dir='ltr'><strong>(Exod.</strong></span> <span class='ocrx_word' id='word_1_205' title='bbox 3222 1275 3313 1325; x_wconf 81' lang='lat' dir='ltr'><strong>xv,</strong></span> <span class='ocrx_word' id='word_1_206' title='bbox 3354 1260 3428 1314; x_wconf 73' lang='grc'>25</span> <span class='ocrx_word' id='word_1_207' title='bbox 3468 1271 3514 1314; x_wconf 81' lang='lat' dir='ltr'><strong>et</strong></span> 
     </span>
    </p>
   </div>
   <div class='ocr_carea' id='block_1_28' title="bbox 1921 1349 3515 1421">
    <p class='ocr_par' dir='ltr' id='par_1_28' title="bbox 1921 1349 3515 1421">
     <span class='ocr_line' id='line_1_28' title="bbox 1921 1349 3515 1421; baseline 0.004 -20"><span class='ocrx_word' id='word_1_208' title='bbox 1921 1350 2073 1419; x_wconf 83' lang='lat' dir='ltr'><strong>seq.).</strong></span> <span class='ocrx_word' id='word_1_209' title='bbox 2107 1349 2310 1419; x_wconf 71' lang='lat' dir='ltr'><strong>Accipe</strong></span> <span class='ocrx_word' id='word_1_210' title='bbox 2351 1360 2402 1405; x_wconf 86' lang='lat' dir='ltr'><strong>et</strong></span> <span class='ocrx_word' id='word_1_211' title='bbox 2429 1361 2682 1421; x_wconf 91' lang='lat' dir='ltr'><strong>quartum</strong></span> <span class='ocrx_word' id='word_1_212' title='bbox 2714 1353 3045 1421; x_wconf 86' lang='lat' dir='ltr'><strong>exemplum.</strong></span> <span class='ocrx_word' id='word_1_213' title='bbox 3081 1350 3368 1409; x_wconf 87' lang='lat' dir='ltr'><strong>Ceciderat</strong></span> <span class='ocrx_word' id='word_1_214' title='bbox 3408 1353 3515 1408; x_wconf 82' lang='lat' dir='ltr'><strong>fer-</strong></span> 
     </span>
    </p>
   </div>
   <div class='ocr_carea' id='block_1_29' title="bbox 1922 1442 3513 1513">
    <p class='ocr_par' dir='ltr' id='par_1_29' title="bbox 1922 1442 3513 1513">
     <span class='ocr_line' id='line_1_29' title="bbox 1922 1442 3513 1513; baseline 0.003 -19"><span class='ocrx_word' id='word_1_215' title='bbox 1922 1456 2040 1496; x_wconf 90' lang='lat' dir='ltr'><strong>rum</strong></span> <span class='ocrx_word' id='word_1_216' title='bbox 2082 1443 2292 1497; x_wconf 89' lang='lat' dir='ltr'><strong>secttris</strong></span> <span class='ocrx_word' id='word_1_217' title='bbox 2324 1442 2376 1496; x_wconf 91' lang='lat' dir='ltr'><strong>in</strong></span> <span class='ocrx_word' id='word_1_218' title='bbox 2419 1457 2609 1512; x_wconf 88' lang='lat' dir='ltr'><strong>aquas,</strong></span> <span class='ocrx_word' id='word_1_219' title='bbox 2642 1442 2795 1513; x_wconf 91' lang='lat' dir='ltr'><strong>quasi</strong></span> <span class='ocrx_word' id='word_1_220' title='bbox 2827 1444 3032 1499; x_wconf 82' lang='lat' dir='ltr'><strong>ferrum</strong></span> <span class='ocrx_word' id='word_1_221' title='bbox 3079 1460 3177 1499; x_wconf 90' lang='lat' dir='ltr'><strong>sua</strong></span> <span class='ocrx_word' id='word_1_222' title='bbox 3217 1456 3513 1501; x_wconf 85' lang='lat' dir='ltr'><strong>consuetu-</strong></span> 
     </span>
    </p>
   </div>
   <div class='ocr_carea' id='block_1_30' title="bbox 1921 1533 3512 1608">
    <p class='ocr_par' dir='ltr' id='par_1_30' title="bbox 1921 1533 3512 1608">
     <span class='ocr_line' id='line_1_30' title="bbox 1921 1533 3512 1608; baseline 0.002 -20"><span class='ocrx_word' id='word_1_223' title='bbox 1921 1533 2048 1588; x_wconf 89' lang='lat' dir='ltr'><strong>dine</strong></span> <span class='ocrx_word' id='word_1_224' title='bbox 2084 1534 2398 1590; x_wconf 88' lang='lat' dir='ltr'><strong>detnersum</strong></span> <span class='ocrx_word' id='word_1_225' title='bbox 2445 1537 2740 1591; x_wconf 81' lang='lat' dir='ltr'><strong>estzmisit</strong></span> <span class='ocrx_word' id='word_1_226' title='bbox 2782 1537 2984 1608; x_wconf 77' lang='lat' dir='ltr'><strong>lignum</strong></span> <span class='ocrx_word' id='word_1_227' title='bbox 3031 1538 3281 1603; x_wconf 64' lang='lat' dir='ltr'><strong>Elisa&#39;us,</strong></span> <span class='ocrx_word' id='word_1_228' title='bbox 3331 1540 3512 1594; x_wconf 87' lang='lat' dir='ltr'><strong>statim</strong></span> 
     </span>
    </p>
   </div>
   <div class='ocr_carea' id='block_1_31' title="bbox 1922 1629 3514 1703">
    <p class='ocr_par' dir='ltr' id='par_1_31' title="bbox 1922 1629 3514 1703">
     <span class='ocr_line' id='line_1_31' title="bbox 1922 1629 3514 1703; baseline 0.003 -19"><span class='ocrx_word' id='word_1_229' title='bbox 1922 1629 2128 1685; x_wconf 87' lang='lat' dir='ltr'><strong>lerrum</strong></span> <span class='ocrx_word' id='word_1_230' title='bbox 2161 1630 2430 1684; x_wconf 87' lang='lat' dir='ltr'><strong>elevaturn</strong></span> <span class='ocrx_word' id='word_1_231' title='bbox 2461 1641 2564 1696; x_wconf 89' lang='lat' dir='ltr'><strong>est,</strong></span> <span class='ocrx_word' id='word_1_232' title='bbox 2609 1641 2660 1685; x_wconf 91' lang='lat' dir='ltr'><strong>et</strong></span> <span class='ocrx_word' id='word_1_233' title='bbox 2689 1633 2846 1702; x_wconf 90' lang='lat' dir='ltr'><strong>aquis</strong></span> <span class='ocrx_word' id='word_1_234' title='bbox 2871 1633 3248 1702; x_wconf 89' lang='lat' dir='ltr'><strong>supernatavit</strong></span> <span class='ocrx_word' id='word_1_235' title='bbox 3279 1631 3365 1703; x_wconf 87' lang='lat' dir='ltr'><strong>(IV</strong></span> <span class='ocrx_word' id='word_1_236' title='bbox 3381 1631 3514 1703; x_wconf 82' lang='lat' dir='ltr'><strong>Reg.</strong></span> 
     </span>
    </p>
   </div>
   <div class='ocr_carea' id='block_1_32' title="bbox 1921 1724 3514 1795">
    <p class='ocr_par' dir='ltr' id='par_1_32' title="bbox 1921 1724 3514 1795">
     <span class='ocr_line' id='line_1_32' title="bbox 1921 1724 3514 1795; baseline 0.005 -21"><span class='ocrx_word' id='word_1_237' title='bbox 1921 1739 1993 1786; x_wconf 86' lang='lat' dir='ltr'><strong>vt,</strong></span> <span class='ocrx_word' id='word_1_238' title='bbox 2020 1724 2078 1792; x_wconf 85' lang='lat'><strong>6)</strong></span> <span class='ocrx_word' id='word_1_239' title='bbox 2108 1741 2118 1775; x_wconf 90' lang='lat'>:</span> <span class='ocrx_word' id='word_1_240' title='bbox 2157 1725 2340 1795; x_wconf 90' lang='lat' dir='ltr'><strong>utique</strong></span> <span class='ocrx_word' id='word_1_241' title='bbox 2361 1733 2553 1779; x_wconf 91' lang='lat' dir='ltr'><strong>contra</strong></span> <span class='ocrx_word' id='word_1_242' title='bbox 2577 1724 3034 1782; x_wconf 88' lang='lat' dir='ltr'><strong>consuetudinem</strong></span> <span class='ocrx_word' id='word_1_243' title='bbox 3063 1725 3224 1792; x_wconf 82' lang='lat' dir='ltr'><strong>ferri;</strong></span> <span class='ocrx_word' id='word_1_244' title='bbox 3261 1737 3344 1782; x_wconf 89' lang='lat' dir='ltr'><strong>est</strong></span> <span class='ocrx_word' id='word_1_245' title='bbox 3371 1727 3514 1782; x_wconf 90' lang='lat' dir='ltr'><strong>enim</strong></span> 
     </span>
    </p>
   </div>
   <div class='ocr_carea' id='block_1_33' title="bbox 207 1813 3442 1894">
    <p class='ocr_par' dir='ltr' id='par_1_33' title="bbox 207 1813 3442 1894">
     <span class='ocr_line' id='line_1_33' title="bbox 207 1813 3442 1894; baseline 0.002 -22"><span class='ocrx_word' id='word_1_246' title='bbox 207 1817 356 1888; x_wconf 86' lang='lat' dir='ltr'><strong>cipe,</strong></span> <span class='ocrx_word' id='word_1_247' title='bbox 409 1827 468 1874; x_wconf 91' lang='lat' dir='ltr'><strong>et</strong></span> <span class='ocrx_word' id='word_1_248' title='bbox 503 1822 679 1889; x_wconf 90' lang='lat' dir='ltr'><strong>primo</strong></span> <span class='ocrx_word' id='word_1_249' title='bbox 723 1822 964 1877; x_wconf 92' lang='lat' dir='ltr'><strong>omnium</strong></span> <span class='ocrx_word' id='word_1_250' title='bbox 997 1823 1065 1879; x_wconf 92' lang='lat' dir='ltr'><strong>de</strong></span> <span class='ocrx_word' id='word_1_251' title='bbox 1104 1829 1458 1894; x_wconf 87' lang='lat' dir='ltr'><strong>generatione</strong></span> <span class='ocrx_word' id='word_1_252' title='bbox 1489 1826 1608 1894; x_wconf 85' lang='lat' dir='ltr'><strong>ejus</strong></span> <span class='ocrx_word' id='word_1_253' title='bbox 1637 1840 1817 1879; x_wconf 78' lang='lat' dir='ltr'><strong>suma-</strong></span> <span class='ocrx_word' id='word_1_254' title='bbox 1849 1813 1894 1874; x_wconf 89' lang='lat' dir='ltr'><strong>B</strong></span> <span class='ocrx_word' id='word_1_255' title='bbox 1923 1823 2181 1875; x_wconf 85' lang='lat' dir='ltr'><strong>materies</strong></span> <span class='ocrx_word' id='word_1_256' title='bbox 2204 1821 2450 1890; x_wconf 87' lang='lat' dir='ltr'><strong>gravior,</strong></span> <span class='ocrx_word' id='word_1_257' title='bbox 2475 1837 2638 1891; x_wconf 92' lang='lat' dir='ltr'><strong>quam</strong></span> <span class='ocrx_word' id='word_1_258' title='bbox 2669 1837 2932 1892; x_wconf 89' lang='lat' dir='ltr'><strong>aquarum</strong></span> <span class='ocrx_word' id='word_1_259' title='bbox 2974 1832 3057 1878; x_wconf 83' lang='lat' dir='ltr'><strong>est</strong></span> <span class='ocrx_word' id='word_1_260' title='bbox 3088 1823 3442 1878; x_wconf 89' lang='lat' dir='ltr'><strong>elementum.</strong></span> 
     </span>
    </p>
   </div>
   <div class='ocr_carea' id='block_1_34' title="bbox 208 1912 1820 1985">
    <p class='ocr_par' dir='ltr' id='par_1_34' title="bbox 208 1912 1820 1985">
     <span class='ocr_line' id='line_1_34' title="bbox 208 1912 1820 1985; baseline 0.004 -20"><span class='ocrx_word' id='word_1_261' title='bbox 208 1925 337 1965; x_wconf 85' lang='lat' dir='ltr'><strong>inus</strong></span> <span class='ocrx_word' id='word_1_262' title='bbox 383 1912 729 1982; x_wconf 78' lang='lat' dir='ltr'><strong>exemplum.</strong></span> <span class='ocrx_word' id='word_1_263' title='bbox 765 1913 1126 1971; x_wconf 90' lang='lat' dir='ltr'><strong>Consuetudo</strong></span> <span class='ocrx_word' id='word_1_264' title='bbox 1176 1925 1262 1971; x_wconf 88' lang='lat' dir='ltr'><strong>est</strong></span> <span class='ocrx_word' id='word_1_265' title='bbox 1292 1925 1350 1971; x_wconf 93' lang='lat' dir='ltr'><strong>ut</strong></span> <span class='ocrx_word' id='word_1_266' title='bbox 1381 1931 1485 1972; x_wconf 90' lang='lat' dir='ltr'><strong>non</strong></span> <span class='ocrx_word' id='word_1_267' title='bbox 1531 1925 1820 1985; x_wconf 75' lang='lat' dir='ltr'><strong>generetur</strong></span> 
     </span>
    </p>
   </div>
   <div class='ocr_carea' id='block_1_35' title="bbox 209 2004 1817 2074">
    <p class='ocr_par' dir='ltr' id='par_1_35' title="bbox 209 2004 1817 2074">
     <span class='ocr_line' id='line_1_35' title="bbox 209 2004 1817 2074; baseline 0.004 -15"><span class='ocrx_word' id='word_1_268' title='bbox 209 2004 402 2071; x_wconf 80' lang='lat' dir='ltr'><strong>homo,</strong></span> <span class='ocrx_word' id='word_1_269' title='bbox 435 2007 537 2061; x_wconf 83' lang='lat' dir='ltr'><strong>nisi</strong></span> <span class='ocrx_word' id='word_1_270' title='bbox 568 2022 632 2062; x_wconf 78' lang='lat' dir='ltr'><strong>ex</strong></span> <span class='ocrx_word' id='word_1_271' title='bbox 663 2008 782 2062; x_wconf 92' lang='lat' dir='ltr'><strong>viro</strong></span> <span class='ocrx_word' id='word_1_272' title='bbox 817 2017 872 2062; x_wconf 90' lang='lat' dir='ltr'><strong>et</strong></span> <span class='ocrx_word' id='word_1_273' title='bbox 893 2009 1144 2074; x_wconf 86' lang='lat' dir='ltr'><strong>muliere,</strong></span> <span class='ocrx_word' id='word_1_274' title='bbox 1177 2020 1231 2065; x_wconf 91' lang='lat' dir='ltr'><strong>et</strong></span> <span class='ocrx_word' id='word_1_275' title='bbox 1259 2012 1658 2066; x_wconf 89' lang='lat' dir='ltr'><strong>consuetudine</strong></span> <span class='ocrx_word' id='word_1_276' title='bbox 1683 2027 1817 2067; x_wconf 88' lang='lat' dir='ltr'><strong>con-</strong></span> 
     </span>
    </p>
   </div>
   <div class='ocr_carea' id='block_1_36' title="bbox 199 2097 1818 2174">
    <p class='ocr_par' dir='ltr' id='par_1_36' title="bbox 199 2097 1818 2174">
     <span class='ocr_line' id='line_1_36' title="bbox 199 2097 1818 2174; baseline 0.004 -23"><span class='ocrx_word' id='word_1_277' title='bbox 199 2097 380 2168; x_wconf 85' lang='lat' dir='ltr'><strong>jugali</strong></span> <span class='ocrx_word' id='word_1_278' title='bbox 408 2113 422 2152; x_wconf 90' lang='lat'><strong>:</strong></span> <span class='ocrx_word' id='word_1_279' title='bbox 455 2098 552 2154; x_wconf 89' lang='lat' dir='ltr'><strong>sed</strong></span> <span class='ocrx_word' id='word_1_280' title='bbox 580 2101 708 2171; x_wconf 88' lang='lat' dir='ltr'><strong>quia</strong></span> <span class='ocrx_word' id='word_1_281' title='bbox 739 2101 909 2157; x_wconf 91' lang='lat' dir='ltr'><strong>voluit</strong></span> <span class='ocrx_word' id='word_1_282' title='bbox 941 2101 1231 2169; x_wconf 89' lang='lat' dir='ltr'><strong>Dominus,</strong></span> <span class='ocrx_word' id='word_1_283' title='bbox 1255 2105 1382 2174; x_wconf 91' lang='lat' dir='ltr'><strong>quia</strong></span> <span class='ocrx_word' id='word_1_284' title='bbox 1411 2105 1514 2159; x_wconf 90' lang='lat' dir='ltr'><strong>hoc</strong></span> <span class='ocrx_word' id='word_1_285' title='bbox 1542 2106 1705 2174; x_wconf 83' lang='lat' dir='ltr'><strong>elegit</strong></span> <span class='ocrx_word' id='word_1_286' title='bbox 1733 2121 1818 2160; x_wconf 83' lang='lat' dir='ltr'><strong>sa-</strong></span> 
     </span>
    </p>
   </div>
   <div class='ocr_carea' id='block_1_37' title="bbox 204 2191 1822 2266">
    <p class='ocr_par' dir='ltr' id='par_1_37' title="bbox 204 2191 1822 2266">
     <span class='ocr_line' id='line_1_37' title="bbox 204 2191 1822 2266; baseline 0.006 -24"><span class='ocrx_word' id='word_1_287' title='bbox 204 2199 582 2255; x_wconf 89' lang='lat' dir='ltr'><strong>cramentum,</strong></span> <span class='ocrx_word' id='word_1_288' title='bbox 615 2191 682 2248; x_wconf 93' lang='lat' dir='ltr'><strong>de</strong></span> <span class='ocrx_word' id='word_1_289' title='bbox 713 2193 921 2263; x_wconf 85' lang='lat' dir='ltr'><strong>Spiritu</strong></span> <span class='ocrx_word' id='word_1_290' title='bbox 953 2205 1146 2251; x_wconf 88' lang='lat' dir='ltr'><strong>sancto</strong></span> <span class='ocrx_word' id='word_1_291' title='bbox 1187 2206 1244 2250; x_wconf 90' lang='lat' dir='ltr'><strong>et</strong></span> <span class='ocrx_word' id='word_1_292' title='bbox 1276 2195 1498 2266; x_wconf 79' lang='lat' dir='ltr'><strong>Virgine</strong></span> <span class='ocrx_word' id='word_1_293' title='bbox 1531 2207 1692 2252; x_wconf 88' lang='lat' dir='ltr'><strong>natus</strong></span> <span class='ocrx_word' id='word_1_294' title='bbox 1737 2207 1822 2252; x_wconf 70' lang='lat' dir='ltr'><strong>est</strong></span> 
     </span>
    </p>
   </div>
   <div class='ocr_carea' id='block_1_38' title="bbox 203 2280 1816 2352">
    <p class='ocr_par' dir='ltr' id='par_1_38' title="bbox 203 2280 1816 2352">
     <span class='ocr_line' id='line_1_38' title="bbox 203 2280 1816 2352; baseline 0.006 -17"><span class='ocrx_word' id='word_1_295' title='bbox 203 2280 484 2348; x_wconf 85' lang='lat' dir='ltr'><strong>Christus,</strong></span> <span class='ocrx_word' id='word_1_296' title='bbox 520 2283 624 2340; x_wconf 88' lang='lat' dir='ltr'><strong>hoc</strong></span> <span class='ocrx_word' id='word_1_297' title='bbox 662 2294 768 2352; x_wconf 88' lang='lat' dir='ltr'><strong>est,</strong></span> <span class='ocrx_word' id='word_1_298' title='bbox 809 2287 1078 2342; x_wconf 90' lang='lat' dir='ltr'><strong>mediator</strong></span> <span class='ocrx_word' id='word_1_299' title='bbox 1122 2288 1215 2343; x_wconf 87' lang='lat' dir='ltr'><strong>Dei</strong></span> <span class='ocrx_word' id='word_1_300' title='bbox 1246 2298 1300 2343; x_wconf 91' lang='lat' dir='ltr'><strong>et</strong></span> <span class='ocrx_word' id='word_1_301' title='bbox 1332 2289 1614 2345; x_wconf 87' lang='lat' dir='ltr'><strong>hominum</strong></span> <span class='ocrx_word' id='word_1_302' title='bbox 1653 2291 1816 2345; x_wconf 91' lang='lat' dir='ltr'><strong>homo</strong></span> 
     </span>
    </p>
   </div>
   <div class='ocr_carea' id='block_1_39' title="bbox 204 2377 1810 2456">
    <p class='ocr_par' dir='ltr' id='par_1_39' title="bbox 204 2377 1810 2456">
     <span class='ocr_line' id='line_1_39' title="bbox 204 2377 1810 2456; baseline 0.005 -24"><span class='ocrx_word' id='word_1_303' title='bbox 204 2377 465 2432; x_wconf 86' lang='lat' dir='ltr'><strong>Christus</strong></span> <span class='ocrx_word' id='word_1_304' title='bbox 490 2377 649 2435; x_wconf 84' lang='lat' dir='ltr'><strong>Jesus</strong></span> <span class='ocrx_word' id='word_1_305' title='bbox 675 2379 717 2451; x_wconf 84' lang='grc' dir='ltr'>(ι</span> <span class='ocrx_word' id='word_1_306' title='bbox 749 2379 885 2437; x_wconf 86' lang='lat' dir='ltr'><strong>Tim.</strong></span> <span class='ocrx_word' id='word_1_307' title='bbox 917 2397 975 2448; x_wconf 90' lang='grc' dir='ltr'>ιι,</span> <span class='ocrx_word' id='word_1_308' title='bbox 1009 2381 1086 2453; x_wconf 82' lang='grc'><strong>5).</strong></span> <span class='ocrx_word' id='word_1_309' title='bbox 1125 2381 1285 2439; x_wconf 83' lang='lat' dir='ltr'><strong>Vides</strong></span> <span class='ocrx_word' id='word_1_310' title='bbox 1309 2399 1439 2456; x_wconf 84' lang='lat' dir='ltr'><strong>ergo</strong></span> <span class='ocrx_word' id='word_1_311' title='bbox 1464 2385 1587 2455; x_wconf 91' lang='lat' dir='ltr'><strong>quia</strong></span> <span class='ocrx_word' id='word_1_312' title='bbox 1620 2397 1810 2440; x_wconf 85' lang='lat' dir='ltr'><strong>contra</strong></span> 
     </span>
    </p>
   </div>
   <div class='ocr_carea' id='block_1_40' title="bbox 205 2470 1811 2543">
    <p class='ocr_par' dir='ltr' id='par_1_40' title="bbox 205 2470 1811 2543">
     <span class='ocr_line' id='line_1_40' title="bbox 205 2470 1811 2543; baseline 0.007 -17"><span class='ocrx_word' id='word_1_313' title='bbox 205 2470 460 2526; x_wconf 90' lang='lat' dir='ltr'><strong>instituta</strong></span> <span class='ocrx_word' id='word_1_314' title='bbox 491 2480 547 2528; x_wconf 90' lang='lat' dir='ltr'><strong>et</strong></span> <span class='ocrx_word' id='word_1_315' title='bbox 581 2472 825 2531; x_wconf 86' lang='lat' dir='ltr'><strong>ordinem</strong></span> <span class='ocrx_word' id='word_1_316' title='bbox 877 2486 1035 2531; x_wconf 89' lang='lat' dir='ltr'><strong>natus</strong></span> <span class='ocrx_word' id='word_1_317' title='bbox 1083 2487 1187 2543; x_wconf 91' lang='lat' dir='ltr'><strong>est,</strong></span> <span class='ocrx_word' id='word_1_318' title='bbox 1220 2478 1384 2534; x_wconf 90' lang='lat' dir='ltr'><strong>homo</strong></span> <span class='ocrx_word' id='word_1_319' title='bbox 1423 2488 1508 2535; x_wconf 92' lang='lat' dir='ltr'><strong>est</strong></span> <span class='ocrx_word' id='word_1_320' title='bbox 1541 2491 1698 2536; x_wconf 90' lang='lat' dir='ltr'><strong>natus</strong></span> <span class='ocrx_word' id='word_1_321' title='bbox 1746 2498 1811 2537; x_wconf 76' lang='lat' dir='ltr'><strong>ex</strong></span> 
     </span>
    </p>
   </div>
   <div class='ocr_carea' id='block_1_41' title="bbox 209 2564 482 2635">
    <p class='ocr_par' dir='ltr' id='par_1_41' title="bbox 209 2564 482 2635">
     <span class='ocr_line' id='line_1_41' title="bbox 209 2564 482 2635; baseline 0 -16"><span class='ocrx_word' id='word_1_322' title='bbox 209 2564 482 2635; x_wconf 77' lang='lat' dir='ltr'><strong>Virgine?</strong></span> 
     </span>
    </p>
   </div>
   <div class='ocr_carea' id='block_1_42' title="bbox 201 2690 1811 2766">
    <p class='ocr_par' dir='ltr' id='par_1_42' title="bbox 201 2690 1811 2766">
     <span class='ocr_line' id='line_1_42' title="bbox 201 2690 1811 2766; baseline 0.001 -19"><span class='ocrx_word' id='word_1_323' title='bbox 201 2693 268 2747; x_wconf 77' lang='lat'><strong>3&quot;</strong></span> <span class='ocrx_word' id='word_1_324' title='bbox 301 2690 521 2766; x_wconf 84' lang='lat' dir='ltr'><strong>tandem</strong></span> <span class='ocrx_word' id='word_1_325' title='bbox 545 2709 649 2766; x_wconf 87' lang='lat' dir='ltr'><strong>non</strong></span> <span class='ocrx_word' id='word_1_326' title='bbox 676 2693 907 2750; x_wconf 81' lang='lat' dir='ltr'><strong>cadebat</strong></span> <span class='ocrx_word' id='word_1_327' title='bbox 940 2694 991 2749; x_wconf 92' lang='lat' dir='ltr'><strong>in</strong></span> <span class='ocrx_word' id='word_1_328' title='bbox 1016 2694 1336 2764; x_wconf 81' lang='lat' dir='ltr'><strong>gravitatem</strong></span> <span class='ocrx_word' id='word_1_329' title='bbox 1355 2711 1416 2748; x_wconf 86' lang='lat' dir='ltr'><strong>ae.</strong></span> <span class='ocrx_word' id='word_1_330' title='bbox 1442 2695 1811 2766; x_wconf 90' lang='lat' dir='ltr'><strong>prudentiam,</strong></span> 
     </span>
    </p>
   </div>
   <div class='ocr_carea' id='block_1_43' title="bbox 201 2763 1817 2836">
    <p class='ocr_par' dir='ltr' id='par_1_43' title="bbox 201 2763 1817 2836">
     <span class='ocr_line' id='line_1_43' title="bbox 201 2763 1817 2836; baseline 0.004 -20"><span class='ocrx_word' id='word_1_331' title='bbox 201 2778 313 2833; x_wconf 87' lang='lat' dir='ltr'><strong>qua</strong></span> <span class='ocrx_word' id='word_1_332' title='bbox 345 2774 462 2817; x_wconf 84' lang='lat' dir='ltr'><strong>erat</strong></span> <span class='ocrx_word' id='word_1_333' title='bbox 484 2763 842 2831; x_wconf 79' lang='lat' dir='ltr'><strong>Lanl’rancus,</strong></span> <span class='ocrx_word' id='word_1_334' title='bbox 872 2775 930 2819; x_wconf 79' lang='grc' dir='ltr'><strong>ιιι</strong></span> <span class='ocrx_word' id='word_1_335' title='bbox 951 2763 1282 2820; x_wconf 85' lang='lat' dir='ltr'><strong>sententiain</strong></span> <span class='ocrx_word' id='word_1_336' title='bbox 1313 2763 1462 2820; x_wconf 80' lang='lat' dir='ltr'><strong>illam</strong></span> <span class='ocrx_word' id='word_1_337' title='bbox 1496 2783 1817 2836; x_wconf 86' lang='lat' dir='ltr'><strong>corrumpe-</strong></span> 
     </span>
    </p>
   </div>
   <div class='ocr_carea' id='block_1_44' title="bbox 203 2837 1811 2907">
    <p class='ocr_par' dir='ltr' id='par_1_44' title="bbox 203 2837 1811 2907">
     <span class='ocr_line' id='line_1_44' title="bbox 203 2837 1811 2907; baseline 0.003 -19"><span class='ocrx_word' id='word_1_338' title='bbox 203 2845 314 2907; x_wconf 67' lang='lat' dir='ltr'><strong>ret,</strong></span> <span class='ocrx_word' id='word_1_339' title='bbox 349 2850 512 2907; x_wconf 84' lang='lat' dir='ltr'><strong>quam</strong></span> <span class='ocrx_word' id='word_1_340' title='bbox 546 2837 833 2892; x_wconf 89' lang='lat' dir='ltr'><strong>evincebat</strong></span> <span class='ocrx_word' id='word_1_341' title='bbox 875 2839 945 2890; x_wconf 87' lang='lat' dir='ltr'><strong>ab</strong></span> <span class='ocrx_word' id='word_1_342' title='bbox 973 2839 1289 2892; x_wconf 89' lang='lat' dir='ltr'><strong>adversario</strong></span> <span class='ocrx_word' id='word_1_343' title='bbox 1325 2854 1447 2893; x_wconf 87' lang='lat' dir='ltr'><strong>esse</strong></span> <span class='ocrx_word' id='word_1_344' title='bbox 1474 2849 1811 2907; x_wconf 86' lang='lat' dir='ltr'><strong>corruptam.</strong></span> 
     </span>
    </p>
   </div>
   <div class='ocr_carea' id='block_1_45' title="bbox 201 2905 1814 2979">
    <p class='ocr_par' dir='ltr' id='par_1_45' title="bbox 201 2905 1814 2979">
     <span class='ocr_line' id='line_1_45' title="bbox 201 2905 1814 2979; baseline 0.003 -21"><span class='ocrx_word' id='word_1_345' title='bbox 201 2905 315 2960; x_wconf 80' lang='lat' dir='ltr'><strong>Sed</strong></span> <span class='ocrx_word' id='word_1_346' title='bbox 353 2906 420 2979; x_wconf 87' lang='lat' dir='ltr'><strong>ad</strong></span> <span class='ocrx_word' id='word_1_347' title='bbox 455 2906 818 2963; x_wconf 85' lang='lat' dir='ltr'><strong>Lanl&#39;rancum</strong></span> <span class='ocrx_word' id='word_1_348' title='bbox 864 2912 1009 2964; x_wconf 91' lang='lat' dir='ltr'><strong>omni</strong></span> <span class='ocrx_word' id='word_1_349' title='bbox 1041 2910 1198 2963; x_wconf 73' lang='lat' dir='ltr'><strong>mala:</strong></span> <span class='ocrx_word' id='word_1_350' title='bbox 1243 2910 1364 2964; x_wconf 85' lang='lat' dir='ltr'><strong>lidei</strong></span> <span class='ocrx_word' id='word_1_351' title='bbox 1410 2905 1723 2979; x_wconf 77' lang='lat' dir='ltr'><strong>suspicione</strong></span> <span class='ocrx_word' id='word_1_352' title='bbox 1753 2911 1814 2963; x_wconf 84' lang='lat' dir='ltr'><strong>li-</strong></span> 
     </span>
    </p>
   </div>
   <div class='ocr_carea' id='block_1_46' title="bbox 204 2977 1812 3050">
    <p class='ocr_par' dir='ltr' id='par_1_46' title="bbox 204 2977 1812 3050">
     <span class='ocr_line' id='line_1_46' title="bbox 204 2977 1812 3050; baseline 0.001 -17"><span class='ocrx_word' id='word_1_353' title='bbox 204 2977 512 3033; x_wconf 82' lang='lat' dir='ltr'><strong>herandum</strong></span> <span class='ocrx_word' id='word_1_354' title='bbox 539 2981 640 3034; x_wconf 85' lang='lat' dir='ltr'><strong>ista</strong></span> <span class='ocrx_word' id='word_1_355' title='bbox 681 2979 972 3034; x_wconf 79' lang='lat' dir='ltr'><strong>sufﬁciant.</strong></span> <span class='ocrx_word' id='word_1_356' title='bbox 1009 2980 1164 3047; x_wconf 82' lang='lat' dir='ltr'><strong>Quod</strong></span> <span class='ocrx_word' id='word_1_357' title='bbox 1198 2997 1361 3050; x_wconf 82' lang='lat' dir='ltr'><strong>porro</strong></span> <span class='ocrx_word' id='word_1_358' title='bbox 1409 2982 1474 3035; x_wconf 87' lang='lat' dir='ltr'><strong>ad</strong></span> <span class='ocrx_word' id='word_1_359' title='bbox 1513 2977 1696 3049; x_wconf 79' lang='lat' dir='ltr'><strong>ipsum</strong></span> <span class='ocrx_word' id='word_1_360' title='bbox 1731 2983 1812 3035; x_wconf 83' lang='lat' dir='ltr'><strong>lo-</strong></span> 
     </span>
    </p>
   </div>
   <div class='ocr_carea' id='block_1_47' title="bbox 202 3050 1813 3123">
    <p class='ocr_par' dir='ltr' id='par_1_47' title="bbox 202 3050 1813 3123">
     <span class='ocr_line' id='line_1_47' title="bbox 202 3050 1813 3123; baseline 0.004 -21"><span class='ocrx_word' id='word_1_361' title='bbox 202 3063 357 3113; x_wconf 88' lang='lat' dir='ltr'><strong>cum,</strong></span> <span class='ocrx_word' id='word_1_362' title='bbox 390 3050 534 3123; x_wconf 84' lang='lat' dir='ltr'><strong>idem</strong></span> <span class='ocrx_word' id='word_1_363' title='bbox 566 3050 902 3105; x_wconf 85' lang='lat' dir='ltr'><strong>Lanl&#39;raucus</strong></span> <span class='ocrx_word' id='word_1_364' title='bbox 949 3053 1043 3106; x_wconf 90' lang='lat' dir='ltr'><strong>lib.</strong></span> <span class='ocrx_word' id='word_1_365' title='bbox 1093 3053 1188 3106; x_wconf 90' lang='lat' dir='ltr'><strong>cit.</strong></span> <span class='ocrx_word' id='word_1_366' title='bbox 1225 3063 1279 3106; x_wconf 90' lang='lat' dir='ltr'><strong>et</strong></span> <span class='ocrx_word' id='word_1_367' title='bbox 1329 3053 1558 3123; x_wconf 85' lang='lat' dir='ltr'><strong>Algerus</strong></span> <span class='ocrx_word' id='word_1_368' title='bbox 1605 3053 1672 3107; x_wconf 88' lang='lat' dir='ltr'><strong>de</strong></span> <span class='ocrx_word' id='word_1_369' title='bbox 1713 3054 1813 3108; x_wconf 86' lang='lat' dir='ltr'><strong>Sa-</strong></span> 
     </span>
    </p>
   </div>
   <div class='ocr_carea' id='block_1_48' title="bbox 204 3122 1814 3193">
    <p class='ocr_par' dir='ltr' id='par_1_48' title="bbox 204 3122 1814 3193">
     <span class='ocr_line' id='line_1_48' title="bbox 204 3122 1814 3193; baseline 0.004 -20"><span class='ocrx_word' id='word_1_370' title='bbox 204 3136 386 3193; x_wconf 85' lang='lat' dir='ltr'><strong>cram.</strong></span> <span class='ocrx_word' id='word_1_371' title='bbox 421 3122 514 3174; x_wconf 92' lang='lat' dir='ltr'><strong>lib.</strong></span> <span class='ocrx_word' id='word_1_372' title='bbox 546 3139 586 3186; x_wconf 90' lang='grc' dir='ltr'>ι,</span> <span class='ocrx_word' id='word_1_373' title='bbox 610 3138 730 3192; x_wconf 85' lang='lat' dir='ltr'><strong>cap.</strong></span> <span class='ocrx_word' id='word_1_374' title='bbox 765 3124 819 3178; x_wconf 88' lang='lat'><strong>7.</strong></span> <span class='ocrx_word' id='word_1_375' title='bbox 846 3126 1176 3192; x_wconf 79' lang='lat' dir='ltr'><strong>reSpoudent</strong></span> <span class='ocrx_word' id='word_1_376' title='bbox 1206 3122 1486 3193; x_wconf 69' lang='lat' dir='ltr'><strong>pain-tiret</strong></span> <span class='ocrx_word' id='word_1_377' title='bbox 1515 3125 1700 3180; x_wconf 89' lang='lat' dir='ltr'><strong>vinum</strong></span> <span class='ocrx_word' id='word_1_378' title='bbox 1729 3141 1814 3180; x_wconf 87' lang='lat' dir='ltr'><strong>sc-</strong></span> 
     </span>
    </p>
   </div>
   <div class='ocr_carea' id='block_1_49' title="bbox 204 3192 1816 3266">
    <p class='ocr_par' dir='ltr' id='par_1_49' title="bbox 204 3192 1816 3266">
     <span class='ocr_line' id='line_1_49' title="bbox 204 3192 1816 3266; baseline 0.003 -20"><span class='ocrx_word' id='word_1_379' title='bbox 204 3192 452 3266; x_wconf 83' lang='lat' dir='ltr'><strong>cundum</strong></span> <span class='ocrx_word' id='word_1_380' title='bbox 481 3195 716 3266; x_wconf 81' lang='lat' dir='ltr'><strong>speciem</strong></span> <span class='ocrx_word' id='word_1_381' title='bbox 747 3204 1032 3250; x_wconf 83' lang='lat' dir='ltr'><strong>externam</strong></span> <span class='ocrx_word' id='word_1_382' title='bbox 1065 3211 1187 3251; x_wconf 85' lang='lat' dir='ltr'><strong>esse</strong></span> <span class='ocrx_word' id='word_1_383' title='bbox 1208 3192 1340 3266; x_wconf 84' lang='lat' dir='ltr'><strong>quae</strong></span> <span class='ocrx_word' id='word_1_384' title='bbox 1371 3207 1526 3251; x_wconf 90' lang='lat' dir='ltr'><strong>erant</strong></span> <span class='ocrx_word' id='word_1_385' title='bbox 1563 3216 1574 3250; x_wconf 91' lang='lat'><strong>:</strong></span> <span class='ocrx_word' id='word_1_386' title='bbox 1604 3207 1655 3249; x_wconf 90' lang='lat' dir='ltr'><strong>at</strong></span> <span class='ocrx_word' id='word_1_387' title='bbox 1688 3213 1816 3251; x_wconf 66' lang='lat' dir='ltr'><strong>vero</strong></span> 
     </span>
    </p>
   </div>
   <div class='ocr_carea' id='block_1_50' title="bbox 205 3263 1815 3338">
    <p class='ocr_par' dir='ltr' id='par_1_50' title="bbox 205 3263 1815 3338">
     <span class='ocr_line' id='line_1_50' title="bbox 205 3263 1815 3338; baseline 0.004 -24"><span class='ocrx_word' id='word_1_388' title='bbox 205 3263 511 3338; x_wconf 71' lang='lat' dir='ltr'><strong>secundum</strong></span> <span class='ocrx_word' id='word_1_389' title='bbox 551 3265 818 3320; x_wconf 80' lang='lat' dir='ltr'><strong>internum</strong></span> <span class='ocrx_word' id='word_1_390' title='bbox 857 3269 1213 3320; x_wconf 71' lang='lat' dir='ltr'><strong>substantiam</strong></span> <span class='ocrx_word' id='word_1_391' title='bbox 1238 3263 1502 3323; x_wconf 45' lang='lat' dir='ltr'><strong>&#39;com&#39;erti</strong></span> <span class='ocrx_word' id='word_1_392' title='bbox 1534 3270 1586 3322; x_wconf 92' lang='lat' dir='ltr'><strong>in</strong></span> <span class='ocrx_word' id='word_1_393' title='bbox 1620 3284 1815 3338; x_wconf 82' lang='lat' dir='ltr'><strong>corpus</strong></span> 
     </span>
    </p>
   </div>
   <div class='ocr_carea' id='block_1_51' title="bbox 1991 1913 3511 1988">
    <p class='ocr_par' dir='ltr' id='par_1_51' title="bbox 1991 1913 3511 1988">
     <span class='ocr_line' id='line_1_51' title="bbox 1991 1913 3511 1988; baseline 0.002 -19"><span class='ocrx_word' id='word_1_394' title='bbox 1991 1915 2076 1969; x_wconf 80' lang='lat' dir='ltr'><strong>t9.</strong></span> <span class='ocrx_word' id='word_1_395' title='bbox 2115 1913 2190 1968; x_wconf 83' lang='lat' dir='ltr'><strong>Ex</strong></span> <span class='ocrx_word' id='word_1_396' title='bbox 2225 1915 2309 1969; x_wconf 86' lang='lat' dir='ltr'><strong>his</strong></span> <span class='ocrx_word' id='word_1_397' title='bbox 2338 1915 2499 1984; x_wconf 83' lang='lat' dir='ltr'><strong>igitur</strong></span> <span class='ocrx_word' id='word_1_398' title='bbox 2527 1915 2782 1971; x_wconf 82' lang='lat' dir='ltr'><strong>omnibus</strong></span> <span class='ocrx_word' id='word_1_399' title='bbox 2825 1931 2929 1971; x_wconf 91' lang='lat' dir='ltr'><strong>non</strong></span> <span class='ocrx_word' id='word_1_400' title='bbox 2964 1917 3223 1988; x_wconf 86' lang='lat' dir='ltr'><strong>intelligis</strong></span> <span class='ocrx_word' id='word_1_401' title='bbox 3250 1926 3511 1987; x_wconf 90' lang='lat' dir='ltr'><strong>quantum</strong></span> 
     </span>
    </p>
   </div>
   <div class='ocr_carea' id='block_1_52' title="bbox 1917 2009 3516 2080">
    <p class='ocr_par' dir='ltr' id='par_1_52' title="bbox 1917 2009 3516 2080">
     <span class='ocr_line' id='line_1_52' title="bbox 1917 2009 3516 2080; baseline 0.001 -18"><span class='ocrx_word' id='word_1_402' title='bbox 1917 2017 2184 2078; x_wconf 87' lang='lat' dir='ltr'><strong>operetur</strong></span> <span class='ocrx_word' id='word_1_403' title='bbox 2229 2024 2412 2064; x_wconf 89' lang='lat' dir='ltr'><strong>sermo</strong></span> <span class='ocrx_word' id='word_1_404' title='bbox 2461 2010 2748 2064; x_wconf 67' lang='lat' dir='ltr'><strong>comestis?</strong></span> <span class='ocrx_word' id='word_1_405' title='bbox 2795 2010 2851 2066; x_wconf 91' lang='lat' dir='ltr'><strong>Si</strong></span> <span class='ocrx_word' id='word_1_406' title='bbox 2881 2019 3140 2080; x_wconf 88' lang='lat' dir='ltr'><strong>operatus</strong></span> <span class='ocrx_word' id='word_1_407' title='bbox 3168 2020 3251 2065; x_wconf 89' lang='lat' dir='ltr'><strong>est</strong></span> <span class='ocrx_word' id='word_1_408' title='bbox 3282 2011 3336 2065; x_wconf 92' lang='lat' dir='ltr'><strong>in</strong></span> <span class='ocrx_word' id='word_1_409' title='bbox 3366 2009 3516 2065; x_wconf 87' lang='lat' dir='ltr'><strong>l‘ontc</strong></span> 
     </span>
    </p>
   </div>
   <div class='ocr_carea' id='block_1_53' title="bbox 1921 2101 3515 2171">
    <p class='ocr_par' dir='ltr' id='par_1_53' title="bbox 1921 2101 3515 2171">
     <span class='ocr_line' id='line_1_53' title="bbox 1921 2101 3515 2171; baseline 0 -15"><span class='ocrx_word' id='word_1_410' title='bbox 1921 2111 2158 2165; x_wconf 90' lang='lat' dir='ltr'><strong>terreno,</strong></span> <span class='ocrx_word' id='word_1_411' title='bbox 2205 2101 2247 2155; x_wconf 93' lang='lat' dir='ltr'><strong>si</strong></span> <span class='ocrx_word' id='word_1_412' title='bbox 2283 2111 2545 2171; x_wconf 87' lang='lat' dir='ltr'><strong>operatus</strong></span> <span class='ocrx_word' id='word_1_413' title='bbox 2581 2111 2666 2156; x_wconf 91' lang='lat' dir='ltr'><strong>est</strong></span> <span class='ocrx_word' id='word_1_414' title='bbox 2692 2115 2878 2157; x_wconf 91' lang='lat' dir='ltr'><strong>sermo</strong></span> <span class='ocrx_word' id='word_1_415' title='bbox 2907 2101 3155 2158; x_wconf 71' lang='lat' dir='ltr'><strong>ccclesiis</strong></span> <span class='ocrx_word' id='word_1_416' title='bbox 3183 2102 3236 2156; x_wconf 94' lang='lat' dir='ltr'><strong>iu</strong></span> <span class='ocrx_word' id='word_1_417' title='bbox 3274 2101 3398 2157; x_wconf 91' lang='lat' dir='ltr'><strong>aliis</strong></span> <span class='ocrx_word' id='word_1_418' title='bbox 3425 2117 3515 2156; x_wconf 61' lang='lat' dir='ltr'><strong>re.</strong></span> 
     </span>
    </p>
   </div>
   <div class='ocr_carea' id='block_1_54' title="bbox 1922 2193 3518 2265">
    <p class='ocr_par' dir='ltr' id='par_1_54' title="bbox 1922 2193 3518 2265">
     <span class='ocr_line' id='line_1_54' title="bbox 1922 2193 3518 2265; baseline -0.001 -16"><span class='ocrx_word' id='word_1_419' title='bbox 1922 2194 2038 2260; x_wconf 87' lang='lat' dir='ltr'><strong>bus,</strong></span> <span class='ocrx_word' id='word_1_420' title='bbox 2073 2209 2178 2249; x_wconf 91' lang='lat' dir='ltr'><strong>non</strong></span> <span class='ocrx_word' id='word_1_421' title='bbox 2214 2204 2474 2263; x_wconf 87' lang='lat' dir='ltr'><strong>operatur</strong></span> <span class='ocrx_word' id='word_1_422' title='bbox 2506 2194 2558 2247; x_wconf 92' lang='lat' dir='ltr'><strong>in</strong></span> <span class='ocrx_word' id='word_1_423' title='bbox 2588 2194 2902 2250; x_wconf 70' lang='lat' dir='ltr'><strong>ctelestibus</strong></span> <span class='ocrx_word' id='word_1_424' title='bbox 2936 2194 3350 2249; x_wconf 84' lang='lat' dir='ltr'><strong>Sacrainentis?</strong></span> <span class='ocrx_word' id='word_1_425' title='bbox 3374 2193 3518 2265; x_wconf 85' lang='lat' dir='ltr'><strong>Ergo</strong></span> 
     </span>
    </p>
   </div>
   <div class='ocr_carea' id='block_1_55' title="bbox 1921 2285 3514 2356">
    <p class='ocr_par' dir='ltr' id='par_1_55' title="bbox 1921 2285 3514 2356">
     <span class='ocr_line' id='line_1_55' title="bbox 1921 2285 3514 2356; baseline -0.001 -15"><span class='ocrx_word' id='word_1_426' title='bbox 1921 2285 2156 2341; x_wconf 90' lang='lat' dir='ltr'><strong>didicisti</strong></span> <span class='ocrx_word' id='word_1_427' title='bbox 2188 2287 2332 2356; x_wconf 92' lang='lat' dir='ltr'><strong>quod</strong></span> <span class='ocrx_word' id='word_1_428' title='bbox 2372 2303 2435 2340; x_wconf 76' lang='lat' dir='ltr'><strong>ex</strong></span> <span class='ocrx_word' id='word_1_429' title='bbox 2468 2301 2605 2356; x_wconf 85' lang='lat' dir='ltr'><strong>pane</strong></span> <span class='ocrx_word' id='word_1_430' title='bbox 2650 2301 2854 2356; x_wconf 87' lang='lat' dir='ltr'><strong>corpus</strong></span> <span class='ocrx_word' id='word_1_431' title='bbox 2881 2286 2974 2341; x_wconf 86' lang='lat' dir='ltr'><strong>liat</strong></span> <span class='ocrx_word' id='word_1_432' title='bbox 3011 2286 3241 2352; x_wconf 88' lang='lat' dir='ltr'><strong>Christi,</strong></span> <span class='ocrx_word' id='word_1_433' title='bbox 3288 2296 3344 2342; x_wconf 89' lang='lat' dir='ltr'><strong>et</strong></span> <span class='ocrx_word' id='word_1_434' title='bbox 3372 2286 3514 2356; x_wconf 90' lang='lat' dir='ltr'><strong>quod</strong></span> 
     </span>
    </p>
   </div>
   <div class='ocr_carea' id='block_1_56' title="bbox 1923 2381 3521 2454">
    <p class='ocr_par' dir='ltr' id='par_1_56' title="bbox 1923 2381 3521 2454">
     <span class='ocr_line' id='line_1_56' title="bbox 1923 2381 3521 2454; baseline 0.001 -19"><span class='ocrx_word' id='word_1_435' title='bbox 1923 2383 2106 2437; x_wconf 88' lang='lat' dir='ltr'><strong>vinum</strong></span> <span class='ocrx_word' id='word_1_436' title='bbox 2151 2393 2204 2436; x_wconf 92' lang='lat' dir='ltr'><strong>et</strong></span> <span class='ocrx_word' id='word_1_437' title='bbox 2251 2398 2390 2454; x_wconf 86' lang='lat' dir='ltr'><strong>aqua</strong></span> <span class='ocrx_word' id='word_1_438' title='bbox 2443 2383 2497 2437; x_wconf 92' lang='lat' dir='ltr'><strong>in</strong></span> <span class='ocrx_word' id='word_1_439' title='bbox 2529 2382 2756 2437; x_wconf 89' lang='lat' dir='ltr'><strong>calicem</strong></span> <span class='ocrx_word' id='word_1_440' title='bbox 2779 2381 3011 2436; x_wconf 91' lang='lat' dir='ltr'><strong>mittitur</strong></span> <span class='ocrx_word' id='word_1_441' title='bbox 3042 2400 3056 2440; x_wconf 88' lang='lat'><strong>:</strong></span> <span class='ocrx_word' id='word_1_442' title='bbox 3085 2383 3182 2438; x_wconf 90' lang='lat' dir='ltr'><strong>sed</strong></span> <span class='ocrx_word' id='word_1_443' title='bbox 3213 2381 3272 2436; x_wconf 83' lang='lat' dir='ltr'><strong>ﬁt</strong></span> <span class='ocrx_word' id='word_1_444' title='bbox 3300 2383 3521 2454; x_wconf 86' lang='lat' dir='ltr'><strong>sanguis</strong></span> 
     </span>
    </p>
   </div>
   <div class='ocr_carea' id='block_1_57' title="bbox 1924 2475 3518 2549">
    <p class='ocr_par' dir='ltr' id='par_1_57' title="bbox 1924 2475 3518 2549">
     <span class='ocr_line' id='line_1_57' title="bbox 1924 2475 3518 2549; baseline -0.001 -16"><span class='ocrx_word' id='word_1_445' title='bbox 1924 2475 1949 2515; x_wconf 73' lang='grc' dir='ltr'>δ</span> <span class='ocrx_word' id='word_1_446' title='bbox 1971 2478 2391 2533; x_wconf 70' lang='lat' dir='ltr'><strong>consecratione</strong></span> <span class='ocrx_word' id='word_1_447' title='bbox 2423 2477 2571 2531; x_wconf 89' lang='lat' dir='ltr'><strong>verbi</strong></span> <span class='ocrx_word' id='word_1_448' title='bbox 2619 2477 2863 2532; x_wconf 82' lang='lat' dir='ltr'><strong>caelestis</strong></span> <span class='ocrx_word' id='word_1_449' title='bbox 2909 2476 3013 2549; x_wconf 87' lang='lat' dir='ltr'><strong>(De</strong></span> <span class='ocrx_word' id='word_1_450' title='bbox 3040 2476 3277 2543; x_wconf 57' lang='lat' dir='ltr'><strong>Causea,</strong></span> <span class='ocrx_word' id='word_1_451' title='bbox 3310 2477 3430 2531; x_wconf 81' lang='lat' dir='ltr'><strong>dist.</strong></span> <span class='ocrx_word' id='word_1_452' title='bbox 3462 2478 3518 2543; x_wconf 72' lang='lat'><strong>2,</strong></span> 
     </span>
    </p>
   </div>
   <div class='ocr_carea' id='block_1_58' title="bbox 1923 2571 2930 2644">
    <p class='ocr_par' dir='ltr' id='par_1_58' title="bbox 1923 2571 2930 2644">
     <span class='ocr_line' id='line_1_58' title="bbox 1923 2571 2930 2644; baseline -0.001 -18"><span class='ocrx_word' id='word_1_453' title='bbox 1923 2590 1968 2626; x_wconf 83' lang='lat' dir='ltr'><strong>c.</strong></span> <span class='ocrx_word' id='word_1_454' title='bbox 2006 2572 2187 2637; x_wconf 78' lang='lat' dir='ltr'><strong>Panis,</strong></span> <span class='ocrx_word' id='word_1_455' title='bbox 2223 2571 2250 2644; x_wconf 84' lang='lat'>§</span> <span class='ocrx_word' id='word_1_456' title='bbox 2287 2571 2447 2642; x_wconf 87' lang='lat' dir='ltr'><strong>Ergo,</strong></span> <span class='ocrx_word' id='word_1_457' title='bbox 2477 2581 2524 2625; x_wconf 81' lang='lat' dir='ltr'><strong>et</strong></span> <span class='ocrx_word' id='word_1_458' title='bbox 2557 2571 2584 2642; x_wconf 86' lang='lat'>§</span> <span class='ocrx_word' id='word_1_459' title='bbox 2621 2571 2728 2627; x_wconf 87' lang='lat' dir='ltr'><strong>Sed</strong></span> <span class='ocrx_word' id='word_1_460' title='bbox 2755 2575 2930 2643; x_wconf 80' lang='lat' dir='ltr'><strong>forte).</strong></span> 
     </span>
    </p>
   </div>
   <div class='ocr_carea' id='block_1_59' title="bbox 1925 2692 3515 2765">
    <p class='ocr_par' dir='ltr' id='par_1_59' title="bbox 1925 2692 3515 2765">
     <span class='ocr_line' id='line_1_59' title="bbox 1925 2692 3515 2765; baseline -0.001 -16"><span class='ocrx_word' id='word_1_461' title='bbox 1925 2696 2205 2749; x_wconf 89' lang='lat' dir='ltr'><strong>minimmn</strong></span> <span class='ocrx_word' id='word_1_462' title='bbox 2235 2692 2456 2765; x_wconf 88' lang='lat' dir='ltr'><strong>quidem</strong></span> <span class='ocrx_word' id='word_1_463' title='bbox 2489 2693 2556 2746; x_wconf 92' lang='lat' dir='ltr'><strong>ab</strong></span> <span class='ocrx_word' id='word_1_464' title='bbox 2591 2709 2689 2747; x_wconf 92' lang='lat' dir='ltr'><strong>usu</strong></span> <span class='ocrx_word' id='word_1_465' title='bbox 2737 2705 2787 2748; x_wconf 90' lang='lat' dir='ltr'><strong>et</strong></span> <span class='ocrx_word' id='word_1_466' title='bbox 2837 2693 3231 2749; x_wconf 83' lang='lat' dir='ltr'><strong>eunsuetmline</strong></span> <span class='ocrx_word' id='word_1_467' title='bbox 3261 2693 3515 2764; x_wconf 89' lang='lat' dir='ltr'><strong>loquendi</strong></span> 
     </span>
    </p>
   </div>
   <div class='ocr_carea' id='block_1_60' title="bbox 1923 2765 3516 2835">
    <p class='ocr_par' dir='ltr' id='par_1_60' title="bbox 1923 2765 3516 2835">
     <span class='ocr_line' id='line_1_60' title="bbox 1923 2765 3516 2835; baseline -0.001 -15"><span class='ocrx_word' id='word_1_468' title='bbox 1923 2767 2180 2820; x_wconf 89' lang='lat' dir='ltr'><strong>recedere</strong></span> <span class='ocrx_word' id='word_1_469' title='bbox 2214 2785 2226 2819; x_wconf 89' lang='lat'><strong>:</strong></span> <span class='ocrx_word' id='word_1_470' title='bbox 2262 2767 2404 2832; x_wconf 89' lang='lat' dir='ltr'><strong>quod</strong></span> <span class='ocrx_word' id='word_1_471' title='bbox 2436 2766 2577 2818; x_wconf 87' lang='lat' dir='ltr'><strong>acris</strong></span> <span class='ocrx_word' id='word_1_472' title='bbox 2620 2781 2716 2819; x_wconf 89' lang='lat' dir='ltr'><strong>nec</strong></span> <span class='ocrx_word' id='word_1_473' title='bbox 2766 2781 2870 2819; x_wconf 90' lang='lat' dir='ltr'><strong>non</strong></span> <span class='ocrx_word' id='word_1_474' title='bbox 2913 2781 3064 2834; x_wconf 74' lang='lat' dir='ltr'><strong>aqum</strong></span> <span class='ocrx_word' id='word_1_475' title='bbox 3107 2765 3360 2829; x_wconf 85' lang='lat' dir='ltr'><strong>ﬂuvialis,</strong></span> <span class='ocrx_word' id='word_1_476' title='bbox 3395 2782 3516 2835; x_wconf 65' lang='lat' dir='ltr'><strong>qua:</strong></span> 
     </span>
    </p>
   </div>
   <div class='ocr_carea' id='block_1_61' title="bbox 1923 2836 3518 2908">
    <p class='ocr_par' dir='ltr' id='par_1_61' title="bbox 1923 2836 3518 2908">
     <span class='ocr_line' id='line_1_61' title="bbox 1923 2836 3518 2908; baseline -0.001 -16"><span class='ocrx_word' id='word_1_477' title='bbox 1923 2854 2046 2892; x_wconf 91' lang='lat' dir='ltr'><strong>cum</strong></span> <span class='ocrx_word' id='word_1_478' title='bbox 2079 2847 2344 2908; x_wconf 90' lang='lat' dir='ltr'><strong>perpetuo</strong></span> <span class='ocrx_word' id='word_1_479' title='bbox 2379 2845 2672 2898; x_wconf 84' lang='lat' dir='ltr'><strong>mutentur,</strong></span> <span class='ocrx_word' id='word_1_480' title='bbox 2706 2836 2895 2890; x_wconf 89' lang='lat' dir='ltr'><strong>eadem</strong></span> <span class='ocrx_word' id='word_1_481' title='bbox 2930 2845 3112 2891; x_wconf 89' lang='lat' dir='ltr'><strong>tamen</strong></span> <span class='ocrx_word' id='word_1_482' title='bbox 3137 2852 3354 2902; x_wconf 76' lang='lat' dir='ltr'><strong>semper</strong></span> <span class='ocrx_word' id='word_1_483' title='bbox 3383 2838 3518 2891; x_wconf 88' lang='lat' dir='ltr'><strong>dici-</strong></span> 
     </span>
    </p>
   </div>
   <div class='ocr_carea' id='block_1_62' title="bbox 1922 2908 3516 2977">
    <p class='ocr_par' dir='ltr' id='par_1_62' title="bbox 1922 2908 3516 2977">
     <span class='ocr_line' id='line_1_62' title="bbox 1922 2908 3516 2977; baseline 0 -14"><span class='ocrx_word' id='word_1_484' title='bbox 1922 2926 2062 2975; x_wconf 87' lang='lat' dir='ltr'><strong>mus,</strong></span> <span class='ocrx_word' id='word_1_485' title='bbox 2093 2909 2343 2977; x_wconf 76' lang='lat' dir='ltr'><strong>exempla</strong></span> <span class='ocrx_word' id='word_1_486' title='bbox 2379 2908 2605 2962; x_wconf 77' lang='lat' dir='ltr'><strong>mirifice</strong></span> <span class='ocrx_word' id='word_1_487' title='bbox 2639 2910 2934 2962; x_wconf 86' lang='lat' dir='ltr'><strong>illustrant.</strong></span> <span class='ocrx_word' id='word_1_488' title='bbox 2964 2908 3100 2963; x_wconf 92' lang='lat' dir='ltr'><strong>lliuc</strong></span> <span class='ocrx_word' id='word_1_489' title='bbox 3127 2911 3292 2964; x_wconf 90' lang='lat' dir='ltr'><strong>etiam</strong></span> <span class='ocrx_word' id='word_1_490' title='bbox 3320 2908 3516 2964; x_wconf 80' lang='lat' dir='ltr'><strong>difﬂari</strong></span> 
     </span>
    </p>
   </div>
   <div class='ocr_carea' id='block_1_63' title="bbox 1924 2979 3515 3051">
    <p class='ocr_par' dir='ltr' id='par_1_63' title="bbox 1924 2979 3515 3051">
     <span class='ocr_line' id='line_1_63' title="bbox 1924 2979 3515 3051; baseline 0.001 -18"><span class='ocrx_word' id='word_1_491' title='bbox 1924 2994 2124 3051; x_wconf 63' lang='lat' dir='ltr'><strong>posset.</strong></span> <span class='ocrx_word' id='word_1_492' title='bbox 2154 2981 2294 3051; x_wconf 90' lang='lat' dir='ltr'><strong>quod</strong></span> <span class='ocrx_word' id='word_1_493' title='bbox 2323 2979 2504 3033; x_wconf 91' lang='lat' dir='ltr'><strong>intulit</strong></span> <span class='ocrx_word' id='word_1_494' title='bbox 2527 2979 2593 3033; x_wconf 83' lang='lat' dir='ltr'><strong>tle</strong></span> <span class='ocrx_word' id='word_1_495' title='bbox 2614 2980 2868 3047; x_wconf 85' lang='lat' dir='ltr'><strong>specitico</strong></span> <span class='ocrx_word' id='word_1_496' title='bbox 2901 2996 3062 3034; x_wconf 78' lang='lat' dir='ltr'><strong>sensu</strong></span> <span class='ocrx_word' id='word_1_497' title='bbox 3098 2979 3236 3034; x_wconf 92' lang='lat' dir='ltr'><strong>idem</strong></span> <span class='ocrx_word' id='word_1_498' title='bbox 3274 2981 3515 3035; x_wconf 76' lang='lat' dir='ltr'><strong>Albeiti-</strong></span> 
     </span>
    </p>
   </div>
   <div class='ocr_carea' id='block_1_64' title="bbox 1923 3052 3511 3122">
    <p class='ocr_par' dir='ltr' id='par_1_64' title="bbox 1923 3052 3511 3122">
     <span class='ocr_line' id='line_1_64' title="bbox 1923 3052 3511 3122; baseline -0.002 -16"><span class='ocrx_word' id='word_1_499' title='bbox 1923 3069 2046 3114; x_wconf 89' lang='lat' dir='ltr'><strong>ntts,</strong></span> <span class='ocrx_word' id='word_1_500' title='bbox 2076 3053 2174 3106; x_wconf 91' lang='lat' dir='ltr'><strong>nisi</strong></span> <span class='ocrx_word' id='word_1_501' title='bbox 2207 3053 2517 3122; x_wconf 89' lang='lat' dir='ltr'><strong>captionem</strong></span> <span class='ocrx_word' id='word_1_502' title='bbox 2561 3052 2860 3120; x_wconf 84' lang='lat' dir='ltr'><strong>argumenti</strong></span> <span class='ocrx_word' id='word_1_503' title='bbox 2912 3067 3074 3119; x_wconf 84' lang='lat' dir='ltr'><strong>supra</strong></span> <span class='ocrx_word' id='word_1_504' title='bbox 3124 3052 3282 3105; x_wconf 87' lang='lat' dir='ltr'><strong>nobis</strong></span> <span class='ocrx_word' id='word_1_505' title='bbox 3317 3052 3511 3105; x_wconf 81' lang='lat' dir='ltr'><strong>Perro—</strong></span> 
     </span>
    </p>
   </div>
   <div class='ocr_carea' id='block_1_65' title="bbox 1927 3122 3519 3194">
    <p class='ocr_par' dir='ltr' id='par_1_65' title="bbox 1927 3122 3519 3194">
     <span class='ocr_line' id='line_1_65' title="bbox 1927 3122 3519 3194; baseline 0.001 -17"><span class='ocrx_word' id='word_1_506' title='bbox 1927 3125 2048 3178; x_wconf 83' lang='lat' dir='ltr'><strong>nius</strong></span> <span class='ocrx_word' id='word_1_507' title='bbox 2065 3125 2371 3194; x_wconf 63' lang='lat' dir='ltr'><strong>aperuisset</strong></span> <span class='ocrx_word' id='word_1_508' title='bbox 2393 3139 2456 3176; x_wconf 90' lang='lat' dir='ltr'><strong>ac</strong></span> <span class='ocrx_word' id='word_1_509' title='bbox 2477 3123 2750 3194; x_wconf 86' lang='lat' dir='ltr'><strong>diluisset,</strong></span> <span class='ocrx_word' id='word_1_510' title='bbox 2779 3122 2922 3191; x_wconf 92' lang='lat' dir='ltr'><strong>qttod</strong></span> <span class='ocrx_word' id='word_1_511' title='bbox 2952 3122 3519 3194; x_wconf 86' lang='lat' dir='ltr'><strong>sedulodissimulavit</strong></span> 
     </span>
    </p>
   </div>
   <div class='ocr_carea' id='block_1_66' title="bbox 1926 3193 3513 3260">
    <p class='ocr_par' dir='ltr' id='par_1_66' title="bbox 1926 3193 3513 3260">
     <span class='ocr_line' id='line_1_66' title="bbox 1926 3193 3513 3260; baseline -0.002 -10"><span class='ocrx_word' id='word_1_512' title='bbox 1926 3196 2028 3250; x_wconf 89' lang='lat' dir='ltr'><strong>iste</strong></span> <span class='ocrx_word' id='word_1_513' title='bbox 2062 3193 2330 3248; x_wconf 77' lang='lat' dir='ltr'><strong>minister.</strong></span> <span class='ocrx_word' id='word_1_514' title='bbox 2361 3195 2466 3249; x_wconf 81' lang='lat' dir='ltr'><strong>Sed</strong></span> <span class='ocrx_word' id='word_1_515' title='bbox 2495 3193 2579 3246; x_wconf 86' lang='lat' dir='ltr'><strong>ltic</strong></span> <span class='ocrx_word' id='word_1_516' title='bbox 2606 3197 2912 3260; x_wconf 78' lang='lat' dir='ltr'><strong>exemplum</strong></span> <span class='ocrx_word' id='word_1_517' title='bbox 2945 3211 3107 3248; x_wconf 91' lang='lat' dir='ltr'><strong>uuttm</strong></span> <span class='ocrx_word' id='word_1_518' title='bbox 3149 3193 3372 3248; x_wconf 79' lang='lat' dir='ltr'><strong>aﬂ‘ertur</strong></span> <span class='ocrx_word' id='word_1_519' title='bbox 3394 3211 3513 3247; x_wconf 85' lang='lat' dir='ltr'><strong>mu-</strong></span> 
     </span>
    </p>
   </div>
   <div class='ocr_carea' id='block_1_67' title="bbox 1926 3265 3514 3332">
    <p class='ocr_par' dir='ltr' id='par_1_67' title="bbox 1926 3265 3514 3332">
     <span class='ocr_line' id='line_1_67' title="bbox 1926 3265 3514 3332; baseline -0.001 -12"><span class='ocrx_word' id='word_1_520' title='bbox 1926 3267 2146 3320; x_wconf 91' lang='lat' dir='ltr'><strong>tationis</strong></span> <span class='ocrx_word' id='word_1_521' title='bbox 2167 3266 2514 3320; x_wconf 81' lang='lat' dir='ltr'><strong>occidentalis</strong></span> <span class='ocrx_word' id='word_1_522' title='bbox 2535 3279 2549 3326; x_wconf 85' lang='lat'><strong>;</strong></span> <span class='ocrx_word' id='word_1_523' title='bbox 2574 3281 2725 3332; x_wconf 72' lang='lat' dir='ltr'><strong>ergo,</strong></span> <span class='ocrx_word' id='word_1_524' title='bbox 2757 3266 2930 3332; x_wconf 82' lang='lat' dir='ltr'><strong>inquit</strong></span> <span class='ocrx_word' id='word_1_525' title='bbox 2956 3266 3066 3330; x_wconf 90' lang='lat' dir='ltr'><strong>ille,</strong></span> <span class='ocrx_word' id='word_1_526' title='bbox 3098 3265 3164 3319; x_wconf 91' lang='lat' dir='ltr'><strong>de</strong></span> <span class='ocrx_word' id='word_1_527' title='bbox 3191 3266 3514 3320; x_wconf 86' lang='lat' dir='ltr'><strong>accidentali</strong></span> 
     </span>
    </p>
   </div>
   <div class='ocr_carea' id='block_1_68' title="bbox 205 3335 3515 3405">
    <p class='ocr_par' dir='ltr' id='par_1_68' title="bbox 205 3335 3515 3405">
     <span class='ocr_line' id='line_1_68' title="bbox 205 3335 3515 3405; baseline 0 -16"><span class='ocrx_word' id='word_1_528' title='bbox 205 3335 634 3402; x_wconf 74' lang='lat' dir='ltr'><strong>(thristi.Quaui</strong></span> <span class='ocrx_word' id='word_1_529' title='bbox 663 3339 1614 3405; x_wconf 77' lang='lat' dir='ltr'><strong>expositionemlicctAmbrosianis</strong></span> <span class='ocrx_word' id='word_1_530' title='bbox 1637 3335 1816 3394; x_wconf 74' lang='lat' dir='ltr'><strong>verbis</strong></span> <span class='ocrx_word' id='word_1_531' title='bbox 1845 3335 1889 3395; x_wconf 90' lang='lat' dir='ltr'><strong>C</strong></span> <span class='ocrx_word' id='word_1_532' title='bbox 1926 3348 2131 3392; x_wconf 89' lang='lat' dir='ltr'><strong>tantum</strong></span> <span class='ocrx_word' id='word_1_533' title='bbox 2189 3342 2550 3391; x_wconf 72' lang='lat' dir='ltr'><strong>convorsione</strong></span> <span class='ocrx_word' id='word_1_534' title='bbox 2607 3341 2785 3403; x_wconf 73' lang='lat' dir='ltr'><strong>agitur</strong></span> <span class='ocrx_word' id='word_1_535' title='bbox 2829 3339 2879 3391; x_wconf 81' lang='lat' dir='ltr'><strong>iu</strong></span> <span class='ocrx_word' id='word_1_536' title='bbox 2935 3338 3035 3391; x_wconf 90' lang='lat' dir='ltr'><strong>hoc</strong></span> <span class='ocrx_word' id='word_1_537' title='bbox 3092 3338 3230 3390; x_wconf 80' lang='lat' dir='ltr'><strong>loCo.</strong></span> <span class='ocrx_word' id='word_1_538' title='bbox 3280 3336 3384 3390; x_wconf 85' lang='lat' dir='ltr'><strong>Sed</strong></span> <span class='ocrx_word' id='word_1_539' title='bbox 3430 3337 3515 3390; x_wconf 89' lang='lat' dir='ltr'><strong>hie</strong></span> 
     </span>
    </p>
   </div>
   <div class='ocr_carea' id='block_1_69' title="bbox 204 3409 1809 3479">
    <p class='ocr_par' dir='ltr' id='par_1_69' title="bbox 204 3409 1809 3479">
     <span class='ocr_line' id='line_1_69' title="bbox 204 3409 1809 3479; baseline 0.004 -21"><span class='ocrx_word' id='word_1_540' title='bbox 204 3416 381 3479; x_wconf 78' lang='lat' dir='ltr'><strong>atque</strong></span> <span class='ocrx_word' id='word_1_541' title='bbox 409 3410 669 3479; x_wconf 79' lang='lat' dir='ltr'><strong>exemplis</strong></span> <span class='ocrx_word' id='word_1_542' title='bbox 697 3409 768 3463; x_wconf 89' lang='lat' dir='ltr'><strong>ita</strong></span> <span class='ocrx_word' id='word_1_543' title='bbox 802 3412 1080 3474; x_wconf 85' lang='lat' dir='ltr'><strong>roborent,</strong></span> <span class='ocrx_word' id='word_1_544' title='bbox 1116 3420 1173 3465; x_wconf 91' lang='lat' dir='ltr'><strong>ut</strong></span> <span class='ocrx_word' id='word_1_545' title='bbox 1206 3412 1339 3465; x_wconf 91' lang='lat' dir='ltr'><strong>nihil</strong></span> <span class='ocrx_word' id='word_1_546' title='bbox 1361 3412 1598 3479; x_wconf 88' lang='lat' dir='ltr'><strong>amplius</strong></span> <span class='ocrx_word' id='word_1_547' title='bbox 1624 3411 1809 3464; x_wconf 78' lang='lat' dir='ltr'><strong>videa-</strong></span> 
     </span>
    </p>
   </div>
   <div class='ocr_carea' id='block_1_70' title="bbox 206 3476 1815 3545">
    <p class='ocr_par' dir='ltr' id='par_1_70' title="bbox 206 3476 1815 3545">
     <span class='ocr_line' id='line_1_70' title="bbox 206 3476 1815 3545; baseline 0.003 -14"><span class='ocrx_word' id='word_1_548' title='bbox 206 3487 304 3532; x_wconf 88' lang='lat' dir='ltr'><strong>tur</strong></span> <span class='ocrx_word' id='word_1_549' title='bbox 331 3476 786 3545; x_wconf 89' lang='lat' dir='ltr'><strong>desideraudum;</strong></span> <span class='ocrx_word' id='word_1_550' title='bbox 833 3493 1010 3535; x_wconf 76' lang='lat' dir='ltr'><strong>tamen</strong></span> <span class='ocrx_word' id='word_1_551' title='bbox 1050 3484 1319 3536; x_wconf 67' lang='lat' dir='ltr'><strong>)lornreus</strong></span> <span class='ocrx_word' id='word_1_552' title='bbox 1349 3476 1523 3537; x_wconf 85' lang='lat' dir='ltr'><strong>Pless.</strong></span> <span class='ocrx_word' id='word_1_553' title='bbox 1559 3483 1699 3536; x_wconf 87' lang='lat' dir='ltr'><strong>itlent</strong></span> <span class='ocrx_word' id='word_1_554' title='bbox 1729 3498 1815 3536; x_wconf 83' lang='lat' dir='ltr'><strong>ar-</strong></span> 
     </span>
    </p>
   </div>
   <div class='ocr_carea' id='block_1_71' title="bbox 201 3553 1818 3622">
    <p class='ocr_par' dir='ltr' id='par_1_71' title="bbox 201 3553 1818 3622">
     <span class='ocr_line' id='line_1_71' title="bbox 201 3553 1818 3622; baseline 0.005 -23"><span class='ocrx_word' id='word_1_555' title='bbox 201 3562 530 3622; x_wconf 79' lang='lat' dir='ltr'><strong>gumentum</strong></span> <span class='ocrx_word' id='word_1_556' title='bbox 561 3553 712 3621; x_wconf 77' lang='lat' dir='ltr'><strong>quisi</strong></span> <span class='ocrx_word' id='word_1_557' title='bbox 759 3554 1092 3622; x_wconf 83' lang='lat' dir='ltr'><strong>postliminio</strong></span> <span class='ocrx_word' id='word_1_558' title='bbox 1140 3565 1452 3609; x_wconf 69' lang='lat' dir='ltr'><strong>revocatum</strong></span> <span class='ocrx_word' id='word_1_559' title='bbox 1503 3553 1654 3608; x_wconf 88' lang='lat' dir='ltr'><strong>eard.</strong></span> <span class='ocrx_word' id='word_1_560' title='bbox 1688 3553 1818 3607; x_wconf 87' lang='lat' dir='ltr'><strong>Per-</strong></span> 
     </span>
    </p>
   </div>
   <div class='ocr_carea' id='block_1_72' title="bbox 205 3621 1808 3691">
    <p class='ocr_par' dir='ltr' id='par_1_72' title="bbox 205 3621 1808 3691">
     <span class='ocr_line' id='line_1_72' title="bbox 205 3621 1808 3691; baseline 0.002 -15"><span class='ocrx_word' id='word_1_561' title='bbox 205 3621 374 3676; x_wconf 86' lang='lat' dir='ltr'><strong>ronio</strong></span> <span class='ocrx_word' id='word_1_562' title='bbox 430 3625 705 3690; x_wconf 84' lang='lat' dir='ltr'><strong>Opposuit.</strong></span> <span class='ocrx_word' id='word_1_563' title='bbox 761 3621 843 3679; x_wconf 20' lang='lat' dir='ltr'><strong>’Ad</strong></span> <span class='ocrx_word' id='word_1_564' title='bbox 889 3629 991 3678; x_wconf 89' lang='lat' dir='ltr'><strong>hoc</strong></span> <span class='ocrx_word' id='word_1_565' title='bbox 1041 3625 1148 3678; x_wconf 90' lang='lat' dir='ltr'><strong>duo</strong></span> <span class='ocrx_word' id='word_1_566' title='bbox 1194 3626 1442 3691; x_wconf 85' lang='lat' dir='ltr'><strong>reposuit</strong></span> <span class='ocrx_word' id='word_1_567' title='bbox 1487 3625 1808 3691; x_wconf 87' lang='lat' dir='ltr'><strong>eardiualis,</strong></span> 
     </span>
    </p>
   </div>
   <div class='ocr_carea' id='block_1_73' title="bbox 205 3695 1816 3766">
    <p class='ocr_par' dir='ltr' id='par_1_73' title="bbox 205 3695 1816 3766">
     <span class='ocr_line' id='line_1_73' title="bbox 205 3695 1816 3766; baseline 0.003 -20"><span class='ocrx_word' id='word_1_568' title='bbox 205 3709 411 3762; x_wconf 81' lang='lat' dir='ltr'><strong>nempe</strong></span> <span class='ocrx_word' id='word_1_569' title='bbox 444 3695 610 3750; x_wconf 89' lang='lat' dir='ltr'><strong>verba</strong></span> <span class='ocrx_word' id='word_1_570' title='bbox 640 3699 754 3763; x_wconf 91' lang='lat' dir='ltr'><strong>ipsa</strong></span> <span class='ocrx_word' id='word_1_571' title='bbox 787 3714 890 3750; x_wconf 90' lang='lat' dir='ltr'><strong>non</strong></span> <span class='ocrx_word' id='word_1_572' title='bbox 923 3712 1117 3751; x_wconf 89' lang='lat' dir='ltr'><strong>carere</strong></span> <span class='ocrx_word' id='word_1_573' title='bbox 1159 3699 1470 3766; x_wconf 83' lang='lat' dir='ltr'><strong>suspicione</strong></span> <span class='ocrx_word' id='word_1_574' title='bbox 1511 3697 1816 3766; x_wconf 89' lang='lat' dir='ltr'><strong>corruptio-</strong></span> 
     </span>
    </p>
   </div>
   <div class='ocr_carea' id='block_1_74' title="bbox 205 3765 1815 3834">
    <p class='ocr_par' dir='ltr' id='par_1_74' title="bbox 205 3765 1815 3834">
     <span class='ocr_line' id='line_1_74' title="bbox 205 3765 1815 3834; baseline 0.004 -16"><span class='ocrx_word' id='word_1_575' title='bbox 205 3766 320 3830; x_wconf 86' lang='lat' dir='ltr'><strong>nis,</strong></span> <span class='ocrx_word' id='word_1_576' title='bbox 365 3765 574 3821; x_wconf 69' lang='lat' dir='ltr'><strong>srilicet</strong></span> <span class='ocrx_word' id='word_1_577' title='bbox 607 3777 829 3834; x_wconf 86' lang='lat' dir='ltr'><strong>propter</strong></span> <span class='ocrx_word' id='word_1_578' title='bbox 869 3781 1224 3823; x_wconf 88' lang='lat' dir='ltr'><strong>memoratam</strong></span> <span class='ocrx_word' id='word_1_579' title='bbox 1257 3765 1540 3823; x_wconf 81' lang='lat' dir='ltr'><strong>Lantranci</strong></span> <span class='ocrx_word' id='word_1_580' title='bbox 1579 3765 1815 3824; x_wconf 87' lang='lat' dir='ltr'><strong>auctori-</strong></span> 
     </span>
    </p>
   </div>
   <div class='ocr_carea' id='block_1_75' title="bbox 206 3838 1810 3910">
    <p class='ocr_par' dir='ltr' id='par_1_75' title="bbox 206 3838 1810 3910">
     <span class='ocr_line' id='line_1_75' title="bbox 206 3838 1810 3910; baseline 0.002 -20"><span class='ocrx_word' id='word_1_581' title='bbox 206 3847 381 3891; x_wconf 88' lang='lat' dir='ltr'><strong>tatem</strong></span> <span class='ocrx_word' id='word_1_582' title='bbox 401 3838 632 3910; x_wconf 11' lang='lat' dir='ltr'><strong>:‘deinde</strong></span> <span class='ocrx_word' id='word_1_583' title='bbox 655 3839 870 3893; x_wconf 91' lang='lat' dir='ltr'><strong>illorum</strong></span> <span class='ocrx_word' id='word_1_584' title='bbox 900 3856 1234 3910; x_wconf 82' lang='lat' dir='ltr'><strong>nequaquam</strong></span> <span class='ocrx_word' id='word_1_585' title='bbox 1257 3841 1400 3894; x_wconf 85' lang='lat' dir='ltr'><strong>hunc</strong></span> <span class='ocrx_word' id='word_1_586' title='bbox 1424 3856 1544 3894; x_wconf 88' lang='lat' dir='ltr'><strong>esse</strong></span> <span class='ocrx_word' id='word_1_587' title='bbox 1568 3856 1810 3903; x_wconf 86' lang='lat' dir='ltr'><strong>sensum,</strong></span> 
     </span>
    </p>
   </div>
   <div class='ocr_carea' id='block_1_76' title="bbox 203 3908 1810 3982">
    <p class='ocr_par' dir='ltr' id='par_1_76' title="bbox 203 3908 1810 3982">
     <span class='ocr_line' id='line_1_76' title="bbox 203 3908 1810 3982; baseline 0.004 -20"><span class='ocrx_word' id='word_1_588' title='bbox 203 3917 270 3962; x_wconf 92' lang='lat' dir='ltr'><strong>ut</strong></span> <span class='ocrx_word' id='word_1_589' title='bbox 301 3908 465 3982; x_wconf 78' lang='lat' dir='ltr'><strong>panis</strong></span> <span class='ocrx_word' id='word_1_590' title='bbox 509 3914 572 3964; x_wconf 87' lang='lat' dir='ltr'><strong>ac</strong></span> <span class='ocrx_word' id='word_1_591' title='bbox 603 3911 783 3964; x_wconf 88' lang='lat' dir='ltr'><strong>vintnn</strong></span> <span class='ocrx_word' id='word_1_592' title='bbox 816 3911 1066 3966; x_wconf 74' lang='lat' dir='ltr'><strong>dicantur</strong></span> <span class='ocrx_word' id='word_1_593' title='bbox 1096 3908 1216 3966; x_wconf 75' lang='lat' dir='ltr'><strong>e~se</strong></span> <span class='ocrx_word' id='word_1_594' title='bbox 1255 3929 1370 3982; x_wconf 74' lang='lat' dir='ltr'><strong>qua:</strong></span> <span class='ocrx_word' id='word_1_595' title='bbox 1412 3922 1579 3974; x_wconf 78' lang='lat' dir='ltr'><strong>erant,</strong></span> <span class='ocrx_word' id='word_1_596' title='bbox 1613 3913 1728 3966; x_wconf 89' lang='lat' dir='ltr'><strong>sive</strong></span> <span class='ocrx_word' id='word_1_597' title='bbox 1761 3914 1810 3968; x_wconf 92' lang='lat' dir='ltr'><strong>id</strong></span> 
     </span>
    </p>
   </div>
   <div class='ocr_carea' id='block_1_77' title="bbox 204 3980 1814 4052">
    <p class='ocr_par' dir='ltr' id='par_1_77' title="bbox 204 3980 1814 4052">
     <span class='ocr_line' id='line_1_77' title="bbox 204 3980 1814 4052; baseline 0.005 -21"><span class='ocrx_word' id='word_1_598' title='bbox 204 3980 360 4052; x_wconf 82' lang='lat' dir='ltr'><strong>quod</strong></span> <span class='ocrx_word' id='word_1_599' title='bbox 389 3991 580 4046; x_wconf 88' lang='lat' dir='ltr'><strong>erant;</strong></span> <span class='ocrx_word' id='word_1_600' title='bbox 614 3997 736 4036; x_wconf 84' lang='lat' dir='ltr'><strong>cum</strong></span> <span class='ocrx_word' id='word_1_601' title='bbox 765 3985 816 4035; x_wconf 93' lang='lat' dir='ltr'><strong>in</strong></span> <span class='ocrx_word' id='word_1_602' title='bbox 850 3984 1011 4049; x_wconf 88' lang='lat' dir='ltr'><strong>priori</strong></span> <span class='ocrx_word' id='word_1_603' title='bbox 1048 3995 1198 4052; x_wconf 88' lang='lat' dir='ltr'><strong>parte</strong></span> <span class='ocrx_word' id='word_1_604' title='bbox 1227 3980 1514 4038; x_wconf 74' lang='lat' dir='ltr'><strong>sententia:</strong></span> <span class='ocrx_word' id='word_1_605' title='bbox 1546 3987 1697 4052; x_wconf 89' lang='lat' dir='ltr'><strong>panis</strong></span> <span class='ocrx_word' id='word_1_606' title='bbox 1720 3994 1814 4039; x_wconf 90' lang='lat' dir='ltr'><strong>aut</strong></span> 
     </span>
    </p>
   </div>
   <div class='ocr_carea' id='block_1_78' title="bbox 205 4051 1814 4124">
    <p class='ocr_par' dir='ltr' id='par_1_78' title="bbox 205 4051 1814 4124">
     <span class='ocr_line' id='line_1_78' title="bbox 205 4051 1814 4124; baseline 0.003 -18"><span class='ocrx_word' id='word_1_607' title='bbox 205 4051 322 4124; x_wconf 77' lang='lat' dir='ltr'><strong>vini</strong></span> <span class='ocrx_word' id='word_1_608' title='bbox 357 4052 504 4122; x_wconf 77' lang='lat' dir='ltr'><strong>nulla</strong></span> <span class='ocrx_word' id='word_1_609' title='bbox 544 4054 610 4107; x_wconf 66' lang='lat' dir='ltr'><strong>sit</strong></span> <span class='ocrx_word' id='word_1_610' title='bbox 650 4063 855 4109; x_wconf 76' lang='lat' dir='ltr'><strong>mentio</strong></span> <span class='ocrx_word' id='word_1_611' title='bbox 887 4073 899 4107; x_wconf 90' lang='lat'><strong>:</strong></span> <span class='ocrx_word' id='word_1_612' title='bbox 933 4055 1027 4108; x_wconf 89' lang='lat' dir='ltr'><strong>sed</strong></span> <span class='ocrx_word' id='word_1_613' title='bbox 1051 4051 1126 4108; x_wconf 12' lang='lat' dir='ltr'><strong>fut</strong></span> <span class='ocrx_word' id='word_1_614' title='bbox 1159 4072 1274 4124; x_wconf 77' lang='lat' dir='ltr'><strong>qua:</strong></span> <span class='ocrx_word' id='word_1_615' title='bbox 1318 4068 1460 4108; x_wconf 82' lang='lat' dir='ltr'><strong>erant</strong></span> <span class='ocrx_word' id='word_1_616' title='bbox 1493 4051 1814 4123; x_wconf 87' lang='lat' dir='ltr'><strong>sitnpliciter</strong></span> 
     </span>
    </p>
   </div>
   <div class='ocr_carea' id='block_1_79' title="bbox 203 4123 1811 4196">
    <p class='ocr_par' dir='ltr' id='par_1_79' title="bbox 203 4123 1811 4196">
     <span class='ocr_line' id='line_1_79' title="bbox 203 4123 1811 4196; baseline 0.002 -20"><span class='ocrx_word' id='word_1_617' title='bbox 203 4123 473 4178; x_wconf 84' lang='lat' dir='ltr'><strong>dicantur</strong></span> <span class='ocrx_word' id='word_1_618' title='bbox 499 4139 643 4190; x_wconf 78' lang='lat' dir='ltr'><strong>che,</strong></span> <span class='ocrx_word' id='word_1_619' title='bbox 697 4141 802 4179; x_wconf 92' lang='lat' dir='ltr'><strong>non</strong></span> <span class='ocrx_word' id='word_1_620' title='bbox 847 4135 1027 4180; x_wconf 88' lang='lat' dir='ltr'><strong>autem</strong></span> <span class='ocrx_word' id='word_1_621' title='bbox 1073 4123 1314 4191; x_wconf 83' lang='lat' dir='ltr'><strong>destrui;</strong></span> <span class='ocrx_word' id='word_1_622' title='bbox 1347 4145 1413 4182; x_wconf 93' lang='lat' dir='ltr'><strong>eo</strong></span> <span class='ocrx_word' id='word_1_623' title='bbox 1457 4127 1599 4196; x_wconf 87' lang='lat' dir='ltr'><strong>quod</strong></span> <span class='ocrx_word' id='word_1_624' title='bbox 1633 4143 1811 4182; x_wconf 89' lang='lat' dir='ltr'><strong>sacra-</strong></span> 
     </span>
    </p>
   </div>
   <div class='ocr_carea' id='block_1_80' title="bbox 205 4197 1811 4266">
    <p class='ocr_par' dir='ltr' id='par_1_80' title="bbox 205 4197 1811 4266">
     <span class='ocr_line' id='line_1_80' title="bbox 205 4197 1811 4266; baseline 0.002 -17"><span class='ocrx_word' id='word_1_625' title='bbox 205 4197 383 4249; x_wconf 85' lang='lat' dir='ltr'><strong>menti</strong></span> <span class='ocrx_word' id='word_1_626' title='bbox 406 4197 634 4250; x_wconf 89' lang='lat' dir='ltr'><strong>materia</strong></span> <span class='ocrx_word' id='word_1_627' title='bbox 657 4213 752 4266; x_wconf 91' lang='lat' dir='ltr'><strong>per</strong></span> <span class='ocrx_word' id='word_1_628' title='bbox 779 4200 1441 4252; x_wconf 67' lang='lat' dir='ltr'><strong>transsub~tantiationcm</strong></span> <span class='ocrx_word' id='word_1_629' title='bbox 1469 4209 1577 4252; x_wconf 86' lang='lat' dir='ltr'><strong>tota</strong></span> <span class='ocrx_word' id='word_1_630' title='bbox 1597 4199 1811 4253; x_wconf 78' lang='lat' dir='ltr'><strong>esseudi</strong></span> 
     </span>
    </p>
   </div>
   <div class='ocr_carea' id='block_1_81' title="bbox 204 4267 1813 4339">
    <p class='ocr_par' dir='ltr' id='par_1_81' title="bbox 204 4267 1813 4339">
     <span class='ocr_line' id='line_1_81' title="bbox 204 4267 1813 4339; baseline 0.003 -19"><span class='ocrx_word' id='word_1_631' title='bbox 204 4267 575 4339; x_wconf 73' lang='lat' dir='ltr'><strong>generalitate</strong></span> <span class='ocrx_word' id='word_1_632' title='bbox 631 4285 738 4322; x_wconf 89' lang='lat' dir='ltr'><strong>non</strong></span> <span class='ocrx_word' id='word_1_633' title='bbox 787 4270 1074 4336; x_wconf 77' lang='lat' dir='ltr'><strong>spoliatur,</strong></span> <span class='ocrx_word' id='word_1_634' title='bbox 1131 4273 1224 4323; x_wconf 87' lang='lat' dir='ltr'><strong>Sed</strong></span> <span class='ocrx_word' id='word_1_635' title='bbox 1275 4272 1340 4323; x_wconf 88' lang='lat' dir='ltr'><strong>ab</strong></span> <span class='ocrx_word' id='word_1_636' title='bbox 1388 4287 1509 4325; x_wconf 73' lang='lat' dir='ltr'><strong>csso</strong></span> <span class='ocrx_word' id='word_1_637' title='bbox 1560 4271 1813 4339; x_wconf 70' lang='lat' dir='ltr'><strong>spcciliro</strong></span> 
     </span>
    </p>
   </div>
   <div class='ocr_carea' id='block_1_82' title="bbox 207 4337 1810 4407">
    <p class='ocr_par' dir='ltr' id='par_1_82' title="bbox 207 4337 1810 4407">
     <span class='ocr_line' id='line_1_82' title="bbox 207 4337 1810 4407; baseline 0.004 -16"><span class='ocrx_word' id='word_1_638' title='bbox 207 4337 547 4392; x_wconf 76' lang='lat' dir='ltr'><strong>transfertur</strong></span> <span class='ocrx_word' id='word_1_639' title='bbox 593 4341 642 4392; x_wconf 92' lang='lat' dir='ltr'><strong>in</strong></span> <span class='ocrx_word' id='word_1_640' title='bbox 697 4341 840 4393; x_wconf 72' lang='lat' dir='ltr'><strong>aliud</strong></span> <span class='ocrx_word' id='word_1_641' title='bbox 881 4356 1001 4394; x_wconf 67' lang='lat' dir='ltr'><strong>esse</strong></span> <span class='ocrx_word' id='word_1_642' title='bbox 1051 4343 1388 4405; x_wconf 74' lang='lat' dir='ltr'><strong>soccilicum,</strong></span> <span class='ocrx_word' id='word_1_643' title='bbox 1439 4342 1489 4395; x_wconf 88' lang='lat' dir='ltr'><strong>id</strong></span> <span class='ocrx_word' id='word_1_644' title='bbox 1544 4337 1646 4407; x_wconf 17' lang='lat' dir='ltr'><strong>e-Vt,</strong></span> <span class='ocrx_word' id='word_1_645' title='bbox 1706 4359 1810 4397; x_wconf 93' lang='lat' dir='ltr'><strong>non</strong></span> 
     </span>
    </p>
   </div>
   <div class='ocr_carea' id='block_1_83' title="bbox 206 4409 1810 4479">
    <p class='ocr_par' dir='ltr' id='par_1_83' title="bbox 206 4409 1810 4479">
     <span class='ocr_line' id='line_1_83' title="bbox 206 4409 1810 4479; baseline 0.002 -17"><span class='ocrx_word' id='word_1_646' title='bbox 206 4409 543 4477; x_wconf 73' lang='lat' dir='ltr'><strong>simpliciter</strong></span> <span class='ocrx_word' id='word_1_647' title='bbox 567 4410 630 4464; x_wconf 88' lang='lat' dir='ltr'><strong>ad</strong></span> <span class='ocrx_word' id='word_1_648' title='bbox 662 4427 768 4466; x_wconf 88' lang='lat' dir='ltr'><strong>non</strong></span> <span class='ocrx_word' id='word_1_649' title='bbox 803 4427 901 4465; x_wconf 87' lang='lat' dir='ltr'><strong>ens</strong></span> <span class='ocrx_word' id='word_1_650' title='bbox 934 4416 1286 4475; x_wconf 75' lang='lat' dir='ltr'><strong>terminetur,’</strong></span> <span class='ocrx_word' id='word_1_651' title='bbox 1308 4414 1402 4468; x_wconf 87' lang='lat' dir='ltr'><strong>sed</strong></span> <span class='ocrx_word' id='word_1_652' title='bbox 1426 4413 1491 4466; x_wconf 89' lang='lat' dir='ltr'><strong>ad</strong></span> <span class='ocrx_word' id='word_1_653' title='bbox 1516 4416 1659 4466; x_wconf 81' lang='lat' dir='ltr'><strong>aliud</strong></span> <span class='ocrx_word' id='word_1_654' title='bbox 1691 4430 1810 4479; x_wconf 86' lang='lat' dir='ltr'><strong>ens,</strong></span> 
     </span>
    </p>
   </div>
   <div class='ocr_carea' id='block_1_84' title="bbox 205 4482 1814 4555">
    <p class='ocr_par' dir='ltr' id='par_1_84' title="bbox 205 4482 1814 4555">
     <span class='ocr_line' id='line_1_84' title="bbox 205 4482 1814 4555; baseline 0.003 -21"><span class='ocrx_word' id='word_1_655' title='bbox 205 4482 298 4534; x_wconf 81' lang='lat' dir='ltr'><strong>cui</strong></span> <span class='ocrx_word' id='word_1_656' title='bbox 344 4483 719 4555; x_wconf 86' lang='lat' dir='ltr'><strong>successione.</strong></span> <span class='ocrx_word' id='word_1_657' title='bbox 754 4483 1108 4555; x_wconf 89' lang='lat' dir='ltr'><strong>contiguitate</strong></span> <span class='ocrx_word' id='word_1_658' title='bbox 1145 4485 1435 4549; x_wconf 79' lang='lat' dir='ltr'><strong>existeodi,</strong></span> <span class='ocrx_word' id='word_1_659' title='bbox 1471 4495 1524 4538; x_wconf 80' lang='lat' dir='ltr'><strong>et</strong></span> <span class='ocrx_word' id='word_1_660' title='bbox 1562 4486 1814 4539; x_wconf 81' lang='lat' dir='ltr'><strong>acciden-</strong></span> 
     </span>
    </p>
   </div>
   <div class='ocr_carea' id='block_1_85' title="bbox 208 4553 1806 4626">
    <p class='ocr_par' dir='ltr' id='par_1_85' title="bbox 208 4553 1806 4626">
     <span class='ocr_line' id='line_1_85' title="bbox 208 4553 1806 4626; baseline 0.003 -19"><span class='ocrx_word' id='word_1_661' title='bbox 208 4555 364 4626; x_wconf 79' lang='lat' dir='ltr'><strong>lintn</strong></span> <span class='ocrx_word' id='word_1_662' title='bbox 383 4553 539 4622; x_wconf 87' lang='lat' dir='ltr'><strong>queis</strong></span> <span class='ocrx_word' id='word_1_663' title='bbox 569 4564 797 4625; x_wconf 88' lang='lat' dir='ltr'><strong>uterque</strong></span> <span class='ocrx_word' id='word_1_664' title='bbox 831 4553 1093 4610; x_wconf 84' lang='lat' dir='ltr'><strong>tcrininus</strong></span> <span class='ocrx_word' id='word_1_665' title='bbox 1117 4557 1431 4626; x_wconf 87' lang='lat' dir='ltr'><strong>suppositus</strong></span> <span class='ocrx_word' id='word_1_666' title='bbox 1455 4559 1575 4621; x_wconf 75' lang='lat' dir='ltr'><strong>fuit,</strong></span> <span class='ocrx_word' id='word_1_667' title='bbox 1603 4559 1806 4612; x_wconf 87' lang='lat' dir='ltr'><strong>unitate</strong></span> 
     </span>
    </p>
   </div>
   <div class='ocr_carea' id='block_1_86' title="bbox 199 4624 1804 4697">
    <p class='ocr_par' dir='ltr' id='par_1_86' title="bbox 199 4624 1804 4697">
     <span class='ocr_line' id='line_1_86' title="bbox 199 4624 1804 4697; baseline 0.005 -23"><span class='ocrx_word' id='word_1_668' title='bbox 199 4624 462 4697; x_wconf 80' lang='lat' dir='ltr'><strong>jungitur</strong></span> <span class='ocrx_word' id='word_1_669' title='bbox 498 4638 550 4680; x_wconf 88' lang='lat' dir='ltr'><strong>et</strong></span> <span class='ocrx_word' id='word_1_670' title='bbox 577 4624 886 4697; x_wconf 87' lang='lat' dir='ltr'><strong>colligatur.</strong></span> <span class='ocrx_word' id='word_1_671' title='bbox 923 4627 1049 4682; x_wconf 70' lang='lat' dir='ltr'><strong>Haec</strong></span> <span class='ocrx_word' id='word_1_672' title='bbox 1079 4624 1204 4683; x_wconf 86' lang='lat' dir='ltr'><strong>vere</strong></span> <span class='ocrx_word' id='word_1_673' title='bbox 1253 4644 1314 4682; x_wconf 92' lang='lat' dir='ltr'><strong>ac</strong></span> <span class='ocrx_word' id='word_1_674' title='bbox 1361 4632 1636 4697; x_wconf 90' lang='lat' dir='ltr'><strong>sapienter</strong></span> <span class='ocrx_word' id='word_1_675' title='bbox 1663 4631 1804 4683; x_wconf 90' lang='lat' dir='ltr'><strong>dicta</strong></span> 
     </span>
    </p>
   </div>
   <div class='ocr_carea' id='block_1_87' title="bbox 206 4695 1809 4769">
    <p class='ocr_par' dir='ltr' id='par_1_87' title="bbox 206 4695 1809 4769">
     <span class='ocr_line' id='line_1_87' title="bbox 206 4695 1809 4769; baseline 0.005 -22"><span class='ocrx_word' id='word_1_676' title='bbox 206 4695 472 4769; x_wconf 83' lang='lat' dir='ltr'><strong>oninibus</strong></span> <span class='ocrx_word' id='word_1_677' title='bbox 511 4695 840 4754; x_wconf 83' lang='lat' dir='ltr'><strong>sinceritatis</strong></span> <span class='ocrx_word' id='word_1_678' title='bbox 882 4716 1040 4769; x_wconf 86' lang='lat' dir='ltr'><strong>quam</strong></span> <span class='ocrx_word' id='word_1_679' title='bbox 1079 4695 1448 4754; x_wconf 85' lang='lat' dir='ltr'><strong>Contentionis</strong></span> <span class='ocrx_word' id='word_1_680' title='bbox 1491 4702 1809 4754; x_wconf 65' lang='lat' dir='ltr'><strong>amantium-</strong></span> 
     </span>
    </p>
   </div>
   <div class='ocr_carea' id='block_1_88' title="bbox 207 4768 1807 4836">
    <p class='ocr_par' dir='ltr' id='par_1_88' title="bbox 207 4768 1807 4836">
     <span class='ocr_line' id='line_1_88' title="bbox 207 4768 1807 4836; baseline 0.003 -15"><span class='ocrx_word' id='word_1_681' title='bbox 207 4768 315 4821; x_wconf 84' lang='lat' dir='ltr'><strong>bus</strong></span> <span class='ocrx_word' id='word_1_682' title='bbox 337 4778 587 4836; x_wconf 83' lang='lat' dir='ltr'><strong>poterant</strong></span> <span class='ocrx_word' id='word_1_683' title='bbox 615 4768 969 4834; x_wconf 74' lang='lat' dir='ltr'><strong>satisfacere;</strong></span> <span class='ocrx_word' id='word_1_684' title='bbox 1005 4771 1267 4826; x_wconf 73' lang='lat' dir='ltr'><strong>reclamat</strong></span> <span class='ocrx_word' id='word_1_685' title='bbox 1301 4782 1478 4826; x_wconf 88' lang='lat' dir='ltr'><strong>tamen</strong></span> <span class='ocrx_word' id='word_1_686' title='bbox 1511 4771 1687 4825; x_wconf 91' lang='lat' dir='ltr'><strong>adhuc</strong></span> <span class='ocrx_word' id='word_1_687' title='bbox 1716 4773 1807 4826; x_wconf 81' lang='grc' dir='ltr'><strong>ΛΙ-</strong></span> 
     </span>
    </p>
   </div>
   <div class='ocr_carea' id='block_1_89' title="bbox 211 4839 1803 4912">
    <p class='ocr_par' dir='ltr' id='par_1_89' title="bbox 211 4839 1803 4912">
     <span class='ocr_line' id='line_1_89' title="bbox 211 4839 1803 4912; baseline 0.003 -20"><span class='ocrx_word' id='word_1_688' title='bbox 211 4839 491 4901; x_wconf 79' lang='lat' dir='ltr'><strong>liertinns,</strong></span> <span class='ocrx_word' id='word_1_689' title='bbox 532 4857 594 4894; x_wconf 85' lang='lat' dir='ltr'><strong>ea</strong></span> <span class='ocrx_word' id='word_1_690' title='bbox 625 4842 694 4895; x_wconf 92' lang='lat' dir='ltr'><strong>de</strong></span> <span class='ocrx_word' id='word_1_691' title='bbox 720 4858 951 4912; x_wconf 87' lang='lat' dir='ltr'><strong>quorum</strong></span> <span class='ocrx_word' id='word_1_692' title='bbox 994 4844 1296 4898; x_wconf 77' lang='lat' dir='ltr'><strong>substantia</strong></span> <span class='ocrx_word' id='word_1_693' title='bbox 1336 4844 1466 4896; x_wconf 87' lang='lat' dir='ltr'><strong>nihil</strong></span> <span class='ocrx_word' id='word_1_694' title='bbox 1502 4857 1803 4907; x_wconf 80' lang='lat' dir='ltr'><strong>permanet,</strong></span> 
     </span>
    </p>
   </div>
   <div class='ocr_carea' id='block_1_90' title="bbox 207 4914 1808 4978">
    <p class='ocr_par' dir='ltr' id='par_1_90' title="bbox 207 4914 1808 4978">
     <span class='ocr_line' id='line_1_90' title="bbox 207 4914 1808 4978; baseline 0.003 -15"><span class='ocrx_word' id='word_1_695' title='bbox 207 4926 454 4978; x_wconf 72' lang='lat' dir='ltr'><strong>qumque</strong></span> <span class='ocrx_word' id='word_1_696' title='bbox 488 4923 610 4966; x_wconf 86' lang='lat' dir='ltr'><strong>sunt</strong></span> <span class='ocrx_word' id='word_1_697' title='bbox 642 4914 964 4978; x_wconf 81' lang='lat' dir='ltr'><strong>simpliciter</strong></span> <span class='ocrx_word' id='word_1_698' title='bbox 989 4931 1092 4968; x_wconf 93' lang='lat' dir='ltr'><strong>non</strong></span> <span class='ocrx_word' id='word_1_699' title='bbox 1123 4931 1239 4978; x_wconf 84' lang='lat' dir='ltr'><strong>ens,</strong></span> <span class='ocrx_word' id='word_1_700' title='bbox 1273 4915 1326 4968; x_wconf 90' lang='lat' dir='ltr'><strong>in</strong></span> <span class='ocrx_word' id='word_1_701' title='bbox 1353 4914 1636 4968; x_wconf 86' lang='lat' dir='ltr'><strong>latitudine</strong></span> <span class='ocrx_word' id='word_1_702' title='bbox 1665 4920 1808 4969; x_wconf 90' lang='lat' dir='ltr'><strong>entis</strong></span> 
     </span>
    </p>
   </div>
   <div class='ocr_carea' id='block_1_91' title="bbox 209 4984 1810 5057">
    <p class='ocr_par' dir='ltr' id='par_1_91' title="bbox 209 4984 1810 5057">
     <span class='ocr_line' id='line_1_91' title="bbox 209 4984 1810 5057; baseline 0.002 -20"><span class='ocrx_word' id='word_1_703' title='bbox 209 4997 509 5057; x_wconf 77' lang='lat' dir='ltr'><strong>remanere</strong></span> <span class='ocrx_word' id='word_1_704' title='bbox 539 4999 864 5055; x_wconf 82' lang='lat' dir='ltr'><strong>pernegaris.</strong></span> <span class='ocrx_word' id='word_1_705' title='bbox 895 4984 991 5040; x_wconf 90' lang='lat' dir='ltr'><strong>His</strong></span> <span class='ocrx_word' id='word_1_706' title='bbox 1017 4986 1167 5041; x_wconf 90' lang='lat' dir='ltr'><strong>addit</strong></span> <span class='ocrx_word' id='word_1_707' title='bbox 1193 4988 1262 5041; x_wconf 89' lang='lat' dir='ltr'><strong>de</strong></span> <span class='ocrx_word' id='word_1_708' title='bbox 1280 5002 1418 5057; x_wconf 89' lang='lat' dir='ltr'><strong>pane</strong></span> <span class='ocrx_word' id='word_1_709' title='bbox 1446 5001 1508 5039; x_wconf 90' lang='lat' dir='ltr'><strong>ac</strong></span> <span class='ocrx_word' id='word_1_710' title='bbox 1537 4989 1663 5040; x_wconf 92' lang='lat' dir='ltr'><strong>vino</strong></span> <span class='ocrx_word' id='word_1_711' title='bbox 1689 5004 1810 5052; x_wconf 81' lang='lat' dir='ltr'><strong>pro-</strong></span> 
     </span>
    </p>
   </div>
   <div class='ocr_carea' id='block_1_92' title="bbox 212 5056 1804 5128">
    <p class='ocr_par' dir='ltr' id='par_1_92' title="bbox 212 5056 1804 5128">
     <span class='ocr_line' id='line_1_92' title="bbox 212 5056 1804 5128; baseline 0.004 -21"><span class='ocrx_word' id='word_1_712' title='bbox 212 5056 482 5117; x_wconf 84' lang='lat' dir='ltr'><strong>tmutiari,</strong></span> <span class='ocrx_word' id='word_1_713' title='bbox 512 5066 567 5109; x_wconf 85' lang='lat' dir='ltr'><strong>ut</strong></span> <span class='ocrx_word' id='word_1_714' title='bbox 605 5058 706 5109; x_wconf 85' lang='lat' dir='ltr'><strong>sint</strong></span> <span class='ocrx_word' id='word_1_715' title='bbox 740 5074 854 5126; x_wconf 75' lang='lat' dir='ltr'><strong>quw</strong></span> <span class='ocrx_word' id='word_1_716' title='bbox 895 5069 1039 5113; x_wconf 83' lang='lat' dir='ltr'><strong>erant</strong></span> <span class='ocrx_word' id='word_1_717' title='bbox 1065 5070 1256 5113; x_wconf 85' lang='lat' dir='ltr'><strong>:erant</strong></span> <span class='ocrx_word' id='word_1_718' title='bbox 1285 5056 1490 5121; x_wconf 85' lang='lat' dir='ltr'><strong>autem,</strong></span> <span class='ocrx_word' id='word_1_719' title='bbox 1524 5059 1719 5128; x_wconf 90' lang='lat' dir='ltr'><strong>inquit,</strong></span> <span class='ocrx_word' id='word_1_720' title='bbox 1754 5059 1804 5113; x_wconf 84' lang='lat' dir='ltr'><strong>iit</strong></span> 
     </span>
    </p>
   </div>
   <div class='ocr_carea' id='block_1_93' title="bbox 209 5129 1809 5196">
    <p class='ocr_par' dir='ltr' id='par_1_93' title="bbox 209 5129 1809 5196">
     <span class='ocr_line' id='line_1_93' title="bbox 209 5129 1809 5196; baseline 0.005 -24"><span class='ocrx_word' id='word_1_721' title='bbox 209 5142 340 5178; x_wconf 73' lang='lat' dir='ltr'><strong>esse</strong></span> <span class='ocrx_word' id='word_1_722' title='bbox 371 5129 628 5194; x_wconf 85' lang='lat' dir='ltr'><strong>specilico</strong></span> <span class='ocrx_word' id='word_1_723' title='bbox 660 5130 812 5196; x_wconf 90' lang='lat' dir='ltr'><strong>panis</strong></span> <span class='ocrx_word' id='word_1_724' title='bbox 840 5139 895 5184; x_wconf 90' lang='lat' dir='ltr'><strong>et</strong></span> <span class='ocrx_word' id='word_1_725' title='bbox 920 5131 1052 5193; x_wconf 92' lang='lat' dir='ltr'><strong>viui,</strong></span> <span class='ocrx_word' id='word_1_726' title='bbox 1086 5131 1228 5185; x_wconf 88' lang='lat' dir='ltr'><strong>unde</strong></span> <span class='ocrx_word' id='word_1_727' title='bbox 1251 5129 1527 5184; x_wconf 88' lang='lat' dir='ltr'><strong>concludit</strong></span> <span class='ocrx_word' id='word_1_728' title='bbox 1558 5131 1809 5184; x_wconf 70' lang='lat' dir='ltr'><strong>substan-</strong></span> 
     </span>
    </p>
   </div>
   <div class='ocr_carea' id='block_1_94' title="bbox 209 5198 1807 5269">
    <p class='ocr_par' dir='ltr' id='par_1_94' title="bbox 209 5198 1807 5269">
     <span class='ocr_line' id='line_1_94' title="bbox 209 5198 1807 5269; baseline 0.002 -18"><span class='ocrx_word' id='word_1_729' title='bbox 209 5198 406 5251; x_wconf 71' lang='lat' dir='ltr'><strong>tialem</strong></span> <span class='ocrx_word' id='word_1_730' title='bbox 436 5198 540 5252; x_wconf 91' lang='lat' dir='ltr'><strong>dici</strong></span> <span class='ocrx_word' id='word_1_731' title='bbox 583 5215 688 5252; x_wconf 90' lang='lat' dir='ltr'><strong>non</strong></span> <span class='ocrx_word' id='word_1_732' title='bbox 733 5216 890 5269; x_wconf 81' lang='lat' dir='ltr'><strong>poSse</strong></span> <span class='ocrx_word' id='word_1_733' title='bbox 933 5205 1069 5254; x_wconf 88' lang='lat' dir='ltr'><strong>hanc</strong></span> <span class='ocrx_word' id='word_1_734' title='bbox 1115 5202 1490 5266; x_wconf 88' lang='lat' dir='ltr'><strong>mutationem,</strong></span> <span class='ocrx_word' id='word_1_735' title='bbox 1525 5201 1619 5256; x_wconf 91' lang='lat' dir='ltr'><strong>sed</strong></span> <span class='ocrx_word' id='word_1_736' title='bbox 1667 5203 1807 5254; x_wconf 84' lang='lat' dir='ltr'><strong>acci-</strong></span> 
     </span>
    </p>
   </div>
   <div class='ocr_carea' id='block_1_95' title="bbox 209 5269 1808 5343">
    <p class='ocr_par' dir='ltr' id='par_1_95' title="bbox 209 5269 1808 5343">
     <span class='ocr_line' id='line_1_95' title="bbox 209 5269 1808 5343; baseline 0.005 -21"><span class='ocrx_word' id='word_1_737' title='bbox 209 5269 518 5343; x_wconf 69' lang='lat' dir='ltr'><strong>dentalem.</strong></span> <span class='ocrx_word' id='word_1_738' title='bbox 572 5269 638 5324; x_wconf 86' lang='lat' dir='ltr'><strong>Et</strong></span> <span class='ocrx_word' id='word_1_739' title='bbox 688 5287 818 5326; x_wconf 86' lang='lat' dir='ltr'><strong>vero</strong></span> <span class='ocrx_word' id='word_1_740' title='bbox 859 5288 1016 5327; x_wconf 91' lang='lat' dir='ltr'><strong>suum</strong></span> <span class='ocrx_word' id='word_1_741' title='bbox 1061 5273 1162 5327; x_wconf 90' lang='lat' dir='ltr'><strong>hoc</strong></span> <span class='ocrx_word' id='word_1_742' title='bbox 1204 5273 1545 5327; x_wconf 88' lang='lat' dir='ltr'><strong>ratiocinium</strong></span> <span class='ocrx_word' id='word_1_743' title='bbox 1588 5273 1808 5343; x_wconf 85' lang='lat' dir='ltr'><strong>egregie</strong></span> 
     </span>
    </p>
   </div>
   <div class='ocr_carea' id='block_1_96' title="bbox 209 5339 1803 5418">
    <p class='ocr_par' dir='ltr' id='par_1_96' title="bbox 209 5339 1803 5418">
     <span class='ocr_line' id='line_1_96' title="bbox 209 5339 1803 5418; baseline 0.004 -27"><span class='ocrx_word' id='word_1_744' title='bbox 209 5339 605 5418; x_wconf 69' lang='lat' dir='ltr'><strong>confirmatum</strong></span> <span class='ocrx_word' id='word_1_745' title='bbox 631 5352 780 5412; x_wconf 86' lang='lat' dir='ltr'><strong>putat</strong></span> <span class='ocrx_word' id='word_1_746' title='bbox 809 5359 896 5406; x_wconf 86' lang='lat' dir='ltr'><strong>eo,</strong></span> <span class='ocrx_word' id='word_1_747' title='bbox 925 5344 1067 5418; x_wconf 88' lang='lat' dir='ltr'><strong>quod</strong></span> <span class='ocrx_word' id='word_1_748' title='bbox 1107 5345 1402 5418; x_wconf 75' lang='lat' dir='ltr'><strong>subditur:</strong></span> <span class='ocrx_word' id='word_1_749' title='bbox 1433 5343 1513 5398; x_wconf 86' lang='lat' dir='ltr'><strong>Tu</strong></span> <span class='ocrx_word' id='word_1_750' title='bbox 1545 5339 1651 5418; x_wconf 71' lang='lat' dir='ltr'><strong>ipse</strong></span> <span class='ocrx_word' id='word_1_751' title='bbox 1669 5339 1803 5408; x_wconf 72' lang='lat' dir='ltr'><strong>eras,</strong></span> 
     </span>
    </p>
   </div>
   <div class='ocr_carea' id='block_1_97' title="bbox 211 5413 1804 5482">
    <p class='ocr_par' dir='ltr' id='par_1_97' title="bbox 211 5413 1804 5482">
     <span class='ocr_line' id='line_1_97' title="bbox 211 5413 1804 5482; baseline 0.003 -16"><span class='ocrx_word' id='word_1_752' title='bbox 211 5413 399 5481; x_wconf 86' lang='lat' dir='ltr'><strong>inquit</strong></span> <span class='ocrx_word' id='word_1_753' title='bbox 428 5423 620 5468; x_wconf 85' lang='lat' dir='ltr'><strong>auctor</strong></span> <span class='ocrx_word' id='word_1_754' title='bbox 647 5425 848 5481; x_wconf 89' lang='lat' dir='ltr'><strong>uoster,</strong></span> <span class='ocrx_word' id='word_1_755' title='bbox 872 5415 960 5470; x_wconf 84' lang='lat' dir='ltr'><strong>sed</strong></span> <span class='ocrx_word' id='word_1_756' title='bbox 983 5432 1118 5482; x_wconf 80' lang='lat' dir='ltr'><strong>eras,</strong></span> <span class='ocrx_word' id='word_1_757' title='bbox 1143 5428 1248 5472; x_wconf 88' lang='lat' dir='ltr'><strong>etc.</strong></span> <span class='ocrx_word' id='word_1_758' title='bbox 1279 5414 1377 5471; x_wconf 84' lang='lat' dir='ltr'><strong>Cui</strong></span> <span class='ocrx_word' id='word_1_759' title='bbox 1401 5417 1500 5470; x_wconf 84' lang='lat' dir='ltr'><strong>veri</strong></span> <span class='ocrx_word' id='word_1_760' title='bbox 1529 5413 1698 5472; x_wconf 77' lang='lat' dir='ltr'><strong>simile</strong></span> <span class='ocrx_word' id='word_1_761' title='bbox 1717 5418 1804 5479; x_wconf 79' lang='lat' dir='ltr'><strong>sit,</strong></span> 
     </span>
    </p>
   </div>
   <div class='ocr_carea' id='block_1_98' title="bbox 212 5485 1809 5553">
    <p class='ocr_par' dir='ltr' id='par_1_98' title="bbox 212 5485 1809 5553">
     <span class='ocr_line' id='line_1_98' title="bbox 212 5485 1809 5553; baseline 0.003 -16"><span class='ocrx_word' id='word_1_762' title='bbox 212 5485 397 5553; x_wconf 86' lang='lat' dir='ltr'><strong>pergit</strong></span> <span class='ocrx_word' id='word_1_763' title='bbox 423 5485 754 5551; x_wconf 68' lang='lat' dir='ltr'><strong>Albertinus,</strong></span> <span class='ocrx_word' id='word_1_764' title='bbox 782 5488 930 5542; x_wconf 86' lang='lat' dir='ltr'><strong>illum</strong></span> <span class='ocrx_word' id='word_1_765' title='bbox 956 5489 1254 5543; x_wconf 79' lang='lat' dir='ltr'><strong>mutationis</strong></span> <span class='ocrx_word' id='word_1_766' title='bbox 1276 5489 1609 5544; x_wconf 78' lang='lat' dir='ltr'><strong>occidentalis</strong></span> <span class='ocrx_word' id='word_1_767' title='bbox 1634 5506 1809 5545; x_wconf 71' lang='lat' dir='ltr'><strong>excut-</strong></span> 
     </span>
    </p>
   </div>
   <div class='ocr_carea' id='block_1_99' title="bbox 211 5554 1810 5629">
    <p class='ocr_par' dir='ltr' id='par_1_99' title="bbox 211 5554 1810 5629">
     <span class='ocr_line' id='line_1_99' title="bbox 211 5554 1810 5629; baseline 0.004 -23"><span class='ocrx_word' id='word_1_768' title='bbox 211 5554 368 5626; x_wconf 82' lang='lat' dir='ltr'><strong>plum</strong></span> <span class='ocrx_word' id='word_1_769' title='bbox 396 5555 466 5629; x_wconf 81' lang='lat' dir='ltr'><strong>ad</strong></span> <span class='ocrx_word' id='word_1_770' title='bbox 495 5555 691 5629; x_wconf 75' lang='lat' dir='ltr'><strong>tlteseos</strong></span> <span class='ocrx_word' id='word_1_771' title='bbox 727 5575 832 5613; x_wconf 80' lang='lat' dir='ltr'><strong>sure</strong></span> <span class='ocrx_word' id='word_1_772' title='bbox 855 5563 1292 5629; x_wconf 79' lang='lat' dir='ltr'><strong>conﬁrmationem</strong></span> <span class='ocrx_word' id='word_1_773' title='bbox 1323 5578 1386 5615; x_wconf 76' lang='lat' dir='ltr'><strong>ex</strong></span> <span class='ocrx_word' id='word_1_774' title='bbox 1417 5561 1678 5616; x_wconf 83' lang='lat' dir='ltr'><strong>industria</strong></span> <span class='ocrx_word' id='word_1_775' title='bbox 1712 5563 1810 5614; x_wconf 80' lang='lat' dir='ltr'><strong>elc-</strong></span> 
     </span>
    </p>
   </div>
   <div class='ocr_carea' id='block_1_100' title="bbox 209 5628 1810 5707">
    <p class='ocr_par' dir='ltr' id='par_1_100' title="bbox 209 5628 1810 5707">
     <span class='ocr_line' id='line_1_100' title="bbox 209 5628 1810 5707; baseline 0.005 -29"><span class='ocrx_word' id='word_1_776' title='bbox 209 5630 375 5707; x_wconf 59' lang='lat' dir='ltr'><strong>gisse,</strong></span> <span class='ocrx_word' id='word_1_777' title='bbox 422 5628 468 5680; x_wconf 78' lang='lat' dir='ltr'><strong>si</strong></span> <span class='ocrx_word' id='word_1_778' title='bbox 507 5628 562 5707; x_wconf 72' lang='lat' dir='ltr'><strong>in</strong></span> <span class='ocrx_word' id='word_1_779' title='bbox 619 5645 679 5683; x_wconf 84' lang='lat' dir='ltr'><strong>ea</strong></span> <span class='ocrx_word' id='word_1_780' title='bbox 724 5633 787 5686; x_wconf 88' lang='lat' dir='ltr'><strong>de</strong></span> <span class='ocrx_word' id='word_1_781' title='bbox 835 5628 1116 5707; x_wconf 78' lang='lat' dir='ltr'><strong>mutatione</strong></span> <span class='ocrx_word' id='word_1_782' title='bbox 1167 5635 1499 5707; x_wconf 54' lang='lat' dir='ltr'><strong>euestantiali</strong></span> <span class='ocrx_word' id='word_1_783' title='bbox 1533 5634 1810 5707; x_wconf 74' lang='lat' dir='ltr'><strong>ageretur?</strong></span> 
     </span>
    </p>
   </div>
   <div class='ocr_carea' id='block_1_101' title="bbox 211 5699 1810 5771">
    <p class='ocr_par' dir='ltr' id='par_1_101' title="bbox 211 5699 1810 5771">
     <span class='ocr_line' id='line_1_101' title="bbox 211 5699 1810 5771; baseline 0.003 -18"><span class='ocrx_word' id='word_1_784' title='bbox 211 5699 460 5771; x_wconf 83' lang='lat' dir='ltr'><strong>Primam</strong></span> <span class='ocrx_word' id='word_1_785' title='bbox 507 5701 700 5755; x_wconf 89' lang='lat' dir='ltr'><strong>harum</strong></span> <span class='ocrx_word' id='word_1_786' title='bbox 744 5706 1008 5759; x_wconf 87' lang='lat' dir='ltr'><strong>rationem</strong></span> <span class='ocrx_word' id='word_1_787' title='bbox 1051 5714 1200 5758; x_wconf 79' lang='lat' dir='ltr'><strong>torno</strong></span> <span class='ocrx_word' id='word_1_788' title='bbox 1229 5705 1313 5770; x_wconf 91' lang='lat' dir='ltr'><strong>Ill,</strong></span> <span class='ocrx_word' id='word_1_789' title='bbox 1356 5706 1420 5758; x_wconf 87' lang='lat' dir='ltr'><strong>de</strong></span> <span class='ocrx_word' id='word_1_790' title='bbox 1464 5699 1810 5771; x_wconf 69' lang='lat' dir='ltr'><strong>Perpetuitate</strong></span> 
     </span>
    </p>
   </div>
   <div class='ocr_carea' id='block_1_102' title="bbox 214 5769 1807 5852">
    <p class='ocr_par' dir='ltr' id='par_1_102' title="bbox 214 5769 1807 5852">
     <span class='ocr_line' id='line_1_102' title="bbox 214 5769 1807 5852; baseline 0.006 -31"><span class='ocrx_word' id='word_1_791' title='bbox 214 5769 476 5852; x_wconf 61' lang='lat' dir='ltr'><strong>ﬁdeili&#39;b.</strong></span> <span class='ocrx_word' id='word_1_792' title='bbox 510 5787 607 5852; x_wconf 71' lang='lat' dir='ltr'><strong>vn,</strong></span> <span class='ocrx_word' id='word_1_793' title='bbox 633 5787 705 5826; x_wconf 55' lang='grc' dir='ltr'><strong>ορ</strong></span> <span class='ocrx_word' id='word_1_794' title='bbox 736 5774 769 5828; x_wconf 83' lang='grc'>6</span> <span class='ocrx_word' id='word_1_795' title='bbox 799 5786 852 5828; x_wconf 91' lang='lat' dir='ltr'><strong>et</strong></span> <span class='ocrx_word' id='word_1_796' title='bbox 882 5777 956 5852; x_wconf 74' lang='lat' dir='ltr'><strong>‘l,&#39;_</strong></span> <span class='ocrx_word' id='word_1_797' title='bbox 977 5778 1207 5847; x_wconf 79' lang='lat' dir='ltr'><strong>solutam</strong></span> <span class='ocrx_word' id='word_1_798' title='bbox 1246 5769 1518 5852; x_wconf 78' lang='lat' dir='ltr'><strong>reperies;</strong></span> <span class='ocrx_word' id='word_1_799' title='bbox 1549 5769 1619 5832; x_wconf 86' lang='lat' dir='ltr'><strong>ibi</strong></span> <span class='ocrx_word' id='word_1_800' title='bbox 1663 5777 1807 5830; x_wconf 90' lang='lat' dir='ltr'><strong>enim</strong></span> 
     </span>
    </p>
   </div>
   <div class='ocr_carea' id='block_1_103' title="bbox 216 5843 1809 5912">
    <p class='ocr_par' dir='ltr' id='par_1_103' title="bbox 216 5843 1809 5912">
     <span class='ocr_line' id='line_1_103' title="bbox 216 5843 1809 5912; baseline 0.005 -18"><span class='ocrx_word' id='word_1_801' title='bbox 216 5843 545 5912; x_wconf 63' lang='lat' dir='ltr'><strong>planissime</strong></span> <span class='ocrx_word' id='word_1_802' title='bbox 572 5843 796 5900; x_wconf 84' lang='lat' dir='ltr'><strong>docetur</strong></span> <span class='ocrx_word' id='word_1_803' title='bbox 839 5848 1122 5904; x_wconf 84' lang='lat' dir='ltr'><strong>auctorem</strong></span> <span class='ocrx_word' id='word_1_804' title='bbox 1167 5843 1409 5905; x_wconf 76' lang='lat' dir='ltr'><strong>uestrum</strong></span> <span class='ocrx_word' id='word_1_805' title='bbox 1457 5848 1560 5905; x_wconf 80' lang='lat' dir='ltr'><strong>ltec</strong></span> <span class='ocrx_word' id='word_1_806' title='bbox 1591 5853 1709 5904; x_wconf 78' lang='lat' dir='ltr'><strong>loco</strong></span> <span class='ocrx_word' id='word_1_807' title='bbox 1742 5863 1809 5902; x_wconf 80' lang='lat' dir='ltr'><strong>ne</strong></span> 
     </span>
    </p>
   </div>
   <div class='ocr_carea' id='block_1_104' title="bbox 1841 4526 1894 4585">
    <p class='ocr_par' dir='ltr' id='par_1_104' title="bbox 1841 4526 1894 4585">
     <span class='ocr_line' id='line_1_104' title="bbox 1841 4526 1894 4585; baseline 0 0"><span class='ocrx_word' id='word_1_808' title='bbox 1841 4526 1894 4585; x_wconf 89' lang='lat' dir='ltr'><strong>D</strong></span> 
     </span>
    </p>
   </div>
   <div class='ocr_carea' id='block_1_105' title="bbox 1925 3407 3518 3478">
    <p class='ocr_par' dir='ltr' id='par_1_105' title="bbox 1925 3407 3518 3478">
     <span class='ocr_line' id='line_1_105' title="bbox 1925 3407 3518 3478; baseline -0.002 -14"><span class='ocrx_word' id='word_1_809' title='bbox 1925 3410 2174 3478; x_wconf 82' lang='lat' dir='ltr'><strong>exempla</strong></span> <span class='ocrx_word' id='word_1_810' title='bbox 2218 3409 2384 3462; x_wconf 86' lang='lat' dir='ltr'><strong>multa</strong></span> <span class='ocrx_word' id='word_1_811' title='bbox 2429 3409 2870 3462; x_wconf 71' lang='lat' dir='ltr'><strong>sub~tantialiutn</strong></span> <span class='ocrx_word' id='word_1_812' title='bbox 2927 3408 3288 3462; x_wconf 83' lang='lat' dir='ltr'><strong>mutationum</strong></span> <span class='ocrx_word' id='word_1_813' title='bbox 3345 3407 3518 3477; x_wconf 82' lang='lat' dir='ltr'><strong>subii-</strong></span> 
     </span>
    </p>
   </div>
   <div class='ocr_carea' id='block_1_106' title="bbox 1924 3479 3513 3550">
    <p class='ocr_par' dir='ltr' id='par_1_106' title="bbox 1924 3479 3513 3550">
     <span class='ocr_line' id='line_1_106' title="bbox 1924 3479 3513 3550; baseline 0.001 -18"><span class='ocrx_word' id='word_1_814' title='bbox 1924 3484 2176 3544; x_wconf 89' lang='lat' dir='ltr'><strong>ciuntur;</strong></span> <span class='ocrx_word' id='word_1_815' title='bbox 2207 3496 2357 3550; x_wconf 82' lang='lat' dir='ltr'><strong>ergo,</strong></span> <span class='ocrx_word' id='word_1_816' title='bbox 2387 3479 2676 3548; x_wconf 90' lang='lat' dir='ltr'><strong>inquimus,</strong></span> <span class='ocrx_word' id='word_1_817' title='bbox 2705 3480 2770 3531; x_wconf 87' lang='lat' dir='ltr'><strong>de.</strong></span> <span class='ocrx_word' id='word_1_818' title='bbox 2794 3481 3513 3534; x_wconf 78' lang='lat' dir='ltr'><strong>subst-intialiooiiversione</strong></span> 
     </span>
    </p>
   </div>
   <div class='ocr_carea' id='block_1_107' title="bbox 1923 3551 3516 3623">
    <p class='ocr_par' dir='ltr' id='par_1_107' title="bbox 1923 3551 3516 3623">
     <span class='ocr_line' id='line_1_107' title="bbox 1923 3551 3516 3623; baseline -0.001 -16"><span class='ocrx_word' id='word_1_819' title='bbox 1923 3556 2008 3623; x_wconf 81' lang='lat' dir='ltr'><strong>agi</strong></span> <span class='ocrx_word' id='word_1_820' title='bbox 2055 3553 2223 3607; x_wconf 89' lang='lat' dir='ltr'><strong>multo</strong></span> <span class='ocrx_word' id='word_1_821' title='bbox 2257 3551 2455 3618; x_wconf 87' lang='lat' dir='ltr'><strong>potiori</strong></span> <span class='ocrx_word' id='word_1_822' title='bbox 2502 3551 2621 3620; x_wconf 79' lang='lat' dir='ltr'><strong>iure</strong></span> <span class='ocrx_word' id='word_1_823' title='bbox 2665 3552 2993 3621; x_wconf 84' lang='lat' dir='ltr'><strong>eolligimus.</strong></span> <span class='ocrx_word' id='word_1_824' title='bbox 3030 3551 3212 3620; x_wconf 88' lang='lat' dir='ltr'><strong>Itaque</strong></span> <span class='ocrx_word' id='word_1_825' title='bbox 3247 3554 3516 3621; x_wconf 78' lang='lat' dir='ltr'><strong>geminant</strong></span> 
     </span>
    </p>
   </div>
   <div class='ocr_carea' id='block_1_108' title="bbox 1923 3623 3512 3695">
    <p class='ocr_par' dir='ltr' id='par_1_108' title="bbox 1923 3623 3512 3695">
     <span class='ocr_line' id='line_1_108' title="bbox 1923 3623 3512 3695; baseline -0.003 -15"><span class='ocrx_word' id='word_1_826' title='bbox 1923 3626 2268 3695; x_wconf 80' lang='lat' dir='ltr'><strong>agnoscimus</strong></span> <span class='ocrx_word' id='word_1_827' title='bbox 2313 3623 2364 3676; x_wconf 90' lang='lat' dir='ltr'><strong>in</strong></span> <span class='ocrx_word' id='word_1_828' title='bbox 2409 3624 2741 3676; x_wconf 88' lang='lat' dir='ltr'><strong>cucharistia</strong></span> <span class='ocrx_word' id='word_1_829' title='bbox 2793 3625 3238 3687; x_wconf 81' lang='lat' dir='ltr'><strong>conversionem,</strong></span> <span class='ocrx_word' id='word_1_830' title='bbox 3285 3625 3512 3678; x_wconf 90' lang='lat' dir='ltr'><strong>alteram</strong></span> 
     </span>
    </p>
   </div>
   <div class='ocr_carea' id='block_1_109' title="bbox 1923 3695 3515 3766">
    <p class='ocr_par' dir='ltr' id='par_1_109' title="bbox 1923 3695 3515 3766">
     <span class='ocr_line' id='line_1_109' title="bbox 1923 3695 3515 3766; baseline -0.002 -14"><span class='ocrx_word' id='word_1_831' title='bbox 1923 3695 2360 3759; x_wconf 88' lang='lat' dir='ltr'><strong>subslantialem,</strong></span> <span class='ocrx_word' id='word_1_832' title='bbox 2381 3711 2483 3766; x_wconf 86' lang='lat' dir='ltr'><strong>qua</strong></span> <span class='ocrx_word' id='word_1_833' title='bbox 2511 3697 2662 3763; x_wconf 79' lang='lat' dir='ltr'><strong>panis</strong></span> <span class='ocrx_word' id='word_1_834' title='bbox 2689 3695 2991 3749; x_wconf 69' lang='lat' dir='ltr'><strong>substantia</strong></span> <span class='ocrx_word' id='word_1_835' title='bbox 3023 3697 3072 3749; x_wconf 92' lang='lat' dir='ltr'><strong>in</strong></span> <span class='ocrx_word' id='word_1_836' title='bbox 3099 3711 3291 3765; x_wconf 87' lang='lat' dir='ltr'><strong>corpus</strong></span> <span class='ocrx_word' id='word_1_837' title='bbox 3313 3696 3515 3749; x_wconf 81' lang='lat' dir='ltr'><strong>Christi</strong></span> 
     </span>
    </p>
   </div>
   <div class='ocr_carea' id='block_1_110' title="bbox 1925 3767 3517 3835">
    <p class='ocr_par' dir='ltr' id='par_1_110' title="bbox 1925 3767 3517 3835">
     <span class='ocr_line' id='line_1_110' title="bbox 1925 3767 3517 3835; baseline -0.001 -12"><span class='ocrx_word' id='word_1_838' title='bbox 1925 3779 2033 3824; x_wconf 86' lang='lat' dir='ltr'><strong>tota</strong></span> <span class='ocrx_word' id='word_1_839' title='bbox 2065 3777 2471 3822; x_wconf 90' lang='lat' dir='ltr'><strong>commutatur:</strong></span> <span class='ocrx_word' id='word_1_840' title='bbox 2501 3767 2726 3820; x_wconf 86' lang='lat' dir='ltr'><strong>alteram</strong></span> <span class='ocrx_word' id='word_1_841' title='bbox 2781 3767 3196 3833; x_wconf 87' lang='lat' dir='ltr'><strong>accidentalem,</strong></span> <span class='ocrx_word' id='word_1_842' title='bbox 3237 3783 3338 3835; x_wconf 85' lang='lat' dir='ltr'><strong>qua</strong></span> <span class='ocrx_word' id='word_1_843' title='bbox 3393 3782 3517 3835; x_wconf 87' lang='lat' dir='ltr'><strong>spe-</strong></span> 
     </span>
    </p>
   </div>
   <div class='ocr_carea' id='block_1_111' title="bbox 1921 3838 3517 3910">
    <p class='ocr_par' dir='ltr' id='par_1_111' title="bbox 1921 3838 3517 3910">
     <span class='ocr_line' id='line_1_111' title="bbox 1921 3838 3517 3910; baseline -0.003 -14"><span class='ocrx_word' id='word_1_844' title='bbox 1921 3842 2036 3896; x_wconf 88' lang='lat' dir='ltr'><strong>cies</strong></span> <span class='ocrx_word' id='word_1_845' title='bbox 2066 3841 2224 3910; x_wconf 87' lang='lat' dir='ltr'><strong>panis</strong></span> <span class='ocrx_word' id='word_1_846' title='bbox 2249 3838 2314 3891; x_wconf 91' lang='lat' dir='ltr'><strong>ad</strong></span> <span class='ocrx_word' id='word_1_847' title='bbox 2347 3839 2462 3908; x_wconf 87' lang='lat' dir='ltr'><strong>ejus</strong></span> <span class='ocrx_word' id='word_1_848' title='bbox 2486 3839 2830 3910; x_wconf 81' lang='lat' dir='ltr'><strong>pra-sentiam</strong></span> <span class='ocrx_word' id='word_1_849' title='bbox 2864 3840 3270 3907; x_wconf 71' lang='lat' dir='ltr'><strong>signiﬁcandam</strong></span> <span class='ocrx_word' id='word_1_850' title='bbox 3296 3848 3517 3902; x_wconf 70' lang='lat' dir='ltr'><strong>natura,-</strong></span> 
     </span>
    </p>
   </div>
   <div class='ocr_carea' id='block_1_112' title="bbox 1925 3909 3517 3979">
    <p class='ocr_par' dir='ltr' id='par_1_112' title="bbox 1925 3909 3517 3979">
     <span class='ocr_line' id='line_1_112' title="bbox 1925 3909 3517 3979; baseline -0.001 -15"><span class='ocrx_word' id='word_1_851' title='bbox 1925 3913 2050 3967; x_wconf 87' lang='lat' dir='ltr'><strong>liter</strong></span> <span class='ocrx_word' id='word_1_852' title='bbox 2070 3909 2380 3972; x_wconf 63' lang='lat' dir='ltr'><strong>destinate,</strong></span> <span class='ocrx_word' id='word_1_853' title='bbox 2412 3909 2677 3964; x_wconf 79' lang='lat' dir='ltr'><strong>Dominici</strong></span> <span class='ocrx_word' id='word_1_854' title='bbox 2701 3912 2946 3979; x_wconf 89' lang='lat' dir='ltr'><strong>corporis</strong></span> <span class='ocrx_word' id='word_1_855' title='bbox 2975 3913 3159 3979; x_wconf 77' lang='lat' dir='ltr'><strong>ligura:</strong></span> <span class='ocrx_word' id='word_1_856' title='bbox 3191 3911 3322 3964; x_wconf 90' lang='lat' dir='ltr'><strong>liunt</strong></span> <span class='ocrx_word' id='word_1_857' title='bbox 3354 3921 3517 3979; x_wconf 87' lang='lat' dir='ltr'><strong>atque</strong></span> 
     </span>
    </p>
   </div>
   <div class='ocr_carea' id='block_1_113' title="bbox 1921 3981 3510 4055">
    <p class='ocr_par' dir='ltr' id='par_1_113' title="bbox 1921 3981 3510 4055">
     <span class='ocr_line' id='line_1_113' title="bbox 1921 3981 3510 4055; baseline -0.003 -17"><span class='ocrx_word' id='word_1_858' title='bbox 1921 3985 2172 4055; x_wconf 81' lang='lat' dir='ltr'><strong>antitypi.</strong></span> <span class='ocrx_word' id='word_1_859' title='bbox 2213 3981 2508 4055; x_wconf 77' lang='lat' dir='ltr'><strong>Verissima</strong></span> <span class='ocrx_word' id='word_1_860' title='bbox 2546 3981 2763 4055; x_wconf 86' lang='lat' dir='ltr'><strong>quidem</strong></span> <span class='ocrx_word' id='word_1_861' title='bbox 2809 3984 2946 4043; x_wconf 72' lang='lat' dir='ltr'><strong>luce,</strong></span> <span class='ocrx_word' id='word_1_862' title='bbox 2995 3993 3047 4034; x_wconf 89' lang='lat' dir='ltr'><strong>et</strong></span> <span class='ocrx_word' id='word_1_863' title='bbox 3075 3981 3139 4035; x_wconf 90' lang='lat' dir='ltr'><strong>ad</strong></span> <span class='ocrx_word' id='word_1_864' title='bbox 3182 3981 3510 4055; x_wconf 84' lang='lat' dir='ltr'><strong>catholicum</strong></span> 
     </span>
    </p>
   </div>
   <div class='ocr_carea' id='block_1_114' title="bbox 1921 4053 3512 4126">
    <p class='ocr_par' dir='ltr' id='par_1_114' title="bbox 1921 4053 3512 4126">
     <span class='ocr_line' id='line_1_114' title="bbox 1921 4053 3512 4126; baseline -0.003 -16"><span class='ocrx_word' id='word_1_865' title='bbox 1921 4053 2112 4126; x_wconf 84' lang='lat' dir='ltr'><strong>dogma</strong></span> <span class='ocrx_word' id='word_1_866' title='bbox 2143 4062 2330 4126; x_wconf 85' lang='lat' dir='ltr'><strong>contra</strong></span> <span class='ocrx_word' id='word_1_867' title='bbox 2368 4053 2735 4126; x_wconf 83' lang='lat' dir='ltr'><strong>Calviuiauam</strong></span> <span class='ocrx_word' id='word_1_868' title='bbox 2783 4055 3205 4126; x_wconf 82' lang='lat' dir='ltr'><strong>cavillatiom-in</strong></span> <span class='ocrx_word' id='word_1_869' title='bbox 3229 4053 3512 4126; x_wconf 47' lang='lat' dir='ltr'><strong>vindicanf</strong></span> 
     </span>
    </p>
   </div>
   <div class='ocr_carea' id='block_1_115' title="bbox 1919 4124 3511 4192">
    <p class='ocr_par' dir='ltr' id='par_1_115' title="bbox 1919 4124 3511 4192">
     <span class='ocr_line' id='line_1_115' title="bbox 1919 4124 3511 4192; baseline -0.003 -11"><span class='ocrx_word' id='word_1_870' title='bbox 1919 4124 2045 4182; x_wconf 80' lang='lat' dir='ltr'><strong>dum</strong></span> <span class='ocrx_word' id='word_1_871' title='bbox 2078 4125 2460 4180; x_wconf 81' lang='lat' dir='ltr'><strong>Contendimus</strong></span> <span class='ocrx_word' id='word_1_872' title='bbox 2491 4141 2611 4178; x_wconf 75' lang='lat' dir='ltr'><strong>cs~e</strong></span> <span class='ocrx_word' id='word_1_873' title='bbox 2658 4125 3010 4178; x_wconf 85' lang='lat' dir='ltr'><strong>invictissima</strong></span> <span class='ocrx_word' id='word_1_874' title='bbox 3045 4141 3057 4176; x_wconf 93' lang='lat'>:</span> <span class='ocrx_word' id='word_1_875' title='bbox 3085 4125 3210 4192; x_wconf 84' lang='lat' dir='ltr'><strong>quid</strong></span> <span class='ocrx_word' id='word_1_876' title='bbox 3253 4134 3433 4178; x_wconf 86' lang='lat' dir='ltr'><strong>tamen</strong></span> <span class='ocrx_word' id='word_1_877' title='bbox 3465 4124 3511 4177; x_wconf 88' lang='lat' dir='ltr'><strong>si</strong></span> 
     </span>
    </p>
   </div>
   <div class='ocr_carea' id='block_1_116' title="bbox 1920 4197 3514 4264">
    <p class='ocr_par' dir='ltr' id='par_1_116' title="bbox 1920 4197 3514 4264">
     <span class='ocr_line' id='line_1_116' title="bbox 1920 4197 3514 4264; baseline -0.004 -12"><span class='ocrx_word' id='word_1_878' title='bbox 1920 4200 2098 4254; x_wconf 71' lang='lat' dir='ltr'><strong>verbis</strong></span> <span class='ocrx_word' id='word_1_879' title='bbox 2130 4199 2255 4260; x_wconf 88' lang='lat' dir='ltr'><strong>illis,</strong></span> <span class='ocrx_word' id='word_1_880' title='bbox 2287 4208 2342 4250; x_wconf 89' lang='lat' dir='ltr'><strong>ut</strong></span> <span class='ocrx_word' id='word_1_881' title='bbox 2383 4199 2483 4251; x_wconf 85' lang='lat' dir='ltr'><strong>sint</strong></span> <span class='ocrx_word' id='word_1_882' title='bbox 2513 4212 2629 4264; x_wconf 77' lang='lat' dir='ltr'><strong>qua:</strong></span> <span class='ocrx_word' id='word_1_883' title='bbox 2656 4207 2824 4261; x_wconf 81' lang='lat' dir='ltr'><strong>erant,</strong></span> <span class='ocrx_word' id='word_1_884' title='bbox 2856 4207 2900 4250; x_wconf 79' lang='lat' dir='ltr'><strong>et</strong></span> <span class='ocrx_word' id='word_1_885' title='bbox 2949 4197 3001 4249; x_wconf 87' lang='lat' dir='ltr'><strong>in</strong></span> <span class='ocrx_word' id='word_1_886' title='bbox 3028 4197 3174 4248; x_wconf 60' lang='lat' dir='ltr'><strong>aliud</strong></span> <span class='ocrx_word' id='word_1_887' title='bbox 3200 4205 3514 4248; x_wconf 84' lang='lat' dir='ltr'><strong>commuten-</strong></span> 
     </span>
    </p>
   </div>
   <div class='ocr_carea' id='block_1_117' title="bbox 1919 4267 3516 4336">
    <p class='ocr_par' dir='ltr' id='par_1_117' title="bbox 1919 4267 3516 4336">
     <span class='ocr_line' id='line_1_117' title="bbox 1919 4267 3516 4336; baseline -0.003 -12"><span class='ocrx_word' id='word_1_888' title='bbox 1919 4281 2021 4336; x_wconf 88' lang='lat' dir='ltr'><strong>tur,</strong></span> <span class='ocrx_word' id='word_1_889' title='bbox 2046 4272 2371 4326; x_wconf 82' lang='lat' dir='ltr'><strong>divisionem</strong></span> <span class='ocrx_word' id='word_1_890' title='bbox 2396 4269 2663 4322; x_wconf 83' lang='lat' dir='ltr'><strong>contineri</strong></span> <span class='ocrx_word' id='word_1_891' title='bbox 2693 4267 3188 4322; x_wconf 77' lang='lat' dir='ltr'><strong>alﬁrmavcrimns?</strong></span> <span class='ocrx_word' id='word_1_892' title='bbox 3211 4271 3370 4321; x_wconf 73' lang='lat' dir='ltr'><strong>Certe</strong></span> <span class='ocrx_word' id='word_1_893' title='bbox 3393 4282 3516 4332; x_wconf 87' lang='lat' dir='ltr'><strong>par-</strong></span> 
     </span>
    </p>
   </div>
   <div class='ocr_carea' id='block_1_118' title="bbox 1921 4339 3515 4411">
    <p class='ocr_par' dir='ltr' id='par_1_118' title="bbox 1921 4339 3515 4411">
     <span class='ocr_line' id='line_1_118' title="bbox 1921 4339 3515 4411; baseline -0.003 -17"><span class='ocrx_word' id='word_1_894' title='bbox 1921 4344 2133 4397; x_wconf 87' lang='lat' dir='ltr'><strong>ticnlatn</strong></span> <span class='ocrx_word' id='word_1_895' title='bbox 2176 4352 2222 4396; x_wconf 86' lang='lat' dir='ltr'><strong>et</strong></span> <span class='ocrx_word' id='word_1_896' title='bbox 2275 4341 2548 4396; x_wconf 90' lang='lat' dir='ltr'><strong>interdum</strong></span> <span class='ocrx_word' id='word_1_897' title='bbox 2595 4357 2692 4408; x_wconf 86' lang='lat' dir='ltr'><strong>pro</strong></span> <span class='ocrx_word' id='word_1_898' title='bbox 2739 4342 2816 4394; x_wconf 81' lang='lat' dir='ltr'><strong>uel</strong></span> <span class='ocrx_word' id='word_1_899' title='bbox 2861 4341 3094 4411; x_wconf 80' lang='lat' dir='ltr'><strong>positam</strong></span> <span class='ocrx_word' id='word_1_900' title='bbox 3151 4339 3254 4405; x_wconf 85' lang='lat' dir='ltr'><strong>legi</strong></span> <span class='ocrx_word' id='word_1_901' title='bbox 3298 4339 3515 4408; x_wconf 88' lang='lat' dir='ltr'><strong>negabit</strong></span> 
     </span>
    </p>
   </div>
   <div class='ocr_carea' id='block_1_119' title="bbox 1920 4411 3515 4482">
    <p class='ocr_par' dir='ltr' id='par_1_119' title="bbox 1920 4411 3515 4482">
     <span class='ocr_line' id='line_1_119' title="bbox 1920 4411 3515 4482; baseline -0.004 -14"><span class='ocrx_word' id='word_1_902' title='bbox 1920 4431 2099 4470; x_wconf 90' lang='lat' dir='ltr'><strong>nemo.</strong></span> <span class='ocrx_word' id='word_1_903' title='bbox 2137 4414 2275 4482; x_wconf 87' lang='lat' dir='ltr'><strong>Quid</strong></span> <span class='ocrx_word' id='word_1_904' title='bbox 2306 4417 2447 4466; x_wconf 88' lang='lat' dir='ltr'><strong>enim</strong></span> <span class='ocrx_word' id='word_1_905' title='bbox 2481 4413 2819 4482; x_wconf 64' lang='lat' dir='ltr'><strong>frequentius</strong></span> <span class='ocrx_word' id='word_1_906' title='bbox 2864 4414 2978 4464; x_wconf 84' lang='lat' dir='ltr'><strong>istis</strong></span> <span class='ocrx_word' id='word_1_907' title='bbox 3011 4414 3080 4466; x_wconf 77' lang='lat' dir='ltr'><strong>lor</strong></span> <span class='ocrx_word' id='word_1_908' title='bbox 3098 4413 3259 4464; x_wconf 92' lang='lat' dir='ltr'><strong>mulis</strong></span> <span class='ocrx_word' id='word_1_909' title='bbox 3290 4429 3301 4464; x_wconf 89' lang='lat'><strong>:</strong></span> <span class='ocrx_word' id='word_1_910' title='bbox 3334 4411 3515 4464; x_wconf 87' lang='lat' dir='ltr'><strong>Domi-</strong></span> 
     </span>
    </p>
   </div>
   <div class='ocr_carea' id='block_1_120' title="bbox 1922 4483 3510 4554">
    <p class='ocr_par' dir='ltr' id='par_1_120' title="bbox 1922 4483 3510 4554">
     <span class='ocr_line' id='line_1_120' title="bbox 1922 4483 3510 4554; baseline -0.003 -15"><span class='ocrx_word' id='word_1_911' title='bbox 1922 4503 2014 4540; x_wconf 80' lang='lat' dir='ltr'><strong>nus</strong></span> <span class='ocrx_word' id='word_1_912' title='bbox 2043 4487 2315 4554; x_wconf 84' lang='lat' dir='ltr'><strong>mortiﬁcat</strong></span> <span class='ocrx_word' id='word_1_913' title='bbox 2344 4495 2389 4540; x_wconf 83' lang='lat' dir='ltr'><strong>et</strong></span> <span class='ocrx_word' id='word_1_914' title='bbox 2413 4486 2635 4551; x_wconf 81' lang='lat' dir='ltr'><strong>viviﬁcut</strong></span> <span class='ocrx_word' id='word_1_915' title='bbox 2656 4500 2672 4537; x_wconf 92' lang='lat'><strong><em>:</em></strong></span> <span class='ocrx_word' id='word_1_916' title='bbox 2691 4484 2899 4536; x_wconf 68' lang='lat' dir='ltr'><strong>deducit</strong></span> <span class='ocrx_word' id='word_1_917' title='bbox 2939 4483 3007 4536; x_wconf 86' lang='lat' dir='ltr'><strong>ad</strong></span> <span class='ocrx_word' id='word_1_918' title='bbox 3036 4484 3250 4552; x_wconf 76' lang='lat' dir='ltr'><strong>inferos,</strong></span> <span class='ocrx_word' id='word_1_919' title='bbox 3281 4493 3327 4535; x_wconf 86' lang='lat' dir='ltr'><strong>et</strong></span> <span class='ocrx_word' id='word_1_920' title='bbox 3355 4483 3510 4535; x_wconf 73' lang='grc' dir='ltr'>ι’ράιιο</span> 
     </span>
    </p>
   </div>
   <div class='ocr_carea' id='block_1_121' title="bbox 1917 4555 3510 4627">
    <p class='ocr_par' dir='ltr' id='par_1_121' title="bbox 1917 4555 3510 4627">
     <span class='ocr_line' id='line_1_121' title="bbox 1917 4555 3510 4627; baseline -0.003 -16"><span class='ocrx_word' id='word_1_921' title='bbox 1917 4559 2005 4612; x_wconf 79' lang='lat' dir='ltr'><strong>cit.</strong></span> <span class='ocrx_word' id='word_1_922' title='bbox 2053 4559 2300 4610; x_wconf 79' lang='lat' dir='ltr'><strong>Dominus</strong></span> <span class='ocrx_word' id='word_1_923' title='bbox 2343 4573 2618 4627; x_wconf 79' lang='lat' dir='ltr'><strong>pauperem</strong></span> <span class='ocrx_word' id='word_1_924' title='bbox 2669 4557 2824 4626; x_wconf 81' lang='lat' dir='ltr'><strong>facit,</strong></span> <span class='ocrx_word' id='word_1_925' title='bbox 2872 4566 2914 4608; x_wconf 88' lang='lat' dir='ltr'><strong>et</strong></span> <span class='ocrx_word' id='word_1_926' title='bbox 2963 4557 3092 4609; x_wconf 81' lang='lat' dir='ltr'><strong>ditat</strong></span> <span class='ocrx_word' id='word_1_927' title='bbox 3125 4570 3143 4608; x_wconf 82' lang='lat'><strong>.°</strong></span> <span class='ocrx_word' id='word_1_928' title='bbox 3175 4555 3414 4608; x_wconf 80' lang='lat' dir='ltr'><strong>Immiliat</strong></span> <span class='ocrx_word' id='word_1_929' title='bbox 3463 4566 3510 4609; x_wconf 82' lang='lat' dir='ltr'><strong>et</strong></span> 
     </span>
    </p>
   </div>
   <div class='ocr_carea' id='block_1_122' title="bbox 1911 4627 3510 4698">
    <p class='ocr_par' dir='ltr' id='par_1_122' title="bbox 1911 4627 3510 4698">
     <span class='ocr_line' id='line_1_122' title="bbox 1911 4627 3510 4698; baseline -0.003 -14"><span class='ocrx_word' id='word_1_930' title='bbox 1911 4629 2449 4684; x_wconf 77' lang='lat' dir='ltr'><strong>sublevat?l’rofecto</strong></span> <span class='ocrx_word' id='word_1_931' title='bbox 2495 4645 2600 4682; x_wconf 91' lang='lat' dir='ltr'><strong>non</strong></span> <span class='ocrx_word' id='word_1_932' title='bbox 2637 4639 2924 4698; x_wconf 90' lang='lat' dir='ltr'><strong>utrumque</strong></span> <span class='ocrx_word' id='word_1_933' title='bbox 2971 4627 3157 4689; x_wconf 81' lang='lat' dir='ltr'><strong>simul,</strong></span> <span class='ocrx_word' id='word_1_934' title='bbox 3203 4627 3298 4698; x_wconf 83' lang='lat' dir='ltr'><strong>sed</strong></span> <span class='ocrx_word' id='word_1_935' title='bbox 3332 4639 3510 4680; x_wconf 90' lang='lat' dir='ltr'><strong>utrum</strong></span> 
     </span>
    </p>
   </div>
   <div class='ocr_carea' id='block_1_123' title="bbox 1912 4697 3511 4770">
    <p class='ocr_par' dir='ltr' id='par_1_123' title="bbox 1912 4697 3511 4770">
     <span class='ocr_line' id='line_1_123' title="bbox 1912 4697 3511 4770; baseline -0.002 -16"><span class='ocrx_word' id='word_1_936' title='bbox 1912 4703 2168 4764; x_wconf 89' lang='lat' dir='ltr'><strong>voluerit,</strong></span> <span class='ocrx_word' id='word_1_937' title='bbox 2199 4701 2458 4756; x_wconf 84' lang='lat' dir='ltr'><strong>Dominus</strong></span> <span class='ocrx_word' id='word_1_938' title='bbox 2508 4701 2653 4754; x_wconf 80' lang='lat' dir='ltr'><strong>facit.</strong></span> <span class='ocrx_word' id='word_1_939' title='bbox 2693 4697 2954 4770; x_wconf 67' lang='lat' dir='ltr'><strong>Expende</strong></span> <span class='ocrx_word' id='word_1_940' title='bbox 2996 4707 3166 4752; x_wconf 89' lang='lat' dir='ltr'><strong>totnnt</strong></span> <span class='ocrx_word' id='word_1_941' title='bbox 3211 4697 3410 4764; x_wconf 91' lang='lat' dir='ltr'><strong>locum,</strong></span> <span class='ocrx_word' id='word_1_942' title='bbox 3442 4698 3511 4752; x_wconf 87' lang='lat' dir='ltr'><strong>de</strong></span> 
     </span>
    </p>
   </div>
   <div class='ocr_carea' id='block_1_124' title="bbox 1911 4771 3513 4843">
    <p class='ocr_par' dir='ltr' id='par_1_124' title="bbox 1911 4771 3513 4843">
     <span class='ocr_line' id='line_1_124' title="bbox 1911 4771 3513 4843; baseline -0.001 -19"><span class='ocrx_word' id='word_1_943' title='bbox 1911 4788 2022 4843; x_wconf 90' lang='lat' dir='ltr'><strong>quo</strong></span> <span class='ocrx_word' id='word_1_944' title='bbox 2047 4774 2242 4843; x_wconf 85' lang='lat' dir='ltr'><strong>agitur,</strong></span> <span class='ocrx_word' id='word_1_945' title='bbox 2289 4782 2344 4826; x_wconf 91' lang='lat' dir='ltr'><strong>et</strong></span> <span class='ocrx_word' id='word_1_946' title='bbox 2387 4783 2498 4827; x_wconf 87' lang='lat' dir='ltr'><strong>tres</strong></span> <span class='ocrx_word' id='word_1_947' title='bbox 2533 4772 2756 4826; x_wconf 74' lang='lat' dir='ltr'><strong>eﬂ&#39;ertns</strong></span> <span class='ocrx_word' id='word_1_948' title='bbox 2798 4773 2994 4825; x_wconf 79' lang='lat' dir='ltr'><strong>divina:</strong></span> <span class='ocrx_word' id='word_1_949' title='bbox 3032 4772 3285 4839; x_wconf 72' lang='lat' dir='ltr'><strong>potentize</strong></span> <span class='ocrx_word' id='word_1_950' title='bbox 3315 4771 3513 4843; x_wconf 77' lang='lat' dir='ltr'><strong>depre-</strong></span> 
     </span>
    </p>
   </div>
   <div class='ocr_carea' id='block_1_125' title="bbox 1913 4841 3515 4912">
    <p class='ocr_par' dir='ltr' id='par_1_125' title="bbox 1913 4841 3515 4912">
     <span class='ocr_line' id='line_1_125' title="bbox 1913 4841 3515 4912; baseline -0.003 -14"><span class='ocrx_word' id='word_1_951' title='bbox 1913 4841 2120 4899; x_wconf 82' lang='lat' dir='ltr'><strong>lieudes</strong></span> <span class='ocrx_word' id='word_1_952' title='bbox 2163 4845 2271 4899; x_wconf 92' lang='lat' dir='ltr'><strong>illic</strong></span> <span class='ocrx_word' id='word_1_953' title='bbox 2320 4845 2582 4912; x_wconf 82' lang='lat' dir='ltr'><strong>proponi,</strong></span> <span class='ocrx_word' id='word_1_954' title='bbox 2631 4844 2963 4898; x_wconf 80' lang='lat' dir='ltr'><strong>creationem</strong></span> <span class='ocrx_word' id='word_1_955' title='bbox 3010 4843 3216 4897; x_wconf 88' lang='lat' dir='ltr'><strong>scilicet</strong></span> <span class='ocrx_word' id='word_1_956' title='bbox 3248 4856 3353 4895; x_wconf 91' lang='lat' dir='ltr'><strong>non</strong></span> <span class='ocrx_word' id='word_1_957' title='bbox 3397 4841 3515 4894; x_wconf 77' lang='lat' dir='ltr'><strong>exi-</strong></span> 
     </span>
    </p>
   </div>
   <div class='ocr_carea' id='block_1_126' title="bbox 1912 4912 3510 4974">
    <p class='ocr_par' dir='ltr' id='par_1_126' title="bbox 1912 4912 3510 4974">
     <span class='ocr_line' id='line_1_126' title="bbox 1912 4912 3510 4974; baseline -0.003 -3"><span class='ocrx_word' id='word_1_958' title='bbox 1912 4918 2194 4974; x_wconf 86' lang='lat' dir='ltr'><strong>stentinm.</strong></span> <span class='ocrx_word' id='word_1_959' title='bbox 2225 4918 2574 4970; x_wconf 78' lang='lat' dir='ltr'><strong>existentium</strong></span> <span class='ocrx_word' id='word_1_960' title='bbox 2620 4931 2749 4969; x_wconf 89' lang='lat' dir='ltr'><strong>vero</strong></span> <span class='ocrx_word' id='word_1_961' title='bbox 2799 4920 2878 4969; x_wconf 80' lang='lat' dir='ltr'><strong>vel</strong></span> <span class='ocrx_word' id='word_1_962' title='bbox 2925 4912 3396 4968; x_wconf 88' lang='lat' dir='ltr'><strong>conservationem</strong></span> <span class='ocrx_word' id='word_1_963' title='bbox 3423 4913 3510 4967; x_wconf 88' lang='lat' dir='ltr'><strong>vel</strong></span> 
     </span>
    </p>
   </div>
   <div class='ocr_carea' id='block_1_127' title="bbox 1912 4986 3134 5056">
    <p class='ocr_par' dir='ltr' id='par_1_127' title="bbox 1912 4986 3134 5056">
     <span class='ocr_line' id='line_1_127' title="bbox 1912 4986 3134 5056; baseline -0.002 -16"><span class='ocrx_word' id='word_1_964' title='bbox 1912 4988 2353 5051; x_wconf 66' lang='lat' dir='ltr'><strong>Conversiouetn,</strong></span> <span class='ocrx_word' id='word_1_965' title='bbox 2391 5005 2488 5056; x_wconf 91' lang='lat' dir='ltr'><strong>pro</strong></span> <span class='ocrx_word' id='word_1_966' title='bbox 2515 4997 2575 5042; x_wconf 88' lang='lat' dir='ltr'><strong>ut</strong></span> <span class='ocrx_word' id='word_1_967' title='bbox 2609 4989 2716 5040; x_wconf 74' lang='lat' dir='ltr'><strong>lico</strong></span> <span class='ocrx_word' id='word_1_968' title='bbox 2748 4987 2920 5041; x_wconf 71' lang='lat' dir='ltr'><strong>visum</strong></span> <span class='ocrx_word' id='word_1_969' title='bbox 2952 4986 3134 5041; x_wconf 81' lang='lat' dir='ltr'><strong>fuerit.</strong></span> 
     </span>
    </p>
   </div>
   <div class='ocr_carea' id='block_1_128' title="bbox 1985 5058 3198 5129">
    <p class='ocr_par' dir='ltr' id='par_1_128' title="bbox 1985 5058 3198 5129">
     <span class='ocr_line' id='line_1_128' title="bbox 1985 5058 3198 5129; baseline -0.005 -15"><span class='ocrx_word' id='word_1_970' title='bbox 1985 5071 2010 5097; x_wconf 65' lang='grc' dir='ltr'><strong>δ</strong></span> <span class='ocrx_word' id='word_1_971' title='bbox 2038 5060 2134 5114; x_wconf 78' lang='lat' dir='ltr'><strong>Ms.</strong></span> <span class='ocrx_word' id='word_1_972' title='bbox 2156 5058 2424 5116; x_wconf 74' lang='lat' dir='ltr'><strong>Claro:n..</strong></span> <span class='ocrx_word' id='word_1_973' title='bbox 2460 5059 2642 5129; x_wconf 79' lang='lat' dir='ltr'><strong>gratia:</strong></span> <span class='ocrx_word' id='word_1_974' title='bbox 2663 5060 2883 5112; x_wconf 69' lang='lat' dir='ltr'><strong>caelestis</strong></span> <span class='ocrx_word' id='word_1_975' title='bbox 2904 5058 3198 5124; x_wconf 84' lang='lat' dir='ltr'><strong>imperium.</strong></span> 
     </span>
    </p>
   </div>
   <div class='ocr_carea' id='block_1_129' title="bbox 1985 5125 3510 5194">
    <p class='ocr_par' dir='ltr' id='par_1_129' title="bbox 1985 5125 3510 5194">
     <span class='ocr_line' id='line_1_129' title="bbox 1985 5125 3510 5194; baseline -0.005 -9"><span class='ocrx_word' id='word_1_976' title='bbox 1985 5132 2011 5170; x_wconf 66' lang='grc' dir='ltr'>ι’</span> <span class='ocrx_word' id='word_1_977' title='bbox 2029 5131 2176 5187; x_wconf 80' lang='lat' dir='ltr'><strong>Clar.</strong></span> <span class='ocrx_word' id='word_1_978' title='bbox 2199 5133 2349 5193; x_wconf 88' lang='lat' dir='ltr'><strong>c0d.,</strong></span> <span class='ocrx_word' id='word_1_979' title='bbox 2384 5125 2768 5185; x_wconf 73' lang='lat' dir='ltr'><strong>consecratione</strong></span> <span class='ocrx_word' id='word_1_980' title='bbox 2793 5131 3002 5184; x_wconf 74' lang='lat' dir='ltr'><strong>caelesti.</strong></span> <span class='ocrx_word' id='word_1_981' title='bbox 3035 5129 3204 5183; x_wconf 82' lang='lat' dir='ltr'><strong>Porro</strong></span> <span class='ocrx_word' id='word_1_982' title='bbox 3231 5125 3510 5194; x_wconf 80' lang='lat' dir='ltr'><strong>sequentis</strong></span> 
     </span>
    </p>
   </div>
   <div class='ocr_carea' id='block_1_130' title="bbox 1912 5196 3506 5259">
    <p class='ocr_par' dir='ltr' id='par_1_130' title="bbox 1912 5196 3506 5259">
     <span class='ocr_line' id='line_1_130' title="bbox 1912 5196 3506 5259; baseline -0.006 0"><span class='ocrx_word' id='word_1_983' title='bbox 1912 5203 2059 5259; x_wconf 86' lang='lat' dir='ltr'><strong>dubii</strong></span> <span class='ocrx_word' id='word_1_984' title='bbox 2109 5203 2433 5258; x_wconf 76' lang='lat' dir='ltr'><strong>Solutionem</strong></span> <span class='ocrx_word' id='word_1_985' title='bbox 2487 5206 2752 5256; x_wconf 86' lang='lat' dir='ltr'><strong>adversus</strong></span> <span class='ocrx_word' id='word_1_986' title='bbox 2801 5201 3160 5256; x_wconf 80' lang='lat' dir='ltr'><strong>orthodoxam</strong></span> <span class='ocrx_word' id='word_1_987' title='bbox 3201 5196 3506 5251; x_wconf 88' lang='lat' dir='ltr'><strong>doctrinam</strong></span> 
     </span>
    </p>
   </div>
   <div class='ocr_carea' id='block_1_131' title="bbox 1913 5269 3508 5350">
    <p class='ocr_par' dir='ltr' id='par_1_131' title="bbox 1913 5269 3508 5350">
     <span class='ocr_line' id='line_1_131' title="bbox 1913 5269 3508 5350; baseline -0.006 -20"><span class='ocrx_word' id='word_1_988' title='bbox 1913 5278 1991 5330; x_wconf 90' lang='lat' dir='ltr'><strong>sic</strong></span> <span class='ocrx_word' id='word_1_989' title='bbox 2039 5278 2199 5328; x_wconf 91' lang='lat' dir='ltr'><strong>vertit</strong></span> <span class='ocrx_word' id='word_1_990' title='bbox 2227 5275 2566 5350; x_wconf 71' lang='lat' dir='ltr'><strong>Albertiuus,</strong></span> <span class='ocrx_word' id='word_1_991' title='bbox 2610 5285 2670 5328; x_wconf 89' lang='lat' dir='ltr'><strong>ut</strong></span> <span class='ocrx_word' id='word_1_992' title='bbox 2710 5275 2837 5350; x_wconf 84' lang='lat' dir='ltr'><strong>velit</strong></span> <span class='ocrx_word' id='word_1_993' title='bbox 2874 5288 2980 5350; x_wconf 83' lang='lat' dir='ltr'><strong>non</strong></span> <span class='ocrx_word' id='word_1_994' title='bbox 3019 5274 3125 5350; x_wconf 72' lang='lat' dir='ltr'><strong>alio</strong></span> <span class='ocrx_word' id='word_1_995' title='bbox 3157 5269 3320 5324; x_wconf 89' lang='lat' dir='ltr'><strong>modo</strong></span> <span class='ocrx_word' id='word_1_996' title='bbox 3349 5269 3508 5350; x_wconf 75' lang='lat' dir='ltr'><strong>Chri-</strong></span> 
     </span>
    </p>
   </div>
   <div class='ocr_carea' id='block_1_132' title="bbox 1912 5343 3506 5410">
    <p class='ocr_par' dir='ltr' id='par_1_132' title="bbox 1912 5343 3506 5410">
     <span class='ocr_line' id='line_1_132' title="bbox 1912 5343 3506 5410; baseline -0.005 -8"><span class='ocrx_word' id='word_1_997' title='bbox 1912 5358 2053 5402; x_wconf 86' lang='lat' dir='ltr'><strong>stum</strong></span> <span class='ocrx_word' id='word_1_998' title='bbox 2087 5362 2117 5401; x_wconf 89' lang='lat' dir='ltr'><strong>a</strong></span> <span class='ocrx_word' id='word_1_999' title='bbox 2159 5347 2317 5401; x_wconf 86' lang='lat' dir='ltr'><strong>nobis</strong></span> <span class='ocrx_word' id='word_1_1000' title='bbox 2369 5346 2421 5400; x_wconf 87' lang='lat' dir='ltr'><strong>itt</strong></span> <span class='ocrx_word' id='word_1_1001' title='bbox 2453 5348 2780 5402; x_wconf 83' lang='lat' dir='ltr'><strong>ettcltaristia</strong></span> <span class='ocrx_word' id='word_1_1002' title='bbox 2825 5347 2988 5408; x_wconf 88' lang='lat' dir='ltr'><strong>sumi,</strong></span> <span class='ocrx_word' id='word_1_1003' title='bbox 3024 5343 3125 5395; x_wconf 84' lang='lat' dir='ltr'><strong>nisi</strong></span> <span class='ocrx_word' id='word_1_1004' title='bbox 3169 5354 3278 5410; x_wconf 88' lang='lat' dir='ltr'><strong>quo</strong></span> <span class='ocrx_word' id='word_1_1005' title='bbox 3306 5355 3428 5394; x_wconf 87' lang='lat' dir='ltr'><strong>eum</strong></span> <span class='ocrx_word' id='word_1_1006' title='bbox 3455 5343 3506 5394; x_wconf 92' lang='lat' dir='ltr'><strong>in</strong></span> 
     </span>
    </p>
   </div>
   <div class='ocr_carea' id='block_1_133' title="bbox 1915 5410 3507 5493">
    <p class='ocr_par' dir='ltr' id='par_1_133' title="bbox 1915 5410 3507 5493">
     <span class='ocr_line' id='line_1_133' title="bbox 1915 5410 3507 5493; baseline -0.006 -19"><span class='ocrx_word' id='word_1_1007' title='bbox 1915 5422 2195 5493; x_wconf 78' lang='lat' dir='ltr'><strong>baptismo</strong></span> <span class='ocrx_word' id='word_1_1008' title='bbox 2217 5419 2464 5493; x_wconf 76' lang='lat' dir='ltr'><strong>induere,</strong></span> <span class='ocrx_word' id='word_1_1009' title='bbox 2509 5436 2570 5473; x_wconf 85' lang='lat' dir='ltr'><strong>ac</strong></span> <span class='ocrx_word' id='word_1_1010' title='bbox 2615 5415 3168 5493; x_wconf 69' lang='lat' dir='ltr'><strong>sanguineejttsdent</strong></span> <span class='ocrx_word' id='word_1_1011' title='bbox 3213 5412 3342 5493; x_wconf 76' lang='lat' dir='ltr'><strong>tingi</strong></span> <span class='ocrx_word' id='word_1_1012' title='bbox 3372 5410 3507 5493; x_wconf 73' lang='lat' dir='ltr'><strong>dici-</strong></span> 
     </span>
    </p>
   </div>
   <div class='ocr_carea' id='block_1_134' title="bbox 1913 5482 3500 5559">
    <p class='ocr_par' dir='ltr' id='par_1_134' title="bbox 1913 5482 3500 5559">
     <span class='ocr_line' id='line_1_134' title="bbox 1913 5482 3500 5559; baseline -0.006 -14"><span class='ocrx_word' id='word_1_1013' title='bbox 1913 5482 2054 5545; x_wconf 83' lang='lat' dir='ltr'><strong>mur.</strong></span> <span class='ocrx_word' id='word_1_1014' title='bbox 2089 5490 2198 5546; x_wconf 89' lang='lat' dir='ltr'><strong>Sed</strong></span> <span class='ocrx_word' id='word_1_1015' title='bbox 2232 5482 2595 5559; x_wconf 86' lang='lat' dir='ltr'><strong>respondetur</strong></span> <span class='ocrx_word' id='word_1_1016' title='bbox 2628 5482 2767 5543; x_wconf 71' lang='lat' dir='ltr'><strong>intér</strong></span> <span class='ocrx_word' id='word_1_1017' title='bbox 2793 5485 3176 5559; x_wconf 84' lang='lat' dir='ltr'><strong>eucharistiam</strong></span> <span class='ocrx_word' id='word_1_1018' title='bbox 3217 5497 3280 5559; x_wconf 86' lang='lat' dir='ltr'><strong>ac</strong></span> <span class='ocrx_word' id='word_1_1019' title='bbox 3302 5482 3500 5559; x_wconf 82' lang='lat' dir='ltr'><strong>baptis-</strong></span> 
     </span>
    </p>
   </div>
   <div class='ocr_carea' id='block_1_135' title="bbox 1913 5555 3507 5630">
    <p class='ocr_par' dir='ltr' id='par_1_135' title="bbox 1913 5555 3507 5630">
     <span class='ocr_line' id='line_1_135' title="bbox 1913 5555 3507 5630; baseline -0.006 -13"><span class='ocrx_word' id='word_1_1020' title='bbox 1913 5579 2059 5618; x_wconf 91' lang='lat' dir='ltr'><strong>mum</strong></span> <span class='ocrx_word' id='word_1_1021' title='bbox 2100 5555 2566 5630; x_wconf 82' lang='lat' dir='ltr'><strong>comparationem</strong></span> <span class='ocrx_word' id='word_1_1022' title='bbox 2600 5562 2652 5615; x_wconf 89' lang='lat' dir='ltr'><strong>in</strong></span> <span class='ocrx_word' id='word_1_1023' title='bbox 2700 5563 2801 5615; x_wconf 93' lang='lat' dir='ltr'><strong>hoc</strong></span> <span class='ocrx_word' id='word_1_1024' title='bbox 2845 5558 3071 5621; x_wconf 87' lang='lat' dir='ltr'><strong>institui,</strong></span> <span class='ocrx_word' id='word_1_1025' title='bbox 3114 5555 3257 5624; x_wconf 89' lang='lat' dir='ltr'><strong>quod</strong></span> <span class='ocrx_word' id='word_1_1026' title='bbox 3298 5571 3363 5609; x_wconf 77' lang='lat' dir='ltr'><strong>ex</strong></span> <span class='ocrx_word' id='word_1_1027' title='bbox 3407 5557 3507 5609; x_wconf 85' lang='lat' dir='ltr'><strong>hoc</strong></span> 
     </span>
    </p>
   </div>
   <div class='ocr_carea' id='block_1_136' title="bbox 1912 5633 3508 5695">
    <p class='ocr_par' dir='ltr' id='par_1_136' title="bbox 1912 5633 3508 5695">
     <span class='ocr_line' id='line_1_136' title="bbox 1912 5633 3508 5695; baseline -0.005 -7"><span class='ocrx_word' id='word_1_1028' title='bbox 1912 5645 2138 5690; x_wconf 86' lang='lat' dir='ltr'><strong>auctore</strong></span> <span class='ocrx_word' id='word_1_1029' title='bbox 2165 5634 2573 5688; x_wconf 89' lang='lat' dir='ltr'><strong>similitudinem</strong></span> <span class='ocrx_word' id='word_1_1030' title='bbox 2600 5633 2802 5687; x_wconf 88' lang='lat' dir='ltr'><strong>idcirco</strong></span> <span class='ocrx_word' id='word_1_1031' title='bbox 2831 5633 2882 5683; x_wconf 89' lang='lat' dir='ltr'><strong>in</strong></span> <span class='ocrx_word' id='word_1_1032' title='bbox 2907 5637 3138 5695; x_wconf 83' lang='lat' dir='ltr'><strong>utroque</strong></span> <span class='ocrx_word' id='word_1_1033' title='bbox 3161 5638 3508 5682; x_wconf 86' lang='lat' dir='ltr'><strong>sacramento</strong></span> 
     </span>
    </p>
   </div>
   <div class='ocr_carea' id='block_1_137' title="bbox 1912 5699 3505 5774">
    <p class='ocr_par' dir='ltr' id='par_1_137' title="bbox 1912 5699 3505 5774">
     <span class='ocr_line' id='line_1_137' title="bbox 1912 5699 3505 5774; baseline -0.004 -14"><span class='ocrx_word' id='word_1_1034' title='bbox 1912 5704 2164 5760; x_wconf 91' lang='lat' dir='ltr'><strong>Christus</strong></span> <span class='ocrx_word' id='word_1_1035' title='bbox 2192 5707 2452 5774; x_wconf 70' lang='lat' dir='ltr'><strong>posuerit,</strong></span> <span class='ocrx_word' id='word_1_1036' title='bbox 2487 5721 2552 5759; x_wconf 91' lang='lat' dir='ltr'><strong>ue</strong></span> <span class='ocrx_word' id='word_1_1037' title='bbox 2581 5706 2634 5757; x_wconf 93' lang='lat' dir='ltr'><strong>in</strong></span> <span class='ocrx_word' id='word_1_1038' title='bbox 2663 5704 2836 5774; x_wconf 80' lang='lat' dir='ltr'><strong>altero</strong></span> <span class='ocrx_word' id='word_1_1039' title='bbox 2865 5699 3077 5763; x_wconf 89' lang='lat' dir='ltr'><strong>mortis,</strong></span> <span class='ocrx_word' id='word_1_1040' title='bbox 3109 5700 3162 5754; x_wconf 92' lang='lat' dir='ltr'><strong>in</strong></span> <span class='ocrx_word' id='word_1_1041' title='bbox 3177 5699 3360 5774; x_wconf 78' lang='lat' dir='ltr'><strong>altero</strong></span> <span class='ocrx_word' id='word_1_1042' title='bbox 3381 5713 3505 5753; x_wconf 89' lang='lat' dir='ltr'><strong>cor-</strong></span> 
     </span>
    </p>
   </div>
   <div class='ocr_carea' id='block_1_138' title="bbox 1915 5769 3505 5847">
    <p class='ocr_par' dir='ltr' id='par_1_138' title="bbox 1915 5769 3505 5847">
     <span class='ocr_line' id='line_1_138' title="bbox 1915 5769 3505 5847; baseline -0.003 -16"><span class='ocrx_word' id='word_1_1043' title='bbox 1915 5778 2064 5847; x_wconf 86' lang='lat' dir='ltr'><strong>poris</strong></span> <span class='ocrx_word' id='word_1_1044' title='bbox 2091 5788 2144 5830; x_wconf 89' lang='lat' dir='ltr'><strong>ct</strong></span> <span class='ocrx_word' id='word_1_1045' title='bbox 2173 5769 2452 5846; x_wconf 69' lang='lat' dir='ltr'><strong>sanguinis</strong></span> <span class='ocrx_word' id='word_1_1046' title='bbox 2479 5772 3124 5847; x_wconf 35' lang='lat' dir='ltr'><strong>horroreal&#39;ticeremur‘2</strong></span> <span class='ocrx_word' id='word_1_1047' title='bbox 3157 5769 3293 5847; x_wconf 86' lang='lat' dir='ltr'><strong>duas</strong></span> <span class='ocrx_word' id='word_1_1048' title='bbox 3322 5781 3505 5847; x_wconf 86' lang='lat' dir='ltr'><strong>autem</strong></span> 
     </span>
    </p>
   </div>
   <div class='ocr_carea' id='block_1_139' title="bbox 1916 5841 3514 5914">
    <p class='ocr_par' dir='ltr' id='par_1_139' title="bbox 1916 5841 3514 5914">
     <span class='ocr_line' id='line_1_139' title="bbox 1916 5841 3514 5914; baseline -0.003 -10"><span class='ocrx_word' id='word_1_1049' title='bbox 1916 5841 2039 5905; x_wconf 84' lang='lat' dir='ltr'><strong>illas</strong></span> <span class='ocrx_word' id='word_1_1050' title='bbox 2065 5841 2448 5906; x_wconf 72' lang='lat' dir='ltr'><strong>similitddiues</strong></span> <span class='ocrx_word' id='word_1_1051' title='bbox 2481 5847 2534 5902; x_wconf 93' lang='lat' dir='ltr'><strong>in</strong></span> <span class='ocrx_word' id='word_1_1052' title='bbox 2565 5846 2668 5901; x_wconf 89' lang='lat' dir='ltr'><strong>hoc</strong></span> <span class='ocrx_word' id='word_1_1053' title='bbox 2695 5841 2933 5907; x_wconf 82' lang='lat' dir='ltr'><strong>dit&#39;l‘erre,</strong></span> <span class='ocrx_word' id='word_1_1054' title='bbox 2964 5841 3111 5914; x_wconf 86' lang='lat' dir='ltr'><strong>quod</strong></span> <span class='ocrx_word' id='word_1_1055' title='bbox 3138 5845 3310 5900; x_wconf 86' lang='lat' dir='ltr'><strong>altera</strong></span> <span class='ocrx_word' id='word_1_1056' title='bbox 3335 5845 3405 5902; x_wconf 90' lang='lat' dir='ltr'><strong>sit</strong></span> <span class='ocrx_word' id='word_1_1057' title='bbox 3435 5845 3514 5902; x_wconf 88' lang='lat' dir='ltr'><strong>rel</strong></span> 
     </span>
    </p>
   </div>
  </div>
