4042 6294
570 223 679 288 445

1913 237 2158 298 SANCTI

2277 239 2521 303 IiillOSﬂ
3731 253 3813 310 ibi

634 337 727 404 20.
762 341 870 407 Sed
899 348 1040 408 forte
1082 351 1222 409 dicis
1255 371 1268 407 :
1314 346 1567 424 Speciem
1616 357 1906 430 sanguinis
1949 369 2057 416 non
2087 360 2168 415 vi-
2189 362 2244 425 Α
2270 362 2383 417 suis
2407 363 2648 431 tradidit,
2672 360 2862 424 dicens
2887 382 2901 422 :
2925 365 3176 440 Accipite,
3204 376 3252 425 et
3278 367 3435 426 bibite
3454 387 3516 427 es
3534 372 3624 428 hac
3647 388 3815 442 omnes;

564 443 691 502 deo.
733 447 842 504 Sed
893 448 1054 506 habet
1099 449 1515 510 similitudinem
1550 472 1564 508 :
1595 455 1740 512 sicut
1780 457 1929 514 enim
1972 458 2168 515 mortis

565 539 988 598 similitudinem
1038 545 1360 616 sumpsisti,
1408 547 1482 603 ita
1533 548 1699 605 etiam
1751 550 2169 610 similitudinem

568 631 728 708 371
775 634 1000 706 pretiosi
1053 638 1338 709 sanguinis
1391 639 1568 709 bibis;
1617 653 1678 698 ut
1726 643 1910 701 nullus
1971 643 2172 704 horror

565 727 781 786 cruoris
810 730 903 798 sit,
936 739 993 786 et
1022 734 1259 802 pretium
1301 743 1485 792 tamen
1533 745 1798 808 operetur
1837 738 2166 812 redemptio-

569 823 674 880 nis.
727 824 979 883 Didicisti
1029 843 1163 892 ergo
1207 829 1333 902 quia
1380 831 1525 902 quod
1572 833 1798 906 accipis,
1842 849 2044 908 corpus
2085 843 2172 894 est

570 917 800 976 Christi.

1207 1037 1434 1098 CAPUT
1473 1041 1538 1099 Υ.

572 1147 716 1222 Ipsis
755 1148 966 1210 Domini
999 1151 1164 1210 verbis
1192 1167 1379 1230 corpus
1417 1175 1479 1214 ac
1507 1159 1814 1234 sanguinem
1853 1165 1967 1236 ejus
1995 1174 2174 1222 conse-

639 1247 776 1302 crari
803 1256 850 1301 et
891 1261 1004 1303 uere
1050 1247 1275 1318 conﬁci;
1317 1251 1634 1324 proindeque
1681 1253 1800 1311 hinc
1837 1253 1961 1311 bene
2001 1255 2175 1331 colligi

642 1353 752 1408 prae
777 1348 971 1395 manna
1001 1337 1250 1398 excellere
1279 1343 1376 1397 hac
1404 1357 1785 1402 sacramentum
1807 1389 1820 1413 ,
1861 1348 2012 1421 cujus
2040 1346 2144 1404 neri
2160 1381 2174 1396 -

639 1427 716 1489 ins
740 1433 1078 1506 consignatur
1112 1439 1204 1505 per
1229 1445 1420 1506 notem,
1452 1438 1633 1494 Amen.

639 1571 731 1628 21.
774 1570 870 1628 Vis
909 1573 1050 1629 scire
1089 1574 1222 1644 quia
1263 1574 1444 1630 verbis
1482 1575 1797 1634 caelestibus
1826 1590 2178 1640 consecratur

565 1665 671 1739 (De
692 1665 934 1734 Consec.,
977 1667 1104 1723 dist.
1131 1666 1169 1722 2
1191 1707 1210 1736 ,
1247 1685 1293 1722 c.
1326 1666 1491 1725 Panis
1511 1710 1528 1739 ,
1556 1669 1586 1743 ς
1624 1669 1716 1727 Vis
1754 1673 1950 1743 scire)?
1976 1674 2178 1747 Accipe

2269 455 2354 511 hic
2385 467 2457 513 est
2481 459 2615 513 enim
2637 460 2846 532 sanguis
2871 469 3013 518 metu
3042 457 3262 536 (Matth.
3291 471 3438 532 xxvt,
3466 465 3556 534 27,
3583 466 3690 540 98).-
3711 468 3818 526 Vide

2269 549 2362 605 illa
2391 553 2594 608 omnia.
2625 553 2717 610 Illa
2749 555 2912 612 verba
2943 559 3294 628 evangelista:
3315 567 3442 616 sunt
3469 575 3634 630 usque
3662 546 3722 618 ad
3741 551 3820 618 Δι-

2270 645 2444 714 cipite,
2471 647 2587 703 sive
2612 661 2836 720 corpus,
2867 650 2982 706 sive
3011 652 3360 724 sanguinem.
3391 652 3522 710 lude
3551 657 3700 711 verba
3723 665 3822 715 sunt

2269 737 2470 797 Christi
2496 759 2509 796 :
2541 743 2793 816 Accipite,
2815 755 2862 800 et
2885 745 3040 801 bibite
3066 763 3132 802 ea:
3156 745 3258 803 Itoc
3293 763 3500 814 ontttes;
3522 750 3603 805 Itic
3633 760 3695 805 est
3715 753 3820 806 enim

2271 837 2484 905 sanguis
2511 852 2675 892 meus.
2706 836 2775 894 Et
2799 839 2924 895 vide
2945 838 3177 911 singula.

2341 927 2435 987 25.
2469 929 2569 997 Qui
2591 930 2787 1001 pridie,
2817 931 3014 1005 inquit,
3040 947 3206 1005 quam
3245 943 3552 1006 pateretur,
3584 937 3635 992 in
3661 940 3824 996 sanctis

2274 1022 2524 1079 manibus
2549 1023 2663 1080 suis
2683 1024 2896 1096 accepit
2921 1039 3138 1096 panem.
3169 1025 3475 1098 Antequam
3496 1042 3822 1097 consecretur,

2275 1115 2430 1187 panis
2456 1126 2570 1183 est;
2606 1117 2695 1174 ubi
2727 1126 2910 1176 autem
2938 1119 3106 1176 verbs
3131 1119 3334 1176 Christi
3359 1124 3713 1192 accesserint,
3734 1141 3830 1181 cor-

2277 1224 2375 1280 pus
2396 1217 2481 1266 est
2500 1208 2728 1267 Christi.
2761 1211 3005 1282 Denique
3025 1213 3150 1268 audi
3177 1213 3452 1271 dicentem
3486 1233 3501 1271 :
3529 1215 3769 1288 Accipite,
3792 1231 3828 1274 et

2275 1302 2408 1358 edite
2433 1318 2494 1358 ea:
2515 1319 2573 1358 eo
2594 1319 2807 1370 omnes;
2836 1305 2933 1360 hoc
2955 1314 3031 1360 est
3052 1307 3190 1360 enim
3213 1323 3404 1380 corpus
3431 1323 3621 1364 meum.
3649 1309 3714 1366 Et
3731 1321 3829 1367 aute

2275 1396 2439 1473 verba
2470 1396 2711 1465 Christi,
2759 1398 2907 1454 calix
2939 1407 3026 1455 est
3051 1399 3160 1456 vini
3183 1439 3200 1469 ,
3239 1409 3296 1456 et
3321 1415 3480 1472 aqua:
3521 1403 3700 1474 plenus
3724 1422 3736 1459 :
3760 1405 3828 1460 ubi

2277 1490 2440 1546 verba
2470 1486 2670 1547 Christi
2698 1501 2921 1563 operata
2945 1493 3142 1550 iuerint
3160 1533 3176 1560 ,
3205 1493 3279 1550 ibi
3307 1496 3538 1566 sanguis
3563 1495 3745 1552 Christi
3772 1498 3831 1552 ei-

2279 1583 2480 1652 ﬁcitur,
2503 1584 2596 1656 qui
2626 1585 2840 1656 plebem
2867 1586 3119 1644 redemit.
3151 1589 3296 1661 Ergo
3326 1590 3512 1647 videte
3546 1593 3742 1662 quantis
3761 1607 3830 1664 ge-

2280 1676 2504 1734 neribus
2547 1687 2741 1750 potens
2783 1691 2866 1736 est
2907 1696 3092 1738 sermo
3133 1681 3336 1738 Christi
3367 1686 3620 1740 universa
3648 1699 3834 1758 conver-

563 1777 686 1834 qute
716 1770 845 1818 sunt
872 1763 1066 1819 verba.
1101 1763 1242 1820 Dicit
1271 1764 1530 1822 sacerdos
1558 1784 1570 1822 :
1603 1765 1713 1824 Fac
1741 1769 1934 1837 nobis,
1965 1771 2169 1843 inquit,
2201 1764 2251 1826 Β
2279 1781 2412 1828 tere.
2443 1767 2650 1829 Deinde
2689 1773 2805 1844 ipse
2842 1773 3106 1830 Dominus
3146 1775 3309 1832 .lesus
3357 1777 3678 1835 testiﬁcatur
3711 1779 3834 1835 nobis

565 1856 708 1913 hanc
735 1855 1070 1914 oblationem
1095 1858 1394 1930 ascriptum
1415 1897 1431 1929 ,
1463 1867 1489 1897 ἰ
1519 1869 1690 1917 ratam
1714 1903 1730 1932 ,
1754 1863 2132 1923 rationabilem
2155 1910 2171 1937 ,

563 1952 954 2023 acceptabilem
984 1970 997 2006 :
1031 1951 1178 2024 quod
1217 1952 1389 2026 ﬁgura
1425 1963 1510 2012 est
1535 1957 1785 2026 corporis
1813 1968 1869 2015 et
1893 1961 2176 2032 sanguinis

570 2045 784 2103 Domini
813 2047 986 2103 nostri
1013 2047 1145 2125 Jesu
1171 2045 1396 2104 Christi.
1429 2048 1528 2118 Qui
1552 2050 1729 2122 pridie
1754 2067 1918 2124 quam
1953 2063 2172 2125 patere-

568 2141 675 2206 tur,
709 2136 760 2195 in
789 2140 996 2196 sanctis
1023 2135 1274 2198 manibus
1299 2142 1416 2198 suis
1444 2143 1656 2214 accepit
1682 2155 1900 2216 panem,
1933 2149 2177 2218 respexit

571 2234 624 2290 in
651 2232 858 2291 calum
902 2233 969 2290 ad
1021 2244 1075 2292 te
1096 2277 1112 2303 ,
1161 2245 1350 2293 sancte
1378 2235 1540 2293 Pater
1569 2239 1938 2310 omnipotens,
1970 2250 2176 2300 aeterne

574 2325 752 2394 Deus,
781 2327 990 2399 gratias
1027 2343 1194 2400 agens
1217 2369 1232 2396 ,
1261 2328 1571 2398 benedixit,
1604 2329 1766 2404 fregit
1792 2375 1806 2402 ,
1839 2334 2178 2408 fractumque

571 2412 836 2494 apostolis
879 2423 994 2478 suis
1034 2416 1062 2462 ιι
1109 2433 1165 2480 et
1208 2417 1488 2497 discipulis
1526 2429 1642 2486 suis
1683 2427 1905 2488 tradidit
1946 2431 2175 2490 dicens:

572 2514 806 2586 Accipite
828 2557 843 2581 ,
891 2525 939 2571 et
968 2517 1104 2572 edite
1137 2533 1201 2573 ea:
1225 2517 1322 2574 hoc
1347 2535 1559 2589 omnes;
1590 2522 1688 2578 hoc
1729 2533 1804 2581 est
1831 2529 1965 2580 enim
1989 2540 2179 2600 corpus

574 2623 767 2674 meum,
808 2608 949 2677 quod
988 2626 1084 2681 pro
1110 2610 1288 2666 multis
1313 2615 1669 2692 confringatur
1696 2616 1850 2688 (Luc.
1894 2635 2028 2687 xxn,
2060 2621 2174 2693 19).

643 2702 736 2758 22.
780 2701 1044 2762 Similiter
1083 2707 1248 2762 etiam
1292 2707 1515 2765 calicem
1568 2721 1854 2784 postquam
1897 2721 2173 2772 comatum

571 2805 678 2864 est,
709 2798 887 2870 pridie
911 2798 1076 2871 quam
1111 2809 1412 2872 pateretur,
1438 2805 1676 2876 accepit,
1700 2808 1948 2878 respexit
1977 2809 2030 2865 in
2056 2823 2173 2866 cut-

570 2892 682 2950 lum
711 2891 777 2950 ad
819 2903 872 2952 te
891 2936 906 2962 ,
947 2892 1138 2952 sancte
1169 2895 1332 2953 Pater
1361 2896 1727 2970 omnipotens,
1751 2901 1957 2960 aeterne
1992 2896 2134 2962 Deus
2153 2947 2168 2974 ,

569 2990 774 3064 gratias
799 3004 995 3064 agens,
1025 2985 1343 3061 benedixit,
1376 2993 1638 3064 apostolis
1662 2990 1778 3052 suis
1805 3005 1861 3053 et
1887 2987 2170 3070 discipulis

2271 1865 2416 1938 quod
2477 1882 2682 1938 corpus
2749 1883 2908 1924 suum
2985 1869 3319 1940 accipiamus
3392 1879 3451 1926 et
3527 1873 3831 1944 sanguinem.

2277 1961 2550 2032 Numquid
2593 1961 2858 2020 debemus
2891 1964 2961 2020 de
3001 1963 3122 2036 ejus
3148 1963 3257 2022 ﬁde
3281 1974 3339 2022 et
3369 1967 3741 2024 testiﬁcatione
3760 1967 3836 2022 da-

2275 2053 2483 2112 bitare‘l

2349 2149 2512 2225 872
2561 2150 2654 2207 26.
2709 2150 2830 2209 1am
2887 2151 3002 2209 redi
3059 2168 3273 2210 mecum
3323 2155 3392 2211 ad
3449 2153 3834 2225 propositionem

2279 2261 2476 2304 meam.
2507 2246 2750 2318 Magnum
2781 2246 3002 2316 quidem
3031 2257 3088 2304 et
3119 2247 3470 2315 venerabile,
3503 2249 3644 2320 quod
3678 2261 3836 2303 manna

2277 2341 2482 2398 Judwis
2513 2342 2651 2412 pluit
2679 2358 2709 2397 e
2741 2342 2888 2406 caelo
2916 2339 3114 2414 (Exod.
3146 2358 3238 2398 xvt
3259 2385 3274 2408 ,
3315 2340 3406 2413 l3)
3440 2360 3455 2396 :
3486 2342 3581 2398 sed
3617 2341 3834 2414 intelligo.

2278 2436 2420 2505 Quid
2443 2445 2527 2491 est
2547 2435 2806 2504 amplius,
2830 2450 3026 2491 manna
3049 2435 3115 2491 de
3137 2435 3300 2502 caelo,
3324 2450 3393 2490 an
3421 2449 3622 2507 corpus
3641 2434 3836 2492 Christi!

2279 2529 2492 2602 Corpus
2523 2514 2709 2600 utique
2733 2527 2937 2586 Christi
2962 2571 2978 2598 ,
3010 2530 3102 2601 qui
3143 2538 3336 2586 auctor
3371 2539 3462 2586 est
3499 2530 3643 2588 caelia
3677 2529 3837 2586 Deinde

2281 2639 2478 2680 manna
2509 2623 2600 2694 qui
2630 2621 3001 2691 manducavit,
3031 2635 3279 2678 mortuus
3307 2632 3392 2679 est
3419 2642 3433 2678 :
3470 2625 3564 2698 qui
3595 2624 3838 2681 manduca-

2280 2714 2419 2774 verit
2451 2705 2553 2772 hoc
2575 2730 2798 2788 corpus,
2825 2713 2918 2772 ﬁet
2938 2715 2987 2771 ei
3013 2715 3268 2772 remissio
3291 2726 3665 2788 peccatorum,
3687 2726 3735 2774 et
3755 2729 3836 2772 non

2281 2809 2545 2867 morietur
2584 2809 2638 2866 in
2676 2817 2944 2866 aeternum
2972 2807 3078 2882 (De
3117 2807 3360 2878 Censen,
3386 2809 3516 2867 dist.
3549 2810 3617 2876 2,
3646 2803 3690 2864 c'.
3719 2809 3834 2872 Ante,

2283 2905 2311 2980 ᾗ
2341 2903 2442 2974 Qui
2465 2905 2731 2976 mandat.)

2349 2997 2438 3056 25.
2482 2998 2629 3073 Ergo
2654 3010 2677 3040 ο
2699 3015 2806 3057 non
2831 2995 3009 3058 Otiose
3037 2999 3176 3058 dicis
3199 3011 3256 3058 tu
3279 3018 3294 3056 :
3321 2997 3527 3072 Amen,
3552 2999 3661 3074 jam
3682 2997 3726 3055 in
3751 2995 3837 3068 spi-

567 3143 775 3214 tantum
809 3150 906 3214 per
929 3151 1060 3192 suos
1090 3132 1544 3214 eﬁ'ectus,‘alte_ra
1581 3139 1661 3196 rei
1692 3139 1855 3196 etiam
1883 3155 1980 3210 per
2008 3131 2167 3214 suam
2195 3141 2241 3204 C
2279 3137 2712 3196 consecrationis
2743 3137 2991 3214 eﬁ'ectus,
3024 3137 3140 3214 sive
3162 3131 3662 3214 ipsa'consecratio
3687 3144 3731 3190 ul
3751 3131 3834 3214 iatn

565 3207 930 3285 substantiam
985 3209 1292 3285 praesentis.
1340 3207 1494 3285 Quod
1545 3227 1680 3267 vero
1744 3207 1900 3282 urget
1948 3212 2172 3285 speciem

566 3279 955 3356 sanguinishie
982 3282 1216 3356 positam
1253 3297 1354 3356 pro
1379 3283 1637 3351 veritate,
1665 3279 2068 3356 utgop'pona'tur
2089 3285 2172 3356 ,εἰ-

570 3351 862 3426 ιιιίιιιιιόίιιί
893 3370 906 3406 :
941 3351 1053 3426 nos
1082 3351 1303 3424 quidem
1338 3355 1570 3410 fatemur
1606 3351 1843 3426 speciem
1875 3353 1981 3411 hoc
2007 3351 2171 3411 sensu

566 3423 1237 3496 quandoqnersumi,’cum
1267 3442 1463 3496 nempe
1488 3428 1541 3483 in
1579 3423 1860 3494 concreto,
1895 3437 1952 3482 ut
1983 3427 2170 3496 loqua-

568 3486 690 3570 mur
712 3486 1229 3570 cutirp‘hilosophis,
1268 3486 1573 3570 accipitur;
1617 3497 1714 3567 sed
1765 3486 2172 3556 abstracta-hoc

567 3567 691 3641 loco
731 3567 858 3636 poni
887 3566 1024 3641 jure
1052 3565 1458 3641 contendimus.
1507 3565 1641 3626 Nam
1671 3565 1728 3626 1⁰
1759 3571 1838 3626 sic
1868 3571 2010 3626 inter
2039 3586 2170 3641 spe-

569 3639 711 3693 ciem
760 3647 817 3694 et
861 3639 1278 3718 similitudinem
1329 3644 1544 3718 aliunde
1576 3653 1832 3698 servatur
1875 3639 2168 3718 oppositio,

567 3724 690 3784 cum
732 3711 946 3784 species
986 3710 1157 3784 forma
1204 3722 1433 3768 externa
1470 3716 1657 3781 sit,,et
1701 3710 1926 3784 propria
1951 3710 2173 3784 _rci,7u't

569 3780 868 3838 Perronius
887 3781 1152 3854 loquitur,
1191 3785 1513 3852 apparentia
1547 3780 1898 3842 {similitudo
1930 3801 2062 3842 vero
2089 3783 2173 3840 his

568 3853 780 3929 inlocis
823 3849 1276 3929 nihil'ajindnisi
1321 3869 1588 3912 remotam
1620 3857 1928 3929 analogiam
1974 3867 2170 3929 sonet;

563 3925 624 3981 2⁸
647 3925 736 3982 hic
767 3923 960 4001 auctor
999 3923 1200 3983 Christi
1247 3941 1448 3998 corpus
1493 3937 1656 4000 atque
1683 3923 2025 4001 sanguinem
2067 3927 2174 3986 hoc

568 4009 681 4055 toto
709 4000 891 4068 capite
918 4011 1244 4069 praesentem
1268 4001 1418 4072 clare
1442 4002 1722 4072 supponit,
1750 4012 1802 4057 nt
1821 4000 2048 4070 planum
2079 4001 2173 4056 lict

565 4072 735 4129 libera
762 4081 945 4128 mente
972 4071 1350 4141 examinanti;
1391 4074 1448 4130 5°
1487 4087 1609 4128 cum
1649 4073 1925 4145 hominem
1957 4074 2012 4145 in
2044 4071 2173 4145 hap-

569 4145 788 4216 tismate
819 4149 957 4216 mori
1002 4159 1066 4199 ac
1097 4159 1384 4216 resurgere
1413 4146 1465 4201 in
1495 4145 1594 4201 lib.
1629 4160 1688 4216 ιι,
1717 4160 1840 4214 cap.
1880 4144 1936 4210 6,
1967 4144 2174 4201 docere

569 4215 839 4286 instituat,
877 4215 928 4270 ei
970 4217 1106 4272 satis
1147 4211 1580 4274 non'estdicere
1607 4233 1620 4270 :
1645 4211 1918 4271 Inventum
1947 4227 2024 4271 est
2047 4231 2175 4286 quo-

571 4285 722 4360 modo
771 4286 925 4340 homo
954 4287 1098 4342 vivus
1148 4299 1432 4344 moreretur
1482 4299 1528 4344 et
1564 4289 1708 4344 vivus
1753 4297 2026 4360 resurget;
2062 4285 2171 4344 'scd

571 4355 727 4429 quasi
757 4369 1039 4417 vereretur
1061 4373 1128 4414 ne
1158 4360 1278 4426 quis
1300 4361 1551 4418 crederet
1571 4375 1630 4427 se
1658 4363 1712 4416 in
1746 4355 2018 4429 baptismo
2042 4374 2173 4416 vere

572 4427 796 4502 obiisse,
841 4430 1024 4502 statim
1073 4430 1359 4502 subiungit
1390 4450 1402 4488 :
1431 4433 1573 4502 Quid
1618 4445 1690 4488 est
1729 4427 1914 4487 uiuus?
1945 4430 2060 4486 Hoc
2099 4441 2172 4487 est

572 4499 676 4554 vita
687 4500 930 4577 corporis
952 4501 1123 4556 vivens
1152 4499 1270 4558 cum
1285 4499 1502 4577 ueniret
1519 4505 1588 4559 ad
1609 4505 1825 4577 fontem,
1849 4512 1897 4557 et
1921 4519 2171 4577 mergere-

574 4580 659 4625 tur
681 4572 958 4648 infantem
985 4588 1002 4627 :
1029 4589 1150 4628 cum
1180 4569 1363 4632 autem
1404 4576 1458 4632 in
1489 4569 1755 4632 hoclihro
1781 4569 1976 4648 panem
2008 4569 2062 4631 e't
2093 4569 2173 4630 vi-

576 4658 704 4697 num
737 4643 854 4698 ﬁeri
875 4657 1076 4719 corpus
1115 4661 1180 4704 ac
1209 4649 1531 4718 sanguinem
1560 4651 1718 4705 toties
1746 4643 1976 4719 repetat,
2013 4663 2175 4703 num-

573 4729 736 4784 quam
759 4722 942 4770 tamen
973 4716 1191 4774 illorum
1237 4716 1543 4776 naiaralem
1584 4716 1872 4776 remanere
1921 4719 2174 4776 substan-

579 4781 706 4862 tiam
739 4793 946 4862 monet.
979 4787 1133 4862 Adde
1161 4790 1378 4862 tandem
1405 4809 1510 4848 non
1543 4793 1715 4862 magis
1743 4790 1864 4847 tolli
1887 4789 2171 4858 horrorem

577 4859 658 4915 rei
677 4857 976 4935 cuiuspiam
1009 4860 1055 4914 si
1079 4860 1430 4935 absit,__qua_m
1454 4864 1498 4918 si
1531 4857 1780 4935 tegatur;
1811 4857 2170 4935 horrorgenim

578 4929 820 5006 nascitur
849 4945 881 4986 e
905 4945 1166 4988 sensuum
1201 4929 1514 5002 aﬁectione,
1553 4929 1675 5006 qute
1707 4951 1812 4991 non
1846 4935 1952 4990 nisi
1979 4933 2050 4990 ab
2071 4951 2168 4990 ex-

577 5011 729 5059 terna
758 5002 931 5058 forma
957 5015 1353 5064 commovetur.

648 5085 674 5114 η
719 5075 837 5132 Vox
861 5085 1032 5130 ratam
1056 5076 1248 5132 deerat
1275 5077 1328 5132 in
1359 5078 1572 5135 cunctis
1601 5078 1732 5134 edit.
1767 5094 1830 5136 ac
1870 5093 2003 5134 mss.
2037 5093 2173 5134 non-

574 5148 738 5204 nullis
769 5166 782 5202 :
811 5157 922 5202 ate
963 5147 1212 5218 pluribus
1251 5149 1370 5205 aliis
1406 5149 1731 5205 restituitur.
1763 5151 1831 5208 Et
1875 5149 2175 5219 interjcctis

576 5219 789 5294 duobus
814 5219 1028 5294 verbis,
1058 5219 1218 5276 Rom.
1262 5219 1396 5276 edit.
1425 5221 1570 5294 sola.
1603 5221 1742 5294 quod
1779 5223 1836 5292 fit
1864 5223 1916 5276 in
1952 5222 2176 5294 ﬁguram

575 5292 828 5362 corporis,
843 5299 953 5348 etc.
974 5292 1083 5350 Sed
1100 5294 1408 5348 communis
1425 5291 1524 5349 lcet
1535 5293 1585 5348 io
1601 5291 1844 5360 legitima
1858 5291 1961 5361 est,
1979 5291 2076 5348 nec
2089 5291 2175 5349 vel

577 5375 946 5419 transversum
973 5380 1212 5433 unguem
1236 5384 1264 5417 a
1300 5363 1390 5434 pio
1412 5363 1752 5420 etcatholico
1781 5379 1945 5420 sensu
1973 5363 2176 5420 abhor-

579 5452 724 5490 rens.
747 5436 991 5505 Namque
1014 5436 1139 5495 istic
1161 5452 1266 5492 non
1289 5437 1358 5494 de
1385 5434 1664 5506 oblatione
1683 5435 1942 5492 Dominici
1979 5447 2178 5506 corpn~

576 5507 652 5579 ris
676 5522 740 5579 ac
770 5509 1174 5579 sanguinisjam
1197 5518 1539 5579 consecrata,
1556 5505 1752 5579 sedde
1781 5505 2177 5577 praeparatione

576 5578 866 5634 oblationis
882 5577 975 5649 agi
1002 5577 1210 5636 clarum
1238 5588 1342 5637 est.
1363 5578 1530 5651 Atqui
1555 5577 1726 5636 hocin
1745 5588 1887 5635 statu
1911 5580 2174 5648 panicum

584 5665 846 5728 corpore,
871 5655 1080 5728 (εμῃίηο
1109 5669 1231 5726 cum
1262 5657 1526 5728 sanguine
1555 5652 1862 5728 analogiam
1887 5651 2177 5724 quamdam

585 5737 650 5778 ac
683 5721 1094 5784 similitudinem
1127 5721 1468 5788 intercedere
1495 5721 1770 5784 communi
1803 5721 2071 5783 consensu
2109 5742 2178 5784 ex

581 5791 679 5881 ss.
709 5791 959 5881 Panibus
987 5797 1186 5858 docent
1215 5801 1504 5863 Catholici.
1533 5799 1806 5860 Caeterum
1851 5807 1910 5858 ut
1943 5800 2178 5864 maxime

2316 3221 2498 3267 eracta
2527 3228 2622 3282 per
2646 3205 3091 3282 anticipationem
3121 3205 3207 3264 hic
3238 3205 3611 3282 spectaretur.
3635 3225 3740 3279 quae
3763 3205 3834 3282 ᾼΙ·

2316 3228 2498 3267 eracta
2527 3228 2622 3282 per
2646 3228 3091 3282 anticipationem
3121 3228 3207 3264 ntc
3238 3228 3611 3280 spectaretur.
3635 3228 3740 3279 quae
3763 3228 3834 3262 AP

2277 3228 2474 3338 iisrtini
2502 3286 2769 3338 sententia
2796 3291 2910 3348 est;
2943 3298 3048 3337 non
3084 3294 3263 3338 tamen
3295 3280 3430 3337 illud
3465 3289 3653 3338 contra
3689 3277 3836 3334 catho-

2277 3353 2433 3410 licam
2462 3355 2764 3426 doctrinam
2801 3353 3094 3426 quidquam
3138 3353 3362 3426 l‘aceret.
3405 3353 3544 3423 Quis
3576 3353 3710 3426 enim
3738 3366 3835 3426 pue-

2277 3429 2518 3482 rulorutn
2539 3420 2990 3496 ortltodoxprutn,
3009 3430 3100 3494 qui
3119 3425 3202 3482 vel
3227 3420 3563 3496 primoribus
3588 3425 3737 3478 labris
3752 3420 3836 3496 ele-

2277 3509 2455 3568 menta
2485 3498 2766 3568 religionis
2796 3487 3151 3565 delibavérit,
3185 3487 3294 3552 non
3335 3497 3529 3568 statim
3561 3487 3837 3568 respondeat

2277 3570 2328 3624 in
2365 3565 2703 3639 Eu'charistia
2731 3568 2839 3624 duo
2869 3570 3072 3633 inesse,
3105 3570 3319 3639 signum
3366 3565 3627 3624 videlicet
3653 3565 3716 3621 ac
3750 3579 3834 3620 rem

2275 3633 2654 3714 signiﬁcatam,
2686 3657 2782 3714 seu
2810 3633 3222 3714 sacramentum
3243 3649 3298 3696 et
3322 3656 3439 3714 r_et_n
3465 3655 3708 3714 sacram}
3731 3651 3835 3708 quo.

2278 3709 2397 3769 rum
2427 3714 2658 3769 alterum
2682 3711 2856 3772 altero
2885 3727 2991 3768 non
3014 3709 3357 3768 excluditur?
3383 3711 3652 3780 Quocirca
3681 3711 3835 3766 Perro-

2278 3785 2360 3860 ιιιίῇ
2403 3785 2555 3860 ﬁrma
2606 3781 3123 3860 et_integra__m::uet
3153 3785 3462 3860 responsio.
3495 3782 3650 3860 Quod
3695 3789 3834 3860 autent

2278 3855 2597 3935 Albcrtinus
2650 3851 2825 3935 liora;
2853 3853 3096 3935 editores
3125 3851 3443 3935 ‘adulterati
3494 3853 3711 3935 hujusce
3755 3851 3834 3935 loci

2277 3939 2384 3984 tam
2419 3921 2686 3984 invidiose
2715 3929 3024 3993 insimulat,
3061 3921 3292 3993 primum
3325 3921 3588 3996 rogamus
3615 3921 3833 3996 undeipsi

2277 4007 2492 4055 constet
2523 4015 2652 4076 mss.
2677 3999 2740 4076 in
2782 3999 3128 4076 quoiegatur
3165 4001 3222 4076 ﬁt
3267 3999 3322 4076 in
3363 3995 3592 4073 ﬁguram
3619 4039 3634 4064 ,
3673 3995 3834 4076 nullum

2275 4084 2514 4150 exstare.
2557 4075 2649 4138 At,
2676 4063 2850 4150 inquit
2876 4063 2998 4150 ille:
3033 4063 3830 4150 a‘lio_'mod_o-'virt._outnes.ed_it.

2277 4138 2458 4199 runt-ti
2491 4137 2647 4210 ωδε..
2677 4137 3023 4215 Paschasius,
3041 4143 3274 4215 denique
3293 4137 3589 4215 Dnrandns
3615 4152 3667 4198 et
3681 4138 3838 4215 aliilo:

2275 4231 2398 4272 cum
2431 4215 2686 4288 eﬁ'et'uut.
2731 4213 2988 4288 Fateatur
3019 4211 3236 4288 quidem
3258 4255 3272 4278 ,
3309 4213 3407 4288 sed
3434 4211 3834 4288 zcorruptioluci

2275 4289 2413 4342 adeo
2441 4287 2673 4357 celebris
2699 4303 2766 4341 eo
2796 4285 3010 4341 videtur
3038 4281 3217 4341 minus
3257 4281 3588 4357 probabilis,
3619 4301 3716 4356 quo
3738 4281 3836 4335 laci-

2277 4358 2379 4414 lins
2401 4355 2649 4415 convinci
2681 4367 2875 4429 potest.
2910 4357 3065 4414 Adde
3095 4373 3202 4413 non
3241 4355 3349 4412 tam
3379 4355 3833 4429 atrocemcorrup~

2277 4430 2440 4490 tionis
2459 4427 2755 4506 censuram
2776 4473 2791 4497 ,
2833 4429 2904 4485 ibi
2946 4429 3268 4506 :iiligeitdattt
3290 4471 3306 4494 ,
3338 4427 3429 4484 ubi
3475 4429 3655 4486 verbis
3687 4436 3834 4506 paratu

2278 4505 2524 4568 unitatis,
2552 4503 2740 4558 eadem
2774 4495 3065 4558 sentcntia'
3079 4501 3238 4572 plane
3275 4512 3522 4557 remanet
3548 4519 3560 4555 :
3591 4495 3722 4572 quod
3745 4495 3836 4565 (ιιιίο

2276 4573 2520 4651 de_m_hic
2537 4573 2744 4651 iactum
2776 4573 3100 4651 esse‘liquet
3127 4589 3193 4651 ex
3219 4573 3404 4651 di_ctis.
3701 4639 3713 4651 υ

2346 4644 2373 4684 b
2397 4642 2464 4722 Et
2479 4645 2764 4722 piscinalis
2781 4647 2890 4722 suis
2908 4643 2960 4699 in
2976 4641 3090 4698 sola
3107 4641 3240 4722 edit.
3263 4641 3423 4700 Rom.
3449 4641 3833 4722 prmlermis‘s‘unt

2275 4728 2378 4790 est.
2415 4717 2559 4774 Infra
2597 4711 2760 4790 etiam
2790 4717 2879 4772 ubi
2911 4731 3100 4772 omnes
3121 4715 3253 4790 edit.
3297 4731 3418 4790 cum
3451 4711 3599 4790 ’tnss.
3619 4711 3837 4790 omnibus

2275 4789 2478 4859 ferunt,
2506 4806 2602 4860 pro
2633 4785 3208 4862 multisconfringetitr.
3230 4783 3418 4844 eadem
3445 4789 3585 4845 edit.
3618 4783 3756 4862 Iiont.
3783 4783 3836 4862 ila

2275 4851 2549 4938 correxit,
2591 4877 2696 4938 pro
2739 4856 2880 4915 vobis
2933 4851 3118 4938 datur,-
3166 4857 3402 4938 forte_ut_
3443 4859 3681 4938 auctoris
3707 4851 3835 4938 verba

2276 4903 2749 5014 Eiiibin'iuirgim
2794 4903 3253 5014 accommodaret:
3291 4927 3404 5014 _Sed
3442 4929 3688 5014 quamvis
3723 4925 3834 5014 idem

2277 5003 2370 5058 ille
2396 5019 2596 5079 canon,
2613 4999 2679 5079 ut
2701 5020 2884 5074 super.
2917 5019 3038 5074 cap.
3062 5015 3117 5059 ει
3145 5005 3196 5058 ἱιι
3225 4999 3510 5079 ᾼᾶιιιιιηίι.
3530 5003 3834 5079 observatum

2277 5085 2398 5155 est,
2431 5077 2517 5148 hic
2547 5073 2998 5155 referatur-seum
3033 5086 3210 5130 tamen
3258 5073 3364 5130 'non
3413 5073 3835 5155 eahiberiuneqt’tf

2278 5141 2545 5226 integrum
2571 5190 2585 5213 ,
2611 5148 3010 5226 neqttetiisdem
3057 5162 3276 5226 semper
3319 5147 3549 5202 vocibus
3589 5141 3834 5226 quibusin

2279 5211 2588 5292 m‘issalibus
2611 5211 2777 5292 libris,
2793 5211 3046 5292 habetur,
3078 5211 3235 5292 facile
3261 5229 3541 5292 agnoscet,
3573 5211 3660 5292 qui
3683 5213 3835 5292 ambo?

2277 5285 2590 5364 contulerit.
2629 5291 2782 5364 Quod
2833 5285 2916 5347 vel
2957 5289 3136 5364 inﬁdae
3163 5281 3399 5346 auctoris
3426 5281 3733 5352 memoriae,
3766 5281 3830 5334 τοι

2281 5361 2526 5438 varietati
2567 5361 2818 5438 codicum
2849 5363 3222 5438 imputandum
3253 5371 3354 5438 est.
3758 5426 3770 5438 .

2353 5445 2375 5473 ε
2416 5434 2548 5492 Gill.
2571 5447 2620 5492 et
2654 5429 2812 5490 Rom.
2842 5429 2975 5490 edit.
3006 5449 3130 5490 cum
3167 5433 3352 5505 paucis
3391 5447 3553 5496 mss.,
3583 5447 3682 5505 non
3707 5429 3834 5483 οιῑοδι

2279 5524 2397 5568 cum
2447 5509 2640 5578 accipis
2667 5549 2682 5579 ,
2723 5517 2776 5562 tu
2815 5508 2976 5579 dicis;
3017 5504 3234 5572 quidam
3279 5504 3832 5579 conn-respondeat!)

2279 5549 2470 5646 ‘Am'en;
2504 5549 2723 5658 Ᾰίιεςὶλ
2749 5549 3088 5658 atqueitira's.
3120 5593 3241 5632 eum
3277 5549 3604 5658 lll§§.:l0l_lgc
3629 5566 3834 5658 plttt'ititlf

2289 5649 2798 5730 probatissitt_zisque
2829 5651 3107 5730 omittunt,
3129 5665 3244 5720 cum
3267 5649 3479 5730 accipis.
3511 5649 3594 5730 Et
3615 5649 3834 5730 continuo

2288 5708 2436 5798 post.
2454 5726 2541 5784 ubi
2565 5724 2672 5782 edit
2685 5766 2698 5781 .
2714 5708 2944 5798 omnes,
2959 5740 3022 5781 ac
3054 5708 3236 5798 plures
3266 5708 3422 5798 mssl,
3435 5722 3501 5798 in
3515 5708 3834 5798 spiritu}:an

2287 5787 2433 5876 ἱρηιὲ
2448 5799 2538 5856 alii
2569 5814 2702 5872 mss.
2727 5787 2940 5876 aliquot
2964 5787 3345 5872 praeferunt,in
3370 5787 3562 5867 spiritu
3585 5787 3826 5863 conﬁdent.
