4042 6294
527 278 635 340 44⁸1
1851 271 2095 332 SANCTI

2236 269 2461 329 BROSII
3714 263 3804 318 ιιι

527 416 638 458 non
671 407 924 472 possent,
951 397 1117 471 jussit
1148 396 1289 453 Deus
1321 394 1495 469 Moysi
1542 404 1600 451 ut
1643 402 1890 463 tangeret
1914 401 2127 464 petram
2158 393 2211 453 Α
2233 397 2512 447 cramenta
2548 400 2635 444 tua
2667 402 2833 460 super
2861 387 3068 443 vinum.
3100 386 3281 457 Super
3303 382 3438 440 illud
3460 381 3663 446 vinum,
3686 380 3804 472 quod

529 492 599 550 de
627 470 801 566 virga.
832 470 1035 562 Tetigit
1059 499 1294 562 petram,
1325 498 1383 546 et
1413 499 1563 561 petra
1608 487 1808 545 undam
1838 486 2130 542 maximam
2230 484 2331 539 etsi
2350 481 2671 538 suavitatem
2698 480 2882 547 habet,
2913 480 3153 535 l:etitiam
3179 476 3368 543 habet,
3386 472 3619 547 gratiam
3639 470 3805 533 habet;

530 585 694 654 fudit,
724 586 866 644 sicut
893 583 1189 657 Apostolus
1216 586 1327 639 ait:
1350 583 1601 639 Bibebant
1629 593 1802 639 autem
1825 592 1851 619 ι
1877 582 1940 638 de
1969 581 2131 652 spiri-

531 678 629 734 tali
657 679 982 748 consequenti
1021 694 1108 733 eas
1151 688 1298 751 petra
1323 693 1343 732 :
1370 687 1515 750 petra
1555 687 1726 731 autem
1760 682 1871 731 erat
1898 675 2134 730 Christus

530 770 717 844 (lCar.
733 787 786 839 x,
806 769 889 841 4).
908 768 1027 826 Non
1049 768 1345 825 immobilis
1362 777 1513 837 petra
1528 784 1648 838 QII’I!
1668 767 1923 838 populum
1941 780 2134 837 seque-

531 864 715 922 batur.
761 863 831 919 Et
861 874 917 919 tu
940 861 1083 929 bibe,
1112 870 1168 917 ut
1195 870 1248 918 te
1274 860 1521 916 Christus
1541 871 1820 932 sequatur.
1856 858 1990 915 Vide
2018 874 2135 929 my-

531 956 784 1014 sterium.
815 955 1053 1028 Moyses,
1082 954 1189 1009 hoc
1215 961 1320 1019 est,
1356 953 1619 1023 prapheta
1648 968 1663 1008 :
1698 953 1869 1022 virga,
1898 950 2003 1006 hoc
2027 960 2130 1019 est,

533 1036 767 1108 verbum,
789 1050 906 1107 Dei.
931 1046 1095 1122 375
1111 1047 1381 1104 Sacerdos
1405 1047 1571 1102 verba
1593 1046 1691 1102 Dei
1712 1046 1880 1118 tangit
1902 1055 2131 1117 petram,

535 1152 591 1201 et
619 1143 739 1199 ﬂuit
768 1157 906 1214 aqua
928 1183 943 1207 ,
971 1150 1026 1197 et
1066 1140 1199 1196 bibit
1241 1139 1473 1211 populus
1506 1139 1623 1195 Dei.
1654 1139 1849 1210 Tangit
1877 1154 2008 1209 ergo
2048 1153 2136 1193 sa-

534 1236 752 1303 cerdos,
780 1233 1045 1291 redundat
1073 1247 1211 1303 aqua
1244 1233 1296 1288 in
1326 1233 1517 1295 calice,
1551 1231 1677 1287 salit
1703 1232 1756 1286 in
1790 1232 1953 1286 vitam
1978 1239 2136 1286 teter-

535 1348 683 1398 nam,
714 1338 770 1387 et
799 1328 932 1385 hibit
966 1328 1198 1400 papulas
1226 1325 1346 1393 Dei,
1376 1325 1471 1397 qui
1499 1325 1590 1382 Dei
1609 1324 1842 1397 gratiam
1869 1336 2132 1380 consecu-

535 1433 622 1481 tus
653 1433 758 1481 est.
791 1422 1032 1478 Didicisti
1056 1436 1189 1491 ergo
1221 1419 1346 1475 hoe.
1893 1482 1900 1489 .

602 1521 658 1575 4.
683 1518 883 1589 Accipe
909 1527 965 1572 et
989 1514 1165 1572 aliud.
1197 1515 1253 1572 In
1281 1524 1525 1585 tempore
1550 1513 1850 1570 Dominicac
1868 1511 2137 1584 passionis

531 1625 654 1669 cum
674 1610 963 1667 sabbatum
990 1624 1248 1681 magnum
1280 1608 1539 1672 instaret,
1568 1607 1693 1678 quia
1717 1605 1745 1645 ιι
1780 1607 1992 1661 \ivcbat
2028 1607 2136 1662 Do-

532 1705 713 1761 minus
743 1711 932 1760 noster
958 1702 1118 1759 Jesus
1149 1700 1405 1758 Christus
1434 1700 1519 1756 vel
1542 1700 1805 1767 latrones,
1831 1701 1982 1755 missi
2011 1708 2137 1755 sunt

2233 585 2413 633 tamen
2444 578 2495 632 in
2526 575 2621 632 illo
2674 575 2865 631 lmtitia
2898 573 3197 641 stecularis,
3233 573 3287 627 in
3317 581 3372 627 te
3416 578 3602 624 autem
3646 566 3810 638 jucun-

2231 670 2373 727 ditas
2401 681 2486 726 est
2530 669 2810 739 spiritalis.
2857 667 2976 725 iam
3012 678 3138 723 tunc
3180 680 3313 736 ergo
3340 663 3607 721 Salomon
3636 660 3811 715 inducit

2234 764 2452 833 nuptias
2480 764 2562 820 vel
2595 762 2795 818 Christi
2825 770 2880 819 et
2907 761 3189 825 Ecclesim,
3221 758 3309 815 vel
3333 758 3568 830 spiritus
3594 753 3810 811 etcarnis

2233 864 2290 913 et
2317 856 2539 911 animm.

2304 951 2358 1007 9.
2401 950 2470 1006 Et
2490 948 2742 1006 addidit:
2795 948 3123 1020 Unguentum
3173 945 3502 1002 exinanitum
3545 952 3619 996 est
3660 955 3811 995 nomen

2233 1054 2396 1113 tumu,
2424 1055 2693 1117 propterea
2721 1043 3114 1099 adolescentulus
3133 1042 3425 1096 dilexerunt
3452 1049 3505 1095 te
3534 1035 3722 1109 (llud,
3745 1033 3810 1105 ἓ).

2234 1137 2367 1206 Qua:
2394 1147 2522 1195 sunt
2568 1140 2686 1195 istae
2726 1135 3173 1201 adulescentula),
3216 1134 3320 1190 nisi
3351 1132 3558 1188 anima:
3606 1127 3814 1199 singulo-

2235 1248 2377 1299 rum,
2417 1248 2538 1304 qua:
2567 1231 2946 1301 deposuerunt
2977 1231 3136 1286 istius
3181 1226 3433 1299 corporis
3481 1232 3812 1287 senectutem,

2237 1336 2510 1383 renovata:
2557 1341 2652 1395 per
2675 1324 2940 1396 Spiritum
2968 1319 3265 1380 sanctum?

2311 1420 2396 1475 lO.
2441 1417 2653 1474 Attralte
2682 1433 2798 1484 nas,
2824 1426 2936 1488 post
2962 1415 3176 1471 adorent
3218 1421 3606 1483 unguentorum
3640 1419 3814 1462 tuarum

2238 1529 2499 1568 cui-remus
2524 1509 2725 1583 (Ibid.,
2756 1509 2845 1581 5).
2872 1508 3009 1565 Vide
3031 1508 3154 1578 quid
3196 1507 3363 1561 dicat.
3406 1502 3537 1560 Non
3570 1509 3715 1570 potes
3744 1516 3814 1554 se-

2237 1604 2328 1674 qui
2355 1603 2655 1670 Christum,
2680 1600 2782 1656 nisi
2809 1601 2925 1671 ipse
2955 1611 3005 1655 te
3031 1598 3291 1654 attrahat.
3311 1596 3563 1665 Denique
3591 1603 3648 1648 ut
3671 1592 3814 1647 scias:

2240 1695 2368 1750 Cum
2407 1697 2691 1758 exaltatus,
2725 1694 2932 1762 inquit,
2965 1692 3149 1763 fuero,
3179 1690 3355 1747 omnia
3383 1688 3600 1744 traham
3649 1685 3712 1739 ad
3755 1700 3818 1739 me

530 1798 623 1870 qui
672 1806 1023 1868 perculerant
1067 1810 1214 1851 eos:
1260 1795 1540 1851 venientes
1582 1803 1762 1851 autem
1812 1794 2137 1850 invenerunt
2167 1789 2214 1850 B
2240 1790 2409 1861 ipsum
2431 1787 2615 1861 (Joan.
2662 1802 2754 1853 xu,
2788 1787 2902 1856 52).

528 1886 852 1945 defunctum
881 1888 1174 1944 Dominum
1197 1887 1384 1944 lesum
1409 1887 1722 1954 Christum;
1753 1895 1883 1942 tunc
1906 1901 2043 1942 unus
2068 1886 2138 1943 de

534 1982 800 2038 miltiibus
828 1982 1017 2039 lancea
1048 1982 1221 2054 tetigit
1265 1983 1405 2038 latus
1433 1981 1590 2053 ejus,
1622 1992 1679 2039 et
1717 1982 1785 2039 de
1814 1983 1984 2039 latere
2016 1984 2138 2053 eius

530 2091 670 2149 aqua
701 2075 859 2134 ﬂuxit
883 2087 939 2134 et
964 2079 1188 2149 sanguis
1216 2077 1399 2151 (Joan.
1430 2093 1552 2142 nx,
1592 2079 1663 2135 55
1692 2088 1738 2133 et
1766 2080 1923 2151 seq.).
1956 2078 2137 2148 Quare

533 2170 713 2240 aqua?
738 2185 912 2241 quare
934 2170 1189 2242 sanguis?
1211 2173 1389 2242 Aqua,
1420 2181 1479 2227 ιιι
1506 2171 1829 2228 emundaret
1852 2191 1865 2227 :
1890 2173 2132 2245 sanguis,

534 2272 594 2317 ut
632 2263 950 2319 redimeret.
982 2263 1162 2333 Quare
1207 2264 1277 2320 de
1323 2264 1533 2322 latere?
1571 2265 1704 2333 Quia
1757 2266 1901 2322 unde
1951 2267 2132 2338 culpa,

537 2356 664 2413 inde
688 2357 883 2428 gratia.
910 2354 1079 2429 Culpa
1103 2372 1200 2429 per
1220 2358 1501 2425 feminam,
1524 2358 1695 2431 gratia
1723 2372 1819 2428 per
1843 2358 2134 2414 Dominum

533 2447 720 2504 Iesum
733 2445 1007 2505 Christum
1023 2448 1128 2523 (De
1148 2449 1389 2518 Causam,
1412 2449 1535 2505 dist.
1550 2450 1606 2519 2,
1621 2465 1669 2505 c.
1686 2446 1752 2505 In
1765 2448 1998 2518 calicem,
2015 2449 2044 2521 §
2064 2449 2137 2507 De

538 2538 743 2612 latere).

1176 2635 1405 2693 CAPUT
1441 2636 1507 2692 ll.

537 2749 986 2817 Quemadmodum
1025 2753 1115 2823 qui
1160 2752 1666 2821 mundatus'fuerit,
1717 2760 1765 2806 et
1810 2750 2053 2806 invitetur
2103 2768 2135 2806 (ι

607 2842 830 2910 Christo,
859 2854 908 2898 et
936 2844 1048 2915 ipse
1075 2844 1144 2898 ad
1177 2844 1588 2918 tntyslimabilent
1619 2845 1927 2898 sacramenti
1961 2844 2132 2897 suasi-

607 2948 762 2994 tatem
797 2940 1011 3010 aspiret,
1051 2941 1269 3012 mystica
1305 2940 1647 3010 quarumdam
1674 2955 1702 2993 e
1731 2939 1958 2994 Canticis
1997 2939 2135 2994 laca-

605 3049 722 3088 rum
746 3033 1170 3104 interpretatione
1197 3032 1503 3088 ostenditur.

2312 1882 2399 1937 ll.
2433 1880 2654 1936 Induxi:
2685 1896 2765 1935 me
2794 1878 2908 1934 Rea:
2938 1870 2990 1934 in
3029 1878 3324 1933 cubiculum
3372 1892 3553 1931 suum.
3587 1873 3817 1930 Graecus:

2244 1986 2267 2011 ε
2290 1973 2357 2030 In
2383 1974 2795 2045 pramptuarium
2815 1968 2988 2038 suum,
3011 1981 3058 2027 et
3076 1971 3129 2026 in
3159 1970 3438 2026 cellarium
3464 1984 3643 2036 suum,
3664 1965 3816 2022 habet.

2241 2069 2343 2127 Ubi
2370 2069 2510 2125 bona
2535 2068 2815 2131 libamina,
2845 2064 2865 2104 ί
2889 2066 2977 2121 ubi
3004 2065 3137 2122 boni
3159 2066 3379 2131 odores,
3412 2062 3510 2119 ubi
3542 2060 3697 2117 mella
3718 2072 3818 2112 sua-

2241 2165 2350 2231 via,
2384 2163 2475 2217 ubi
2509 2163 2716 2218 [ructus
2747 2159 2971 2227 diversi,
3003 2159 3093 2216 ubi
3125 2157 3303 2228 epulae
3334 2158 3544 2224 variae;
3589 2163 3647 2211 ut
3680 2152 3819 2224 pluri-

2241 2258 2344 2314 tuis
2375 2257 2553 2329 epulis
2584 2264 2732 2311 tuum
2759 2254 3044 2328 prandium
3072 2252 3389 2309 condiatur.

2847 2391 3076 2451 CAPUT
3128 2390 3217 2448 Ill.

2241 2491 2407 2562 Quam
2438 2492 2615 2547 uberes
2641 2489 2711 2544 ad
2735 2505 2819 2544 eas
2843 2491 2930 2559 qui
2960 2487 3285 2543 Dominicum
3306 2503 3509 2557 corpus
3529 2482 3816 2553 acceperint,

2310 2590 2510 2659 fructus
2559 2585 2771 2640 redeant
2794 2600 2814 2649 ;
2839 2593 2890 2640 et
2914 2599 3140 2651 quanam
3161 2581 3315 2637 modo
3347 2580 3612 2635 Ecclesia
3636 2578 3698 2633 de
3719 2592 3818 2630 can-

2308 2681 2535 2735 vivarum
2579 2679 2906 2734 multitudine
2935 2677 3169 2752 gestienti
3196 2676 3519 2748 respondeat
3565 2671 3819 2729 Christus:

2309 2783 2553 2846 quantum
2581 2773 2799 2843 denique
2822 2772 3004 2843 fideles
3034 2788 3097 2826 ea:
3122 2768 3452 2842 Egyptiaca
3498 2767 3734 2823 seruitute
3756 2779 3821 2815 re-

2310 2870 2464 2923 duces
2506 2868 2561 2922 in
2589 2867 2689 2922 hac
2720 2884 2837 2922 esca
2865 2867 3092 2921 sentiant
3113 2862 3529 2939 jucunditatem.

2313 3005 2399 3061 12.
2440 3006 2583 3075 Ergo
2642 3004 2839 3061 venisti
2893 3002 2960 3059 ad
3035 3002 3228 3068 altare,
3302 2998 3575 3070 accepisti
3648 3006 3819 3065 corpus

2237 3099 2461 3155 Christi.
2493 3097 2636 3153 Audi
2667 3097 2868 3153 iterum
2890 3112 3013 3168 quae
3033 3102 3374 3151 sacramenta
3399 3106 3465 3147 es
3491 3098 3814 3147 consecutus.

603 3191 658 3245 5.
704 3189 907 3246 Venisti
934 3190 1001 3245 ad
1030 3191 1224 3255 altare,
1264 3199 1423 3247 vocat
1451 3199 1504 3247 te
1537 3189 1797 3246 Dominus
1824 3191 1985 3248 Jesus
2004 3234 2018 3259 ,
2045 3193 2133 3248 vel
2162 3190 2205 3251 C
2238 3194 2377 3249 Audi
2400 3192 2672 3248 dicentem
2696 3200 2947 3247 sanctum
2971 3189 3140 3246 David
3173 3206 3188 3254 ;
3216 3198 3273 3245 et
3303 3188 3395 3243 ille
3428 3186 3484 3241 in
3507 3180 3818 3256 Spiritnhnc

528 3285 767 3340 animam
817 3291 984 3352 tuam,
1032 3284 1117 3339 vel
1154 3284 1451 3340 Ecelesiam
1473 3325 1489 3352 ,
1523 3292 1577 3339 et
1611 3284 1724 3339 ait:
1757 3283 2031 3341 Osculetur
2056 3304 2135 3340 me

530 3377 594 3430 ab
619 3376 809 3431 osculis
853 3377 960 3431 aris
1003 3378 1084 3431 sui
1112 3373 1286 3447 (Cant.
1332 3392 1370 3442 ι,
1405 3376 1480 3448 ~l).
1516 3374 1610 3431 Vis
1638 3376 1705 3430 ad
1732 3374 2007 3432 Christum
2036 3392 2133 3449 ap-

532 3468 683 3524 tare?
717 3467 860 3524 Nihil
896 3470 1124 3542 gratius.
1153 3468 1250 3525 Vis
1280 3467 1348 3525 ad
1393 3468 1630 3525 animam
1664 3468 1849 3524 tuam?
1878 3468 2021 3525 Nihil
2046 3469 2134 3541 ju-

533 3559 785 3617 cundius.

602 3653 656 3710 6.
703 3653 976 3710 Osculetur
1004 3672 1101 3710 me.
1137 3666 1159 3694 ο
1187 3655 1353 3713 Vides
1381 3665 1434 3713 te
1461 3657 1721 3713 mundum
1744 3672 1867 3714 esse
1894 3656 1962 3711 ab
1984 3656 2132 3712 omni

532 3756 778 3819 peccato,
803 3749 927 3819 quia
953 3746 1152 3804 delicta
1180 3749 1395 3806 detersa
1419 3760 1572 3816 sunt;
1602 3750 1725 3807 ideo
1751 3760 1802 3806 te
1824 3764 2135 3805 sacramen-

530 3839 602 3896 tis
630 3840 947 3897 ccelestibus
973 3841 1195 3914 dignum
1221 3842 1427 3913 judicat
1452 3852 1508 3897 et
1539 3843 1661 3898 ideo
1690 3843 1884 3897 invitat
1913 3841 1979 3897 ad
2019 3857 2133 3899 roe-

530 3934 669 3991 leste
688 3935 1032 3991 convivivum
1070 3953 1083 3990 :
1121 3935 1397 3992 Osculetur
1420 3953 1499 3992 me
1521 3936 1583 3990 ab
1612 3937 1806 3992 osculis
1827 3936 1933 3991 aris
1958 3937 2060 3989 sui.

604 4031 655 4086 7.
698 4030 903 4088 Tamen
936 4041 1161 4102 propter
1194 4032 1485 4102 sequentia
1520 4030 1700 4085 anima
1748 4042 1868 4098 tua,
1913 4031 1999 4085 vel
2033 4030 2134 4085 hu—

529 4139 687 4181 mana
739 4124 1003 4189 conditio,
1050 4123 1130 4178 vel
1164 4123 1406 4179 Ecclesia
1441 4123 1637 4180 videns
1672 4139 1732 4179 se
1774 4125 1840 4180 ab
1886 4124 2137 4180 omnibus

529 4216 844 4272 mundatam
875 4231 996 4272 esse
1028 4216 1264 4287 peccatis
1286 4256 1305 4285 ,
1338 4225 1395 4272 et
1435 4216 1654 4288 dignam
1693 4231 1815 4288 qum
1855 4215 1923 4272 ad
1963 4218 2136 4274 altare

529 4307 727 4386 Christi
761 4310 934 4379 possit
961 4308 1226 4365 accedere
1254 4309 1408 4381 (quid
1445 4319 1531 4366 est
1560 4309 1710 4366 enim
1740 4309 1912 4366 altare
1932 4352 1948 4376 ,
1977 4308 2004 4347 ἀ
2030 4310 2135 4366 nisi

526 4398 703 4455 forma
725 4403 969 4472 corporis
990 4400 1219 4471 Christi)
1242 4401 1378 4457 vidit
1405 4415 1744 4458 sacramenta
1769 4403 2059 4471 mirabilia,
2082 4412 2136 4458 et

530 4491 607 4547 ait
636 4509 648 4547 :
684 4492 954 4547 Osculelur
982 4510 1060 4549 me
1090 4495 1152 4549 ab
1182 4495 1372 4550 osculis
1401 4495 1565 4569 375
1606 4497 1713 4553 aris
1738 4499 1848 4564 sui,
1882 4495 1987 4553 hoc
2015 4507 2131 4565 est,

530 4588 778 4644 osculum
808 4587 939 4643 mihi
970 4588 1225 4646 Christus
1253 4592 1455 4662 inligat.

606 4681 658 4736 8.
702 4679 922 4749 Quare?
969 4681 1107 4749 Quia
1159 4684 1372 4737 meliora
1417 4683 1576 4739 ubera
1626 4694 1714 4739 tua
1761 4701 1913 4755 super
1958 4686 2132 4740 vinum

540 4770 721 4845 (Cant.
750 4788 789 4838 ι,
824 4772 918 4845 l);
953 4774 1057 4829 hoc
1084 4786 1187 4841 est,
1223 4776 1472 4833 meliores
1500 4791 1717 4846 sensus,
1763 4779 1988 4835 meliora
2026 4795 2130 4842 ,sa-

611 4923 637 4951 ιι
680 4912 823 4969 Ειιίι.
856 4923 963 4968 vel.
990 4923 1046 4970 et
1084 4927 1218 4969 mss.
1253 4916 1423 4970 multo
1463 4916 1676 4986 plures,
1708 4918 1773 4970 de
1809 4919 2133 4985 causequemi

536 4996 714 5059 petra;
741 4986 920 5041 Ιὶοιῐι..
947 4985 1011 5059 de
1038 4987 1366 5056 consequenti
1385 4985 1505 5059 eos;
1530 4985 1771 5044 Claront.
1804 5000 1857 5043 et
1888 4990 2132 5044 nonnulli

537 5057 626 5112 alii
651 5100 666 5124 ,
696 5058 762 5132 de
784 5058 1035 5132 spiritali,
1075 5068 1181 5112 etc.
1215 5074 1228 5110 :
1255 5057 1398 5132 quod
1429 5058 1741 5128 Apostolico
1766 5064 1931 5115 textui
1965 5062 2137 5132 magis

538 5129 811 5201 enitgruit.
842 5129 988 5184 Idem
1030 5141 1212 5183 autem
1250 5127 1489 5183 Clarum.
1519 5133 1778 5185 continuo
1814 5141 1934 5198 post
1976 5127 2135 5201 legit,

544 5200 751 5273 Moyses
794 5202 1048 5271 propheta
1079 5202 1222 5273 virga
1246 5243 1261 5268 ,
1294 5202 1389 5254 hac
1416 5211 1531 5269 est,
1572 5203 1724 5255 verba
1764 5201 1861 5257 Dei
1900 5200 2142 5259 sacerdos

543 5276 708 5343 tangit
738 5284 959 5342 petram.
989 5282 1096 5328 ctc.
1544 5342 1563 5343 ί
1614 5288 1619 5301 ·

618 5342 643 5383 δ
687 5348 845 5400 liam.
873 5345 1008 5401 edit.
1032 5387 1046 5411 ,
1095 5345 1219 5415 quia
1249 5343 1497 5413 pendebat
1532 5342 1877 5401 Dominus....
1911 5347 2039 5402 inter
2064 5349 2143 5402 la-

544 5428 736 5482 trones,
767 5419 910 5472 missi
937 5427 1059 5472 sunt
1087 5417 1176 5486 qui
1202 5424 1522 5483 percuterent
1544 5430 1754 5469 eum....
1786 5416 1965 5472 lancea
2001 5418 2142 5473 latus

545 5489 658 5550 eius
684 5490 918 5558 aperuit;
958 5488 1077 5544 alia:
1114 5502 1177 5544 ac
1206 5502 1339 5542 mss.
1388 5500 1581 5541 omnes
1630 5494 1690 5540 ut
1726 5487 1777 5540 in
1825 5496 1996 5555 textu,
2040 5490 2142 5545 nisi

547 5558 691 5629 quod
719 5560 858 5616 Tell.
884 5576 1021 5617 unus
1043 5561 1195 5630 legit,
1223 5566 1543 5632 percuterent
1565 5573 1652 5613 eos
1673 5559 1913 5627 virentes,
1935 5561 2145 5617 invene-

548 5639 689 5693 runt,
716 5640 821 5686 ctc.

626 5706 650 5733 θ
680 5701 879 5758 Omnes
904 5704 1061 5767 edit.,
1084 5704 1236 5776 Videt
1264 5713 1348 5771 te;
1378 5717 1568 5759 omnes
1597 5716 1756 5769 mss.,
1795 5701 1948 5759 Vides
1977 5713 2045 5760 te.
2074 5704 2146 5762 At

552 5778 681 5840 post
703 5774 876 5840 pauca
918 5774 1312 5832 υὺίινειριιιιὶι.
1343 5790 1466 5832 cum
1512 5789 1644 5836 mss.
1692 5791 1799 5836 nnn
1847 5776 2049 5841 multis,
2080 5778 2144 5832 de

553 5853 689 5897 terra
733 5854 882 5907 sunt;
924 5846 1101 5915 aptius
1149 5846 1273 5903 Gill.
1324 5848 1378 5904 in
1420 5848 1589 5919 marg.
1621 5863 1683 5903 ac
1722 5846 1879 5906 Rom.
1925 5842 2054 5905 'edit.
2088 5849 2139 5903 in

2235 3287 2492 3359 mysteria
2519 3286 2875 3357 ptas-videbat,
2908 3296 2962 3341 et
2992 3284 3301 3349 laetabatur,
3334 3293 3387 3336 et
3425 3279 3566 3335 nihil
3610 3276 3708 3333 sibi
3736 3273 3814 3327 ah-

2237 3395 2363 3436 esse
2406 3379 2645 3435 dicebat.
2705 3378 2932 3448 Quare?
2977 3378 3113 3448 Quia
3164 3378 3255 3447 qui
3307 3375 3595 3447 acceperit
3654 3384 3820 3441 corpus

2234 3473 2460 3541 Christi,
2492 3490 2599 3528 non
2630 3473 2840 3529 esuriet
2871 3474 2923 3528 in
2969 3480 3257 3529 attentum.

2313 3569 2397 3624 15.
2439 3567 2667 3637 Quoties
2712 3567 2912 3622 audisti
2970 3567 3294 3622 vicesimum
3342 3565 3647 3621 secundum
3694 3559 3817 3633 psal-

2237 3677 2408 3725 mum,
2437 3670 2622 3716 etnon
2652 3659 3011 3717 intellexisti?
3042 3658 3177 3715 Vide
3197 3656 3660 3729 quemadmodum
3687 3662 3817 3725 aptus

2235 3758 2308 3810 sit
2361 3754 2676 3809 cmlestibus
2705 3750 3068 3808 sacramentis
3090 3749 3204 3822 (De
3229 3750 3474 3818 Cansec.,
3497 3750 3624 3804 dist.
3644 3747 3745 3814 εκ.
3763 3742 3815 3797 In

2233 3847 2465 3914 calicem,
2491 3846 2520 3918 §
2554 3846 2690 3900 Audi
2718 3843 3046 3916 psalmum):
3076 3842 3338 3899 Dominus
3366 3843 3535 3914 pascit
3564 3858 3661 3905 me,
3689 3848 3730 3895 et
3756 3837 3818 3891 ni-

2236 3938 2313 3992 hil
2345 3938 2471 3993 mihi
2501 3939 2690 4006 deerit,
2724 3938 2777 3992 in
2804 3938 2916 3993 loco
2959 3952 3169 4007 pascua:
3196 3935 3266 3990 ibi
3294 3952 3376 3990 me
3396 3933 3690 3989 collocarit.
3738 3929 3818 3981 .‘u-

2238 4050 2331 4105 per
2375 4050 2563 4101 aquam
2612 4032 2911 4103 refectionis
2967 4031 3205 4084 educavit
3256 4045 3359 4095 me,
3405 4029 3637 4083 animant
3685 4036 3816 4078 meam

2236 4126 2500 4181 convertit.
2551 4123 2778 4179 Deduxit
2811 4140 2888 4197 me
2933 4140 3090 4193 super
3127 4124 3337 4178 semitas
3356 4121 3588 4194 justitia:
3635 4125 3815 4190 propter

2237 4234 2420 4272 nomen
2464 4233 2634 4271 suum.
2691 4214 2828 4270 Nam
2872 4215 2969 4271 etsi
3016 4214 3275 4270 ambulem
3319 4215 3374 4295 in
3429 4214 3601 4269 media
3656 4210 3818 4267 umbra:

2237 4310 2439 4376 martis,
2504 4324 2604 4362 nan
2653 4307 2837 4361 timeba
2876 4307 3055 4371 mala;
3104 4310 3355 4379 quoniam
3408 4316 3467 4361 tu
3516 4320 3709 4361 mecum
3756 4316 3812 4355 es.

2244 4406 2406 4477 Virga
2451 4417 2538 4461 tua
2590 4417 2636 4460 et
2683 4407 2898 4462 baculus
2943 4416 3104 4471 tuus;
3151 4408 3267 4479 ipsa
3316 4423 3399 4462 me
3428 4406 3695 4462 consolata
3724 4409 3817 4455 sunt

2239 4500 2423 4573 (Psal.
2477 4516 2615 4566 xxii,
2669 4502 2694 4556 l
2748 4510 2794 4555 et
2830 4500 2995 4573 sequ).
3045 4499 3207 4572 Virga
3255 4501 3569 4570 imperium,
3620 4494 3815 4554 baculus

2156 4585 2211 4646 D
2239 4600 2265 4638 ε
2295 4595 2477 4666 passio
2528 4604 2632 4661 est,
2677 4595 2782 4651 hoc
2810 4605 2914 4664 est,
2950 4605 3155 4652 aeterna
3186 4595 3448 4650 divinitas
3486 4591 3706 4653 Christi,
3731 4583 3807 4642 sed

2239 4689 2403 4746 etiam
2446 4691 2631 4763 passio
2672 4690 3015 4761 corporalis:
3053 4689 3146 4745 illa
3178 4689 3409 4754 creavit,
3442 4688 3561 4744 haec
3594 4682 3812 4742 redemit.

2239 4782 2452 4839 Parasti
2501 4785 2555 4838 in
2583 4795 2865 4856 conspectu
2889 4800 3002 4840 mea
3030 4800 3265 4840 mensam
3290 4782 3542 4839 adversus
3570 4779 3729 4854 376
3748 4790 3814 4830 tot

2239 4935 2393 4997 corp.
2420 4936 2543 4997 cum
2567 4936 2696 4997 mss.
2726 4921 2897 4997 multo
2922 4921 3189 4997 pluribus,
3219 4921 3423 4997 detersa
3440 4914 3813 4997 sunt._Deuiqlle

2242 4991 2401 5048 Rom.
2426 4993 2562 5049 edit.
2579 4992 3182 5066 Δ8013-ιιοιῑίέοηυίυίιιηι
3204 4992 3550 5059 adjunxeral,
3572 4991 3807 5066 inquiri“.

2241 5074 2298 5118 et
2340 5079 2436 5133 pro
2476 5063 2661 5119 verbis
2694 5064 2837 5127 illis,
2880 5062 3080 5118 Tamen
3125 5074 3337 5132 propter
3380 5061 3641 5132 sequentia
3665 5061 3810 5111 anima

2243 5144 2353 5197 tua,
2382 5143 2706 5201 reposuerat
2736 5136 2938 5201 solum,
2970 5146 3079 5190 tum
3109 5135 3283 5189 anima
3308 5143 3422 5199 tua,
3453 5143 3560 5189 etc.

2317 5203 2344 5244 ἀ
2388 5199 2597 5263 Dicitur
2640 5207 2726 5262 hic
2750 5215 2807 5261 et
2832 5199 2997 5278 super
3035 5207 3132 5278 lib.
3156 5222 3279 5274 cap.
3306 5205 3344 5260 2
3364 5246 3379 5265 .
3417 5220 3563 5278 nunt.
3588 5203 3641 5267 7,
3669 5199 3812 5254 altare

2246 5277 2417 5333 forma
2448 5294 2542 5335 seu
2571 5279 2739 5348 lig'ura
2764 5275 3009 5348 corporis
3036 5277 3272 5343 Christi;
3297 5291 3364 5331 eo
3380 5275 3599 5348 quodin
3616 5280 3811 5347 corpore

2248 5364 2348 5405 suo
2378 5347 2653 5419 tamquam
2680 5350 2731 5403 in
2764 5347 2873 5405 ara
2899 5365 3053 5405 sacra
3084 5358 3403 5419 perpetuum
3434 5361 3499 5402 ac
3522 5347 3644 5416 juge
3667 5352 3809 5396 sacri-

2250 5422 2429 5476 ﬁcium
2460 5421 2605 5477 Patri
2636 5422 2835 5476 obtulit
2859 5420 3109 5478 Christus
3136 5421 3419 5475 Dominus.

2322 5503 2344 5530 θ
2384 5493 2603 5566 Scilicet
2647 5496 2718 5555 εἰς
2739 5501 2951 5566 ταμεῖον
2998 5496 3180 5557 αὐτοῦ,
3214 5492 3268 5547 ἱιι
3304 5481 3808 5562 promam-condam.

2248 5579 2347 5636 seu
2374 5565 2695 5636 penuariam
2726 5565 2942 5621 cellam.

2329 5635 2349 5674 τ
2381 5634 2523 5712 yss.
2553 5637 2781 5712 aliquot,
2804 5637 2893 5712 ubi
2920 5637 3038 5692 boni
3061 5636 3237 5712 odoris
3288 5634 3462 5689 mella.
3620 5701 3653 5712 __
3684 5699 3697 5710 _
3734 5697 3743 5705 _

2323 5717 2349 5754 8
2383 5707 2524 5763 Edit.
2576 5701 2734 5764 Rom.
2768 5701 2914 5773 sola,
2962 5710 3141 5778 passio
3202 5716 3274 5763 est
3305 5722 3325 5763 :
3353 5714 3548 5762 teterna
3599 5701 3807 5757 divinitas

2249 5777 2457 5844 Christi,
2490 5780 2663 5851 passio
2688 5781 3005 5849 temporalis.
