  <div class='ocr_page' id='page_1' title='image "/cluster/home/n/w/nwhite01/storage/ocr_20150623/16/hvd.32044015471998/230.png"; bbox 0 0 4042 6294; ppageno 0'>
   <div class='ocr_carea' id='block_1_1' title="bbox 174 307 278 364">
    <p class='ocr_par' dir='ltr' id='par_1_1' title="bbox 174 307 278 364">
     <span class='ocr_line' id='line_1_1' title="bbox 174 307 278 364; baseline -0.019 0"><span class='ocrx_word' id='word_1_1' title='bbox 174 307 278 364; x_wconf 63' lang='grc'><strong>449</strong></span> 
     </span>
    </p>
   </div>
   <div class='ocr_carea' id='block_1_2' title="bbox 1359 300 2258 365">
    <p class='ocr_par' dir='ltr' id='par_1_2' title="bbox 1359 300 2258 365">
     <span class='ocr_line' id='line_1_2' title="bbox 1359 300 2258 365; baseline -0.003 -1"><span class='ocrx_word' id='word_1_2' title='bbox 1359 304 1447 364; x_wconf 71' lang='lat' dir='ltr'><strong>DF.</strong></span> <span class='ocrx_word' id='word_1_3' title='bbox 1488 300 1979 365; x_wconf 58' lang='lat' dir='ltr'><strong>SACRAMENTIS</strong></span> <span class='ocrx_word' id='word_1_4' title='bbox 2019 303 2151 365; x_wconf 77' lang='lat' dir='ltr'><strong>LIB.</strong></span> <span class='ocrx_word' id='word_1_5' title='bbox 2193 304 2258 362; x_wconf 85' lang='lat' dir='ltr'><strong>V.</strong></span> 
     </span>
    </p>
   </div>
   <div class='ocr_carea' id='block_1_3' title="bbox 3383 312 3494 373">
    <p class='ocr_par' dir='ltr' id='par_1_3' title="bbox 3383 312 3494 373">
     <span class='ocr_line' id='line_1_3' title="bbox 3383 312 3494 373; baseline -0.009 0"><span class='ocrx_word' id='word_1_6' title='bbox 3383 317 3410 373; x_wconf 71' lang='grc'><strong>4</strong></span> <span class='ocrx_word' id='word_1_7' title='bbox 3422 312 3494 373; x_wconf 72' lang='lat'><strong>50</strong></span> 
     </span>
    </p>
   </div>
   <div class='ocr_carea' id='block_1_4' title="bbox 173 419 3499 505">
    <p class='ocr_par' dir='ltr' id='par_1_4' title="bbox 173 419 3499 505">
     <span class='ocr_line' id='line_1_4' title="bbox 173 419 3499 505; baseline 0.004 -32"><span class='ocrx_word' id='word_1_8' title='bbox 173 424 259 494; x_wconf 81' lang='lat' dir='ltr'><strong>qui</strong></span> <span class='ocrx_word' id='word_1_9' title='bbox 317 419 579 476; x_wconf 85' lang='lat' dir='ltr'><strong>tribulant</strong></span> <span class='ocrx_word' id='word_1_10' title='bbox 634 436 732 475; x_wconf 89' lang='lat' dir='ltr'><strong>me.</strong></span> <span class='ocrx_word' id='word_1_11' title='bbox 769 419 1118 494; x_wconf 81' lang='lat' dir='ltr'><strong>Impinguasti</strong></span> <span class='ocrx_word' id='word_1_12' title='bbox 1144 422 1198 477; x_wconf 91' lang='lat' dir='ltr'><strong>in</strong></span> <span class='ocrx_word' id='word_1_13' title='bbox 1225 423 1338 479; x_wconf 88' lang='lat' dir='ltr'><strong>oleo</strong></span> <span class='ocrx_word' id='word_1_14' title='bbox 1390 432 1547 493; x_wconf 86' lang='lat' dir='ltr'><strong>caput</strong></span> <span class='ocrx_word' id='word_1_15' title='bbox 1597 439 1790 487; x_wconf 85' lang='lat' dir='ltr'><strong>meum;</strong></span> <span class='ocrx_word' id='word_1_16' title='bbox 1818 426 1865 488; x_wconf 81' lang='grc' dir='ltr'><strong>Α</strong></span> <span class='ocrx_word' id='word_1_17' title='bbox 1898 421 2013 494; x_wconf 89' lang='lat' dir='ltr'><strong>(De</strong></span> <span class='ocrx_word' id='word_1_18' title='bbox 2041 424 2278 492; x_wconf 58' lang='lat' dir='ltr'><strong>Conscia,</strong></span> <span class='ocrx_word' id='word_1_19' title='bbox 2301 422 2423 479; x_wconf 88' lang='lat' dir='ltr'><strong>dist.</strong></span> <span class='ocrx_word' id='word_1_20' title='bbox 2448 422 2506 495; x_wconf 69' lang='grc' dir='ltr'><strong>Β,</strong></span> <span class='ocrx_word' id='word_1_21' title='bbox 2535 441 2581 478; x_wconf 91' lang='lat' dir='ltr'><strong>c.</strong></span> <span class='ocrx_word' id='word_1_22' title='bbox 2614 422 2681 480; x_wconf 87' lang='lat' dir='ltr'><strong>In</strong></span> <span class='ocrx_word' id='word_1_23' title='bbox 2708 424 2943 494; x_wconf 77' lang='lat' dir='ltr'><strong>calicem,</strong></span> <span class='ocrx_word' id='word_1_24' title='bbox 2968 426 2996 500; x_wconf 85' lang='lat'><strong>§</strong></span> <span class='ocrx_word' id='word_1_25' title='bbox 3023 427 3499 505; x_wconf 71' lang='lat' dir='ltr'><strong>Quotiescumque).</strong></span> 
     </span>
    </p>
   </div>
   <div class='ocr_carea' id='block_1_5' title="bbox 172 514 1693 586">
    <p class='ocr_par' dir='ltr' id='par_1_5' title="bbox 172 514 1693 586">
     <span class='ocr_line' id='line_1_5' title="bbox 172 514 1693 586; baseline 0.002 -16"><span class='ocrx_word' id='word_1_26' title='bbox 172 526 217 571; x_wconf 89' lang='lat' dir='ltr'><strong>et</strong></span> <span class='ocrx_word' id='word_1_27' title='bbox 242 515 501 586; x_wconf 82' lang='lat' dir='ltr'><strong>poculum</strong></span> <span class='ocrx_word' id='word_1_28' title='bbox 530 531 700 570; x_wconf 88' lang='lat' dir='ltr'><strong>meum</strong></span> <span class='ocrx_word' id='word_1_29' title='bbox 728 514 990 569; x_wconf 88' lang='lat' dir='ltr'><strong>inebrians</strong></span> <span class='ocrx_word' id='word_1_30' title='bbox 1017 530 1175 585; x_wconf 87' lang='lat' dir='ltr'><strong>quam</strong></span> <span class='ocrx_word' id='word_1_31' title='bbox 1202 515 1518 586; x_wconf 77' lang='lat' dir='ltr'><strong>prteclarum</strong></span> <span class='ocrx_word' id='word_1_32' title='bbox 1544 526 1641 572; x_wconf 86' lang='lat' dir='ltr'><strong>est.</strong></span> <span class='ocrx_word' id='word_1_33' title='bbox 1690 570 1693 573; x_wconf 89' lang='lat'><strong>.</strong></span> 
     </span>
    </p>
   </div>
   <div class='ocr_carea' id='block_1_6' title="bbox 246 605 1786 681">
    <p class='ocr_par' dir='ltr' id='par_1_6' title="bbox 246 605 1786 681">
     <span class='ocr_line' id='line_1_6' title="bbox 246 605 1786 681; baseline 0.002 -19"><span class='ocrx_word' id='word_1_34' title='bbox 246 606 336 662; x_wconf 71' lang='grc'><strong>14.</strong></span> <span class='ocrx_word' id='word_1_35' title='bbox 385 606 626 664; x_wconf 83' lang='lat' dir='ltr'><strong>Venislis</strong></span> <span class='ocrx_word' id='word_1_36' title='bbox 664 621 795 679; x_wconf 86' lang='lat' dir='ltr'><strong>ergo</strong></span> <span class='ocrx_word' id='word_1_37' title='bbox 825 616 851 643; x_wconf 77' lang='grc' dir='ltr'>ι</span> <span class='ocrx_word' id='word_1_38' title='bbox 884 605 955 661; x_wconf 91' lang='lat' dir='ltr'><strong>ad</strong></span> <span class='ocrx_word' id='word_1_39' title='bbox 995 607 1189 672; x_wconf 86' lang='lat' dir='ltr'><strong>altare,</strong></span> <span class='ocrx_word' id='word_1_40' title='bbox 1219 608 1513 681; x_wconf 89' lang='lat' dir='ltr'><strong>accepistis</strong></span> <span class='ocrx_word' id='word_1_41' title='bbox 1556 608 1786 680; x_wconf 87' lang='lat' dir='ltr'><strong>gratiam</strong></span> 
     </span>
    </p>
   </div>
   <div class='ocr_carea' id='block_1_7' title="bbox 1897 517 3494 589">
    <p class='ocr_par' dir='ltr' id='par_1_7' title="bbox 1897 517 3494 589">
     <span class='ocr_line' id='line_1_7' title="bbox 1897 517 3494 589; baseline 0.004 -15"><span class='ocrx_word' id='word_1_42' title='bbox 1897 517 2049 574; x_wconf 85' lang='lat' dir='ltr'><strong>lhtde</strong></span> <span class='ocrx_word' id='word_1_43' title='bbox 2089 527 2146 574; x_wconf 90' lang='lat' dir='ltr'><strong>et</strong></span> <span class='ocrx_word' id='word_1_44' title='bbox 2177 518 2472 589; x_wconf 76' lang='lat' dir='ltr'><strong>Apostolus</strong></span> <span class='ocrx_word' id='word_1_45' title='bbox 2501 517 2577 573; x_wconf 88' lang='lat' dir='ltr'><strong>ait</strong></span> <span class='ocrx_word' id='word_1_46' title='bbox 2610 536 2623 572; x_wconf 88' lang='lat'><strong>:</strong></span> <span class='ocrx_word' id='word_1_47' title='bbox 2662 517 2841 575; x_wconf 87' lang='lat' dir='ltr'><strong>Nolite</strong></span> <span class='ocrx_word' id='word_1_48' title='bbox 2884 522 3131 577; x_wconf 88' lang='lat' dir='ltr'><strong>inebriari</strong></span> <span class='ocrx_word' id='word_1_49' title='bbox 3174 525 3360 581; x_wconf 80' lang='lat' dir='ltr'><strong>vino...</strong></span> <span class='ocrx_word' id='word_1_50' title='bbox 3402 528 3494 582; x_wconf 90' lang='lat' dir='ltr'><strong>sed</strong></span> 
     </span>
    </p>
   </div>
   <div class='ocr_carea' id='block_1_8' title="bbox 1889 611 3489 688">
    <p class='ocr_par' dir='ltr' id='par_1_8' title="bbox 1889 611 3489 688">
     <span class='ocr_line' id='line_1_8' title="bbox 1889 611 3489 688; baseline 0.006 -21"><span class='ocrx_word' id='word_1_51' title='bbox 1889 613 2176 684; x_wconf 86' lang='lat' dir='ltr'><strong>intplemini</strong></span> <span class='ocrx_word' id='word_1_52' title='bbox 2202 612 2405 683; x_wconf 83' lang='lat' dir='ltr'><strong><em>Spiritu</em></strong></span> <span class='ocrx_word' id='word_1_53' title='bbox 2436 622 2615 668; x_wconf 83' lang='lat' dir='ltr'><strong>sancto</strong></span> <span class='ocrx_word' id='word_1_54' title='bbox 2645 612 2663 677; x_wconf 73' lang='grc' dir='ltr'><strong>ί</strong></span> <span class='ocrx_word' id='word_1_55' title='bbox 2681 611 2874 687; x_wconf 85' lang='lat' dir='ltr'><strong>Epltes.</strong></span> <span class='ocrx_word' id='word_1_56' title='bbox 2907 632 2959 683; x_wconf 77' lang='grc' dir='ltr'><strong>ν,</strong></span> <span class='ocrx_word' id='word_1_57' title='bbox 2988 615 3126 688; x_wconf 86' lang='grc'><strong>18);</strong></span> <span class='ocrx_word' id='word_1_58' title='bbox 3163 618 3296 675; x_wconf 88' lang='lat' dir='ltr'><strong>vino</strong></span> <span class='ocrx_word' id='word_1_59' title='bbox 3343 620 3489 676; x_wconf 90' lang='lat' dir='ltr'><strong>enim</strong></span> 
     </span>
    </p>
   </div>
   <div class='ocr_carea' id='block_1_9' title="bbox 174 699 3489 782">
    <p class='ocr_par' dir='ltr' id='par_1_9' title="bbox 174 699 3489 782">
     <span class='ocr_line' id='line_1_9' title="bbox 174 699 3489 782; baseline 0.002 -23"><span class='ocrx_word' id='word_1_60' title='bbox 174 699 918 769; x_wconf 86' lang='lat' dir='ltr'><strong>Christi,sacramentaestis</strong></span> <span class='ocrx_word' id='word_1_61' title='bbox 954 700 1199 757; x_wconf 75' lang='lat' dir='ltr'><strong>cmleSIia</strong></span> <span class='ocrx_word' id='word_1_62' title='bbox 1230 702 1531 757; x_wconf 80' lang='lat' dir='ltr'><strong>consecuti.</strong></span> <span class='ocrx_word' id='word_1_63' title='bbox 1576 702 1791 759; x_wconf 85' lang='lat' dir='ltr'><strong>Gaudet</strong></span> <span class='ocrx_word' id='word_1_64' title='bbox 1889 704 1981 775; x_wconf 86' lang='lat' dir='ltr'><strong>qui</strong></span> <span class='ocrx_word' id='word_1_65' title='bbox 2011 704 2337 773; x_wconf 81' lang='lat' dir='ltr'><strong>inebriatur,</strong></span> <span class='ocrx_word' id='word_1_66' title='bbox 2395 705 2611 762; x_wconf 79' lang='lat' dir='ltr'><strong>vacillat</strong></span> <span class='ocrx_word' id='word_1_67' title='bbox 2642 716 2695 762; x_wconf 90' lang='lat' dir='ltr'><strong>et</strong></span> <span class='ocrx_word' id='word_1_68' title='bbox 2739 708 2935 765; x_wconf 84' lang='lat' dir='ltr'><strong>titubat</strong></span> <span class='ocrx_word' id='word_1_69' title='bbox 2968 726 2983 765; x_wconf 89' lang='lat'><strong>:</strong></span> <span class='ocrx_word' id='word_1_70' title='bbox 3020 710 3226 782; x_wconf 87' lang='lat' dir='ltr'><strong>Spiritu</strong></span> <span class='ocrx_word' id='word_1_71' title='bbox 3264 712 3354 782; x_wconf 90' lang='lat' dir='ltr'><strong>qui</strong></span> <span class='ocrx_word' id='word_1_72' title='bbox 3407 712 3489 768; x_wconf 90' lang='lat' dir='ltr'><strong>itt-</strong></span> 
     </span>
    </p>
   </div>
   <div class='ocr_carea' id='block_1_10' title="bbox 172 794 1788 866">
    <p class='ocr_par' dir='ltr' id='par_1_10' title="bbox 172 794 1788 866">
     <span class='ocr_line' id='line_1_10' title="bbox 172 794 1788 866; baseline -0.002 -12"><span class='ocrx_word' id='word_1_73' title='bbox 172 795 417 854; x_wconf 75' lang='lat' dir='ltr'><strong>Ecclesia</strong></span> <span class='ocrx_word' id='word_1_74' title='bbox 439 794 817 866; x_wconf 90' lang='lat' dir='ltr'><strong>redemptione</strong></span> <span class='ocrx_word' id='word_1_75' title='bbox 845 794 1164 859; x_wconf 88' lang='lat' dir='ltr'><strong>multorum,</strong></span> <span class='ocrx_word' id='word_1_76' title='bbox 1204 803 1259 851; x_wconf 91' lang='lat' dir='ltr'><strong>et</strong></span> <span class='ocrx_word' id='word_1_77' title='bbox 1278 801 1457 849; x_wconf 90' lang='lat' dir='ltr'><strong>astare</strong></span> <span class='ocrx_word' id='word_1_78' title='bbox 1497 794 1598 850; x_wconf 83' lang='lat' dir='ltr'><strong>sibi</strong></span> <span class='ocrx_word' id='word_1_79' title='bbox 1627 794 1788 851; x_wconf 81' lang='lat' dir='ltr'><strong>lami-</strong></span> 
     </span>
    </p>
   </div>
   <div class='ocr_carea' id='block_1_11' title="bbox 171 884 1788 958">
    <p class='ocr_par' dir='ltr' id='par_1_11' title="bbox 171 884 1788 958">
     <span class='ocr_line' id='line_1_11' title="bbox 171 884 1788 958; baseline -0.001 -11"><span class='ocrx_word' id='word_1_80' title='bbox 171 890 301 947; x_wconf 87' lang='lat' dir='ltr'><strong>liam</strong></span> <span class='ocrx_word' id='word_1_81' title='bbox 328 888 676 945; x_wconf 87' lang='lat' dir='ltr'><strong>candidatam</strong></span> <span class='ocrx_word' id='word_1_82' title='bbox 699 887 929 958; x_wconf 77' lang='lat' dir='ltr'><strong>spiritali</strong></span> <span class='ocrx_word' id='word_1_83' title='bbox 952 887 1325 944; x_wconf 84' lang='lat' dir='ltr'><strong>exsultatione</strong></span> <span class='ocrx_word' id='word_1_84' title='bbox 1344 884 1583 945; x_wconf 68' lang='lat' dir='ltr'><strong>laetatur.</strong></span> <span class='ocrx_word' id='word_1_85' title='bbox 1609 887 1788 945; x_wconf 88' lang='lat' dir='ltr'><strong>Ilabes</strong></span> 
     </span>
    </p>
   </div>
   <div class='ocr_carea' id='block_1_12' title="bbox 171 980 1786 1050">
    <p class='ocr_par' dir='ltr' id='par_1_12' title="bbox 171 980 1786 1050">
     <span class='ocr_line' id='line_1_12' title="bbox 171 980 1786 1050; baseline 0 -12"><span class='ocrx_word' id='word_1_86' title='bbox 171 983 346 1040; x_wconf 89' lang='lat' dir='ltr'><strong>hocin</strong></span> <span class='ocrx_word' id='word_1_87' title='bbox 365 982 609 1039; x_wconf 87' lang='lat' dir='ltr'><strong>Canticis</strong></span> <span class='ocrx_word' id='word_1_88' title='bbox 631 982 992 1037; x_wconf 85' lang='lat' dir='ltr'><strong>canticorum.</strong></span> <span class='ocrx_word' id='word_1_89' title='bbox 1017 980 1221 1037; x_wconf 62' lang='lat' dir='ltr'><strong>Laatata</strong></span> <span class='ocrx_word' id='word_1_90' title='bbox 1244 982 1459 1037; x_wconf 76' lang='lat' dir='ltr'><strong>invocat</strong></span> <span class='ocrx_word' id='word_1_91' title='bbox 1478 981 1786 1050; x_wconf 82' lang='lat' dir='ltr'><strong>Christum,</strong></span> 
     </span>
    </p>
   </div>
   <div class='ocr_carea' id='block_1_13' title="bbox 169 1078 1779 1152">
    <p class='ocr_par' dir='ltr' id='par_1_13' title="bbox 169 1078 1779 1152">
     <span class='ocr_line' id='line_1_13' title="bbox 169 1078 1779 1152; baseline 0.002 -19"><span class='ocrx_word' id='word_1_92' title='bbox 169 1090 422 1152; x_wconf 86' lang='lat' dir='ltr'><strong>paratum</strong></span> <span class='ocrx_word' id='word_1_93' title='bbox 481 1078 691 1136; x_wconf 85' lang='lat' dir='ltr'><strong>habens</strong></span> <span class='ocrx_word' id='word_1_94' title='bbox 734 1078 1073 1146; x_wconf 83' lang='lat' dir='ltr'><strong>convivium,</strong></span> <span class='ocrx_word' id='word_1_95' title='bbox 1115 1078 1260 1150; x_wconf 88' lang='lat' dir='ltr'><strong>quod</strong></span> <span class='ocrx_word' id='word_1_96' title='bbox 1301 1078 1525 1149; x_wconf 84' lang='lat' dir='ltr'><strong>dignum</strong></span> <span class='ocrx_word' id='word_1_97' title='bbox 1571 1081 1779 1138; x_wconf 73' lang='lat' dir='ltr'><strong>cmlesti</strong></span> 
     </span>
    </p>
   </div>
   <div class='ocr_carea' id='block_1_14' title="bbox 168 1170 1784 1247">
    <p class='ocr_par' dir='ltr' id='par_1_14' title="bbox 168 1170 1784 1247">
     <span class='ocr_line' id='line_1_14' title="bbox 168 1170 1784 1247; baseline 0 -18"><span class='ocrx_word' id='word_1_98' title='bbox 168 1173 492 1246; x_wconf 84' lang='lat' dir='ltr'><strong>epulatione</strong></span> <span class='ocrx_word' id='word_1_99' title='bbox 534 1170 807 1228; x_wconf 87' lang='lat' dir='ltr'><strong>videatur.</strong></span> <span class='ocrx_word' id='word_1_100' title='bbox 859 1171 1098 1244; x_wconf 91' lang='lat' dir='ltr'><strong>Ideoque</strong></span> <span class='ocrx_word' id='word_1_101' title='bbox 1137 1174 1255 1228; x_wconf 91' lang='lat' dir='ltr'><strong>ait:</strong></span> <span class='ocrx_word' id='word_1_102' title='bbox 1288 1172 1577 1229; x_wconf 85' lang='lat' dir='ltr'><strong>Descendat</strong></span> <span class='ocrx_word' id='word_1_103' title='bbox 1621 1172 1784 1247; x_wconf 73' lang='lat' dir='ltr'><strong>frater</strong></span> 
     </span>
    </p>
   </div>
   <div class='ocr_carea' id='block_1_15' title="bbox 164 1265 1780 1338">
    <p class='ocr_par' dir='ltr' id='par_1_15' title="bbox 164 1265 1780 1338">
     <span class='ocr_line' id='line_1_15' title="bbox 164 1265 1780 1338; baseline 0.001 -18"><span class='ocrx_word' id='word_1_104' title='bbox 164 1283 313 1322; x_wconf 86' lang='lat' dir='ltr'><strong>meus</strong></span> <span class='ocrx_word' id='word_1_105' title='bbox 340 1267 395 1321; x_wconf 89' lang='lat' dir='ltr'><strong>in</strong></span> <span class='ocrx_word' id='word_1_106' title='bbox 420 1265 632 1321; x_wconf 79' lang='lat' dir='ltr'><strong>hortum</strong></span> <span class='ocrx_word' id='word_1_107' title='bbox 657 1281 832 1331; x_wconf 88' lang='lat' dir='ltr'><strong>suum,</strong></span> <span class='ocrx_word' id='word_1_108' title='bbox 863 1275 912 1319; x_wconf 89' lang='lat' dir='ltr'><strong>et</strong></span> <span class='ocrx_word' id='word_1_109' title='bbox 942 1266 1118 1335; x_wconf 84' lang='lat' dir='ltr'><strong>capiat</strong></span> <span class='ocrx_word' id='word_1_110' title='bbox 1150 1270 1379 1338; x_wconf 84' lang='lat' dir='ltr'><strong>fructum</strong></span> <span class='ocrx_word' id='word_1_111' title='bbox 1402 1266 1780 1337; x_wconf 74' lang='lat' dir='ltr'><strong>pomiferarum</strong></span> 
     </span>
    </p>
   </div>
   <div class='ocr_carea' id='block_1_16' title="bbox 161 1359 1783 1435">
    <p class='ocr_par' dir='ltr' id='par_1_16' title="bbox 161 1359 1783 1435">
     <span class='ocr_line' id='line_1_16' title="bbox 161 1359 1783 1435; baseline -0.001 -18"><span class='ocrx_word' id='word_1_112' title='bbox 161 1378 387 1418; x_wconf 81' lang='lat' dir='ltr'><strong>suarum</strong></span> <span class='ocrx_word' id='word_1_113' title='bbox 423 1360 611 1435; x_wconf 80' lang='lat' dir='ltr'><strong>(Cant.</strong></span> <span class='ocrx_word' id='word_1_114' title='bbox 646 1360 799 1432; x_wconf 82' lang='lat' dir='ltr'><strong>v,l).</strong></span> <span class='ocrx_word' id='word_1_115' title='bbox 826 1359 961 1429; x_wconf 71' lang='lat' dir='ltr'><strong>Qua:</strong></span> <span class='ocrx_word' id='word_1_116' title='bbox 989 1369 1119 1416; x_wconf 89' lang='lat' dir='ltr'><strong>sunt</strong></span> <span class='ocrx_word' id='word_1_117' title='bbox 1157 1360 1274 1416; x_wconf 67' lang='lat' dir='ltr'><strong>ista:</strong></span> <span class='ocrx_word' id='word_1_118' title='bbox 1306 1359 1615 1431; x_wconf 71' lang='lat' dir='ltr'><strong>pomiferae?</strong></span> <span class='ocrx_word' id='word_1_119' title='bbox 1657 1360 1783 1433; x_wconf 88' lang='lat' dir='ltr'><strong>Lig-</strong></span> 
     </span>
    </p>
   </div>
   <div class='ocr_carea' id='block_1_17' title="bbox 160 1451 1777 1526">
    <p class='ocr_par' dir='ltr' id='par_1_17' title="bbox 160 1451 1777 1526">
     <span class='ocr_line' id='line_1_17' title="bbox 160 1451 1777 1526; baseline -0.002 -13"><span class='ocrx_word' id='word_1_120' title='bbox 160 1471 297 1513; x_wconf 86' lang='lat' dir='ltr'><strong>nutn</strong></span> <span class='ocrx_word' id='word_1_121' title='bbox 329 1454 542 1510; x_wconf 89' lang='lat' dir='ltr'><strong>aridum</strong></span> <span class='ocrx_word' id='word_1_122' title='bbox 572 1454 749 1509; x_wconf 90' lang='lat' dir='ltr'><strong>laetus</strong></span> <span class='ocrx_word' id='word_1_123' title='bbox 771 1467 896 1508; x_wconf 89' lang='lat' dir='ltr'><strong>eras</strong></span> <span class='ocrx_word' id='word_1_124' title='bbox 920 1453 974 1508; x_wconf 91' lang='lat' dir='ltr'><strong>in</strong></span> <span class='ocrx_word' id='word_1_125' title='bbox 1005 1451 1178 1509; x_wconf 84' lang='lat' dir='ltr'><strong>Adam</strong></span> <span class='ocrx_word' id='word_1_126' title='bbox 1205 1470 1219 1506; x_wconf 88' lang='lat'><strong>:</strong></span> <span class='ocrx_word' id='word_1_127' title='bbox 1243 1453 1337 1509; x_wconf 89' lang='lat' dir='ltr'><strong>sed</strong></span> <span class='ocrx_word' id='word_1_128' title='bbox 1365 1469 1510 1510; x_wconf 91' lang='lat' dir='ltr'><strong>nunc</strong></span> <span class='ocrx_word' id='word_1_129' title='bbox 1537 1469 1632 1526; x_wconf 87' lang='lat' dir='ltr'><strong>per</strong></span> <span class='ocrx_word' id='word_1_130' title='bbox 1652 1470 1777 1526; x_wconf 86' lang='lat' dir='ltr'><strong>gra-</strong></span> 
     </span>
    </p>
   </div>
   <div class='ocr_carea' id='block_1_18' title="bbox 162 1544 1486 1617">
    <p class='ocr_par' dir='ltr' id='par_1_18' title="bbox 162 1544 1486 1617">
     <span class='ocr_line' id='line_1_18' title="bbox 162 1544 1486 1617; baseline -0.002 -13"><span class='ocrx_word' id='word_1_131' title='bbox 162 1548 297 1605; x_wconf 83' lang='lat' dir='ltr'><strong>tiam</strong></span> <span class='ocrx_word' id='word_1_132' title='bbox 320 1546 524 1603; x_wconf 80' lang='lat' dir='ltr'><strong>Christi</strong></span> <span class='ocrx_word' id='word_1_133' title='bbox 555 1544 582 1584; x_wconf 74' lang='grc' dir='ltr'><strong>ι’</strong></span> <span class='ocrx_word' id='word_1_134' title='bbox 616 1545 896 1617; x_wconf 74' lang='lat' dir='ltr'><strong>pomifera:</strong></span> <span class='ocrx_word' id='word_1_135' title='bbox 926 1546 1155 1601; x_wconf 90' lang='lat' dir='ltr'><strong>arbores</strong></span> <span class='ocrx_word' id='word_1_136' title='bbox 1182 1546 1486 1617; x_wconf 83' lang='lat' dir='ltr'><strong>pullulatis.</strong></span> 
     </span>
    </p>
   </div>
   <div class='ocr_carea' id='block_1_19' title="bbox 242 1639 1777 1713">
    <p class='ocr_par' dir='ltr' id='par_1_19' title="bbox 242 1639 1777 1713">
     <span class='ocr_line' id='line_1_19' title="bbox 242 1639 1777 1713; baseline 0.001 -18"><span class='ocrx_word' id='word_1_137' title='bbox 242 1640 330 1695; x_wconf 81' lang='grc'><strong>13.</strong></span> <span class='ocrx_word' id='word_1_138' title='bbox 372 1639 631 1696; x_wconf 85' lang='lat' dir='ltr'><strong>Libenter</strong></span> <span class='ocrx_word' id='word_1_139' title='bbox 655 1640 856 1709; x_wconf 89' lang='lat' dir='ltr'><strong>accipit</strong></span> <span class='ocrx_word' id='word_1_140' title='bbox 886 1639 1150 1695; x_wconf 90' lang='lat' dir='ltr'><strong>Dominus</strong></span> <span class='ocrx_word' id='word_1_141' title='bbox 1170 1639 1348 1708; x_wconf 76' lang='lat' dir='ltr'><strong>Jesus,</strong></span> <span class='ocrx_word' id='word_1_142' title='bbox 1379 1650 1433 1696; x_wconf 90' lang='lat' dir='ltr'><strong>et</strong></span> <span class='ocrx_word' id='word_1_143' title='bbox 1463 1640 1777 1713; x_wconf 82' lang='lat' dir='ltr'><strong>dignatione</strong></span> 
     </span>
    </p>
   </div>
   <div class='ocr_carea' id='block_1_20' title="bbox 162 1733 1772 1809">
    <p class='ocr_par' dir='ltr' id='par_1_20' title="bbox 162 1733 1772 1809">
     <span class='ocr_line' id='line_1_20' title="bbox 162 1733 1772 1809; baseline 0.001 -18"><span class='ocrx_word' id='word_1_144' title='bbox 162 1734 380 1792; x_wconf 74' lang='lat' dir='ltr'><strong>t-(elesti</strong></span> <span class='ocrx_word' id='word_1_145' title='bbox 421 1733 706 1806; x_wconf 83' lang='lat' dir='ltr'><strong>respondit</strong></span> <span class='ocrx_word' id='word_1_146' title='bbox 750 1733 1009 1790; x_wconf 60' lang='lat' dir='ltr'><strong>Ecclesiae</strong></span> <span class='ocrx_word' id='word_1_147' title='bbox 1050 1750 1163 1790; x_wconf 79' lang='lat' dir='ltr'><strong>sua:</strong></span> <span class='ocrx_word' id='word_1_148' title='bbox 1206 1752 1220 1789; x_wconf 88' lang='lat'><strong>:</strong></span> <span class='ocrx_word' id='word_1_149' title='bbox 1257 1734 1531 1805; x_wconf 89' lang='lat' dir='ltr'><strong>Descendi,</strong></span> <span class='ocrx_word' id='word_1_150' title='bbox 1570 1737 1772 1809; x_wconf 80' lang='lat' dir='ltr'><strong>inquit,</strong></span> 
     </span>
    </p>
   </div>
   <div class='ocr_carea' id='block_1_21' title="bbox 1886 796 3490 875">
    <p class='ocr_par' dir='ltr' id='par_1_21' title="bbox 1886 796 3490 875">
     <span class='ocr_line' id='line_1_21' title="bbox 1886 796 3490 875; baseline 0.005 -23"><span class='ocrx_word' id='word_1_151' title='bbox 1886 796 2149 867; x_wconf 88' lang='lat' dir='ltr'><strong>ebriatur,</strong></span> <span class='ocrx_word' id='word_1_152' title='bbox 2182 796 2527 855; x_wconf 89' lang='lat' dir='ltr'><strong>radicatusin</strong></span> <span class='ocrx_word' id='word_1_153' title='bbox 2556 796 2777 856; x_wconf 82' lang='lat' dir='ltr'><strong>Christo</strong></span> <span class='ocrx_word' id='word_1_154' title='bbox 2798 808 2903 857; x_wconf 90' lang='lat' dir='ltr'><strong>est.</strong></span> <span class='ocrx_word' id='word_1_155' title='bbox 2934 800 3001 858; x_wconf 87' lang='lat' dir='ltr'><strong>Et</strong></span> <span class='ocrx_word' id='word_1_156' title='bbox 3027 801 3151 859; x_wconf 88' lang='lat' dir='ltr'><strong>ideo</strong></span> <span class='ocrx_word' id='word_1_157' title='bbox 3176 802 3201 844; x_wconf 76' lang='grc' dir='ltr'><strong>ιι</strong></span> <span class='ocrx_word' id='word_1_158' title='bbox 3232 804 3490 875; x_wconf 69' lang='grc' dir='ltr'><strong>ρταιειοη</strong></span> 
     </span>
    </p>
   </div>
   <div class='ocr_carea' id='block_1_22' title="bbox 1888 889 3488 967">
    <p class='ocr_par' dir='ltr' id='par_1_22' title="bbox 1888 889 3488 967">
     <span class='ocr_line' id='line_1_22' title="bbox 1888 889 3488 967; baseline 0.005 -20"><span class='ocrx_word' id='word_1_159' title='bbox 1888 889 2145 958; x_wconf 89' lang='lat' dir='ltr'><strong>ebrietas,</strong></span> <span class='ocrx_word' id='word_1_160' title='bbox 2193 908 2315 963; x_wconf 72' lang='lat' dir='ltr'><strong>quae</strong></span> <span class='ocrx_word' id='word_1_161' title='bbox 2363 892 2717 949; x_wconf 80' lang='lat' dir='ltr'><strong>sobrietatem</strong></span> <span class='ocrx_word' id='word_1_162' title='bbox 2769 896 2968 952; x_wconf 87' lang='lat' dir='ltr'><strong>mentis</strong></span> <span class='ocrx_word' id='word_1_163' title='bbox 3018 908 3301 967; x_wconf 82' lang='lat' dir='ltr'><strong>operatur.</strong></span> <span class='ocrx_word' id='word_1_164' title='bbox 3360 899 3488 955; x_wconf 62' lang='lat' dir='ltr'><strong>llaec</strong></span> 
     </span>
    </p>
   </div>
   <div class='ocr_carea' id='block_1_23' title="bbox 1884 984 3380 1062">
    <p class='ocr_par' dir='ltr' id='par_1_23' title="bbox 1884 984 3380 1062">
     <span class='ocr_line' id='line_1_23' title="bbox 1884 984 3380 1062; baseline 0.009 -24"><span class='ocrx_word' id='word_1_165' title='bbox 1884 994 2162 1056; x_wconf 81' lang='lat' dir='ltr'><strong>suntquae</strong></span> <span class='ocrx_word' id='word_1_166' title='bbox 2187 984 2258 1041; x_wconf 92' lang='lat' dir='ltr'><strong>de</strong></span> <span class='ocrx_word' id='word_1_167' title='bbox 2306 990 2667 1042; x_wconf 86' lang='lat' dir='ltr'><strong>sacramentis</strong></span> <span class='ocrx_word' id='word_1_168' title='bbox 2701 988 2949 1047; x_wconf 89' lang='lat' dir='ltr'><strong>breviter</strong></span> <span class='ocrx_word' id='word_1_169' title='bbox 2984 992 3380 1062; x_wconf 86' lang='lat' dir='ltr'><strong>percurrimus.</strong></span> 
     </span>
    </p>
   </div>
   <div class='ocr_carea' id='block_1_24' title="bbox 2495 1100 2854 1159">
    <p class='ocr_par' dir='ltr' id='par_1_24' title="bbox 2495 1100 2854 1159">
     <span class='ocr_line' id='line_1_24' title="bbox 2495 1100 2854 1159; baseline 0.006 -2"><span class='ocrx_word' id='word_1_170' title='bbox 2495 1100 2580 1157; x_wconf 72' lang='lat' dir='ltr'><strong>CA</strong></span> <span class='ocrx_word' id='word_1_171' title='bbox 2594 1102 2729 1159; x_wconf 85' lang='lat' dir='ltr'><strong>PUT</strong></span> <span class='ocrx_word' id='word_1_172' title='bbox 2764 1102 2854 1159; x_wconf 88' lang='lat' dir='ltr'><strong>IV.</strong></span> 
     </span>
    </p>
   </div>
   <div class='ocr_carea' id='block_1_25' title="bbox 1888 1102 3485 1277">
    <p class='ocr_par' dir='ltr' id='par_1_25' title="bbox 1888 1102 3485 1277">
     <span class='ocr_line' id='line_1_25' title="bbox 2495 1102 2854 1159; baseline 0.006 -2"><span class='ocrx_word' id='word_1_173' title='bbox 2495 1102 2629 1158; x_wconf 72' lang='lat' dir='ltr'><strong>CAP</strong></span> <span class='ocrx_word' id='word_1_174' title='bbox 2687 1103 2729 1158; x_wconf 84' lang='grc' dir='ltr'>Τ</span> <span class='ocrx_word' id='word_1_175' title='bbox 2764 1102 2854 1159; x_wconf 92' lang='lat' dir='ltr'><strong>IV.</strong></span> 
     </span>
     <span class='ocr_line' id='line_1_26' title="bbox 1888 1102 3485 1277; baseline 0.008 -29"><span class='ocrx_word' id='word_1_176' title='bbox 1888 1190 1956 1248; x_wconf 89' lang='lat' dir='ltr'><strong>Ut</strong></span> <span class='ocrx_word' id='word_1_177' title='bbox 2004 1209 2160 1265; x_wconf 78' lang='lat' dir='ltr'><strong>novos</strong></span> <span class='ocrx_word' id='word_1_178' title='bbox 2207 1196 2388 1265; x_wconf 85' lang='lat' dir='ltr'><strong>fideles</strong></span> <span class='ocrx_word' id='word_1_179' title='bbox 2432 1102 2678 1253; x_wconf 61' lang='lat' dir='ltr'><strong>institua‘tJ</strong></span> <span class='ocrx_word' id='word_1_180' title='bbox 2696 1198 2881 1253; x_wconf 87' lang='lat' dir='ltr'><strong>orandi</strong></span> <span class='ocrx_word' id='word_1_181' title='bbox 2927 1202 3118 1271; x_wconf 86' lang='lat' dir='ltr'><strong>forma,</strong></span> <span class='ocrx_word' id='word_1_182' title='bbox 3169 1204 3485 1277; x_wconf 81' lang='lat' dir='ltr'><strong>propositam</strong></span> 
     </span>
    </p>
   </div>
   <div class='ocr_carea' id='block_1_26' title="bbox 1954 1287 3480 1370">
    <p class='ocr_par' dir='ltr' id='par_1_26' title="bbox 1954 1287 3480 1370">
     <span class='ocr_line' id='line_1_27' title="bbox 1954 1287 3480 1370; baseline 0.009 -29"><span class='ocrx_word' id='word_1_183' title='bbox 1954 1287 2079 1356; x_wconf 88' lang='lat' dir='ltr'><strong>ipsis</strong></span> <span class='ocrx_word' id='word_1_184' title='bbox 2129 1289 2294 1345; x_wconf 86' lang='lat' dir='ltr'><strong>instar</strong></span> <span class='ocrx_word' id='word_1_185' title='bbox 2336 1292 2531 1360; x_wconf 88' lang='lat' dir='ltr'><strong>speculi</strong></span> <span class='ocrx_word' id='word_1_186' title='bbox 2582 1290 2910 1348; x_wconf 87' lang='lat' dir='ltr'><strong>Dominicam</strong></span> <span class='ocrx_word' id='word_1_187' title='bbox 2965 1296 3252 1354; x_wconf 85' lang='lat' dir='ltr'><strong>orationem</strong></span> <span class='ocrx_word' id='word_1_188' title='bbox 3299 1301 3480 1370; x_wconf 86' lang='lat' dir='ltr'><strong>paucis</strong></span> 
     </span>
    </p>
   </div>
   <div class='ocr_carea' id='block_1_27' title="bbox 1953 1382 2182 1453">
    <p class='ocr_par' dir='ltr' id='par_1_27' title="bbox 1953 1382 2182 1453">
     <span class='ocr_line' id='line_1_28' title="bbox 1953 1382 2182 1453; baseline 0.004 -18"><span class='ocrx_word' id='word_1_189' title='bbox 1953 1382 2182 1453; x_wconf 70' lang='lat' dir='ltr'><strong>exponit.</strong></span> 
     </span>
    </p>
   </div>
   <div class='ocr_carea' id='block_1_28' title="bbox 1958 1538 3484 1619">
    <p class='ocr_par' dir='ltr' id='par_1_28' title="bbox 1958 1538 3484 1619">
     <span class='ocr_line' id='line_1_29' title="bbox 1958 1538 3484 1619; baseline 0.007 -27"><span class='ocrx_word' id='word_1_190' title='bbox 1958 1538 2042 1595; x_wconf 86' lang='lat' dir='ltr'><strong>I8.</strong></span> <span class='ocrx_word' id='word_1_191' title='bbox 2080 1538 2235 1596; x_wconf 86' lang='lat' dir='ltr'><strong>Nunc</strong></span> <span class='ocrx_word' id='word_1_192' title='bbox 2254 1539 2382 1612; x_wconf 89' lang='lat' dir='ltr'><strong>quid</strong></span> <span class='ocrx_word' id='word_1_193' title='bbox 2405 1548 2677 1613; x_wconf 89' lang='lat' dir='ltr'><strong>superest,</strong></span> <span class='ocrx_word' id='word_1_194' title='bbox 2711 1539 2814 1596; x_wconf 89' lang='lat' dir='ltr'><strong>nisi</strong></span> <span class='ocrx_word' id='word_1_195' title='bbox 2842 1543 3063 1599; x_wconf 84' lang='lat' dir='ltr'><strong>oratio?</strong></span> <span class='ocrx_word' id='word_1_196' title='bbox 3094 1544 3159 1602; x_wconf 85' lang='lat' dir='ltr'><strong>Et</strong></span> <span class='ocrx_word' id='word_1_197' title='bbox 3183 1545 3354 1603; x_wconf 88' lang='lat' dir='ltr'><strong>nolite</strong></span> <span class='ocrx_word' id='word_1_198' title='bbox 3384 1562 3484 1619; x_wconf 92' lang='lat' dir='ltr'><strong>pu-</strong></span> 
     </span>
    </p>
   </div>
   <div class='ocr_carea' id='block_1_29' title="bbox 1881 1634 3484 1710">
    <p class='ocr_par' dir='ltr' id='par_1_29' title="bbox 1881 1634 3484 1710">
     <span class='ocr_line' id='line_1_30' title="bbox 1881 1634 3484 1710; baseline 0.005 -21"><span class='ocrx_word' id='word_1_199' title='bbox 1881 1642 1999 1690; x_wconf 88' lang='lat' dir='ltr'><strong>tare</strong></span> <span class='ocrx_word' id='word_1_200' title='bbox 2053 1635 2349 1691; x_wconf 85' lang='lat' dir='ltr'><strong>mediocris</strong></span> <span class='ocrx_word' id='word_1_201' title='bbox 2384 1651 2509 1691; x_wconf 89' lang='lat' dir='ltr'><strong>esse</strong></span> <span class='ocrx_word' id='word_1_202' title='bbox 2552 1634 2770 1691; x_wconf 82' lang='lat' dir='ltr'><strong>virtutis</strong></span> <span class='ocrx_word' id='word_1_203' title='bbox 2822 1637 2965 1693; x_wconf 89' lang='lat' dir='ltr'><strong>scire</strong></span> <span class='ocrx_word' id='word_1_204' title='bbox 3025 1638 3484 1710; x_wconf 87' lang='lat' dir='ltr'><strong>quemadmodum</strong></span> 
     </span>
    </p>
   </div>
   <div class='ocr_carea' id='block_1_30' title="bbox 1879 1730 3481 1801">
    <p class='ocr_par' dir='ltr' id='par_1_30' title="bbox 1879 1730 3481 1801">
     <span class='ocr_line' id='line_1_31' title="bbox 1879 1730 3481 1801; baseline 0.004 -17"><span class='ocrx_word' id='word_1_205' title='bbox 1879 1731 2067 1786; x_wconf 90' lang='lat' dir='ltr'><strong>oretis.</strong></span> <span class='ocrx_word' id='word_1_206' title='bbox 2099 1730 2345 1801; x_wconf 79' lang='lat' dir='ltr'><strong>Apostnli</strong></span> <span class='ocrx_word' id='word_1_207' title='bbox 2369 1731 2543 1785; x_wconf 89' lang='lat' dir='ltr'><strong>sancti</strong></span> <span class='ocrx_word' id='word_1_208' title='bbox 2574 1730 2829 1787; x_wconf 87' lang='lat' dir='ltr'><strong>dicebant</strong></span> <span class='ocrx_word' id='word_1_209' title='bbox 2854 1731 2920 1787; x_wconf 92' lang='lat' dir='ltr'><strong>ad</strong></span> <span class='ocrx_word' id='word_1_210' title='bbox 2947 1731 3233 1789; x_wconf 85' lang='lat' dir='ltr'><strong>Dominum</strong></span> <span class='ocrx_word' id='word_1_211' title='bbox 3255 1733 3440 1791; x_wconf 82' lang='lat' dir='ltr'><strong>Jesum</strong></span> <span class='ocrx_word' id='word_1_212' title='bbox 3466 1751 3481 1790; x_wconf 90' lang='lat'><strong>:</strong></span> 
     </span>
    </p>
   </div>
   <div class='ocr_carea' id='block_1_31' title="bbox 161 1818 3477 1900">
    <p class='ocr_par' dir='ltr' id='par_1_31' title="bbox 161 1818 3477 1900">
     <span class='ocr_line' id='line_1_32' title="bbox 161 1818 3477 1900; baseline 0.003 -16"><span class='ocrx_word' id='word_1_213' title='bbox 161 1831 219 1885; x_wconf 87' lang='lat' dir='ltr'><strong>in</strong></span> <span class='ocrx_word' id='word_1_214' title='bbox 252 1832 481 1894; x_wconf 81' lang='lat' dir='ltr'><strong>hortum,</strong></span> <span class='ocrx_word' id='word_1_215' title='bbox 514 1828 828 1884; x_wconf 67' lang='lat' dir='ltr'><strong>vindemiavi</strong></span> <span class='ocrx_word' id='word_1_216' title='bbox 857 1826 1123 1900; x_wconf 82' lang='lat' dir='ltr'><strong>myrrham</strong></span> <span class='ocrx_word' id='word_1_217' title='bbox 1152 1845 1267 1882; x_wconf 90' lang='lat' dir='ltr'><strong>cum</strong></span> <span class='ocrx_word' id='word_1_218' title='bbox 1304 1830 1581 1899; x_wconf 81' lang='lat' dir='ltr'><strong>unguentis</strong></span> <span class='ocrx_word' id='word_1_219' title='bbox 1601 1832 1730 1886; x_wconf 86' lang='lat' dir='ltr'><strong>meis</strong></span> <span class='ocrx_word' id='word_1_220' title='bbox 1752 1847 1771 1886; x_wconf 89' lang='lat'><strong><em>:</em></strong></span> <span class='ocrx_word' id='word_1_221' title='bbox 1801 1818 1849 1880; x_wconf 80' lang='grc' dir='ltr'><strong>Β</strong></span> <span class='ocrx_word' id='word_1_222' title='bbox 1876 1823 2118 1890; x_wconf 67' lang='lat' dir='ltr'><strong>Domine.</strong></span> <span class='ocrx_word' id='word_1_223' title='bbox 2150 1825 2274 1879; x_wconf 78' lang='grc' dir='ltr'><strong>άοσε</strong></span> <span class='ocrx_word' id='word_1_224' title='bbox 2301 1842 2393 1881; x_wconf 69' lang='grc' dir='ltr'><strong>ηοε</strong></span> <span class='ocrx_word' id='word_1_225' title='bbox 2424 1842 2593 1891; x_wconf 64' lang='lat' dir='ltr'><strong><em>ora&quot;.</em></strong></span> <span class='ocrx_word' id='word_1_226' title='bbox 2641 1825 3075 1895; x_wconf 71' lang='grc' dir='ltr'><strong>ςαετηατιηιοάιιηι</strong></span> <span class='ocrx_word' id='word_1_227' title='bbox 3114 1826 3346 1885; x_wconf 68' lang='grc' dir='ltr'><strong>«Ῑοαοιηεε</strong></span> <span class='ocrx_word' id='word_1_228' title='bbox 3374 1830 3477 1884; x_wconf 79' lang='grc' dir='ltr'><strong>(Ιο-</strong></span> 
     </span>
    </p>
   </div>
   <div class='ocr_carea' id='block_1_32' title="bbox 159 1922 1775 1995">
    <p class='ocr_par' dir='ltr' id='par_1_32' title="bbox 159 1922 1775 1995">
     <span class='ocr_line' id='line_1_33' title="bbox 159 1922 1775 1995; baseline 0 -16"><span class='ocrx_word' id='word_1_229' title='bbox 159 1923 478 1979; x_wconf 82' lang='lat' dir='ltr'><strong>manducavi</strong></span> <span class='ocrx_word' id='word_1_230' title='bbox 503 1938 688 1995; x_wconf 86' lang='lat' dir='ltr'><strong>panem</strong></span> <span class='ocrx_word' id='word_1_231' title='bbox 712 1936 881 1977; x_wconf 86' lang='lat' dir='ltr'><strong>meum</strong></span> <span class='ocrx_word' id='word_1_232' title='bbox 910 1938 1029 1976; x_wconf 87' lang='lat' dir='ltr'><strong>cum</strong></span> <span class='ocrx_word' id='word_1_233' title='bbox 1057 1922 1209 1977; x_wconf 83' lang='lat' dir='ltr'><strong>melle</strong></span> <span class='ocrx_word' id='word_1_234' title='bbox 1238 1938 1373 1991; x_wconf 86' lang='lat' dir='ltr'><strong>meo,</strong></span> <span class='ocrx_word' id='word_1_235' title='bbox 1406 1934 1451 1977; x_wconf 90' lang='lat' dir='ltr'><strong>et</strong></span> <span class='ocrx_word' id='word_1_236' title='bbox 1476 1923 1579 1977; x_wconf 84' lang='lat' dir='ltr'><strong>bibi</strong></span> <span class='ocrx_word' id='word_1_237' title='bbox 1602 1924 1775 1979; x_wconf 81' lang='lat' dir='ltr'><strong>vinum</strong></span> 
     </span>
    </p>
   </div>
   <div class='ocr_carea' id='block_1_33' title="bbox 165 2014 1775 2089">
    <p class='ocr_par' dir='ltr' id='par_1_33' title="bbox 165 2014 1775 2089">
     <span class='ocr_line' id='line_1_34' title="bbox 165 2014 1775 2089; baseline 0 -15"><span class='ocrx_word' id='word_1_238' title='bbox 165 2035 347 2074; x_wconf 81' lang='lat' dir='ltr'><strong>meum</strong></span> <span class='ocrx_word' id='word_1_239' title='bbox 368 2035 484 2073; x_wconf 83' lang='lat' dir='ltr'><strong>cum</strong></span> <span class='ocrx_word' id='word_1_240' title='bbox 508 2018 641 2073; x_wconf 87' lang='lat' dir='ltr'><strong>lacte</strong></span> <span class='ocrx_word' id='word_1_241' title='bbox 659 2033 789 2072; x_wconf 90' lang='lat' dir='ltr'><strong>meo.</strong></span> <span class='ocrx_word' id='word_1_242' title='bbox 822 2014 997 2081; x_wconf 88' lang='lat' dir='ltr'><strong>Edite,</strong></span> <span class='ocrx_word' id='word_1_243' title='bbox 1018 2017 1217 2089; x_wconf 87' lang='lat' dir='ltr'><strong>inquit,</strong></span> <span class='ocrx_word' id='word_1_244' title='bbox 1237 2016 1429 2086; x_wconf 82' lang='lat' dir='ltr'><strong>fratres</strong></span> <span class='ocrx_word' id='word_1_245' title='bbox 1448 2018 1566 2085; x_wconf 88' lang='lat' dir='ltr'><strong>ntei,</strong></span> <span class='ocrx_word' id='word_1_246' title='bbox 1596 2028 1641 2073; x_wconf 91' lang='lat' dir='ltr'><strong>et</strong></span> <span class='ocrx_word' id='word_1_247' title='bbox 1666 2019 1775 2074; x_wconf 86' lang='lat' dir='ltr'><strong>ine-</strong></span> 
     </span>
    </p>
   </div>
   <div class='ocr_carea' id='block_1_34' title="bbox 158 2109 682 2185">
    <p class='ocr_par' dir='ltr' id='par_1_34' title="bbox 158 2109 682 2185">
     <span class='ocr_line' id='line_1_35' title="bbox 158 2109 682 2185; baseline 0 -20"><span class='ocrx_word' id='word_1_248' title='bbox 158 2111 417 2167; x_wconf 81' lang='lat' dir='ltr'><strong>briamini</strong></span> <span class='ocrx_word' id='word_1_249' title='bbox 448 2110 623 2185; x_wconf 82' lang='lat' dir='ltr'><strong>(Ibid.</strong></span> 
     </span>
    </p>
   </div>
   <div class='ocr_carea' id='block_1_35' title="bbox 238 2201 1772 2276">
    <p class='ocr_par' dir='ltr' id='par_1_35' title="bbox 238 2201 1772 2276">
     <span class='ocr_line' id='line_1_36' title="bbox 238 2201 1772 2276; baseline 0.003 -19"><span class='ocrx_word' id='word_1_250' title='bbox 238 2204 326 2257; x_wconf 80' lang='grc'><strong>16.</strong></span> <span class='ocrx_word' id='word_1_251' title='bbox 364 2201 691 2257; x_wconf 80' lang='lat' dir='ltr'><strong>Vindemiavi</strong></span> <span class='ocrx_word' id='word_1_252' title='bbox 721 2202 989 2275; x_wconf 79' lang='lat' dir='ltr'><strong>myrrham</strong></span> <span class='ocrx_word' id='word_1_253' title='bbox 1016 2219 1133 2258; x_wconf 88' lang='lat' dir='ltr'><strong>cum</strong></span> <span class='ocrx_word' id='word_1_254' title='bbox 1162 2204 1445 2276; x_wconf 84' lang='lat' dir='ltr'><strong>unguentis</strong></span> <span class='ocrx_word' id='word_1_255' title='bbox 1476 2205 1623 2260; x_wconf 84' lang='lat' dir='ltr'><strong>meis.</strong></span> <span class='ocrx_word' id='word_1_256' title='bbox 1643 2205 1772 2275; x_wconf 74' lang='lat' dir='ltr'><strong>Qum</strong></span> 
     </span>
    </p>
   </div>
   <div class='ocr_carea' id='block_1_36' title="bbox 154 2295 1773 2369">
    <p class='ocr_par' dir='ltr' id='par_1_36' title="bbox 154 2295 1773 2369">
     <span class='ocr_line' id='line_1_37' title="bbox 154 2295 1773 2369; baseline -0.001 -15"><span class='ocrx_word' id='word_1_257' title='bbox 154 2306 245 2354; x_wconf 88' lang='lat' dir='ltr'><strong>est</strong></span> <span class='ocrx_word' id='word_1_258' title='bbox 290 2295 398 2350; x_wconf 83' lang='lat' dir='ltr'><strong>ista</strong></span> <span class='ocrx_word' id='word_1_259' title='bbox 452 2295 778 2351; x_wconf 82' lang='lat' dir='ltr'><strong>vindemia?</strong></span> <span class='ocrx_word' id='word_1_260' title='bbox 818 2296 1144 2368; x_wconf 89' lang='lat' dir='ltr'><strong>Cognoscite</strong></span> <span class='ocrx_word' id='word_1_261' title='bbox 1199 2298 1440 2364; x_wconf 87' lang='lat' dir='ltr'><strong>vineam,</strong></span> <span class='ocrx_word' id='word_1_262' title='bbox 1478 2308 1499 2336; x_wconf 76' lang='grc' dir='ltr'><strong>ε</strong></span> <span class='ocrx_word' id='word_1_263' title='bbox 1530 2305 1585 2352; x_wconf 90' lang='lat' dir='ltr'><strong>et</strong></span> <span class='ocrx_word' id='word_1_264' title='bbox 1605 2313 1773 2369; x_wconf 90' lang='lat' dir='ltr'><strong>agno-</strong></span> 
     </span>
    </p>
   </div>
   <div class='ocr_carea' id='block_1_37' title="bbox 154 2390 1769 2464">
    <p class='ocr_par' dir='ltr' id='par_1_37' title="bbox 154 2390 1769 2464">
     <span class='ocr_line' id='line_1_38' title="bbox 154 2390 1769 2464; baseline -0.002 -15"><span class='ocrx_word' id='word_1_265' title='bbox 154 2392 334 2449; x_wconf 83' lang='lat' dir='ltr'><strong>scetis</strong></span> <span class='ocrx_word' id='word_1_266' title='bbox 372 2390 958 2448; x_wconf 65' lang='lat' dir='ltr'><strong>vindemiannVineam</strong></span> <span class='ocrx_word' id='word_1_267' title='bbox 984 2433 998 2457; x_wconf 95' lang='lat'><strong>,</strong></span> <span class='ocrx_word' id='word_1_268' title='bbox 1027 2391 1238 2461; x_wconf 87' lang='lat' dir='ltr'><strong>inquit,</strong></span> <span class='ocrx_word' id='word_1_269' title='bbox 1273 2408 1337 2448; x_wconf 78' lang='lat' dir='ltr'><strong>es;</strong></span> <span class='ocrx_word' id='word_1_270' title='bbox 1367 2390 1769 2464; x_wconf 60' lang='lat' dir='ltr'><strong>Egyptotran-</strong></span> 
     </span>
    </p>
   </div>
   <div class='ocr_carea' id='block_1_38' title="bbox 156 2482 1771 2558">
    <p class='ocr_par' dir='ltr' id='par_1_38' title="bbox 156 2482 1771 2558">
     <span class='ocr_line' id='line_1_39' title="bbox 156 2482 1771 2558; baseline -0.001 -16"><span class='ocrx_word' id='word_1_271' title='bbox 156 2484 361 2542; x_wconf 82' lang='lat' dir='ltr'><strong>stulisti</strong></span> <span class='ocrx_word' id='word_1_272' title='bbox 382 2482 560 2558; x_wconf 85' lang='lat' dir='ltr'><strong>(Psal.</strong></span> <span class='ocrx_word' id='word_1_273' title='bbox 595 2500 779 2550; x_wconf 75' lang='lat' dir='ltr'><strong>Lxxtx,</strong></span> <span class='ocrx_word' id='word_1_274' title='bbox 808 2483 893 2553; x_wconf 89' lang='lat'><strong>9),</strong></span> <span class='ocrx_word' id='word_1_275' title='bbox 941 2484 1044 2539; x_wconf 92' lang='lat' dir='ltr'><strong>hoc</strong></span> <span class='ocrx_word' id='word_1_276' title='bbox 1094 2492 1181 2539; x_wconf 91' lang='lat' dir='ltr'><strong>est</strong></span> <span class='ocrx_word' id='word_1_277' title='bbox 1222 2483 1483 2554; x_wconf 86' lang='lat' dir='ltr'><strong>populum</strong></span> <span class='ocrx_word' id='word_1_278' title='bbox 1511 2484 1624 2539; x_wconf 91' lang='lat' dir='ltr'><strong>Dei.</strong></span> <span class='ocrx_word' id='word_1_279' title='bbox 1659 2482 1771 2540; x_wconf 78' lang='lat' dir='ltr'><strong>Vos</strong></span> 
     </span>
    </p>
   </div>
   <div class='ocr_carea' id='block_1_39' title="bbox 152 2576 1765 2648">
    <p class='ocr_par' dir='ltr' id='par_1_39' title="bbox 152 2576 1765 2648">
     <span class='ocr_line' id='line_1_40' title="bbox 152 2576 1765 2648; baseline -0.004 -12"><span class='ocrx_word' id='word_1_280' title='bbox 152 2581 293 2636; x_wconf 86' lang='lat' dir='ltr'><strong>estis</strong></span> <span class='ocrx_word' id='word_1_281' title='bbox 320 2577 500 2642; x_wconf 87' lang='lat' dir='ltr'><strong>vinea,</strong></span> <span class='ocrx_word' id='word_1_282' title='bbox 527 2592 627 2633; x_wconf 88' lang='lat' dir='ltr'><strong>vos</strong></span> <span class='ocrx_word' id='word_1_283' title='bbox 654 2578 788 2633; x_wconf 85' lang='lat' dir='ltr'><strong>estis</strong></span> <span class='ocrx_word' id='word_1_284' title='bbox 808 2576 1081 2633; x_wconf 85' lang='lat' dir='ltr'><strong>vindemia</strong></span> <span class='ocrx_word' id='word_1_285' title='bbox 1114 2594 1125 2630; x_wconf 91' lang='lat'><strong>:</strong></span> <span class='ocrx_word' id='word_1_286' title='bbox 1153 2578 1310 2647; x_wconf 91' lang='lat' dir='ltr'><strong>quasi</strong></span> <span class='ocrx_word' id='word_1_287' title='bbox 1331 2579 1487 2633; x_wconf 88' lang='lat' dir='ltr'><strong>vinea</strong></span> <span class='ocrx_word' id='word_1_288' title='bbox 1513 2578 1765 2648; x_wconf 88' lang='lat' dir='ltr'><strong>plantati,</strong></span> 
     </span>
    </p>
   </div>
   <div class='ocr_carea' id='block_1_40' title="bbox 152 2669 1774 2742">
    <p class='ocr_par' dir='ltr' id='par_1_40' title="bbox 152 2669 1774 2742">
     <span class='ocr_line' id='line_1_41' title="bbox 152 2669 1774 2742; baseline -0.001 -15"><span class='ocrx_word' id='word_1_289' title='bbox 152 2673 314 2742; x_wconf 88' lang='lat' dir='ltr'><strong>quasi</strong></span> <span class='ocrx_word' id='word_1_290' title='bbox 334 2669 605 2726; x_wconf 86' lang='lat' dir='ltr'><strong>vindemia</strong></span> <span class='ocrx_word' id='word_1_291' title='bbox 624 2669 860 2725; x_wconf 80' lang='lat' dir='ltr'><strong>fructum</strong></span> <span class='ocrx_word' id='word_1_292' title='bbox 883 2669 1137 2725; x_wconf 83' lang='lat' dir='ltr'><strong>dedistis.</strong></span> <span class='ocrx_word' id='word_1_293' title='bbox 1162 2670 1495 2725; x_wconf 81' lang='lat' dir='ltr'><strong>Vindemiavi</strong></span> <span class='ocrx_word' id='word_1_294' title='bbox 1514 2672 1774 2742; x_wconf 82' lang='lat' dir='ltr'><strong>myrrham</strong></span> 
     </span>
    </p>
   </div>
   <div class='ocr_carea' id='block_1_41' title="bbox 154 2762 1767 2837">
    <p class='ocr_par' dir='ltr' id='par_1_41' title="bbox 154 2762 1767 2837">
     <span class='ocr_line' id='line_1_42' title="bbox 154 2762 1767 2837; baseline 0 -18"><span class='ocrx_word' id='word_1_295' title='bbox 154 2782 275 2819; x_wconf 85' lang='lat' dir='ltr'><strong>cum</strong></span> <span class='ocrx_word' id='word_1_296' title='bbox 310 2765 585 2837; x_wconf 80' lang='lat' dir='ltr'><strong>unguentis</strong></span> <span class='ocrx_word' id='word_1_297' title='bbox 608 2764 758 2832; x_wconf 86' lang='lat' dir='ltr'><strong>meis,</strong></span> <span class='ocrx_word' id='word_1_298' title='bbox 791 2762 897 2820; x_wconf 89' lang='lat' dir='ltr'><strong>hoc</strong></span> <span class='ocrx_word' id='word_1_299' title='bbox 926 2776 1032 2831; x_wconf 88' lang='lat' dir='ltr'><strong>est,</strong></span> <span class='ocrx_word' id='word_1_300' title='bbox 1066 2763 1116 2819; x_wconf 90' lang='lat' dir='ltr'><strong>in</strong></span> <span class='ocrx_word' id='word_1_301' title='bbox 1149 2763 1376 2821; x_wconf 89' lang='lat' dir='ltr'><strong>odorem</strong></span> <span class='ocrx_word' id='word_1_302' title='bbox 1406 2779 1569 2837; x_wconf 90' lang='lat' dir='ltr'><strong>quem</strong></span> <span class='ocrx_word' id='word_1_303' title='bbox 1606 2779 1767 2820; x_wconf 88' lang='lat' dir='ltr'><strong>acce-</strong></span> 
     </span>
    </p>
   </div>
   <div class='ocr_carea' id='block_1_42' title="bbox 157 2860 348 2933">
    <p class='ocr_par' dir='ltr' id='par_1_42' title="bbox 157 2860 348 2933">
     <span class='ocr_line' id='line_1_43' title="bbox 157 2860 348 2933; baseline -0.01 -17"><span class='ocrx_word' id='word_1_304' title='bbox 157 2860 348 2933; x_wconf 86' lang='lat' dir='ltr'><strong>pistis.</strong></span> 
     </span>
    </p>
   </div>
   <div class='ocr_carea' id='block_1_43' title="bbox 231 2951 1802 3025">
    <p class='ocr_par' dir='ltr' id='par_1_43' title="bbox 231 2951 1802 3025">
     <span class='ocr_line' id='line_1_44' title="bbox 231 2951 1802 3025; baseline -0.001 -17"><span class='ocrx_word' id='word_1_305' title='bbox 231 2955 320 3009; x_wconf 88' lang='lat' dir='ltr'><strong>l7.</strong></span> <span class='ocrx_word' id='word_1_306' title='bbox 368 2951 685 3008; x_wconf 73' lang='lat' dir='ltr'><strong>Manducavi</strong></span> <span class='ocrx_word' id='word_1_307' title='bbox 714 2969 902 3025; x_wconf 89' lang='lat' dir='ltr'><strong>panem</strong></span> <span class='ocrx_word' id='word_1_308' title='bbox 923 2968 1090 3008; x_wconf 83' lang='lat' dir='ltr'><strong>meum</strong></span> <span class='ocrx_word' id='word_1_309' title='bbox 1113 2969 1228 3007; x_wconf 89' lang='lat' dir='ltr'><strong>cum</strong></span> <span class='ocrx_word' id='word_1_310' title='bbox 1261 2953 1411 3008; x_wconf 88' lang='lat' dir='ltr'><strong>melle</strong></span> <span class='ocrx_word' id='word_1_311' title='bbox 1440 2968 1570 3008; x_wconf 87' lang='lat' dir='ltr'><strong>meo.</strong></span> <span class='ocrx_word' id='word_1_312' title='bbox 1608 2951 1769 3009; x_wconf 78' lang='lat' dir='ltr'><strong>Vides</strong></span> <span class='ocrx_word' id='word_1_313' title='bbox 1790 2956 1802 2974; x_wconf 87' lang='lat'><strong><em>‘</em></strong></span> 
     </span>
    </p>
   </div>
   <div class='ocr_carea' id='block_1_44' title="bbox 151 3044 1769 3117">
    <p class='ocr_par' dir='ltr' id='par_1_44' title="bbox 151 3044 1769 3117">
     <span class='ocr_line' id='line_1_45' title="bbox 151 3044 1769 3117; baseline 0.002 -20"><span class='ocrx_word' id='word_1_314' title='bbox 151 3046 300 3117; x_wconf 89' lang='lat' dir='ltr'><strong>quod</strong></span> <span class='ocrx_word' id='word_1_315' title='bbox 351 3045 405 3101; x_wconf 91' lang='lat' dir='ltr'><strong>in</strong></span> <span class='ocrx_word' id='word_1_316' title='bbox 451 3047 555 3102; x_wconf 90' lang='lat' dir='ltr'><strong>hoc</strong></span> <span class='ocrx_word' id='word_1_317' title='bbox 602 3060 741 3116; x_wconf 87' lang='lat' dir='ltr'><strong>pane</strong></span> <span class='ocrx_word' id='word_1_318' title='bbox 769 3044 917 3100; x_wconf 88' lang='lat' dir='ltr'><strong>nulla</strong></span> <span class='ocrx_word' id='word_1_319' title='bbox 961 3046 1035 3100; x_wconf 85' lang='lat' dir='ltr'><strong>sit</strong></span> <span class='ocrx_word' id='word_1_320' title='bbox 1074 3044 1402 3111; x_wconf 84' lang='lat' dir='ltr'><strong>amaritudo,</strong></span> <span class='ocrx_word' id='word_1_321' title='bbox 1452 3045 1548 3101; x_wconf 87' lang='lat' dir='ltr'><strong>sed</strong></span> <span class='ocrx_word' id='word_1_322' title='bbox 1582 3045 1769 3100; x_wconf 89' lang='lat' dir='ltr'><strong>omnis</strong></span> 
     </span>
    </p>
   </div>
   <div class='ocr_carea' id='block_1_45' title="bbox 154 3136 1768 3196">
    <p class='ocr_par' dir='ltr' id='par_1_45' title="bbox 154 3136 1768 3196">
     <span class='ocr_line' id='line_1_46' title="bbox 154 3136 1768 3196; baseline -0.003 0"><span class='ocrx_word' id='word_1_323' title='bbox 154 3139 400 3196; x_wconf 64' lang='lat' dir='ltr'><strong>suavitas</strong></span> <span class='ocrx_word' id='word_1_324' title='bbox 432 3138 547 3193; x_wconf 80' lang='lat' dir='ltr'><strong>sit?</strong></span> <span class='ocrx_word' id='word_1_325' title='bbox 587 3136 705 3192; x_wconf 87' lang='lat' dir='ltr'><strong>Bibi</strong></span> <span class='ocrx_word' id='word_1_326' title='bbox 732 3138 913 3192; x_wconf 82' lang='lat' dir='ltr'><strong>vinum</strong></span> <span class='ocrx_word' id='word_1_327' title='bbox 936 3153 1103 3192; x_wconf 86' lang='lat' dir='ltr'><strong>meum</strong></span> <span class='ocrx_word' id='word_1_328' title='bbox 1133 3154 1251 3193; x_wconf 89' lang='lat' dir='ltr'><strong>cum</strong></span> <span class='ocrx_word' id='word_1_329' title='bbox 1284 3138 1416 3192; x_wconf 88' lang='lat' dir='ltr'><strong>lacte</strong></span> <span class='ocrx_word' id='word_1_330' title='bbox 1437 3154 1569 3192; x_wconf 87' lang='lat' dir='ltr'><strong>meo.</strong></span> <span class='ocrx_word' id='word_1_331' title='bbox 1602 3136 1768 3193; x_wconf 82' lang='lat' dir='ltr'><strong>Vides</strong></span> 
     </span>
    </p>
   </div>
   <div class='ocr_carea' id='block_1_46' title="bbox 1877 1917 3477 1991">
    <p class='ocr_par' dir='ltr' id='par_1_46' title="bbox 1877 1917 3477 1991">
     <span class='ocr_line' id='line_1_47' title="bbox 1877 1917 3477 1991; baseline 0.004 -20"><span class='ocrx_word' id='word_1_332' title='bbox 1877 1919 1981 1971; x_wconf 87' lang='lat' dir='ltr'><strong>cuit</strong></span> <span class='ocrx_word' id='word_1_333' title='bbox 2012 1917 2297 1988; x_wconf 82' lang='lat' dir='ltr'><strong>discipulos</strong></span> <span class='ocrx_word' id='word_1_334' title='bbox 2335 1934 2477 1973; x_wconf 87' lang='lat' dir='ltr'><strong>suos.</strong></span> <span class='ocrx_word' id='word_1_335' title='bbox 2508 1917 2669 1991; x_wconf 79' lang='lat'><strong>377</strong></span> <span class='ocrx_word' id='word_1_336' title='bbox 2700 1917 2853 1974; x_wconf 89' lang='lat' dir='ltr'><strong>Tune</strong></span> <span class='ocrx_word' id='word_1_337' title='bbox 2892 1920 2969 1974; x_wconf 86' lang='lat' dir='ltr'><strong>ait</strong></span> <span class='ocrx_word' id='word_1_338' title='bbox 2997 1928 3021 1959; x_wconf 77' lang='grc' dir='ltr'>ε</span> <span class='ocrx_word' id='word_1_339' title='bbox 3055 1919 3316 1977; x_wconf 89' lang='lat' dir='ltr'><strong>Dominus</strong></span> <span class='ocrx_word' id='word_1_340' title='bbox 3344 1937 3477 1979; x_wconf 87' lang='lat' dir='ltr'><strong>ora-</strong></span> 
     </span>
    </p>
   </div>
   <div class='ocr_carea' id='block_1_47' title="bbox 1877 2009 3482 2085">
    <p class='ocr_par' dir='ltr' id='par_1_47' title="bbox 1877 2009 3482 2085">
     <span class='ocr_line' id='line_1_48' title="bbox 1877 2009 3482 2085; baseline 0.005 -19"><span class='ocrx_word' id='word_1_341' title='bbox 1877 2011 2083 2067; x_wconf 85' lang='lat' dir='ltr'><strong>tionem</strong></span> <span class='ocrx_word' id='word_1_342' title='bbox 2109 2028 2123 2065; x_wconf 90' lang='lat'><strong>:</strong></span> <span class='ocrx_word' id='word_1_343' title='bbox 2150 2009 2311 2065; x_wconf 85' lang='lat' dir='ltr'><strong>Pater</strong></span> <span class='ocrx_word' id='word_1_344' title='bbox 2338 2022 2509 2068; x_wconf 83' lang='lat' dir='ltr'><strong>noster</strong></span> <span class='ocrx_word' id='word_1_345' title='bbox 2536 2013 2624 2083; x_wconf 87' lang='lat' dir='ltr'><strong>qui</strong></span> <span class='ocrx_word' id='word_1_346' title='bbox 2654 2029 2705 2068; x_wconf 91' lang='lat' dir='ltr'><strong>es</strong></span> <span class='ocrx_word' id='word_1_347' title='bbox 2726 2013 2778 2067; x_wconf 88' lang='lat' dir='ltr'><strong>in</strong></span> <span class='ocrx_word' id='word_1_348' title='bbox 2805 2013 2944 2069; x_wconf 76' lang='lat' dir='ltr'><strong>ctelis</strong></span> <span class='ocrx_word' id='word_1_349' title='bbox 2972 2030 2992 2068; x_wconf 79' lang='lat'><strong>.&#39;</strong></span> <span class='ocrx_word' id='word_1_350' title='bbox 3016 2015 3367 2085; x_wconf 83' lang='lat' dir='ltr'><strong>sanctificetur</strong></span> <span class='ocrx_word' id='word_1_351' title='bbox 3388 2033 3482 2073; x_wconf 85' lang='lat' dir='ltr'><strong>no-</strong></span> 
     </span>
    </p>
   </div>
   <div class='ocr_carea' id='block_1_48' title="bbox 1876 2105 3476 2179">
    <p class='ocr_par' dir='ltr' id='par_1_48' title="bbox 1876 2105 3476 2179">
     <span class='ocr_line' id='line_1_49' title="bbox 1876 2105 3476 2179; baseline 0.005 -21"><span class='ocrx_word' id='word_1_352' title='bbox 1876 2121 1991 2160; x_wconf 90' lang='lat' dir='ltr'><strong>men</strong></span> <span class='ocrx_word' id='word_1_353' title='bbox 2024 2116 2168 2160; x_wconf 87' lang='lat' dir='ltr'><strong>tuum</strong></span> <span class='ocrx_word' id='word_1_354' title='bbox 2198 2122 2216 2160; x_wconf 88' lang='lat'><strong><em>:</em></strong></span> <span class='ocrx_word' id='word_1_355' title='bbox 2246 2105 2489 2161; x_wconf 84' lang='lat' dir='ltr'><strong>adueniat</strong></span> <span class='ocrx_word' id='word_1_356' title='bbox 2514 2123 2729 2179; x_wconf 88' lang='lat' dir='ltr'><strong>regnum</strong></span> <span class='ocrx_word' id='word_1_357' title='bbox 2759 2117 2902 2162; x_wconf 88' lang='lat' dir='ltr'><strong>tuum</strong></span> <span class='ocrx_word' id='word_1_358' title='bbox 2926 2124 2945 2162; x_wconf 89' lang='lat'><strong><em>:</em></strong></span> <span class='ocrx_word' id='word_1_359' title='bbox 2976 2109 3069 2176; x_wconf 87' lang='lat' dir='ltr'><strong>fiat</strong></span> <span class='ocrx_word' id='word_1_360' title='bbox 3096 2109 3334 2166; x_wconf 80' lang='lat' dir='ltr'><strong>uoluntas</strong></span> <span class='ocrx_word' id='word_1_361' title='bbox 3365 2120 3476 2179; x_wconf 84' lang='lat' dir='ltr'><strong>tua,</strong></span> 
     </span>
    </p>
   </div>
   <div class='ocr_carea' id='block_1_49' title="bbox 1873 2201 3483 2277">
    <p class='ocr_par' dir='ltr' id='par_1_49' title="bbox 1873 2201 3483 2277">
     <span class='ocr_line' id='line_1_50' title="bbox 1873 2201 3483 2277; baseline 0.005 -23"><span class='ocrx_word' id='word_1_362' title='bbox 1873 2201 2009 2255; x_wconf 82' lang='lat' dir='ltr'><strong>sicut</strong></span> <span class='ocrx_word' id='word_1_363' title='bbox 2035 2201 2090 2254; x_wconf 91' lang='lat' dir='ltr'><strong>in</strong></span> <span class='ocrx_word' id='word_1_364' title='bbox 2114 2201 2242 2255; x_wconf 69' lang='lat' dir='ltr'><strong>casto</strong></span> <span class='ocrx_word' id='word_1_365' title='bbox 2266 2210 2316 2256; x_wconf 90' lang='lat' dir='ltr'><strong>et</strong></span> <span class='ocrx_word' id='word_1_366' title='bbox 2343 2202 2398 2255; x_wconf 90' lang='lat' dir='ltr'><strong>in</strong></span> <span class='ocrx_word' id='word_1_367' title='bbox 2424 2211 2561 2256; x_wconf 89' lang='lat' dir='ltr'><strong>terra</strong></span> <span class='ocrx_word' id='word_1_368' title='bbox 2594 2217 2613 2256; x_wconf 89' lang='lat'><strong><em>:</em></strong></span> <span class='ocrx_word' id='word_1_369' title='bbox 2638 2219 2824 2275; x_wconf 87' lang='lat' dir='ltr'><strong>panem</strong></span> <span class='ocrx_word' id='word_1_370' title='bbox 2856 2212 3089 2258; x_wconf 87' lang='lat' dir='ltr'><strong>nostrum</strong></span> <span class='ocrx_word' id='word_1_371' title='bbox 3118 2205 3483 2277; x_wconf 83' lang='lat' dir='ltr'><strong>quotidianum</strong></span> 
     </span>
    </p>
   </div>
   <div class='ocr_carea' id='block_1_50' title="bbox 1873 2293 3484 2365">
    <p class='ocr_par' dir='ltr' id='par_1_50' title="bbox 1873 2293 3484 2365">
     <span class='ocr_line' id='line_1_51' title="bbox 1873 2293 3484 2365; baseline 0.004 -19"><span class='ocrx_word' id='word_1_372' title='bbox 1873 2295 1944 2348; x_wconf 88' lang='lat' dir='ltr'><strong>da</strong></span> <span class='ocrx_word' id='word_1_373' title='bbox 1986 2293 2133 2348; x_wconf 87' lang='lat' dir='ltr'><strong>nobis</strong></span> <span class='ocrx_word' id='word_1_374' title='bbox 2164 2293 2314 2348; x_wconf 84' lang='lat' dir='ltr'><strong>hodie</strong></span> <span class='ocrx_word' id='word_1_375' title='bbox 2344 2309 2362 2348; x_wconf 90' lang='lat'><strong><em>:</em></strong></span> <span class='ocrx_word' id='word_1_376' title='bbox 2388 2302 2438 2349; x_wconf 91' lang='lat' dir='ltr'><strong>et</strong></span> <span class='ocrx_word' id='word_1_377' title='bbox 2467 2293 2670 2348; x_wconf 87' lang='lat' dir='ltr'><strong>dimitte</strong></span> <span class='ocrx_word' id='word_1_378' title='bbox 2700 2294 2847 2349; x_wconf 90' lang='lat' dir='ltr'><strong>nobis</strong></span> <span class='ocrx_word' id='word_1_379' title='bbox 2888 2294 3059 2350; x_wconf 85' lang='lat' dir='ltr'><strong>debita</strong></span> <span class='ocrx_word' id='word_1_380' title='bbox 3101 2306 3301 2365; x_wconf 88' lang='lat' dir='ltr'><strong>nostra,</strong></span> <span class='ocrx_word' id='word_1_381' title='bbox 3348 2298 3484 2353; x_wconf 80' lang='lat' dir='ltr'><strong>sicut</strong></span> 
     </span>
    </p>
   </div>
   <div class='ocr_carea' id='block_1_51' title="bbox 1873 2385 3482 2462">
    <p class='ocr_par' dir='ltr' id='par_1_51' title="bbox 1873 2385 3482 2462">
     <span class='ocr_line' id='line_1_52' title="bbox 1873 2385 3482 2462; baseline 0.002 -21"><span class='ocrx_word' id='word_1_382' title='bbox 1873 2395 1920 2442; x_wconf 91' lang='lat' dir='ltr'><strong>et</strong></span> <span class='ocrx_word' id='word_1_383' title='bbox 1944 2402 2037 2441; x_wconf 88' lang='lat' dir='ltr'><strong>nos</strong></span> <span class='ocrx_word' id='word_1_384' title='bbox 2062 2386 2368 2440; x_wconf 89' lang='lat' dir='ltr'><strong>dimittimus</strong></span> <span class='ocrx_word' id='word_1_385' title='bbox 2390 2385 2703 2441; x_wconf 87' lang='lat' dir='ltr'><strong>debitoribus</strong></span> <span class='ocrx_word' id='word_1_386' title='bbox 2728 2387 2918 2442; x_wconf 87' lang='lat' dir='ltr'><strong>nostris</strong></span> <span class='ocrx_word' id='word_1_387' title='bbox 2941 2404 2960 2441; x_wconf 94' lang='lat'><strong><em>:</em></strong></span> <span class='ocrx_word' id='word_1_388' title='bbox 2980 2397 3030 2442; x_wconf 89' lang='lat' dir='ltr'><strong>et</strong></span> <span class='ocrx_word' id='word_1_389' title='bbox 3056 2404 3120 2443; x_wconf 89' lang='lat' dir='ltr'><strong>ne</strong></span> <span class='ocrx_word' id='word_1_390' title='bbox 3149 2404 3243 2444; x_wconf 91' lang='lat' dir='ltr'><strong>nos</strong></span> <span class='ocrx_word' id='word_1_391' title='bbox 3262 2390 3482 2462; x_wconf 87' lang='lat' dir='ltr'><strong>patiaris</strong></span> 
     </span>
    </p>
   </div>
   <div class='ocr_carea' id='block_1_52' title="bbox 1873 2479 3476 2556">
    <p class='ocr_par' dir='ltr' id='par_1_52' title="bbox 1873 2479 3476 2556">
     <span class='ocr_line' id='line_1_53' title="bbox 1873 2479 3476 2556; baseline 0.004 -22"><span class='ocrx_word' id='word_1_392' title='bbox 1873 2479 2051 2535; x_wconf 86' lang='lat' dir='ltr'><strong>induci</strong></span> <span class='ocrx_word' id='word_1_393' title='bbox 2072 2480 2125 2534; x_wconf 89' lang='lat' dir='ltr'><strong>in</strong></span> <span class='ocrx_word' id='word_1_394' title='bbox 2149 2480 2499 2547; x_wconf 88' lang='lat' dir='ltr'><strong>tentationem,</strong></span> <span class='ocrx_word' id='word_1_395' title='bbox 2526 2480 2615 2534; x_wconf 88' lang='lat' dir='ltr'><strong>sed</strong></span> <span class='ocrx_word' id='word_1_396' title='bbox 2642 2479 2803 2535; x_wconf 89' lang='lat' dir='ltr'><strong>libera</strong></span> <span class='ocrx_word' id='word_1_397' title='bbox 2826 2497 2919 2537; x_wconf 89' lang='lat' dir='ltr'><strong>nos</strong></span> <span class='ocrx_word' id='word_1_398' title='bbox 2943 2498 2975 2535; x_wconf 90' lang='lat' dir='ltr'><strong>a</strong></span> <span class='ocrx_word' id='word_1_399' title='bbox 3005 2481 3141 2538; x_wconf 89' lang='lat' dir='ltr'><strong>malo</strong></span> <span class='ocrx_word' id='word_1_400' title='bbox 3163 2482 3182 2556; x_wconf 94' lang='lat'>(</span> <span class='ocrx_word' id='word_1_401' title='bbox 3201 2483 3332 2540; x_wconf 86' lang='lat' dir='ltr'><strong>Luc.</strong></span> <span class='ocrx_word' id='word_1_402' title='bbox 3355 2484 3476 2552; x_wconf 76' lang='lat' dir='ltr'><strong>xt,l</strong></span> 
     </span>
    </p>
   </div>
   <div class='ocr_carea' id='block_1_53' title="bbox 1873 2572 3481 2649">
    <p class='ocr_par' dir='ltr' id='par_1_53' title="bbox 1873 2572 3481 2649">
     <span class='ocr_line' id='line_1_54' title="bbox 1873 2572 3481 2649; baseline 0.004 -21"><span class='ocrx_word' id='word_1_403' title='bbox 1873 2583 1922 2628; x_wconf 87' lang='lat' dir='ltr'><strong>et</strong></span> <span class='ocrx_word' id='word_1_404' title='bbox 1950 2590 2036 2643; x_wconf 86' lang='lat' dir='ltr'><strong>seq</strong></span> <span class='ocrx_word' id='word_1_405' title='bbox 2070 2573 2114 2645; x_wconf 87' lang='lat'><strong>).</strong></span> <span class='ocrx_word' id='word_1_406' title='bbox 2150 2572 2314 2628; x_wconf 83' lang='lat' dir='ltr'><strong>Vides</strong></span> <span class='ocrx_word' id='word_1_407' title='bbox 2340 2586 2503 2644; x_wconf 90' lang='lat' dir='ltr'><strong>quam</strong></span> <span class='ocrx_word' id='word_1_408' title='bbox 2528 2572 2710 2629; x_wconf 90' lang='lat' dir='ltr'><strong>brevis</strong></span> <span class='ocrx_word' id='word_1_409' title='bbox 2736 2573 2938 2641; x_wconf 85' lang='lat' dir='ltr'><strong>oratio,</strong></span> <span class='ocrx_word' id='word_1_410' title='bbox 2972 2582 3025 2631; x_wconf 91' lang='lat' dir='ltr'><strong>ct</strong></span> <span class='ocrx_word' id='word_1_411' title='bbox 3048 2576 3290 2632; x_wconf 90' lang='lat' dir='ltr'><strong>omnium</strong></span> <span class='ocrx_word' id='word_1_412' title='bbox 3319 2577 3481 2649; x_wconf 88' lang='lat' dir='ltr'><strong>plena</strong></span> 
     </span>
    </p>
   </div>
   <div class='ocr_carea' id='block_1_54' title="bbox 1872 2669 3206 2741">
    <p class='ocr_par' dir='ltr' id='par_1_54' title="bbox 1872 2669 3206 2741">
     <span class='ocr_line' id='line_1_55' title="bbox 1872 2669 3206 2741; baseline 0.002 -17"><span class='ocrx_word' id='word_1_413' title='bbox 1872 2669 2135 2725; x_wconf 83' lang='lat' dir='ltr'><strong>virtutum</strong></span> <span class='ocrx_word' id='word_1_414' title='bbox 2164 2686 2177 2724; x_wconf 88' lang='lat'><strong>:</strong></span> <span class='ocrx_word' id='word_1_415' title='bbox 2202 2669 2413 2741; x_wconf 89' lang='lat' dir='ltr'><strong>primus</strong></span> <span class='ocrx_word' id='word_1_416' title='bbox 2436 2684 2619 2726; x_wconf 91' lang='lat' dir='ltr'><strong>sermo</strong></span> <span class='ocrx_word' id='word_1_417' title='bbox 2649 2678 2870 2741; x_wconf 65' lang='lat' dir='ltr'><strong>quanta:</strong></span> <span class='ocrx_word' id='word_1_418' title='bbox 2898 2669 2969 2725; x_wconf 90' lang='lat' dir='ltr'><strong>sit</strong></span> <span class='ocrx_word' id='word_1_419' title='bbox 2997 2670 3206 2741; x_wconf 69' lang='lat' dir='ltr'><strong>gratiae!</strong></span> 
     </span>
    </p>
   </div>
   <div class='ocr_carea' id='block_1_55' title="bbox 1948 2760 3479 2823">
    <p class='ocr_par' dir='ltr' id='par_1_55' title="bbox 1948 2760 3479 2823">
     <span class='ocr_line' id='line_1_56' title="bbox 1948 2760 3479 2823; baseline 0.005 -7"><span class='ocrx_word' id='word_1_420' title='bbox 1948 2761 2036 2816; x_wconf 88' lang='grc'><strong>19.</strong></span> <span class='ocrx_word' id='word_1_421' title='bbox 2076 2760 2122 2816; x_wconf 88' lang='grc' dir='ltr'>Ο</span> <span class='ocrx_word' id='word_1_422' title='bbox 2149 2761 2344 2816; x_wconf 88' lang='lat' dir='ltr'><strong>homo!</strong></span> <span class='ocrx_word' id='word_1_423' title='bbox 2381 2760 2575 2817; x_wconf 78' lang='lat' dir='ltr'><strong>faciem</strong></span> <span class='ocrx_word' id='word_1_424' title='bbox 2609 2769 2757 2818; x_wconf 90' lang='lat' dir='ltr'><strong>tuam</strong></span> <span class='ocrx_word' id='word_1_425' title='bbox 2785 2776 2895 2818; x_wconf 93' lang='lat' dir='ltr'><strong>non</strong></span> <span class='ocrx_word' id='word_1_426' title='bbox 2926 2762 3169 2819; x_wconf 86' lang='lat' dir='ltr'><strong>audebas</strong></span> <span class='ocrx_word' id='word_1_427' title='bbox 3188 2763 3256 2821; x_wconf 89' lang='lat' dir='ltr'><strong>ad</strong></span> <span class='ocrx_word' id='word_1_428' title='bbox 3277 2764 3479 2823; x_wconf 64' lang='lat' dir='ltr'><strong>coelum</strong></span> 
     </span>
    </p>
   </div>
   <div class='ocr_carea' id='block_1_56' title="bbox 1872 2856 3483 2929">
    <p class='ocr_par' dir='ltr' id='par_1_56' title="bbox 1872 2856 3483 2929">
     <span class='ocr_line' id='line_1_57' title="bbox 1872 2856 3483 2929; baseline 0.004 -19"><span class='ocrx_word' id='word_1_429' title='bbox 1872 2856 2148 2922; x_wconf 87' lang='lat' dir='ltr'><strong>attollere,</strong></span> <span class='ocrx_word' id='word_1_430' title='bbox 2178 2856 2364 2912; x_wconf 89' lang='lat' dir='ltr'><strong>oculos</strong></span> <span class='ocrx_word' id='word_1_431' title='bbox 2414 2863 2535 2912; x_wconf 89' lang='lat' dir='ltr'><strong>tuos</strong></span> <span class='ocrx_word' id='word_1_432' title='bbox 2572 2856 2625 2911; x_wconf 90' lang='lat' dir='ltr'><strong>itt</strong></span> <span class='ocrx_word' id='word_1_433' title='bbox 2657 2865 2856 2912; x_wconf 91' lang='lat' dir='ltr'><strong>terram</strong></span> <span class='ocrx_word' id='word_1_434' title='bbox 2890 2856 3186 2929; x_wconf 89' lang='lat' dir='ltr'><strong>dirigebas,</strong></span> <span class='ocrx_word' id='word_1_435' title='bbox 3217 2868 3273 2916; x_wconf 92' lang='lat' dir='ltr'><strong>et</strong></span> <span class='ocrx_word' id='word_1_436' title='bbox 3297 2860 3483 2918; x_wconf 90' lang='lat' dir='ltr'><strong>subito</strong></span> 
     </span>
    </p>
   </div>
   <div class='ocr_carea' id='block_1_57' title="bbox 1874 2948 3478 3023">
    <p class='ocr_par' dir='ltr' id='par_1_57' title="bbox 1874 2948 3478 3023">
     <span class='ocr_line' id='line_1_58' title="bbox 1874 2948 3478 3023; baseline 0.004 -19"><span class='ocrx_word' id='word_1_437' title='bbox 1874 2950 2131 3023; x_wconf 87' lang='lat' dir='ltr'><strong>accepisti</strong></span> <span class='ocrx_word' id='word_1_438' title='bbox 2164 2949 2395 3021; x_wconf 89' lang='lat' dir='ltr'><strong>gratiam</strong></span> <span class='ocrx_word' id='word_1_439' title='bbox 2422 2948 2651 3018; x_wconf 88' lang='lat' dir='ltr'><strong>Christi,</strong></span> <span class='ocrx_word' id='word_1_440' title='bbox 2679 2948 2860 3005; x_wconf 88' lang='lat' dir='ltr'><strong>omnia</strong></span> <span class='ocrx_word' id='word_1_441' title='bbox 2888 2949 2982 3007; x_wconf 90' lang='lat' dir='ltr'><strong>tibi</strong></span> <span class='ocrx_word' id='word_1_442' title='bbox 3008 2962 3231 3022; x_wconf 81' lang='lat' dir='ltr'><strong>peccata</strong></span> <span class='ocrx_word' id='word_1_443' title='bbox 3253 2950 3478 3010; x_wconf 90' lang='lat' dir='ltr'><strong>dimissa</strong></span> 
     </span>
    </p>
   </div>
   <div class='ocr_carea' id='block_1_58' title="bbox 1875 3041 3478 3112">
    <p class='ocr_par' dir='ltr' id='par_1_58' title="bbox 1875 3041 3478 3112">
     <span class='ocr_line' id='line_1_59' title="bbox 1875 3041 3478 3112; baseline 0.001 -12"><span class='ocrx_word' id='word_1_444' title='bbox 1875 3053 2026 3100; x_wconf 90' lang='lat' dir='ltr'><strong>sunt.</strong></span> <span class='ocrx_word' id='word_1_445' title='bbox 2062 3043 2137 3097; x_wconf 85' lang='lat' dir='ltr'><strong>Ex</strong></span> <span class='ocrx_word' id='word_1_446' title='bbox 2177 3041 2320 3097; x_wconf 84' lang='lat' dir='ltr'><strong>malo</strong></span> <span class='ocrx_word' id='word_1_447' title='bbox 2374 3056 2533 3098; x_wconf 88' lang='lat' dir='ltr'><strong>servo</strong></span> <span class='ocrx_word' id='word_1_448' title='bbox 2586 3041 2761 3098; x_wconf 87' lang='lat' dir='ltr'><strong>lactus</strong></span> <span class='ocrx_word' id='word_1_449' title='bbox 2804 3058 2863 3099; x_wconf 90' lang='lat' dir='ltr'><strong>es</strong></span> <span class='ocrx_word' id='word_1_450' title='bbox 2910 3043 3083 3100; x_wconf 68' lang='lat' dir='ltr'><strong>bonus</strong></span> <span class='ocrx_word' id='word_1_451' title='bbox 3131 3045 3310 3112; x_wconf 88' lang='lat' dir='ltr'><strong>lilius;</strong></span> <span class='ocrx_word' id='word_1_452' title='bbox 3354 3044 3478 3103; x_wconf 90' lang='lat' dir='ltr'><strong>ideo</strong></span> 
     </span>
    </p>
   </div>
   <div class='ocr_carea' id='block_1_59' title="bbox 1876 3131 3481 3210">
    <p class='ocr_par' dir='ltr' id='par_1_59' title="bbox 1876 3131 3481 3210">
     <span class='ocr_line' id='line_1_60' title="bbox 1876 3131 3481 3210; baseline 0.002 -20"><span class='ocrx_word' id='word_1_453' title='bbox 1876 3151 2171 3206; x_wconf 76' lang='lat' dir='ltr'><strong>praesume,</strong></span> <span class='ocrx_word' id='word_1_454' title='bbox 2197 3151 2304 3190; x_wconf 88' lang='lat' dir='ltr'><strong>non</strong></span> <span class='ocrx_word' id='word_1_455' title='bbox 2334 3135 2400 3190; x_wconf 90' lang='lat' dir='ltr'><strong>de</strong></span> <span class='ocrx_word' id='word_1_456' title='bbox 2426 3135 2745 3203; x_wconf 84' lang='lat' dir='ltr'><strong>operatione</strong></span> <span class='ocrx_word' id='word_1_457' title='bbox 2770 3143 2884 3203; x_wconf 90' lang='lat' dir='ltr'><strong>tua,</strong></span> <span class='ocrx_word' id='word_1_458' title='bbox 2914 3136 3009 3192; x_wconf 90' lang='lat' dir='ltr'><strong>scd</strong></span> <span class='ocrx_word' id='word_1_459' title='bbox 3038 3131 3106 3194; x_wconf 88' lang='lat' dir='ltr'><strong>de</strong></span> <span class='ocrx_word' id='word_1_460' title='bbox 3135 3135 3481 3210; x_wconf 86' lang='lat' dir='ltr'><strong>Cltristigra-</strong></span> 
     </span>
    </p>
   </div>
   <div class='ocr_carea' id='block_1_60' title="bbox 157 3219 3480 3304">
    <p class='ocr_par' dir='ltr' id='par_1_60' title="bbox 157 3219 3480 3304">
     <span class='ocr_line' id='line_1_61' title="bbox 157 3219 3480 3304; baseline 0 -15"><span class='ocrx_word' id='word_1_461' title='bbox 157 3233 476 3304; x_wconf 87' lang='lat' dir='ltr'><strong>bujusmodi</strong></span> <span class='ocrx_word' id='word_1_462' title='bbox 528 3247 652 3289; x_wconf 87' lang='lat' dir='ltr'><strong>esse</strong></span> <span class='ocrx_word' id='word_1_463' title='bbox 682 3232 952 3298; x_wconf 65' lang='lat' dir='ltr'><strong>laetitiam,</strong></span> <span class='ocrx_word' id='word_1_464' title='bbox 981 3248 1102 3304; x_wconf 68' lang='lat' dir='ltr'><strong>qua:</strong></span> <span class='ocrx_word' id='word_1_465' title='bbox 1132 3232 1335 3287; x_wconf 90' lang='lat' dir='ltr'><strong>nullius</strong></span> <span class='ocrx_word' id='word_1_466' title='bbox 1370 3233 1577 3301; x_wconf 84' lang='lat' dir='ltr'><strong>peccati</strong></span> <span class='ocrx_word' id='word_1_467' title='bbox 1603 3230 1777 3287; x_wconf 88' lang='lat' dir='ltr'><strong>sordi-</strong></span> <span class='ocrx_word' id='word_1_468' title='bbox 1807 3219 1854 3284; x_wconf 90' lang='lat' dir='ltr'><strong><em>C</em></strong></span> <span class='ocrx_word' id='word_1_469' title='bbox 1886 3229 1956 3284; x_wconf 89' lang='lat' dir='ltr'><strong>tia</strong></span> <span class='ocrx_word' id='word_1_470' title='bbox 1978 3248 1992 3285; x_wconf 89' lang='lat'><strong>:</strong></span> <span class='ocrx_word' id='word_1_471' title='bbox 2016 3229 2185 3301; x_wconf 80' lang='lat' dir='ltr'><strong>gratia</strong></span> <span class='ocrx_word' id='word_1_472' title='bbox 2215 3229 2361 3284; x_wconf 89' lang='lat' dir='ltr'><strong>enim</strong></span> <span class='ocrx_word' id='word_1_473' title='bbox 2392 3227 2578 3283; x_wconf 81' lang='lat' dir='ltr'><strong>saluati</strong></span> <span class='ocrx_word' id='word_1_474' title='bbox 2604 3230 2723 3284; x_wconf 88' lang='lat' dir='ltr'><strong>estis</strong></span> <span class='ocrx_word' id='word_1_475' title='bbox 2742 3231 2760 3303; x_wconf 97' lang='lat'>(</span> <span class='ocrx_word' id='word_1_476' title='bbox 2781 3227 2974 3302; x_wconf 82' lang='lat' dir='ltr'><strong>Epltes.</strong></span> <span class='ocrx_word' id='word_1_477' title='bbox 3004 3228 3163 3303; x_wconf 71' lang='lat'><strong>11,5),</strong></span> <span class='ocrx_word' id='word_1_478' title='bbox 3183 3233 3480 3303; x_wconf 82' lang='lat' dir='ltr'><strong>Apostolus</strong></span> 
     </span>
    </p>
   </div>
   <div class='ocr_carea' id='block_1_61' title="bbox 153 3323 1775 3397">
    <p class='ocr_par' dir='ltr' id='par_1_61' title="bbox 153 3323 1775 3397">
     <span class='ocr_line' id='line_1_62' title="bbox 153 3323 1775 3397; baseline -0.001 -15"><span class='ocrx_word' id='word_1_479' title='bbox 153 3325 262 3382; x_wconf 91' lang='lat' dir='ltr'><strong>bus</strong></span> <span class='ocrx_word' id='word_1_480' title='bbox 293 3326 605 3397; x_wconf 71' lang='lat' dir='ltr'><strong>polluatur?</strong></span> <span class='ocrx_word' id='word_1_481' title='bbox 643 3325 1110 3396; x_wconf 84' lang='lat' dir='ltr'><strong>Quotiescumque</strong></span> <span class='ocrx_word' id='word_1_482' title='bbox 1152 3323 1297 3380; x_wconf 90' lang='lat' dir='ltr'><strong>enim</strong></span> <span class='ocrx_word' id='word_1_483' title='bbox 1348 3323 1514 3391; x_wconf 82' lang='lat' dir='ltr'><strong>bibis,</strong></span> <span class='ocrx_word' id='word_1_484' title='bbox 1566 3325 1775 3380; x_wconf 87' lang='lat' dir='ltr'><strong>remis-</strong></span> 
     </span>
    </p>
   </div>
   <div class='ocr_carea' id='block_1_62' title="bbox 154 3416 1774 3490">
    <p class='ocr_par' dir='ltr' id='par_1_62' title="bbox 154 3416 1774 3490">
     <span class='ocr_line' id='line_1_63' title="bbox 154 3416 1774 3490; baseline -0.001 -16"><span class='ocrx_word' id='word_1_485' title='bbox 154 3417 377 3475; x_wconf 86' lang='lat' dir='ltr'><strong>sionem</strong></span> <span class='ocrx_word' id='word_1_486' title='bbox 407 3418 608 3490; x_wconf 84' lang='lat' dir='ltr'><strong>accipis</strong></span> <span class='ocrx_word' id='word_1_487' title='bbox 637 3426 1009 3490; x_wconf 88' lang='lat' dir='ltr'><strong>peccatorum,</strong></span> <span class='ocrx_word' id='word_1_488' title='bbox 1060 3427 1114 3473; x_wconf 92' lang='lat' dir='ltr'><strong>et</strong></span> <span class='ocrx_word' id='word_1_489' title='bbox 1146 3416 1438 3472; x_wconf 87' lang='lat' dir='ltr'><strong>incbriaris</strong></span> <span class='ocrx_word' id='word_1_490' title='bbox 1476 3416 1529 3471; x_wconf 90' lang='lat' dir='ltr'><strong>itt</strong></span> <span class='ocrx_word' id='word_1_491' title='bbox 1578 3416 1774 3487; x_wconf 75' lang='lat' dir='ltr'><strong>Spiritu</strong></span> 
     </span>
    </p>
   </div>
   <div class='ocr_carea' id='block_1_63' title="bbox 228 3552 1768 3623">
    <p class='ocr_par' dir='ltr' id='par_1_63' title="bbox 228 3552 1768 3623">
     <span class='ocr_line' id='line_1_64' title="bbox 228 3552 1768 3623; baseline 0.001 -13"><span class='ocrx_word' id='word_1_492' title='bbox 228 3564 256 3593; x_wconf 71' lang='grc' dir='ltr'><strong>ιι</strong></span> <span class='ocrx_word' id='word_1_493' title='bbox 303 3555 381 3610; x_wconf 66' lang='lat' dir='ltr'><strong>lix</strong></span> <span class='ocrx_word' id='word_1_494' title='bbox 416 3554 522 3611; x_wconf 89' lang='lat' dir='ltr'><strong>hoc</strong></span> <span class='ocrx_word' id='word_1_495' title='bbox 550 3555 671 3611; x_wconf 88' lang='lat' dir='ltr'><strong>loco</strong></span> <span class='ocrx_word' id='word_1_496' title='bbox 702 3563 757 3611; x_wconf 91' lang='lat' dir='ltr'><strong>et</strong></span> <span class='ocrx_word' id='word_1_497' title='bbox 786 3570 817 3611; x_wconf 90' lang='lat' dir='ltr'><strong>e</strong></span> <span class='ocrx_word' id='word_1_498' title='bbox 845 3569 965 3623; x_wconf 89' lang='lat' dir='ltr'><strong>cap.</strong></span> <span class='ocrx_word' id='word_1_499' title='bbox 996 3553 1030 3610; x_wconf 90' lang='lat'><strong>8</strong></span> <span class='ocrx_word' id='word_1_500' title='bbox 1058 3552 1126 3609; x_wconf 90' lang='lat' dir='ltr'><strong>de</strong></span> <span class='ocrx_word' id='word_1_501' title='bbox 1158 3552 1433 3623; x_wconf 77' lang='lat' dir='ltr'><strong>Mysteriis</strong></span> <span class='ocrx_word' id='word_1_502' title='bbox 1480 3552 1768 3611; x_wconf 73' lang='lat' dir='ltr'><strong>advertere</strong></span> 
     </span>
    </p>
   </div>
   <div class='ocr_carea' id='block_1_64' title="bbox 90 3624 1770 3697">
    <p class='ocr_par' dir='ltr' id='par_1_64' title="bbox 90 3624 1770 3697">
     <span class='ocr_line' id='line_1_65' title="bbox 90 3624 1770 3697; baseline -0.002 -10"><span class='ocrx_word' id='word_1_503' title='bbox 90 3674 99 3687; x_wconf 83' lang='grc'><strong>.</strong></span> <span class='ocrx_word' id='word_1_504' title='bbox 154 3638 244 3684; x_wconf 88' lang='lat' dir='ltr'><strong>est</strong></span> <span class='ocrx_word' id='word_1_505' title='bbox 291 3642 489 3683; x_wconf 84' lang='lat' dir='ltr'><strong>recens</strong></span> <span class='ocrx_word' id='word_1_506' title='bbox 556 3628 855 3697; x_wconf 77' lang='lat' dir='ltr'><strong>baptizatos</strong></span> <span class='ocrx_word' id='word_1_507' title='bbox 907 3628 961 3681; x_wconf 91' lang='lat' dir='ltr'><strong>in</strong></span> <span class='ocrx_word' id='word_1_508' title='bbox 1028 3625 1135 3681; x_wconf 86' lang='lat' dir='ltr'><strong>illis</strong></span> <span class='ocrx_word' id='word_1_509' title='bbox 1180 3625 1430 3697; x_wconf 85' lang='lat' dir='ltr'><strong>ecclesiis</strong></span> <span class='ocrx_word' id='word_1_510' title='bbox 1482 3624 1549 3680; x_wconf 91' lang='lat' dir='ltr'><strong>ad</strong></span> <span class='ocrx_word' id='word_1_511' title='bbox 1593 3626 1770 3684; x_wconf 87' lang='lat' dir='ltr'><strong>altare</strong></span> 
     </span>
    </p>
   </div>
   <div class='ocr_carea' id='block_1_65' title="bbox 154 3696 1769 3765">
    <p class='ocr_par' dir='ltr' id='par_1_65' title="bbox 154 3696 1769 3765">
     <span class='ocr_line' id='line_1_66' title="bbox 154 3696 1769 3765; baseline -0.002 -9"><span class='ocrx_word' id='word_1_512' title='bbox 154 3699 334 3756; x_wconf 84' lang='lat' dir='ltr'><strong>sacris</strong></span> <span class='ocrx_word' id='word_1_513' title='bbox 361 3696 771 3755; x_wconf 85' lang='lat' dir='ltr'><strong>communicare</strong></span> <span class='ocrx_word' id='word_1_514' title='bbox 813 3700 1194 3755; x_wconf 90' lang='lat' dir='ltr'><strong>consuevisse.</strong></span> <span class='ocrx_word' id='word_1_515' title='bbox 1227 3696 1381 3765; x_wconf 86' lang='lat' dir='ltr'><strong>Quod</strong></span> <span class='ocrx_word' id='word_1_516' title='bbox 1419 3712 1549 3752; x_wconf 90' lang='lat' dir='ltr'><strong>vero</strong></span> <span class='ocrx_word' id='word_1_517' title='bbox 1584 3698 1652 3752; x_wconf 87' lang='lat' dir='ltr'><strong>ad</strong></span> <span class='ocrx_word' id='word_1_518' title='bbox 1701 3698 1769 3752; x_wconf 84' lang='lat' dir='ltr'><strong>li-</strong></span> 
     </span>
    </p>
   </div>
   <div class='ocr_carea' id='block_1_66' title="bbox 153 3769 1770 3850">
    <p class='ocr_par' dir='ltr' id='par_1_66' title="bbox 153 3769 1770 3850">
     <span class='ocr_line' id='line_1_67' title="bbox 153 3769 1770 3850; baseline -0.002 -23"><span class='ocrx_word' id='word_1_519' title='bbox 153 3771 313 3850; x_wconf 73' lang='lat' dir='ltr'><strong>deles</strong></span> <span class='ocrx_word' id='word_1_520' title='bbox 345 3771 506 3850; x_wconf 60' lang='lat' dir='ltr'><strong>alios.</strong></span> <span class='ocrx_word' id='word_1_521' title='bbox 546 3773 645 3850; x_wconf 64' lang='lat' dir='ltr'><strong>hac</strong></span> <span class='ocrx_word' id='word_1_522' title='bbox 676 3773 728 3826; x_wconf 92' lang='lat' dir='ltr'><strong>in</strong></span> <span class='ocrx_word' id='word_1_523' title='bbox 758 3786 817 3826; x_wconf 90' lang='lat' dir='ltr'><strong>re</strong></span> <span class='ocrx_word' id='word_1_524' title='bbox 857 3785 964 3850; x_wconf 78' lang='lat' dir='ltr'><strong>non</strong></span> <span class='ocrx_word' id='word_1_525' title='bbox 1010 3769 1202 3850; x_wconf 74' lang='lat' dir='ltr'><strong>eadem</strong></span> <span class='ocrx_word' id='word_1_526' title='bbox 1238 3770 1441 3850; x_wconf 75' lang='lat' dir='ltr'><strong>ultique</strong></span> <span class='ocrx_word' id='word_1_527' title='bbox 1473 3769 1616 3850; x_wconf 73' lang='lat' dir='ltr'><strong>ratio</strong></span> <span class='ocrx_word' id='word_1_528' title='bbox 1650 3786 1770 3850; x_wconf 84' lang='lat' dir='ltr'><strong>_se_r-_</strong></span> 
     </span>
    </p>
   </div>
   <div class='ocr_carea' id='block_1_67' title="bbox 155 3840 1770 3912">
    <p class='ocr_par' dir='ltr' id='par_1_67' title="bbox 155 3840 1770 3912">
     <span class='ocr_line' id='line_1_68' title="bbox 155 3840 1770 3912; baseline 0.001 -16"><span class='ocrx_word' id='word_1_529' title='bbox 155 3844 414 3899; x_wconf 84' lang='lat' dir='ltr'><strong>vabatur.</strong></span> <span class='ocrx_word' id='word_1_530' title='bbox 436 3842 570 3899; x_wconf 86' lang='lat' dir='ltr'><strong>Nam</strong></span> <span class='ocrx_word' id='word_1_531' title='bbox 597 3841 1064 3912; x_wconf 87' lang='lat' dir='ltr'><strong>Constantinopoli</strong></span> <span class='ocrx_word' id='word_1_532' title='bbox 1093 3840 1195 3896; x_wconf 84' lang='lat' dir='ltr'><strong>hoc</strong></span> <span class='ocrx_word' id='word_1_533' title='bbox 1226 3840 1396 3895; x_wconf 89' lang='lat' dir='ltr'><strong>moris</strong></span> <span class='ocrx_word' id='word_1_534' title='bbox 1422 3840 1540 3906; x_wconf 85' lang='lat' dir='ltr'><strong>luit,</strong></span> <span class='ocrx_word' id='word_1_535' title='bbox 1568 3851 1622 3895; x_wconf 91' lang='lat' dir='ltr'><strong>ttt</strong></span> <span class='ocrx_word' id='word_1_536' title='bbox 1650 3842 1770 3898; x_wconf 89' lang='lat' dir='ltr'><strong>laici</strong></span> 
     </span>
    </p>
   </div>
   <div class='ocr_carea' id='block_1_68' title="bbox 154 3912 1767 3985">
    <p class='ocr_par' dir='ltr' id='par_1_68' title="bbox 154 3912 1767 3985">
     <span class='ocr_line' id='line_1_69' title="bbox 154 3912 1767 3985; baseline -0.002 -14"><span class='ocrx_word' id='word_1_537' title='bbox 154 3915 355 3972; x_wconf 85' lang='lat' dir='ltr'><strong>saltem</strong></span> <span class='ocrx_word' id='word_1_538' title='bbox 389 3915 818 3970; x_wconf 89' lang='lat' dir='ltr'><strong>in-eminentiori</strong></span> <span class='ocrx_word' id='word_1_539' title='bbox 860 3914 1125 3985; x_wconf 73' lang='lat' dir='ltr'><strong>dignitate</strong></span> <span class='ocrx_word' id='word_1_540' title='bbox 1150 3912 1453 3985; x_wconf 79' lang='lat' dir='ltr'><strong>constituti,</strong></span> <span class='ocrx_word' id='word_1_541' title='bbox 1481 3922 1767 3985; x_wconf 86' lang='lat' dir='ltr'><strong>postquam</strong></span> 
     </span>
    </p>
   </div>
   <div class='ocr_carea' id='block_1_69' title="bbox 151 3984 1762 4042">
    <p class='ocr_par' dir='ltr' id='par_1_69' title="bbox 151 3984 1762 4042">
     <span class='ocr_line' id='line_1_70' title="bbox 151 3984 1762 4042; baseline -0.001 0"><span class='ocrx_word' id='word_1_542' title='bbox 151 3987 224 4042; x_wconf 89' lang='lat' dir='ltr'><strong>ad</strong></span> <span class='ocrx_word' id='word_1_543' title='bbox 269 4001 423 4041; x_wconf 86' lang='lat' dir='ltr'><strong>aram</strong></span> <span class='ocrx_word' id='word_1_544' title='bbox 470 3987 831 4042; x_wconf 85' lang='lat' dir='ltr'><strong>accessissent</strong></span> <span class='ocrx_word' id='word_1_545' title='bbox 858 3984 1233 4041; x_wconf 86' lang='lat' dir='ltr'><strong>saeerdotibus</strong></span> <span class='ocrx_word' id='word_1_546' title='bbox 1284 3984 1522 4039; x_wconf 90' lang='lat' dir='ltr'><strong>oblatttri</strong></span> <span class='ocrx_word' id='word_1_547' title='bbox 1564 3999 1762 4041; x_wconf 89' lang='lat' dir='ltr'><strong>consc-</strong></span> 
     </span>
    </p>
   </div>
   <div class='ocr_carea' id='block_1_70' title="bbox 152 4057 1764 4129">
    <p class='ocr_par' dir='ltr' id='par_1_70' title="bbox 152 4057 1764 4129">
     <span class='ocr_line' id='line_1_71' title="bbox 152 4057 1764 4129; baseline -0.002 -13"><span class='ocrx_word' id='word_1_548' title='bbox 152 4058 425 4116; x_wconf 76' lang='lat' dir='ltr'><strong>cnndum</strong></span> <span class='ocrx_word' id='word_1_549' title='bbox 446 4073 663 4129; x_wconf 85' lang='lat' dir='ltr'><strong>panem,</strong></span> <span class='ocrx_word' id='word_1_550' title='bbox 686 4059 739 4113; x_wconf 90' lang='lat' dir='ltr'><strong>in</strong></span> <span class='ocrx_word' id='word_1_551' title='bbox 762 4059 933 4114; x_wconf 86' lang='lat' dir='ltr'><strong>choro</strong></span> <span class='ocrx_word' id='word_1_552' title='bbox 957 4057 1160 4112; x_wconf 88' lang='lat' dir='ltr'><strong>tamdiu</strong></span> <span class='ocrx_word' id='word_1_553' title='bbox 1194 4066 1558 4129; x_wconf 74' lang='lat' dir='ltr'><strong>remanerent,</strong></span> <span class='ocrx_word' id='word_1_554' title='bbox 1583 4058 1764 4129; x_wconf 82' lang='lat' dir='ltr'><strong>quoad</strong></span> 
     </span>
    </p>
   </div>
   <div class='ocr_carea' id='block_1_71' title="bbox 156 4127 1768 4200">
    <p class='ocr_par' dir='ltr' id='par_1_71' title="bbox 156 4127 1768 4200">
     <span class='ocr_line' id='line_1_72' title="bbox 156 4127 1768 4200; baseline 0.001 -16"><span class='ocrx_word' id='word_1_555' title='bbox 156 4127 460 4200; x_wconf 79' lang='lat' dir='ltr'><strong>participes</strong></span> <span class='ocrx_word' id='word_1_556' title='bbox 512 4128 687 4185; x_wconf 79' lang='lat' dir='ltr'><strong>cﬂ’ecti</strong></span> <span class='ocrx_word' id='word_1_557' title='bbox 718 4135 1388 4200; x_wconf 80' lang='lat' dir='ltr'><strong>essentsacratnentorum</strong></span> <span class='ocrx_word' id='word_1_558' title='bbox 1435 4127 1768 4200; x_wconf 64' lang='lat' dir='ltr'><strong>tMcdiolani</strong></span> 
     </span>
    </p>
   </div>
   <div class='ocr_carea' id='block_1_72' title="bbox 153 4198 1768 4257">
    <p class='ocr_par' dir='ltr' id='par_1_72' title="bbox 153 4198 1768 4257">
     <span class='ocr_line' id='line_1_73' title="bbox 153 4198 1768 4257; baseline 0.001 -2"><span class='ocrx_word' id='word_1_559' title='bbox 153 4198 347 4257; x_wconf 82' lang='lat' dir='ltr'><strong>autem</strong></span> <span class='ocrx_word' id='word_1_560' title='bbox 366 4198 648 4257; x_wconf 79' lang='lat' dir='ltr'><strong>oblatimte</strong></span> <span class='ocrx_word' id='word_1_561' title='bbox 691 4202 826 4256; x_wconf 80' lang='lat' dir='ltr'><strong>facta</strong></span> <span class='ocrx_word' id='word_1_562' title='bbox 854 4200 1018 4256; x_wconf 88' lang='lat' dir='ltr'><strong>iidem</strong></span> <span class='ocrx_word' id='word_1_563' title='bbox 1056 4198 1174 4255; x_wconf 89' lang='lat' dir='ltr'><strong>laici</strong></span> <span class='ocrx_word' id='word_1_564' title='bbox 1216 4208 1366 4254; x_wconf 82' lang='lat' dir='ltr'><strong>extra</strong></span> <span class='ocrx_word' id='word_1_565' title='bbox 1400 4198 1628 4256; x_wconf 85' lang='lat' dir='ltr'><strong>chorum</strong></span> <span class='ocrx_word' id='word_1_566' title='bbox 1656 4213 1768 4257; x_wconf 89' lang='lat' dir='ltr'><strong>sta-</strong></span> 
     </span>
    </p>
   </div>
   <div class='ocr_carea' id='block_1_73' title="bbox 156 4270 1769 4344">
    <p class='ocr_par' dir='ltr' id='par_1_73' title="bbox 156 4270 1769 4344">
     <span class='ocr_line' id='line_1_74' title="bbox 156 4270 1769 4344; baseline 0.001 -16"><span class='ocrx_word' id='word_1_567' title='bbox 156 4274 254 4328; x_wconf 90' lang='lat' dir='ltr'><strong>tim</strong></span> <span class='ocrx_word' id='word_1_568' title='bbox 301 4273 648 4339; x_wconf 85' lang='lat' dir='ltr'><strong>recedentes,</strong></span> <span class='ocrx_word' id='word_1_569' title='bbox 701 4288 890 4329; x_wconf 88' lang='lat' dir='ltr'><strong>rursus</strong></span> <span class='ocrx_word' id='word_1_570' title='bbox 918 4271 1076 4327; x_wconf 88' lang='lat' dir='ltr'><strong>altari</strong></span> <span class='ocrx_word' id='word_1_571' title='bbox 1101 4286 1223 4344; x_wconf 86' lang='lat' dir='ltr'><strong>cum</strong></span> <span class='ocrx_word' id='word_1_572' title='bbox 1265 4270 1769 4344; x_wconf 10' lang='lat' dir='ltr'><strong>saqcritieiopartiei-</strong></span> 
     </span>
    </p>
   </div>
   <div class='ocr_carea' id='block_1_74' title="bbox 154 4341 1768 4470">
    <p class='ocr_par' dir='ltr' id='par_1_74' title="bbox 154 4341 1768 4470">
     <span class='ocr_line' id='line_1_75' title="bbox 154 4341 1768 4470; baseline 0.001 -71"><span class='ocrx_word' id='word_1_573' title='bbox 154 4344 400 4470; x_wconf 60' lang='lat' dir='ltr'><strong>pandum</strong></span> <span class='ocrx_word' id='word_1_574' title='bbox 419 4354 558 4411; x_wconf 89' lang='lat' dir='ltr'><strong>erat,</strong></span> <span class='ocrx_word' id='word_1_575' title='bbox 575 4360 697 4400; x_wconf 84' lang='lat' dir='ltr'><strong>sese</strong></span> <span class='ocrx_word' id='word_1_576' title='bbox 717 4344 998 4401; x_wconf 88' lang='lat' dir='ltr'><strong>sistebant.</strong></span> <span class='ocrx_word' id='word_1_577' title='bbox 1021 4344 1089 4399; x_wconf 89' lang='lat' dir='ltr'><strong>Et</strong></span> <span class='ocrx_word' id='word_1_578' title='bbox 1105 4342 1179 4427; x_wconf 77' lang='lat' dir='ltr'><strong>ibi</strong></span> <span class='ocrx_word' id='word_1_579' title='bbox 1201 4341 1417 4431; x_wconf 74' lang='lat' dir='ltr'><strong>quidem</strong></span> <span class='ocrx_word' id='word_1_580' title='bbox 1443 4341 1581 4399; x_wconf 81' lang='lat' dir='ltr'><strong>adeo</strong></span> <span class='ocrx_word' id='word_1_581' title='bbox 1598 4345 1768 4427; x_wconf 84' lang='lat' dir='ltr'><strong>rigide</strong></span> 
     </span>
     <span class='ocr_line' id='line_1_76' title="bbox 198 4413 1765 4470; baseline 0 0"><span class='ocrx_word' id='word_1_582' title='bbox 198 4431 305 4470; x_wconf 78' lang='lat' dir='ltr'><strong>ant:</strong></span> <span class='ocrx_word' id='word_1_583' title='bbox 372 4416 548 4470; x_wconf 69' lang='lat' dir='ltr'><strong>leuem</strong></span> <span class='ocrx_word' id='word_1_584' title='bbox 595 4417 847 4470; x_wconf 86' lang='lat' dir='ltr'><strong>servabat</strong></span> <span class='ocrx_word' id='word_1_585' title='bbox 898 4416 1237 4470; x_wconf 86' lang='lat' dir='ltr'><strong>Ambrosms.</strong></span> <span class='ocrx_word' id='word_1_586' title='bbox 1294 4424 1350 4468; x_wconf 88' lang='lat' dir='ltr'><strong>ttt</strong></span> <span class='ocrx_word' id='word_1_587' title='bbox 1414 4413 1765 4470; x_wconf 72' lang='lat' dir='ltr'><strong>I‘heodosmm</strong></span> 
     </span>
    </p>
   </div>
   <div class='ocr_carea' id='block_1_75' title="bbox 198 4413 1765 4486">
    <p class='ocr_par' dir='ltr' id='par_1_75' title="bbox 198 4413 1765 4486">
     <span class='ocr_line' id='line_1_77' title="bbox 198 4413 1765 4486; baseline 0.001 -16"><span class='ocrx_word' id='word_1_588' title='bbox 198 4431 305 4470; x_wconf 78' lang='lat' dir='ltr'><strong>ant:</strong></span> <span class='ocrx_word' id='word_1_589' title='bbox 372 4416 548 4486; x_wconf 85' lang='lat' dir='ltr'><strong>legem</strong></span> <span class='ocrx_word' id='word_1_590' title='bbox 595 4417 847 4472; x_wconf 85' lang='lat' dir='ltr'><strong>servabat</strong></span> <span class='ocrx_word' id='word_1_591' title='bbox 898 4416 1237 4478; x_wconf 85' lang='lat' dir='ltr'><strong>Ambrosius,</strong></span> <span class='ocrx_word' id='word_1_592' title='bbox 1294 4424 1350 4468; x_wconf 88' lang='lat' dir='ltr'><strong>ttt</strong></span> <span class='ocrx_word' id='word_1_593' title='bbox 1401 4413 1765 4472; x_wconf 83' lang='lat' dir='ltr'><strong>Theodosium</strong></span> 
     </span>
    </p>
   </div>
   <div class='ocr_carea' id='block_1_76' title="bbox 156 4486 1769 4559">
    <p class='ocr_par' dir='ltr' id='par_1_76' title="bbox 156 4486 1769 4559">
     <span class='ocr_line' id='line_1_78' title="bbox 156 4486 1769 4559; baseline 0.002 -19"><span class='ocrx_word' id='word_1_594' title='bbox 156 4488 366 4559; x_wconf 85' lang='lat' dir='ltr'><strong>ipsum,</strong></span> <span class='ocrx_word' id='word_1_595' title='bbox 401 4488 489 4556; x_wconf 87' lang='lat' dir='ltr'><strong>qui</strong></span> <span class='ocrx_word' id='word_1_596' title='bbox 522 4499 639 4557; x_wconf 89' lang='lat' dir='ltr'><strong>post</strong></span> <span class='ocrx_word' id='word_1_597' title='bbox 669 4488 907 4543; x_wconf 87' lang='lat' dir='ltr'><strong>oblatum</strong></span> <span class='ocrx_word' id='word_1_598' title='bbox 952 4487 1169 4559; x_wconf 87' lang='lat' dir='ltr'><strong>solitum</strong></span> <span class='ocrx_word' id='word_1_599' title='bbox 1201 4499 1395 4559; x_wconf 84' lang='lat' dir='ltr'><strong>munus</strong></span> <span class='ocrx_word' id='word_1_600' title='bbox 1435 4486 1577 4542; x_wconf 88' lang='lat' dir='ltr'><strong>intra</strong></span> <span class='ocrx_word' id='word_1_601' title='bbox 1608 4488 1769 4544; x_wconf 89' lang='lat' dir='ltr'><strong>cleri-</strong></span> 
     </span>
    </p>
   </div>
   <div class='ocr_carea' id='block_1_77' title="bbox 154 4557 1765 4631">
    <p class='ocr_par' dir='ltr' id='par_1_77' title="bbox 154 4557 1765 4631">
     <span class='ocr_line' id='line_1_79' title="bbox 154 4557 1765 4631; baseline -0.001 -16"><span class='ocrx_word' id='word_1_602' title='bbox 154 4557 357 4615; x_wconf 80' lang='lat' dir='ltr'><strong>corum</strong></span> <span class='ocrx_word' id='word_1_603' title='bbox 401 4570 619 4631; x_wconf 84' lang='lat' dir='ltr'><strong>septum</strong></span> <span class='ocrx_word' id='word_1_604' title='bbox 662 4561 1004 4624; x_wconf 79' lang='lat' dir='ltr'><strong>substiterat,</strong></span> <span class='ocrx_word' id='word_1_605' title='bbox 1048 4558 1173 4631; x_wconf 86' lang='lat' dir='ltr'><strong>inde</strong></span> <span class='ocrx_word' id='word_1_606' title='bbox 1198 4557 1417 4631; x_wconf 79' lang='lat' dir='ltr'><strong>iuberet</strong></span> <span class='ocrx_word' id='word_1_607' title='bbox 1460 4559 1765 4615; x_wconf 88' lang='lat' dir='ltr'><strong>abcedere:</strong></span> 
     </span>
    </p>
   </div>
   <div class='ocr_carea' id='block_1_78' title="bbox 154 4629 1770 4701">
    <p class='ocr_par' dir='ltr' id='par_1_78' title="bbox 154 4629 1770 4701">
     <span class='ocr_line' id='line_1_80' title="bbox 154 4629 1770 4701; baseline 0.002 -16"><span class='ocrx_word' id='word_1_608' title='bbox 154 4633 245 4686; x_wconf 88' lang='lat' dir='ltr'><strong>cui</strong></span> <span class='ocrx_word' id='word_1_609' title='bbox 280 4629 480 4686; x_wconf 81' lang='lat' dir='ltr'><strong>statim</strong></span> <span class='ocrx_word' id='word_1_610' title='bbox 514 4632 692 4700; x_wconf 89' lang='lat' dir='ltr'><strong>paruit</strong></span> <span class='ocrx_word' id='word_1_611' title='bbox 744 4632 1042 4700; x_wconf 88' lang='lat' dir='ltr'><strong>imperator</strong></span> <span class='ocrx_word' id='word_1_612' title='bbox 1073 4629 1369 4701; x_wconf 89' lang='lat' dir='ltr'><strong>pissimus,</strong></span> <span class='ocrx_word' id='word_1_613' title='bbox 1415 4638 1474 4691; x_wconf 91' lang='lat' dir='ltr'><strong>ut</strong></span> <span class='ocrx_word' id='word_1_614' title='bbox 1522 4645 1551 4684; x_wconf 87' lang='lat' dir='ltr'><strong>a</strong></span> <span class='ocrx_word' id='word_1_615' title='bbox 1614 4631 1770 4688; x_wconf 92' lang='lat' dir='ltr'><strong>nobis</strong></span> 
     </span>
    </p>
   </div>
   <div class='ocr_carea' id='block_1_79' title="bbox 155 4701 1771 4772">
    <p class='ocr_par' dir='ltr' id='par_1_79' title="bbox 155 4701 1771 4772">
     <span class='ocr_line' id='line_1_81' title="bbox 155 4701 1771 4772; baseline 0 -14"><span class='ocrx_word' id='word_1_616' title='bbox 155 4702 382 4759; x_wconf 89' lang='lat' dir='ltr'><strong>dicetur</strong></span> <span class='ocrx_word' id='word_1_617' title='bbox 407 4718 507 4757; x_wconf 92' lang='lat' dir='ltr'><strong>suo</strong></span> <span class='ocrx_word' id='word_1_618' title='bbox 536 4703 675 4759; x_wconf 84' lang='lat' dir='ltr'><strong>loco.</strong></span> <span class='ocrx_word' id='word_1_619' title='bbox 705 4701 975 4759; x_wconf 65' lang='lat' dir='ltr'><strong>Caeterum</strong></span> <span class='ocrx_word' id='word_1_620' title='bbox 1008 4702 1252 4758; x_wconf 87' lang='lat' dir='ltr'><strong>eamdem</strong></span> <span class='ocrx_word' id='word_1_621' title='bbox 1300 4715 1512 4772; x_wconf 84' lang='lat' dir='ltr'><strong>quoque</strong></span> <span class='ocrx_word' id='word_1_622' title='bbox 1540 4717 1771 4758; x_wconf 88' lang='lat' dir='ltr'><strong>consue-</strong></span> 
     </span>
    </p>
   </div>
   <div class='ocr_carea' id='block_1_80' title="bbox 155 4772 1767 4831">
    <p class='ocr_par' dir='ltr' id='par_1_80' title="bbox 155 4772 1767 4831">
     <span class='ocr_line' id='line_1_82' title="bbox 155 4772 1767 4831; baseline -0.001 -1"><span class='ocrx_word' id='word_1_623' title='bbox 155 4774 413 4830; x_wconf 88' lang='lat' dir='ltr'><strong>tudinem</strong></span> <span class='ocrx_word' id='word_1_624' title='bbox 443 4774 496 4829; x_wconf 90' lang='lat' dir='ltr'><strong>in</strong></span> <span class='ocrx_word' id='word_1_625' title='bbox 521 4775 769 4831; x_wconf 85' lang='lat' dir='ltr'><strong>orientali</strong></span> <span class='ocrx_word' id='word_1_626' title='bbox 796 4774 1037 4831; x_wconf 84' lang='lat' dir='ltr'><strong>Ecclesia</strong></span> <span class='ocrx_word' id='word_1_627' title='bbox 1064 4772 1384 4829; x_wconf 86' lang='lat' dir='ltr'><strong>servandam</strong></span> <span class='ocrx_word' id='word_1_628' title='bbox 1412 4788 1567 4827; x_wconf 89' lang='lat' dir='ltr'><strong>conc.</strong></span> <span class='ocrx_word' id='word_1_629' title='bbox 1599 4773 1767 4829; x_wconf 81' lang='lat' dir='ltr'><strong>Laud.</strong></span> 
     </span>
    </p>
   </div>
   <div class='ocr_carea' id='block_1_81' title="bbox 155 4845 1771 4917">
    <p class='ocr_par' dir='ltr' id='par_1_81' title="bbox 155 4845 1771 4917">
     <span class='ocr_line' id='line_1_83' title="bbox 155 4845 1771 4917; baseline 0 -16"><span class='ocrx_word' id='word_1_630' title='bbox 155 4860 285 4901; x_wconf 88' lang='lat' dir='ltr'><strong>can.</strong></span> <span class='ocrx_word' id='word_1_631' title='bbox 352 4846 418 4902; x_wconf 84' lang='lat' dir='ltr'><strong>I9</strong></span> <span class='ocrx_word' id='word_1_632' title='bbox 468 4857 802 4917; x_wconf 79' lang='lat' dir='ltr'><strong>praeceperat</strong></span> <span class='ocrx_word' id='word_1_633' title='bbox 855 4865 867 4901; x_wconf 92' lang='lat'><strong>:</strong></span> <span class='ocrx_word' id='word_1_634' title='bbox 911 4862 1017 4901; x_wconf 91' lang='lat' dir='ltr'><strong>non</strong></span> <span class='ocrx_word' id='word_1_635' title='bbox 1063 4860 1220 4901; x_wconf 90' lang='lat' dir='ltr'><strong>secus</strong></span> <span class='ocrx_word' id='word_1_636' title='bbox 1270 4858 1334 4899; x_wconf 88' lang='lat' dir='ltr'><strong>ac</strong></span> <span class='ocrx_word' id='word_1_637' title='bbox 1379 4845 1771 4911; x_wconf 88' lang='lat' dir='ltr'><strong>posterioribus</strong></span> 
     </span>
    </p>
   </div>
   <div class='ocr_carea' id='block_1_82' title="bbox 98 4916 1765 4988">
    <p class='ocr_par' dir='ltr' id='par_1_82' title="bbox 98 4916 1765 4988">
     <span class='ocr_line' id='line_1_84' title="bbox 98 4916 1765 4988; baseline 0.001 -19"><span class='ocrx_word' id='word_1_638' title='bbox 98 4952 119 4969; x_wconf 54' lang='grc' dir='ltr'><strong><em>κ</em></strong></span> <span class='ocrx_word' id='word_1_639' title='bbox 161 4917 509 4987; x_wconf 87' lang='lat' dir='ltr'><strong>temporibus</strong></span> <span class='ocrx_word' id='word_1_640' title='bbox 532 4916 703 4988; x_wconf 85' lang='lat' dir='ltr'><strong>ipsam</strong></span> <span class='ocrx_word' id='word_1_641' title='bbox 726 4918 780 4974; x_wconf 90' lang='lat' dir='ltr'><strong>in</strong></span> <span class='ocrx_word' id='word_1_642' title='bbox 806 4918 1077 4988; x_wconf 83' lang='lat' dir='ltr'><strong>Hispaniis</strong></span> <span class='ocrx_word' id='word_1_643' title='bbox 1095 4916 1402 4987; x_wconf 86' lang='lat' dir='ltr'><strong>Tolet.syn.</strong></span> <span class='ocrx_word' id='word_1_644' title='bbox 1430 4931 1654 4988; x_wconf 78' lang='lat' dir='ltr'><strong>tv,_can.</strong></span> <span class='ocrx_word' id='word_1_645' title='bbox 1676 4918 1765 4983; x_wconf 87' lang='lat' dir='ltr'><strong>l7,</strong></span> 
     </span>
    </p>
   </div>
   <div class='ocr_carea' id='block_1_83' title="bbox 156 4985 1771 5058">
    <p class='ocr_par' dir='ltr' id='par_1_83' title="bbox 156 4985 1771 5058">
     <span class='ocr_line' id='line_1_85' title="bbox 156 4985 1771 5058; baseline 0.002 -14"><span class='ocrx_word' id='word_1_646' title='bbox 156 4985 371 5045; x_wconf 80' lang='lat' dir='ltr'><strong>sanxit.</strong></span> <span class='ocrx_word' id='word_1_647' title='bbox 418 4985 671 5046; x_wconf 75' lang='lat' dir='ltr'><strong>Attamen</strong></span> <span class='ocrx_word' id='word_1_648' title='bbox 718 4985 1052 5046; x_wconf 78' lang='lat' dir='ltr'><strong>contrarium</strong></span> <span class='ocrx_word' id='word_1_649' title='bbox 1105 5003 1257 5043; x_wconf 89' lang='lat' dir='ltr'><strong>usum</strong></span> <span class='ocrx_word' id='word_1_650' title='bbox 1296 4985 1444 5058; x_wconf 69' lang='lat' dir='ltr'><strong>apud</strong></span> <span class='ocrx_word' id='word_1_651' title='bbox 1493 4985 1771 5047; x_wconf 72' lang='lat' dir='ltr'><strong>Ecclesiae</strong></span> 
     </span>
    </p>
   </div>
   <div class='ocr_carea' id='block_1_84' title="bbox 157 5057 1767 5129">
    <p class='ocr_par' dir='ltr' id='par_1_84' title="bbox 157 5057 1767 5129">
     <span class='ocr_line' id='line_1_86' title="bbox 157 5057 1767 5129; baseline 0 -13"><span class='ocrx_word' id='word_1_652' title='bbox 157 5060 797 5129; x_wconf 67' lang='lat' dir='ltr'><strong>Gallicanasjobtinuisse</strong></span> <span class='ocrx_word' id='word_1_653' title='bbox 821 5078 929 5117; x_wconf 82' lang='lat' dir='ltr'><strong>non</strong></span> <span class='ocrx_word' id='word_1_654' title='bbox 954 5070 1159 5116; x_wconf 89' lang='lat' dir='ltr'><strong>tantum</strong></span> <span class='ocrx_word' id='word_1_655' title='bbox 1183 5076 1251 5115; x_wconf 86' lang='lat' dir='ltr'><strong>ex</strong></span> <span class='ocrx_word' id='word_1_656' title='bbox 1277 5057 1542 5128; x_wconf 78' lang='lat' dir='ltr'><strong>Gregorio</strong></span> <span class='ocrx_word' id='word_1_657' title='bbox 1560 5058 1767 5116; x_wconf 89' lang='lat' dir='ltr'><strong>Turon.</strong></span> 
     </span>
    </p>
   </div>
   <div class='ocr_carea' id='block_1_85' title="bbox 156 5129 1768 5202">
    <p class='ocr_par' dir='ltr' id='par_1_85' title="bbox 156 5129 1768 5202">
     <span class='ocr_line' id='line_1_87' title="bbox 156 5129 1768 5202; baseline 0.001 -15"><span class='ocrx_word' id='word_1_658' title='bbox 156 5132 259 5187; x_wconf 91' lang='lat' dir='ltr'><strong>lib.</strong></span> <span class='ocrx_word' id='word_1_659' title='bbox 291 5148 376 5196; x_wconf 82' lang='lat' dir='ltr'><strong>sx,</strong></span> <span class='ocrx_word' id='word_1_660' title='bbox 409 5149 528 5202; x_wconf 87' lang='lat' dir='ltr'><strong>cap.</strong></span> <span class='ocrx_word' id='word_1_661' title='bbox 563 5134 618 5199; x_wconf 80' lang='lat'><strong>5,</strong></span> <span class='ocrx_word' id='word_1_662' title='bbox 646 5143 701 5190; x_wconf 89' lang='lat' dir='ltr'><strong>et</strong></span> <span class='ocrx_word' id='word_1_663' title='bbox 728 5134 821 5188; x_wconf 90' lang='lat' dir='ltr'><strong>lib.</strong></span> <span class='ocrx_word' id='word_1_664' title='bbox 856 5150 912 5200; x_wconf 71' lang='grc' dir='ltr'><strong>χ,</strong></span> <span class='ocrx_word' id='word_1_665' title='bbox 940 5148 1061 5202; x_wconf 89' lang='lat' dir='ltr'><strong>cap.</strong></span> <span class='ocrx_word' id='word_1_666' title='bbox 1092 5134 1147 5199; x_wconf 92' lang='lat'><strong>8,</strong></span> <span class='ocrx_word' id='word_1_667' title='bbox 1167 5132 1379 5202; x_wconf 83' lang='lat' dir='ltr'><strong>discere</strong></span> <span class='ocrx_word' id='word_1_668' title='bbox 1407 5129 1554 5195; x_wconf 89' lang='lat' dir='ltr'><strong>licet,</strong></span> <span class='ocrx_word' id='word_1_669' title='bbox 1583 5147 1768 5188; x_wconf 89' lang='lat' dir='ltr'><strong>verum</strong></span> 
     </span>
    </p>
   </div>
   <div class='ocr_carea' id='block_1_86' title="bbox 156 5201 1771 5277">
    <p class='ocr_par' dir='ltr' id='par_1_86' title="bbox 156 5201 1771 5277">
     <span class='ocr_line' id='line_1_88' title="bbox 156 5201 1771 5277; baseline -0.001 -18"><span class='ocrx_word' id='word_1_670' title='bbox 156 5206 334 5259; x_wconf 87' lang='lat' dir='ltr'><strong>etiam</strong></span> <span class='ocrx_word' id='word_1_671' title='bbox 365 5220 396 5258; x_wconf 90' lang='lat' dir='ltr'><strong>e</strong></span> <span class='ocrx_word' id='word_1_672' title='bbox 434 5201 597 5259; x_wconf 86' lang='lat' dir='ltr'><strong>citata</strong></span> <span class='ocrx_word' id='word_1_673' title='bbox 624 5205 833 5277; x_wconf 80' lang='lat' dir='ltr'><strong>synodo</strong></span> <span class='ocrx_word' id='word_1_674' title='bbox 858 5201 1037 5261; x_wconf 86' lang='lat' dir='ltr'><strong>Tolet.</strong></span> <span class='ocrx_word' id='word_1_675' title='bbox 1081 5203 1134 5259; x_wconf 92' lang='lat' dir='ltr'><strong>in</strong></span> <span class='ocrx_word' id='word_1_676' title='bbox 1173 5219 1278 5275; x_wconf 80' lang='lat' dir='ltr'><strong>qua</strong></span> <span class='ocrx_word' id='word_1_677' title='bbox 1313 5201 1400 5258; x_wconf 89' lang='lat' dir='ltr'><strong>hic</strong></span> <span class='ocrx_word' id='word_1_678' title='bbox 1444 5202 1584 5258; x_wconf 90' lang='lat' dir='ltr'><strong>idem</strong></span> <span class='ocrx_word' id='word_1_679' title='bbox 1631 5204 1771 5259; x_wconf 91' lang='lat' dir='ltr'><strong>ritus</strong></span> 
     </span>
    </p>
   </div>
   <div class='ocr_carea' id='block_1_87' title="bbox 156 5277 1169 5348">
    <p class='ocr_par' dir='ltr' id='par_1_87' title="bbox 156 5277 1169 5348">
     <span class='ocr_line' id='line_1_89' title="bbox 156 5277 1169 5348; baseline 0.001 -17"><span class='ocrx_word' id='word_1_680' title='bbox 156 5289 288 5348; x_wconf 83' lang='lat' dir='ltr'><strong>can.</strong></span> <span class='ocrx_word' id='word_1_681' title='bbox 322 5277 362 5348; x_wconf 52' lang='grc' dir='ltr'><em>ᾧ</em></span> <span class='ocrx_word' id='word_1_682' title='bbox 393 5277 646 5332; x_wconf 68' lang='lat' dir='ltr'><strong>statuitur</strong></span> <span class='ocrx_word' id='word_1_683' title='bbox 672 5287 728 5333; x_wconf 90' lang='lat' dir='ltr'><strong>et</strong></span> <span class='ocrx_word' id='word_1_684' title='bbox 760 5277 1169 5348; x_wconf 86' lang='lat' dir='ltr'><strong>comprobatur.</strong></span> 
     </span>
    </p>
   </div>
   <div class='ocr_carea' id='block_1_88' title="bbox 231 5346 1771 5416">
    <p class='ocr_par' dir='ltr' id='par_1_88' title="bbox 231 5346 1771 5416">
     <span class='ocr_line' id='line_1_90' title="bbox 231 5346 1771 5416; baseline 0 -14"><span class='ocrx_word' id='word_1_685' title='bbox 231 5347 263 5387; x_wconf 72' lang='grc' dir='ltr'>δ</span> <span class='ocrx_word' id='word_1_686' title='bbox 304 5346 515 5402; x_wconf 81' lang='lat' dir='ltr'><strong>Omnes</strong></span> <span class='ocrx_word' id='word_1_687' title='bbox 545 5348 677 5404; x_wconf 86' lang='lat' dir='ltr'><strong>edit.</strong></span> <span class='ocrx_word' id='word_1_688' title='bbox 708 5362 773 5404; x_wconf 87' lang='lat' dir='ltr'><strong>ac</strong></span> <span class='ocrx_word' id='word_1_689' title='bbox 819 5346 952 5404; x_wconf 81' lang='lat' dir='ltr'><strong>m&#39;ss.</strong></span> <span class='ocrx_word' id='word_1_690' title='bbox 1002 5347 1268 5412; x_wconf 90' lang='lat' dir='ltr'><strong>nonnulli,</strong></span> <span class='ocrx_word' id='word_1_691' title='bbox 1320 5347 1572 5416; x_wconf 83' lang='lat' dir='ltr'><strong>pomifera</strong></span> <span class='ocrx_word' id='word_1_692' title='bbox 1616 5347 1771 5402; x_wconf 85' lang='lat' dir='ltr'><strong>arbor</strong></span> 
     </span>
    </p>
   </div>
   <div class='ocr_carea' id='block_1_89' title="bbox 155 5417 1768 5492">
    <p class='ocr_par' dir='ltr' id='par_1_89' title="bbox 155 5417 1768 5492">
     <span class='ocr_line' id='line_1_91' title="bbox 155 5417 1768 5492; baseline 0.001 -20"><span class='ocrx_word' id='word_1_693' title='bbox 155 5417 478 5492; x_wconf 80' lang='lat' dir='ltr'><strong>pullulasti;</strong></span> <span class='ocrx_word' id='word_1_694' title='bbox 506 5435 639 5492; x_wconf 86' lang='lat' dir='ltr'><strong>mss.</strong></span> <span class='ocrx_word' id='word_1_695' title='bbox 671 5419 778 5477; x_wconf 88' lang='lat' dir='ltr'><strong>duo</strong></span> <span class='ocrx_word' id='word_1_696' title='bbox 807 5420 1056 5492; x_wconf 87' lang='lat' dir='ltr'><strong>pullulas,</strong></span> <span class='ocrx_word' id='word_1_697' title='bbox 1077 5491 1083 5492; x_wconf 16' lang='grc' dir='ltr'><em>γ</em></span> <span class='ocrx_word' id='word_1_698' title='bbox 1103 5419 1326 5474; x_wconf 86' lang='lat' dir='ltr'><strong>totidem</strong></span> <span class='ocrx_word' id='word_1_699' title='bbox 1359 5420 1646 5492; x_wconf 82' lang='lat' dir='ltr'><strong>pullulatns</strong></span> <span class='ocrx_word' id='word_1_700' title='bbox 1671 5429 1768 5486; x_wconf 87' lang='lat' dir='ltr'><strong>est,</strong></span> 
     </span>
    </p>
   </div>
   <div class='ocr_carea' id='block_1_90' title="bbox 154 5490 1767 5562">
    <p class='ocr_par' dir='ltr' id='par_1_90' title="bbox 154 5490 1767 5562">
     <span class='ocr_line' id='line_1_92' title="bbox 154 5490 1767 5562; baseline 0.001 -17"><span class='ocrx_word' id='word_1_701' title='bbox 154 5491 536 5562; x_wconf 81' lang='lat' dir='ltr'><strong>antiquissimi</strong></span> <span class='ocrx_word' id='word_1_702' title='bbox 565 5507 694 5549; x_wconf 84' lang='lat' dir='ltr'><strong>vero</strong></span> <span class='ocrx_word' id='word_1_703' title='bbox 728 5503 783 5549; x_wconf 91' lang='lat' dir='ltr'><strong>et</strong></span> <span class='ocrx_word' id='word_1_704' title='bbox 808 5490 1242 5549; x_wconf 83' lang='lat' dir='ltr'><strong>nttmerosissimi</strong></span> <span class='ocrx_word' id='word_1_705' title='bbox 1295 5490 1590 5560; x_wconf 62' lang='lat' dir='ltr'><strong>praeferunt</strong></span> <span class='ocrx_word' id='word_1_706' title='bbox 1631 5499 1687 5546; x_wconf 92' lang='lat' dir='ltr'><strong>ut</strong></span> <span class='ocrx_word' id='word_1_707' title='bbox 1716 5492 1767 5547; x_wconf 91' lang='lat' dir='ltr'><strong>in</strong></span> 
     </span>
    </p>
   </div>
   <div class='ocr_carea' id='block_1_91' title="bbox 154 5562 1770 5635">
    <p class='ocr_par' dir='ltr' id='par_1_91' title="bbox 154 5562 1770 5635">
     <span class='ocr_line' id='line_1_93' title="bbox 154 5562 1770 5635; baseline 0.002 -20"><span class='ocrx_word' id='word_1_708' title='bbox 154 5573 457 5635; x_wconf 82' lang='lat' dir='ltr'><strong>contextu.</strong></span> <span class='ocrx_word' id='word_1_709' title='bbox 488 5564 644 5629; x_wconf 80' lang='lat' dir='ltr'><strong>Quod</strong></span> <span class='ocrx_word' id='word_1_710' title='bbox 663 5564 879 5635; x_wconf 89' lang='lat' dir='ltr'><strong>quidem</strong></span> <span class='ocrx_word' id='word_1_711' title='bbox 912 5565 1036 5619; x_wconf 89' lang='lat' dir='ltr'><strong>licet</strong></span> <span class='ocrx_word' id='word_1_712' title='bbox 1064 5578 1185 5635; x_wconf 86' lang='lat' dir='ltr'><strong>cum</strong></span> <span class='ocrx_word' id='word_1_713' title='bbox 1218 5564 1502 5635; x_wconf 73' lang='lat' dir='ltr'><strong>superiori</strong></span> <span class='ocrx_word' id='word_1_714' title='bbox 1525 5562 1770 5619; x_wconf 89' lang='lat' dir='ltr'><strong>membro</strong></span> 
     </span>
    </p>
   </div>
   <div class='ocr_carea' id='block_1_92' title="bbox 157 5634 1771 5703">
    <p class='ocr_par' dir='ltr' id='par_1_92' title="bbox 157 5634 1771 5703">
     <span class='ocr_line' id='line_1_94' title="bbox 157 5634 1771 5703; baseline 0.001 -15"><span class='ocrx_word' id='word_1_715' title='bbox 157 5648 277 5688; x_wconf 88' lang='lat' dir='ltr'><strong>non</strong></span> <span class='ocrx_word' id='word_1_716' title='bbox 325 5634 627 5690; x_wconf 85' lang='lat' dir='ltr'><strong>admodum</strong></span> <span class='ocrx_word' id='word_1_717' title='bbox 669 5634 952 5703; x_wconf 78' lang='lat' dir='ltr'><strong>congruat,</strong></span> <span class='ocrx_word' id='word_1_718' title='bbox 1002 5634 1368 5689; x_wconf 80' lang='lat' dir='ltr'><strong>Itaud.t:ttnen</strong></span> <span class='ocrx_word' id='word_1_719' title='bbox 1419 5634 1674 5690; x_wconf 89' lang='lat' dir='ltr'><strong>abhorret</strong></span> <span class='ocrx_word' id='word_1_720' title='bbox 1700 5635 1771 5689; x_wconf 87' lang='lat' dir='ltr'><strong>ab</strong></span> 
     </span>
    </p>
   </div>
   <div class='ocr_carea' id='block_1_93' title="bbox 156 5706 1772 5833">
    <p class='ocr_par' dir='ltr' id='par_1_93' title="bbox 156 5706 1772 5833">
     <span class='ocr_line' id='line_1_95' title="bbox 156 5706 1772 5833; baseline 0.001 -73"><span class='ocrx_word' id='word_1_721' title='bbox 156 5706 422 5833; x_wconf 55' lang='lat' dir='ltr'><strong>iuncturis</strong></span> <span class='ocrx_word' id='word_1_722' title='bbox 444 5708 662 5778; x_wconf 65' lang='lat' dir='ltr'><strong>ingenio</strong></span> <span class='ocrx_word' id='word_1_723' title='bbox 686 5707 988 5780; x_wconf 89' lang='lat' dir='ltr'><strong>simplicius</strong></span> <span class='ocrx_word' id='word_1_724' title='bbox 1007 5722 1167 5779; x_wconf 85' lang='lat' dir='ltr'><strong>quant</strong></span> <span class='ocrx_word' id='word_1_725' title='bbox 1200 5707 1516 5762; x_wconf 85' lang='lat' dir='ltr'><strong>accuratius</strong></span> <span class='ocrx_word' id='word_1_726' title='bbox 1552 5720 1772 5775; x_wconf 88' lang='lat' dir='ltr'><strong>semper</strong></span> 
     </span>
     <span class='ocr_line' id='line_1_96' title="bbox 181 5788 476 5833; baseline -0.003 0"><span class='ocrx_word' id='word_1_727' title='bbox 181 5788 476 5833; x_wconf 81' lang='lat' dir='ltr'><strong>oattentts.</strong></span> 
     </span>
    </p>
   </div>
   <div class='ocr_carea' id='block_1_94' title="bbox 260 5788 476 5834">
    <p class='ocr_par' dir='ltr' id='par_1_94' title="bbox 260 5788 476 5834">
     <span class='ocr_line' id='line_1_97' title="bbox 260 5788 476 5834; baseline 0 -2"><span class='ocrx_word' id='word_1_728' title='bbox 260 5788 476 5834; x_wconf 80' lang='lat' dir='ltr'><strong>uentis.</strong></span> 
     </span>
    </p>
   </div>
   <div class='ocr_carea' id='block_1_95' title="bbox 181 5792 1770 5927">
    <p class='ocr_par' dir='ltr' id='par_1_95' title="bbox 181 5792 1770 5927">
     <span class='ocr_line' id='line_1_98' title="bbox 260 5792 476 5834; baseline 0 -2"><span class='ocrx_word' id='word_1_729' title='bbox 260 5792 476 5834; x_wconf 89' lang='lat' dir='ltr'><strong>uenus.</strong></span> 
     </span>
     <span class='ocr_line' id='line_1_99' title="bbox 181 5792 1770 5927; baseline -0.003 -18"><span class='ocrx_word' id='word_1_730' title='bbox 181 5792 257 5893; x_wconf 48' lang='grc' dir='ltr'><strong>οἳ</strong></span> <span class='ocrx_word' id='word_1_731' title='bbox 304 5848 445 5909; x_wconf 70' lang='lat' dir='ltr'><strong>Mss.</strong></span> <span class='ocrx_word' id='word_1_732' title='bbox 479 5866 586 5908; x_wconf 90' lang='lat' dir='ltr'><strong>non</strong></span> <span class='ocrx_word' id='word_1_733' title='bbox 620 5853 794 5926; x_wconf 87' lang='lat' dir='ltr'><strong>pauci,</strong></span> <span class='ocrx_word' id='word_1_734' title='bbox 836 5861 882 5908; x_wconf 90' lang='lat' dir='ltr'><strong>et</strong></span> <span class='ocrx_word' id='word_1_735' title='bbox 916 5852 1172 5927; x_wconf 82' lang='lat' dir='ltr'><strong>agnoscite</strong></span> <span class='ocrx_word' id='word_1_736' title='bbox 1202 5851 1527 5907; x_wconf 86' lang='lat' dir='ltr'><strong>vindemiam.</strong></span> <span class='ocrx_word' id='word_1_737' title='bbox 1564 5848 1770 5906; x_wconf 79' lang='lat' dir='ltr'><strong>Rursus</strong></span> 
     </span>
    </p>
   </div>
   <div class='ocr_carea' id='block_1_96' title="bbox 1879 3321 3481 3398">
    <p class='ocr_par' dir='ltr' id='par_1_96' title="bbox 1879 3321 3481 3398">
     <span class='ocr_line' id='line_1_100' title="bbox 1879 3321 3481 3398; baseline 0.004 -21"><span class='ocrx_word' id='word_1_738' title='bbox 1879 3323 1973 3377; x_wconf 89' lang='lat' dir='ltr'><strong>ait.</strong></span> <span class='ocrx_word' id='word_1_739' title='bbox 2022 3321 2140 3377; x_wconf 85' lang='lat' dir='ltr'><strong>Non</strong></span> <span class='ocrx_word' id='word_1_740' title='bbox 2170 3337 2302 3393; x_wconf 85' lang='lat' dir='ltr'><strong>ergo</strong></span> <span class='ocrx_word' id='word_1_741' title='bbox 2334 3321 2420 3379; x_wconf 90' lang='lat' dir='ltr'><strong>hic</strong></span> <span class='ocrx_word' id='word_1_742' title='bbox 2458 3323 2769 3393; x_wconf 77' lang='lat' dir='ltr'><strong>arrogantia</strong></span> <span class='ocrx_word' id='word_1_743' title='bbox 2799 3333 2907 3389; x_wconf 85' lang='lat' dir='ltr'><strong>est,</strong></span> <span class='ocrx_word' id='word_1_744' title='bbox 2939 3322 3034 3378; x_wconf 90' lang='lat' dir='ltr'><strong>sed</strong></span> <span class='ocrx_word' id='word_1_745' title='bbox 3068 3323 3246 3381; x_wconf 88' lang='lat' dir='ltr'><strong>lldes:</strong></span> <span class='ocrx_word' id='word_1_746' title='bbox 3280 3325 3481 3398; x_wconf 71' lang='lat' dir='ltr'><strong>prmdi-</strong></span> 
     </span>
    </p>
   </div>
   <div class='ocr_carea' id='block_1_97' title="bbox 1879 3412 3477 3486">
    <p class='ocr_par' dir='ltr' id='par_1_97' title="bbox 1879 3412 3477 3486">
     <span class='ocr_line' id='line_1_101' title="bbox 1879 3412 3477 3486; baseline 0.006 -17"><span class='ocrx_word' id='word_1_747' title='bbox 1879 3428 2005 3470; x_wconf 90' lang='lat' dir='ltr'><strong>care</strong></span> <span class='ocrx_word' id='word_1_748' title='bbox 2034 3412 2179 3484; x_wconf 89' lang='lat' dir='ltr'><strong>quod</strong></span> <span class='ocrx_word' id='word_1_749' title='bbox 2226 3413 2507 3485; x_wconf 87' lang='lat' dir='ltr'><strong>acceperis</strong></span> <span class='ocrx_word' id='word_1_750' title='bbox 2536 3428 2643 3468; x_wconf 92' lang='lat' dir='ltr'><strong>non</strong></span> <span class='ocrx_word' id='word_1_751' title='bbox 2695 3422 2779 3471; x_wconf 88' lang='lat' dir='ltr'><strong>est</strong></span> <span class='ocrx_word' id='word_1_752' title='bbox 2804 3415 3083 3486; x_wconf 87' lang='lat' dir='ltr'><strong>superbia,</strong></span> <span class='ocrx_word' id='word_1_753' title='bbox 3118 3415 3211 3474; x_wconf 78' lang='lat' dir='ltr'><strong>sed</strong></span> <span class='ocrx_word' id='word_1_754' title='bbox 3233 3416 3477 3479; x_wconf 88' lang='lat' dir='ltr'><strong>devotio.</strong></span> 
     </span>
    </p>
   </div>
   <div class='ocr_carea' id='block_1_98' title="bbox 1877 3551 3479 3632">
    <p class='ocr_par' dir='ltr' id='par_1_98' title="bbox 1877 3551 3479 3632">
     <span class='ocr_line' id='line_1_102' title="bbox 1877 3551 3479 3632; baseline 0.013 -34"><span class='ocrx_word' id='word_1_755' title='bbox 1877 3567 2038 3632; x_wconf 50' lang='lat' dir='ltr'><strong>per-sn</strong></span> <span class='ocrx_word' id='word_1_756' title='bbox 2082 3566 2198 3632; x_wconf 73' lang='lat' dir='ltr'><strong>seq.</strong></span> <span class='ocrx_word' id='word_1_757' title='bbox 2235 3565 2355 3622; x_wconf 88' lang='lat' dir='ltr'><strong>pro,</strong></span> <span class='ocrx_word' id='word_1_758' title='bbox 2386 3551 2486 3606; x_wconf 87' lang='lat' dir='ltr'><strong>hoc</strong></span> <span class='ocrx_word' id='word_1_759' title='bbox 2515 3560 2610 3632; x_wconf 77' lang='lat' dir='ltr'><strong>est,</strong></span> <span class='ocrx_word' id='word_1_760' title='bbox 2638 3551 3071 3632; x_wconf 37' lang='lat' dir='ltr'><strong>“populunrDei,</strong></span> <span class='ocrx_word' id='word_1_761' title='bbox 3104 3570 3237 3632; x_wconf 77' lang='lat' dir='ltr'><strong>mss.</strong></span> <span class='ocrx_word' id='word_1_762' title='bbox 3269 3557 3479 3632; x_wconf 78' lang='lat' dir='ltr'><strong>aliquot</strong></span> 
     </span>
    </p>
   </div>
   <div class='ocr_carea' id='block_1_99' title="bbox 1878 3621 3290 3692">
    <p class='ocr_par' dir='ltr' id='par_1_99' title="bbox 1878 3621 3290 3692">
     <span class='ocr_line' id='line_1_103' title="bbox 1878 3621 3290 3692; baseline 0.005 -13"><span class='ocrx_word' id='word_1_763' title='bbox 1878 3623 2102 3691; x_wconf 85' lang='lat' dir='ltr'><strong>habent,</strong></span> <span class='ocrx_word' id='word_1_764' title='bbox 2135 3621 2244 3679; x_wconf 75' lang='lat' dir='ltr'><strong>lucc</strong></span> <span class='ocrx_word' id='word_1_765' title='bbox 2266 3634 2343 3678; x_wconf 87' lang='lat' dir='ltr'><strong>est</strong></span> <span class='ocrx_word' id='word_1_766' title='bbox 2374 3623 2598 3692; x_wconf 84' lang='lat' dir='ltr'><strong>populus</strong></span> <span class='ocrx_word' id='word_1_767' title='bbox 2628 3621 2747 3679; x_wconf 65' lang='lat' dir='ltr'><strong>Deil</strong></span> <span class='ocrx_word' id='word_1_768' title='bbox 2779 3625 2896 3681; x_wconf 85' lang='lat' dir='ltr'><strong>Non</strong></span> <span class='ocrx_word' id='word_1_769' title='bbox 2924 3627 3290 3686; x_wconf 90' lang='lat' dir='ltr'><strong>incommode.</strong></span> 
     </span>
    </p>
   </div>
   <div class='ocr_carea' id='block_1_100' title="bbox 1953 3696 3476 3769">
    <p class='ocr_par' dir='ltr' id='par_1_100' title="bbox 1953 3696 3476 3769">
     <span class='ocr_line' id='line_1_104' title="bbox 1953 3696 3476 3769; baseline 0.006 -18"><span class='ocrx_word' id='word_1_770' title='bbox 1953 3697 1980 3734; x_wconf 71' lang='grc' dir='ltr'><em>ά</em></span> <span class='ocrx_word' id='word_1_771' title='bbox 2023 3697 2172 3769; x_wconf 82' lang='lat' dir='ltr'><strong>lianc</strong></span> <span class='ocrx_word' id='word_1_772' title='bbox 2196 3696 2525 3769; x_wconf 61' lang='lat' dir='ltr'><strong>sententiam</strong></span> <span class='ocrx_word' id='word_1_773' title='bbox 2553 3697 2785 3769; x_wconf 90' lang='lat' dir='ltr'><strong>ubertim</strong></span> <span class='ocrx_word' id='word_1_774' title='bbox 2805 3707 2859 3753; x_wconf 91' lang='lat' dir='ltr'><strong>et</strong></span> <span class='ocrx_word' id='word_1_775' title='bbox 2874 3697 3154 3769; x_wconf 88' lang='lat' dir='ltr'><strong>eleganter</strong></span> <span class='ocrx_word' id='word_1_776' title='bbox 3172 3702 3476 3769; x_wconf 83' lang='lat' dir='ltr'><strong>expositam</strong></span> 
     </span>
    </p>
   </div>
   <div class='ocr_carea' id='block_1_101' title="bbox 1882 3764 3478 3842">
    <p class='ocr_par' dir='ltr' id='par_1_101' title="bbox 1882 3764 3478 3842">
     <span class='ocr_line' id='line_1_105' title="bbox 1882 3764 3478 3842; baseline 0.008 -21"><span class='ocrx_word' id='word_1_777' title='bbox 1882 3767 2049 3842; x_wconf 84' lang='lat' dir='ltr'><strong>habes</strong></span> <span class='ocrx_word' id='word_1_778' title='bbox 2091 3766 2185 3842; x_wconf 77' lang='lat' dir='ltr'><strong>lib.</strong></span> <span class='ocrx_word' id='word_1_779' title='bbox 2220 3765 2333 3842; x_wconf 78' lang='lat' dir='ltr'><strong>ide</strong></span> <span class='ocrx_word' id='word_1_780' title='bbox 2359 3764 2493 3842; x_wconf 72' lang='lat' dir='ltr'><strong>Qain</strong></span> <span class='ocrx_word' id='word_1_781' title='bbox 2525 3777 2581 3822; x_wconf 90' lang='lat' dir='ltr'><strong>et</strong></span> <span class='ocrx_word' id='word_1_782' title='bbox 2606 3768 2762 3842; x_wconf 84' lang='lat' dir='ltr'><strong>Abel,</strong></span> <span class='ocrx_word' id='word_1_783' title='bbox 2793 3783 2912 3842; x_wconf 77' lang='lat' dir='ltr'><strong>cap.</strong></span> <span class='ocrx_word' id='word_1_784' title='bbox 2938 3764 2990 3835; x_wconf 58' lang='lat'><strong>5&#39;,</strong></span> <span class='ocrx_word' id='word_1_785' title='bbox 3037 3786 3186 3827; x_wconf 91' lang='lat' dir='ltr'><strong>num.</strong></span> <span class='ocrx_word' id='word_1_786' title='bbox 3215 3764 3303 3842; x_wconf 80' lang='lat' dir='ltr'><strong>l9,</strong></span> <span class='ocrx_word' id='word_1_787' title='bbox 3331 3776 3478 3832; x_wconf 89' lang='lat' dir='ltr'><strong>unde</strong></span> 
     </span>
    </p>
   </div>
   <div class='ocr_carea' id='block_1_102' title="bbox 1882 3838 3009 3897">
    <p class='ocr_par' dir='ltr' id='par_1_102' title="bbox 1882 3838 3009 3897">
     <span class='ocr_line' id='line_1_106' title="bbox 1882 3838 3009 3897; baseline 0.001 -1"><span class='ocrx_word' id='word_1_788' title='bbox 1882 3841 2107 3896; x_wconf 81' lang='lat' dir='ltr'><strong>forsitan</strong></span> <span class='ocrx_word' id='word_1_789' title='bbox 2140 3838 2284 3893; x_wconf 87' lang='lat' dir='ltr'><strong>hunc</strong></span> <span class='ocrx_word' id='word_1_790' title='bbox 2306 3839 2359 3893; x_wconf 89' lang='lat' dir='ltr'><strong>itt</strong></span> <span class='ocrx_word' id='word_1_791' title='bbox 2388 3838 2566 3893; x_wconf 90' lang='lat' dir='ltr'><strong>locum</strong></span> <span class='ocrx_word' id='word_1_792' title='bbox 2599 3838 3009 3897; x_wconf 85' lang='lat' dir='ltr'><strong>translataluit.</strong></span> 
     </span>
    </p>
   </div>
   <div class='ocr_carea' id='block_1_103' title="bbox 1956 3909 3478 3979">
    <p class='ocr_par' dir='ltr' id='par_1_103' title="bbox 1956 3909 3478 3979">
     <span class='ocr_line' id='line_1_107' title="bbox 1956 3909 3478 3979; baseline 0.007 -14"><span class='ocrx_word' id='word_1_793' title='bbox 1956 3924 1977 3950; x_wconf 78' lang='grc' dir='ltr'>ε</span> <span class='ocrx_word' id='word_1_794' title='bbox 2018 3912 2177 3966; x_wconf 81' lang='lat' dir='ltr'><strong>Rom.</strong></span> <span class='ocrx_word' id='word_1_795' title='bbox 2222 3911 2360 3965; x_wconf 89' lang='lat' dir='ltr'><strong>cdit.</strong></span> <span class='ocrx_word' id='word_1_796' title='bbox 2413 3911 2549 3977; x_wconf 87' lang='lat' dir='ltr'><strong>sola,</strong></span> <span class='ocrx_word' id='word_1_797' title='bbox 2592 3909 2868 3979; x_wconf 86' lang='lat' dir='ltr'><strong>Dominus,</strong></span> <span class='ocrx_word' id='word_1_798' title='bbox 2926 3930 3041 3967; x_wconf 89' lang='lat' dir='ltr'><strong>cum</strong></span> <span class='ocrx_word' id='word_1_799' title='bbox 3072 3917 3231 3971; x_wconf 88' lang='lat' dir='ltr'><strong>oratis</strong></span> <span class='ocrx_word' id='word_1_800' title='bbox 3277 3917 3432 3974; x_wconf 88' lang='lat' dir='ltr'><strong>dicite</strong></span> <span class='ocrx_word' id='word_1_801' title='bbox 3458 3935 3478 3975; x_wconf 89' lang='lat'><strong><em>:</em></strong></span> 
     </span>
    </p>
   </div>
   <div class='ocr_carea' id='block_1_104' title="bbox 1880 3982 3477 4058">
    <p class='ocr_par' dir='ltr' id='par_1_104' title="bbox 1880 3982 3477 4058">
     <span class='ocr_line' id='line_1_108' title="bbox 1880 3982 3477 4058; baseline 0.004 -18"><span class='ocrx_word' id='word_1_802' title='bbox 1880 3984 2057 4058; x_wconf 84' lang='lat' dir='ltr'><strong>Pater,</strong></span> <span class='ocrx_word' id='word_1_803' title='bbox 2105 3992 2211 4037; x_wconf 89' lang='lat' dir='ltr'><strong>etc.</strong></span> <span class='ocrx_word' id='word_1_804' title='bbox 2244 3982 2394 4037; x_wconf 88' lang='lat' dir='ltr'><strong>Ilattc</strong></span> <span class='ocrx_word' id='word_1_805' title='bbox 2423 3996 2586 4058; x_wconf 78' lang='lat' dir='ltr'><strong>porro</strong></span> <span class='ocrx_word' id='word_1_806' title='bbox 2625 3983 2837 4058; x_wconf 81' lang='lat' dir='ltr'><strong>Domini</strong></span> <span class='ocrx_word' id='word_1_807' title='bbox 2865 3983 3182 4058; x_wconf 74' lang='lat' dir='ltr'><strong>orationem</strong></span> <span class='ocrx_word' id='word_1_808' title='bbox 3223 4004 3343 4058; x_wconf 75' lang='lat' dir='ltr'><strong>qua:</strong></span> <span class='ocrx_word' id='word_1_809' title='bbox 3372 3991 3477 4047; x_wconf 89' lang='lat' dir='ltr'><strong>hoc</strong></span> 
     </span>
    </p>
   </div>
   <div class='ocr_carea' id='block_1_105' title="bbox 1872 4053 3478 4125">
    <p class='ocr_par' dir='ltr' id='par_1_105' title="bbox 1872 4053 3478 4125">
     <span class='ocr_line' id='line_1_109' title="bbox 1872 4053 3478 4125; baseline 0.002 -12"><span class='ocrx_word' id='word_1_810' title='bbox 1872 4058 1974 4113; x_wconf 89' lang='lat' dir='ltr'><strong>loci</strong></span> <span class='ocrx_word' id='word_1_811' title='bbox 1998 4057 2067 4110; x_wconf 90' lang='lat' dir='ltr'><strong>ab</strong></span> <span class='ocrx_word' id='word_1_812' title='bbox 2084 4063 2310 4109; x_wconf 88' lang='lat' dir='ltr'><strong>auctore</strong></span> <span class='ocrx_word' id='word_1_813' title='bbox 2336 4053 2621 4125; x_wconf 80' lang='lat' dir='ltr'><strong>neophytis</strong></span> <span class='ocrx_word' id='word_1_814' title='bbox 2650 4054 2994 4121; x_wconf 80' lang='lat' dir='ltr'><strong>edisseritttr,</strong></span> <span class='ocrx_word' id='word_1_815' title='bbox 3015 4056 3069 4111; x_wconf 90' lang='lat' dir='ltr'><strong>in</strong></span> <span class='ocrx_word' id='word_1_816' title='bbox 3095 4053 3280 4113; x_wconf 78' lang='lat' dir='ltr'><strong>multis</strong></span> <span class='ocrx_word' id='word_1_817' title='bbox 3301 4062 3478 4117; x_wconf 81' lang='lat' dir='ltr'><strong>eccle-</strong></span> 
     </span>
    </p>
   </div>
   <div class='ocr_carea' id='block_1_106' title="bbox 1872 4125 3474 4195">
    <p class='ocr_par' dir='ltr' id='par_1_106' title="bbox 1872 4125 3474 4195">
     <span class='ocr_line' id='line_1_110' title="bbox 1872 4125 3474 4195; baseline 0.003 -12"><span class='ocrx_word' id='word_1_818' title='bbox 1872 4130 1968 4183; x_wconf 87' lang='lat' dir='ltr'><strong>siis</strong></span> <span class='ocrx_word' id='word_1_819' title='bbox 2008 4127 2271 4195; x_wconf 71' lang='lat' dir='ltr'><strong>prtrsules</strong></span> <span class='ocrx_word' id='word_1_820' title='bbox 2310 4139 2587 4194; x_wconf 89' lang='lat' dir='ltr'><strong>exponere</strong></span> <span class='ocrx_word' id='word_1_821' title='bbox 2616 4125 2866 4181; x_wconf 89' lang='lat' dir='ltr'><strong>solebant</strong></span> <span class='ocrx_word' id='word_1_822' title='bbox 2907 4127 3315 4188; x_wconf 85' lang='lat' dir='ltr'><strong>catechumenis</strong></span> <span class='ocrx_word' id='word_1_823' title='bbox 3343 4144 3474 4189; x_wconf 90' lang='lat' dir='ltr'><strong>ante</strong></span> 
     </span>
    </p>
   </div>
   <div class='ocr_carea' id='block_1_107' title="bbox 1875 4197 3477 4273">
    <p class='ocr_par' dir='ltr' id='par_1_107' title="bbox 1875 4197 3477 4273">
     <span class='ocr_line' id='line_1_111' title="bbox 1875 4197 3477 4273; baseline 0.003 -18"><span class='ocrx_word' id='word_1_824' title='bbox 1875 4200 2226 4273; x_wconf 82' lang='lat' dir='ltr'><strong>baptismum,</strong></span> <span class='ocrx_word' id='word_1_825' title='bbox 2251 4206 2324 4273; x_wconf 89' lang='lat' dir='ltr'><strong>_ut</strong></span> <span class='ocrx_word' id='word_1_826' title='bbox 2370 4197 2527 4252; x_wconf 90' lang='lat' dir='ltr'><strong>nobis</strong></span> <span class='ocrx_word' id='word_1_827' title='bbox 2552 4198 2621 4252; x_wconf 86' lang='lat' dir='ltr'><strong>ad</strong></span> <span class='ocrx_word' id='word_1_828' title='bbox 2658 4198 3045 4273; x_wconf 86' lang='lat' dir='ltr'><strong>lib._de_lttstit.</strong></span> <span class='ocrx_word' id='word_1_829' title='bbox 3088 4199 3235 4269; x_wconf 77' lang='lat' dir='ltr'><strong>\‘irg.</strong></span> <span class='ocrx_word' id='word_1_830' title='bbox 3267 4217 3387 4273; x_wconf 89' lang='lat' dir='ltr'><strong>cap.</strong></span> <span class='ocrx_word' id='word_1_831' title='bbox 3419 4206 3477 4273; x_wconf 71' lang='lat'><strong>2,</strong></span> 
     </span>
    </p>
   </div>
   <div class='ocr_carea' id='block_1_108' title="bbox 1876 4268 3477 4346">
    <p class='ocr_par' dir='ltr' id='par_1_108' title="bbox 1876 4268 3477 4346">
     <span class='ocr_line' id='line_1_112' title="bbox 1876 4268 3477 4346; baseline 0.002 -19"><span class='ocrx_word' id='word_1_832' title='bbox 1876 4268 2026 4346; x_wconf 75' lang='lat' dir='ltr'><strong>num.</strong></span> <span class='ocrx_word' id='word_1_833' title='bbox 2074 4270 2162 4333; x_wconf 85' lang='grc'><strong>10.</strong></span> <span class='ocrx_word' id='word_1_834' title='bbox 2212 4270 2709 4346; x_wconf 63' lang='lat' dir='ltr'><strong>observatutmest.</strong></span> <span class='ocrx_word' id='word_1_835' title='bbox 2763 4268 3162 4346; x_wconf 37' lang='lat' dir='ltr'><strong>lndencolligas</strong></span> <span class='ocrx_word' id='word_1_836' title='bbox 3186 4268 3257 4346; x_wconf 82' lang='lat' dir='ltr'><strong>in</strong></span> <span class='ocrx_word' id='word_1_837' title='bbox 3288 4268 3477 4346; x_wconf 54' lang='lat' dir='ltr'><strong>hujus;</strong></span> 
     </span>
    </p>
   </div>
   <div class='ocr_carea' id='block_1_109' title="bbox 1876 4339 3477 4410">
    <p class='ocr_par' dir='ltr' id='par_1_109' title="bbox 1876 4339 3477 4410">
     <span class='ocr_line' id='line_1_113' title="bbox 1876 4339 3477 4410; baseline 0.002 -11"><span class='ocrx_word' id='word_1_838' title='bbox 1876 4343 2022 4399; x_wconf 90' lang='lat' dir='ltr'><strong>modi</strong></span> <span class='ocrx_word' id='word_1_839' title='bbox 2074 4342 2400 4397; x_wconf 88' lang='lat' dir='ltr'><strong>ceremoniis</strong></span> <span class='ocrx_word' id='word_1_840' title='bbox 2433 4355 2532 4410; x_wconf 87' lang='lat' dir='ltr'><strong>pro</strong></span> <span class='ocrx_word' id='word_1_841' title='bbox 2580 4339 2822 4395; x_wconf 87' lang='lat' dir='ltr'><strong>locorum</strong></span> <span class='ocrx_word' id='word_1_842' title='bbox 2872 4339 3188 4401; x_wconf 78' lang='lat' dir='ltr'><strong>diversitate</strong></span> <span class='ocrx_word' id='word_1_843' title='bbox 3229 4339 3477 4403; x_wconf 66' lang='lat' dir='ltr'><strong>dit-eisos</strong></span> 
     </span>
    </p>
   </div>
   <div class='ocr_carea' id='block_1_110' title="bbox 1875 4410 3477 4487">
    <p class='ocr_par' dir='ltr' id='par_1_110' title="bbox 1875 4410 3477 4487">
     <span class='ocr_line' id='line_1_114' title="bbox 1875 4410 3477 4487; baseline 0.003 -16"><span class='ocrx_word' id='word_1_844' title='bbox 1875 4427 2089 4487; x_wconf 80' lang='lat' dir='ltr'><strong>quoque</strong></span> <span class='ocrx_word' id='word_1_845' title='bbox 2136 4414 2299 4469; x_wconf 88' lang='lat' dir='ltr'><strong>luisse</strong></span> <span class='ocrx_word' id='word_1_846' title='bbox 2345 4428 2499 4487; x_wconf 77' lang='lat' dir='ltr'><strong>usus.</strong></span> <span class='ocrx_word' id='word_1_847' title='bbox 2531 4410 2672 4480; x_wconf 86' lang='lat' dir='ltr'><strong>Quin</strong></span> <span class='ocrx_word' id='word_1_848' title='bbox 2714 4412 2880 4468; x_wconf 91' lang='lat' dir='ltr'><strong>immo</strong></span> <span class='ocrx_word' id='word_1_849' title='bbox 2907 4413 2959 4468; x_wconf 88' lang='lat' dir='ltr'><strong>itt</strong></span> <span class='ocrx_word' id='word_1_850' title='bbox 3002 4414 3191 4487; x_wconf 82' lang='lat' dir='ltr'><strong>eadem</strong></span> <span class='ocrx_word' id='word_1_851' title='bbox 3246 4418 3477 4475; x_wconf 83' lang='lat' dir='ltr'><strong>ecclesia</strong></span> 
     </span>
    </p>
   </div>
   <div class='ocr_carea' id='block_1_111' title="bbox 1876 4483 3473 4558">
    <p class='ocr_par' dir='ltr' id='par_1_111' title="bbox 1876 4483 3473 4558">
     <span class='ocr_line' id='line_1_115' title="bbox 1876 4483 3473 4558; baseline 0.002 -15"><span class='ocrx_word' id='word_1_852' title='bbox 1876 4483 1984 4543; x_wconf 80' lang='lat' dir='ltr'><strong>non</strong></span> <span class='ocrx_word' id='word_1_853' title='bbox 2006 4483 2230 4556; x_wconf 82' lang='lat' dir='ltr'><strong>semper</strong></span> <span class='ocrx_word' id='word_1_854' title='bbox 2257 4483 2507 4558; x_wconf 82' lang='lat' dir='ltr'><strong>eumdem</strong></span> <span class='ocrx_word' id='word_1_855' title='bbox 2536 4494 2811 4540; x_wconf 87' lang='lat' dir='ltr'><strong>servatum</strong></span> <span class='ocrx_word' id='word_1_856' title='bbox 2836 4499 2960 4542; x_wconf 87' lang='lat' dir='ltr'><strong>esse</strong></span> <span class='ocrx_word' id='word_1_857' title='bbox 2989 4485 3473 4558; x_wconf 89' lang='lat' dir='ltr'><strong>deprehendimus.</strong></span> 
     </span>
    </p>
   </div>
   <div class='ocr_carea' id='block_1_112' title="bbox 1874 4555 3478 4634">
    <p class='ocr_par' dir='ltr' id='par_1_112' title="bbox 1874 4555 3478 4634">
     <span class='ocr_line' id='line_1_116' title="bbox 1874 4555 3478 4634; baseline 0.002 -19"><span class='ocrx_word' id='word_1_858' title='bbox 1874 4555 2403 4629; x_wconf 37' lang='lat' dir='ltr'><strong>Natnque&#39;exetnpli</strong></span> <span class='ocrx_word' id='word_1_859' title='bbox 2448 4570 2613 4634; x_wconf 73' lang='lat' dir='ltr'><strong>causa</strong></span> <span class='ocrx_word' id='word_1_860' title='bbox 2656 4555 3351 4634; x_wconf 29' lang='lat' dir='ltr'><strong>Athustinus‘sérma‘iﬂ,</strong></span> <span class='ocrx_word' id='word_1_861' title='bbox 3383 4563 3478 4634; x_wconf 88' lang='lat' dir='ltr'><strong>qui</strong></span> 
     </span>
    </p>
   </div>
   <div class='ocr_carea' id='block_1_113' title="bbox 1874 4626 3480 4702">
    <p class='ocr_par' dir='ltr' id='par_1_113' title="bbox 1874 4626 3480 4702">
     <span class='ocr_line' id='line_1_117' title="bbox 1874 4626 3480 4702; baseline 0.003 -16"><span class='ocrx_word' id='word_1_862' title='bbox 1874 4626 2097 4702; x_wconf 80' lang='lat' dir='ltr'><strong>quartus</strong></span> <span class='ocrx_word' id='word_1_863' title='bbox 2136 4626 2453 4684; x_wconf 80' lang='lat' dir='ltr'><strong>numeratur</strong></span> <span class='ocrx_word' id='word_1_864' title='bbox 2482 4627 2533 4682; x_wconf 92' lang='lat' dir='ltr'><strong>in</strong></span> <span class='ocrx_word' id='word_1_865' title='bbox 2561 4628 2649 4702; x_wconf 78' lang='lat' dir='ltr'><strong>die</strong></span> <span class='ocrx_word' id='word_1_866' title='bbox 2681 4626 2923 4702; x_wconf 75' lang='lat' dir='ltr'><strong>Paschte,</strong></span> <span class='ocrx_word' id='word_1_867' title='bbox 2954 4628 3159 4687; x_wconf 88' lang='lat' dir='ltr'><strong>diserte</strong></span> <span class='ocrx_word' id='word_1_868' title='bbox 3176 4632 3251 4687; x_wconf 89' lang='lat' dir='ltr'><strong>ait</strong></span> <span class='ocrx_word' id='word_1_869' title='bbox 3281 4626 3480 4692; x_wconf 62' lang='lat' dir='ltr'><strong>rece&#39;ns</strong></span> 
     </span>
    </p>
   </div>
   <div class='ocr_carea' id='block_1_114' title="bbox 1874 4698 3474 4772">
    <p class='ocr_par' dir='ltr' id='par_1_114' title="bbox 1874 4698 3474 4772">
     <span class='ocr_line' id='line_1_118' title="bbox 1874 4698 3474 4772; baseline 0.001 -14"><span class='ocrx_word' id='word_1_870' title='bbox 1874 4698 2177 4772; x_wconf 78' lang='lat' dir='ltr'><strong>baptizatos</strong></span> <span class='ocrx_word' id='word_1_871' title='bbox 2201 4712 2417 4770; x_wconf 89' lang='lat' dir='ltr'><strong>peracta</strong></span> <span class='ocrx_word' id='word_1_872' title='bbox 2439 4698 2874 4772; x_wconf 80' lang='lat' dir='ltr'><strong>sanctiﬁcatione</strong></span> <span class='ocrx_word' id='word_1_873' title='bbox 2901 4703 3206 4759; x_wconf 90' lang='lat' dir='ltr'><strong>orationem</strong></span> <span class='ocrx_word' id='word_1_874' title='bbox 3226 4702 3474 4760; x_wconf 83' lang='lat' dir='ltr'><strong>Domini-</strong></span> 
     </span>
    </p>
   </div>
   <div class='ocr_carea' id='block_1_115' title="bbox 1874 4771 3473 4846">
    <p class='ocr_par' dir='ltr' id='par_1_115' title="bbox 1874 4771 3473 4846">
     <span class='ocr_line' id='line_1_119' title="bbox 1874 4771 3473 4846; baseline 0.003 -17"><span class='ocrx_word' id='word_1_875' title='bbox 1874 4771 1993 4829; x_wconf 85' lang='lat' dir='ltr'><strong>cam</strong></span> <span class='ocrx_word' id='word_1_876' title='bbox 2015 4771 2357 4846; x_wconf 71' lang='lat' dir='ltr'><strong>reddidisse;</strong></span> <span class='ocrx_word' id='word_1_877' title='bbox 2385 4771 2805 4846; x_wconf 32' lang='lat' dir='ltr'><strong>etimhsertne58</strong></span> <span class='ocrx_word' id='word_1_878' title='bbox 2831 4783 3023 4842; x_wconf 82' lang='lat' dir='ltr'><strong>aperte</strong></span> <span class='ocrx_word' id='word_1_879' title='bbox 3048 4774 3197 4831; x_wconf 89' lang='lat' dir='ltr'><strong>dicat</strong></span> <span class='ocrx_word' id='word_1_880' title='bbox 3240 4776 3389 4846; x_wconf 89' lang='lat' dir='ltr'><strong>ipsos</strong></span> <span class='ocrx_word' id='word_1_881' title='bbox 3421 4778 3473 4834; x_wconf 91' lang='lat' dir='ltr'><strong>in</strong></span> 
     </span>
    </p>
   </div>
   <div class='ocr_carea' id='block_1_116' title="bbox 1872 4841 3476 4916">
    <p class='ocr_par' dir='ltr' id='par_1_116' title="bbox 1872 4841 3476 4916">
     <span class='ocr_line' id='line_1_120' title="bbox 1872 4841 3476 4916; baseline 0.001 -15"><span class='ocrx_word' id='word_1_882' title='bbox 1872 4845 2117 4916; x_wconf 89' lang='lat' dir='ltr'><strong>ejusdem</strong></span> <span class='ocrx_word' id='word_1_883' title='bbox 2149 4842 2270 4899; x_wconf 82' lang='lat' dir='ltr'><strong>festi</strong></span> <span class='ocrx_word' id='word_1_884' title='bbox 2301 4843 2611 4916; x_wconf 71' lang='lat' dir='ltr'><strong>pervigilio</strong></span> <span class='ocrx_word' id='word_1_885' title='bbox 2636 4841 2946 4916; x_wconf 73' lang='lat' dir='ltr'><strong>reddituros</strong></span> <span class='ocrx_word' id='word_1_886' title='bbox 2976 4860 3102 4902; x_wconf 84' lang='lat' dir='ltr'><strong>esse</strong></span> <span class='ocrx_word' id='word_1_887' title='bbox 3150 4841 3476 4904; x_wconf 42' lang='lat' dir='ltr'><strong>non-oratio-</strong></span> 
     </span>
    </p>
   </div>
   <div class='ocr_carea' id='block_1_117' title="bbox 1875 4912 3479 4989">
    <p class='ocr_par' dir='ltr' id='par_1_117' title="bbox 1875 4912 3479 4989">
     <span class='ocr_line' id='line_1_121' title="bbox 1875 4912 3479 4989; baseline 0.003 -19"><span class='ocrx_word' id='word_1_888' title='bbox 1875 4912 2009 4984; x_wconf 56' lang='lat' dir='ltr'><strong>n&#39;em,</strong></span> <span class='ocrx_word' id='word_1_889' title='bbox 2042 4916 2141 4989; x_wconf 6' lang='lat' dir='ltr'><strong>sed,</strong></span> <span class='ocrx_word' id='word_1_890' title='bbox 2176 4914 2487 4989; x_wconf 83' lang='lat' dir='ltr'><strong>symbolum.</strong></span> <span class='ocrx_word' id='word_1_891' title='bbox 2539 4912 2708 4986; x_wconf 89' lang='lat' dir='ltr'><strong>Igitur</strong></span> <span class='ocrx_word' id='word_1_892' title='bbox 2749 4914 3145 4973; x_wconf 88' lang='lat' dir='ltr'><strong>crediderimus</strong></span> <span class='ocrx_word' id='word_1_893' title='bbox 3186 4918 3315 4974; x_wconf 89' lang='lat' dir='ltr'><strong>illud</strong></span> <span class='ocrx_word' id='word_1_894' title='bbox 3352 4934 3479 4989; x_wconf 88' lang='lat' dir='ltr'><strong>spe-</strong></span> 
     </span>
    </p>
   </div>
   <div class='ocr_carea' id='block_1_118' title="bbox 1874 4987 3473 5061">
    <p class='ocr_par' dir='ltr' id='par_1_118' title="bbox 1874 4987 3473 5061">
     <span class='ocr_line' id='line_1_122' title="bbox 1874 4987 3473 5061; baseline 0.002 -18"><span class='ocrx_word' id='word_1_895' title='bbox 1874 4997 2052 5061; x_wconf 76' lang='lat' dir='ltr'><strong>classe</strong></span> <span class='ocrx_word' id='word_1_896' title='bbox 2082 4988 2147 5041; x_wconf 89' lang='lat' dir='ltr'><strong>ad</strong></span> <span class='ocrx_word' id='word_1_897' title='bbox 2176 4987 2485 5061; x_wconf 66' lang='lat' dir='ltr'><strong>episcopos,</strong></span> <span class='ocrx_word' id='word_1_898' title='bbox 2528 4994 3137 5061; x_wconf 30' lang='lat' dir='ltr'><strong>ut‘pro_re,tempore,</strong></span> <span class='ocrx_word' id='word_1_899' title='bbox 3190 5004 3253 5046; x_wconf 88' lang='lat' dir='ltr'><strong>ac</strong></span> <span class='ocrx_word' id='word_1_900' title='bbox 3295 4987 3473 5061; x_wconf 84' lang='lat' dir='ltr'><strong>bapti-</strong></span> 
     </span>
    </p>
   </div>
   <div class='ocr_carea' id='block_1_119' title="bbox 1874 5056 3475 5118">
    <p class='ocr_par' dir='ltr' id='par_1_119' title="bbox 1874 5056 3475 5118">
     <span class='ocr_line' id='line_1_123' title="bbox 1874 5056 3475 5118; baseline 0.002 -3"><span class='ocrx_word' id='word_1_901' title='bbox 1874 5060 2170 5115; x_wconf 81' lang='lat' dir='ltr'><strong>zundurum</strong></span> <span class='ocrx_word' id='word_1_902' title='bbox 2211 5056 2557 5113; x_wconf 87' lang='lat' dir='ltr'><strong>multitudine</strong></span> <span class='ocrx_word' id='word_1_903' title='bbox 2605 5056 2691 5113; x_wconf 87' lang='lat' dir='ltr'><strong>his</strong></span> <span class='ocrx_word' id='word_1_904' title='bbox 2716 5058 2785 5114; x_wconf 91' lang='lat' dir='ltr'><strong>de</strong></span> <span class='ocrx_word' id='word_1_905' title='bbox 2816 5056 3009 5116; x_wconf 82' lang='lat' dir='ltr'><strong>ritibus</strong></span> <span class='ocrx_word' id='word_1_906' title='bbox 3049 5056 3475 5118; x_wconf 78' lang='lat' dir='ltr'><strong>constituerent.</strong></span> 
     </span>
    </p>
   </div>
   <div class='ocr_carea' id='block_1_120' title="bbox 1875 5129 3478 5204">
    <p class='ocr_par' dir='ltr' id='par_1_120' title="bbox 1875 5129 3478 5204">
     <span class='ocr_line' id='line_1_124' title="bbox 1875 5129 3478 5204; baseline 0.001 -17"><span class='ocrx_word' id='word_1_907' title='bbox 1875 5130 1981 5188; x_wconf 75' lang='lat' dir='ltr'><strong>Sed</strong></span> <span class='ocrx_word' id='word_1_908' title='bbox 2011 5132 2126 5204; x_wconf 78' lang='lat' dir='ltr'><strong>lieri</strong></span> <span class='ocrx_word' id='word_1_909' title='bbox 2150 5130 2314 5186; x_wconf 91' lang='lat' dir='ltr'><strong>etiam</strong></span> <span class='ocrx_word' id='word_1_910' title='bbox 2356 5130 2536 5204; x_wconf 73' lang='lat' dir='ltr'><strong>potuit</strong></span> <span class='ocrx_word' id='word_1_911' title='bbox 2562 5138 2619 5185; x_wconf 92' lang='lat' dir='ltr'><strong>ut</strong></span> <span class='ocrx_word' id='word_1_912' title='bbox 2648 5129 2949 5204; x_wconf 81' lang='lat' dir='ltr'><strong>dietionum</strong></span> <span class='ocrx_word' id='word_1_913' title='bbox 2986 5132 3311 5204; x_wconf 87' lang='lat' dir='ltr'><strong>trajectiune</strong></span> <span class='ocrx_word' id='word_1_914' title='bbox 3340 5149 3368 5187; x_wconf 90' lang='lat' dir='ltr'><strong>a</strong></span> <span class='ocrx_word' id='word_1_915' title='bbox 3413 5132 3478 5188; x_wconf 88' lang='lat' dir='ltr'><strong>li-</strong></span> 
     </span>
    </p>
   </div>
   <div class='ocr_carea' id='block_1_121' title="bbox 1877 5200 3477 5275">
    <p class='ocr_par' dir='ltr' id='par_1_121' title="bbox 1877 5200 3477 5275">
     <span class='ocr_line' id='line_1_125' title="bbox 1877 5200 3477 5275; baseline 0.002 -18"><span class='ocrx_word' id='word_1_916' title='bbox 1877 5203 2072 5275; x_wconf 80' lang='lat' dir='ltr'><strong>brariis</strong></span> <span class='ocrx_word' id='word_1_917' title='bbox 2103 5202 2445 5275; x_wconf 22' lang='lat' dir='ltr'><strong>locus‘se‘rm.</strong></span> <span class='ocrx_word' id='word_1_918' title='bbox 2474 5200 2543 5257; x_wconf 86' lang='lat'><strong>58</strong></span> <span class='ocrx_word' id='word_1_919' title='bbox 2564 5211 2859 5275; x_wconf 81' lang='lat' dir='ltr'><strong>corruptus</strong></span> <span class='ocrx_word' id='word_1_920' title='bbox 2892 5200 3085 5268; x_wconf 61' lang='lat' dir='ltr'><strong>luerit,</strong></span> <span class='ocrx_word' id='word_1_921' title='bbox 3107 5203 3180 5260; x_wconf 88' lang='lat' dir='ltr'><strong>ita</strong></span> <span class='ocrx_word' id='word_1_922' title='bbox 3199 5205 3477 5275; x_wconf 89' lang='lat' dir='ltr'><strong>corrigen-</strong></span> 
     </span>
    </p>
   </div>
   <div class='ocr_carea' id='block_1_122' title="bbox 1874 5271 3476 5346">
    <p class='ocr_par' dir='ltr' id='par_1_122' title="bbox 1874 5271 3476 5346">
     <span class='ocr_line' id='line_1_126' title="bbox 1874 5271 3476 5346; baseline 0.001 -17"><span class='ocrx_word' id='word_1_923' title='bbox 1874 5272 1999 5338; x_wconf 89' lang='lat' dir='ltr'><strong>dus,</strong></span> <span class='ocrx_word' id='word_1_924' title='bbox 2023 5291 2125 5328; x_wconf 89' lang='lat' dir='ltr'><strong>non</strong></span> <span class='ocrx_word' id='word_1_925' title='bbox 2142 5272 2461 5346; x_wconf 74' lang='lat' dir='ltr'><strong>symbolum,</strong></span> <span class='ocrx_word' id='word_1_926' title='bbox 2482 5271 2574 5327; x_wconf 88' lang='lat' dir='ltr'><strong>sed</strong></span> <span class='ocrx_word' id='word_1_927' title='bbox 2601 5271 2889 5329; x_wconf 82' lang='lat' dir='ltr'><strong>orationem</strong></span> <span class='ocrx_word' id='word_1_928' title='bbox 2901 5291 2928 5346; x_wconf 12' lang='lat'><strong>7:</strong></span> <span class='ocrx_word' id='word_1_929' title='bbox 2954 5274 3264 5346; x_wconf 68' lang='lat' dir='ltr'><strong>cuiusmodi</strong></span> <span class='ocrx_word' id='word_1_930' title='bbox 3300 5271 3476 5331; x_wconf 71' lang='lat' dir='ltr'><strong>trans-</strong></span> 
     </span>
    </p>
   </div>
   <div class='ocr_carea' id='block_1_123' title="bbox 1915 5344 3472 5417">
    <p class='ocr_par' dir='ltr' id='par_1_123' title="bbox 1915 5344 3472 5417">
     <span class='ocr_line' id='line_1_127' title="bbox 1915 5344 3472 5417; baseline 0.003 -18"><span class='ocrx_word' id='word_1_931' title='bbox 1915 5344 2203 5401; x_wconf 71' lang='lat' dir='ltr'><strong>()SillOtzlhlt</strong></span> <span class='ocrx_word' id='word_1_932' title='bbox 2248 5344 2501 5415; x_wconf 85' lang='lat' dir='ltr'><strong>exempla</strong></span> <span class='ocrx_word' id='word_1_933' title='bbox 2542 5355 2838 5417; x_wconf 83' lang='lat' dir='ltr'><strong>occurrunt</strong></span> <span class='ocrx_word' id='word_1_934' title='bbox 2889 5344 3188 5417; x_wconf 78' lang='lat' dir='ltr'><strong>frequentia</strong></span> <span class='ocrx_word' id='word_1_935' title='bbox 3236 5346 3288 5402; x_wconf 92' lang='lat' dir='ltr'><strong>in</strong></span> <span class='ocrx_word' id='word_1_936' title='bbox 3339 5362 3472 5403; x_wconf 91' lang='lat' dir='ltr'><strong>mss.</strong></span> 
     </span>
    </p>
   </div>
   <div class='ocr_carea' id='block_1_124' title="bbox 1874 5360 3473 5486">
    <p class='ocr_par' dir='ltr' id='par_1_124' title="bbox 1874 5360 3473 5486">
     <span class='ocr_line' id='line_1_128' title="bbox 1874 5360 3472 5473; baseline 0.003 -75"><span class='ocrx_word' id='word_1_937' title='bbox 1874 5360 2203 5473; x_wconf 52' lang='lat' dir='ltr'><strong>ﬂammeum</strong></span> <span class='ocrx_word' id='word_1_938' title='bbox 2248 5360 2501 5415; x_wconf 83' lang='lat' dir='ltr'><strong>exempta</strong></span> <span class='ocrx_word' id='word_1_939' title='bbox 2542 5360 2838 5402; x_wconf 90' lang='lat' dir='ltr'><strong>occurrunt</strong></span> <span class='ocrx_word' id='word_1_940' title='bbox 2889 5360 3188 5417; x_wconf 84' lang='lat' dir='ltr'><strong>trequentta</strong></span> <span class='ocrx_word' id='word_1_941' title='bbox 3236 5362 3288 5402; x_wconf 86' lang='grc' dir='ltr'><strong>ιιι</strong></span> <span class='ocrx_word' id='word_1_942' title='bbox 3339 5362 3472 5403; x_wconf 91' lang='lat' dir='ltr'><strong>mss.</strong></span> 
     </span>
     <span class='ocr_line' id='line_1_129' title="bbox 1923 5416 3473 5486; baseline 0.001 -13"><span class='ocrx_word' id='word_1_943' title='bbox 1923 5435 1984 5474; x_wconf 83' lang='lat' dir='ltr'><strong>ec</strong></span> <span class='ocrx_word' id='word_1_944' title='bbox 2028 5418 2190 5472; x_wconf 85' lang='lat' dir='ltr'><strong>etiam</strong></span> <span class='ocrx_word' id='word_1_945' title='bbox 2239 5416 2503 5486; x_wconf 70' lang='lat' dir='ltr'><strong>insulsum</strong></span> <span class='ocrx_word' id='word_1_946' title='bbox 2545 5416 2710 5473; x_wconf 80' lang='lat' dir='ltr'><strong>fuerit</strong></span> <span class='ocrx_word' id='word_1_947' title='bbox 2766 5419 2857 5472; x_wconf 91' lang='lat' dir='ltr'><strong>illa</strong></span> <span class='ocrx_word' id='word_1_948' title='bbox 2913 5431 3082 5473; x_wconf 83' lang='lat' dir='ltr'><strong>serto.</strong></span> <span class='ocrx_word' id='word_1_949' title='bbox 3126 5416 3234 5471; x_wconf 69' lang='lat'><strong>2‘27</strong></span> <span class='ocrx_word' id='word_1_950' title='bbox 3284 5417 3473 5486; x_wconf 87' lang='lat' dir='ltr'><strong>verba,</strong></span> 
     </span>
    </p>
   </div>
   <div class='ocr_carea' id='block_1_125' title="bbox 1874 5485 3476 5559">
    <p class='ocr_par' dir='ltr' id='par_1_125' title="bbox 1874 5485 3476 5559">
     <span class='ocr_line' id='line_1_130' title="bbox 1874 5485 3476 5559; baseline -0.001 -14"><span class='ocrx_word' id='word_1_951' title='bbox 1874 5490 2092 5545; x_wconf 85' lang='lat' dir='ltr'><strong>dicimus</strong></span> <span class='ocrx_word' id='word_1_952' title='bbox 2116 5489 2399 5543; x_wconf 86' lang='lat' dir='ltr'><strong>orationem</strong></span> <span class='ocrx_word' id='word_1_953' title='bbox 2425 5485 2775 5551; x_wconf 86' lang='lat' dir='ltr'><strong>Dominicam,</strong></span> <span class='ocrx_word' id='word_1_954' title='bbox 2793 5503 2945 5559; x_wconf 88' lang='lat' dir='ltr'><strong>quam</strong></span> <span class='ocrx_word' id='word_1_955' title='bbox 2971 5489 3259 5558; x_wconf 88' lang='lat' dir='ltr'><strong>accepistis,</strong></span> <span class='ocrx_word' id='word_1_956' title='bbox 3287 5500 3333 5543; x_wconf 91' lang='lat' dir='ltr'><strong>et</strong></span> <span class='ocrx_word' id='word_1_957' title='bbox 3354 5485 3476 5544; x_wconf 56' lang='lat' dir='ltr'><strong>red-4</strong></span> 
     </span>
    </p>
   </div>
   <div class='ocr_carea' id='block_1_126' title="bbox 1875 5558 3472 5629">
    <p class='ocr_par' dir='ltr' id='par_1_126' title="bbox 1875 5558 3472 5629">
     <span class='ocr_line' id='line_1_131' title="bbox 1875 5558 3472 5629; baseline 0.001 -13"><span class='ocrx_word' id='word_1_958' title='bbox 1875 5562 2106 5626; x_wconf 86' lang='lat' dir='ltr'><strong>ditlistis,</strong></span> <span class='ocrx_word' id='word_1_959' title='bbox 2138 5559 2445 5629; x_wconf 81' lang='lat' dir='ltr'><strong>intelligere</strong></span> <span class='ocrx_word' id='word_1_960' title='bbox 2490 5574 2598 5629; x_wconf 87' lang='lat' dir='ltr'><strong>non</strong></span> <span class='ocrx_word' id='word_1_961' title='bbox 2634 5558 2704 5613; x_wconf 86' lang='lat' dir='ltr'><strong>de</strong></span> <span class='ocrx_word' id='word_1_962' title='bbox 2750 5559 3071 5629; x_wconf 80' lang='lat' dir='ltr'><strong>recitatione</strong></span> <span class='ocrx_word' id='word_1_963' title='bbox 3118 5575 3239 5629; x_wconf 77' lang='lat' dir='ltr'><strong>qua:</strong></span> <span class='ocrx_word' id='word_1_964' title='bbox 3287 5574 3472 5618; x_wconf 89' lang='lat' dir='ltr'><strong>coram</strong></span> 
     </span>
    </p>
   </div>
   <div class='ocr_carea' id='block_1_127' title="bbox 1874 5627 3474 5705">
    <p class='ocr_par' dir='ltr' id='par_1_127' title="bbox 1874 5627 3474 5705">
     <span class='ocr_line' id='line_1_132' title="bbox 1874 5627 3474 5705; baseline 0.001 -17"><span class='ocrx_word' id='word_1_965' title='bbox 1874 5634 2197 5705; x_wconf 77' lang='lat' dir='ltr'><strong>presbytero</strong></span> <span class='ocrx_word' id='word_1_966' title='bbox 2218 5627 2341 5686; x_wconf 84' lang='lat' dir='ltr'><strong>ﬁeri</strong></span> <span class='ocrx_word' id='word_1_967' title='bbox 2363 5628 2575 5705; x_wconf 76' lang='lat' dir='ltr'><strong>solebat</strong></span> <span class='ocrx_word' id='word_1_968' title='bbox 2601 5645 2630 5682; x_wconf 92' lang='lat' dir='ltr'><strong>a</strong></span> <span class='ocrx_word' id='word_1_969' title='bbox 2662 5627 2971 5705; x_wconf 75' lang='lat' dir='ltr'><strong>neophytis,</strong></span> <span class='ocrx_word' id='word_1_970' title='bbox 3003 5629 3099 5705; x_wconf 80' lang='lat' dir='ltr'><strong>sed</strong></span> <span class='ocrx_word' id='word_1_971' title='bbox 3131 5627 3199 5687; x_wconf 84' lang='lat' dir='ltr'><strong>de</strong></span> <span class='ocrx_word' id='word_1_972' title='bbox 3236 5630 3327 5688; x_wconf 88' lang='lat' dir='ltr'><strong>illa</strong></span> <span class='ocrx_word' id='word_1_973' title='bbox 3367 5647 3474 5704; x_wconf 89' lang='lat' dir='ltr'><strong>qua</strong></span> 
     </span>
    </p>
   </div>
   <div class='ocr_carea' id='block_1_128' title="bbox 1875 5698 3474 5776">
    <p class='ocr_par' dir='ltr' id='par_1_128' title="bbox 1875 5698 3474 5776">
     <span class='ocr_line' id='line_1_133' title="bbox 1875 5698 3474 5776; baseline 0.001 -17"><span class='ocrx_word' id='word_1_974' title='bbox 1875 5698 1998 5760; x_wconf 75' lang='lat' dir='ltr'><strong>cum</strong></span> <span class='ocrx_word' id='word_1_975' title='bbox 2038 5698 2296 5773; x_wconf 79' lang='lat' dir='ltr'><strong>episcOpo</strong></span> <span class='ocrx_word' id='word_1_976' title='bbox 2333 5699 2646 5757; x_wconf 84' lang='lat' dir='ltr'><strong>celebrante</strong></span> <span class='ocrx_word' id='word_1_977' title='bbox 2687 5714 2750 5755; x_wconf 93' lang='lat' dir='ltr'><strong>ac</strong></span> <span class='ocrx_word' id='word_1_978' title='bbox 2777 5698 2947 5776; x_wconf 77' lang='lat' dir='ltr'><strong>simul</strong></span> <span class='ocrx_word' id='word_1_979' title='bbox 2970 5700 3227 5759; x_wconf 88' lang='lat' dir='ltr'><strong>universo</strong></span> <span class='ocrx_word' id='word_1_980' title='bbox 3269 5698 3474 5776; x_wconf 80' lang='lat' dir='ltr'><strong>populo</strong></span> 
     </span>
    </p>
   </div>
   <div class='ocr_carea' id='block_1_129' title="bbox 1876 5770 3477 5904">
    <p class='ocr_par' dir='ltr' id='par_1_129' title="bbox 1876 5770 3477 5904">
     <span class='ocr_line' id='line_1_134' title="bbox 1876 5770 3477 5904; baseline -0.002 -75"><span class='ocrx_word' id='word_1_981' title='bbox 1876 5780 2050 5904; x_wconf 49' lang='lat' dir='ltr'><strong>Eat-ris</strong></span> <span class='ocrx_word' id='word_1_982' title='bbox 2074 5770 2361 5846; x_wconf 71' lang='lat' dir='ltr'><strong>prasente</strong></span> <span class='ocrx_word' id='word_1_983' title='bbox 2406 5778 2763 5835; x_wconf 84' lang='lat' dir='ltr'><strong>memoratam</strong></span> <span class='ocrx_word' id='word_1_984' title='bbox 2810 5770 3113 5831; x_wconf 86' lang='lat' dir='ltr'><strong>orationem</strong></span> <span class='ocrx_word' id='word_1_985' title='bbox 3158 5770 3477 5850; x_wconf 74' lang='lat' dir='ltr'><strong>pronuntia.</strong></span> 
     </span>
     <span class='ocr_line' id='line_1_135' title="bbox 1920 5859 2951 5904; baseline 0.003 -3"><span class='ocrx_word' id='word_1_986' title='bbox 1920 5859 2031 5902; x_wconf 67' lang='lat' dir='ltr'><strong>lilii.</strong></span> <span class='ocrx_word' id='word_1_987' title='bbox 2947 5900 2951 5904; x_wconf 91' lang='lat'><strong>.</strong></span> 
     </span>
    </p>
   </div>
   <div class='ocr_carea' id='block_1_130' title="bbox 1920 5859 2031 5902">
    <p class='ocr_par' dir='ltr' id='par_1_130' title="bbox 1920 5859 2031 5902">
     <span class='ocr_line' id='line_1_136' title="bbox 1920 5859 2031 5902; baseline -0.009 0"><span class='ocrx_word' id='word_1_988' title='bbox 1920 5859 2031 5902; x_wconf 79' lang='lat' dir='ltr'><strong>&#39;Jlll.</strong></span> 
     </span>
    </p>
   </div>
  </div>
