4042 6294
221 324 327 397 t3:

1422 344 1508 399 DE
1545 324 2031 399 SACItAMEN‘l‘IS
2072 320 2201 396 Lio.
2246 334 2336 394 vt.

3424 336 3534 396 438

291 454 383 510 26.
424 452 624 510 Panem
664 464 895 513 nostrum
942 458 1305 528 quotidianum
1347 458 1417 513 da
1462 459 1604 515 nobis
1647 441 1821 514 hodie.
1855 462 1901 523 Α
1931 456 2132 523 eil‘txit,
2160 465 2215 511 et
2240 471 2339 511 suo
2365 469 2562 511 cruore
2589 452 2788 509 delevit
2817 448 3039 527 (Coloss.
3070 470 3132 521 tt,
3160 454 3247 523 Μ)
3277 476 3289 508 :
3314 456 3540 512 abstulit

221 544 479 615 Quotidie
510 546 557 603 sl
588 549 789 619 accipis
813 592 825 614 ,
856 540 1101 621 qttOtidie
1140 550 1232 607 tibi
1278 548 1442 607 hodie
1483 558 1585 607 eSt.
1629 552 1685 609 Si
1729 550 1824 607 tibi

223 638 395 694 hodie
417 647 501 695 est
521 638 795 708 Christus,
825 640 921 697 tibi
950 640 1196 710 qdotidie
1225 642 1477 716 resorgit.
1508 632 1827 711 Quomodo?

225 731 400 788 Filius
428 734 574 789 mm
614 746 666 789 es
703 742 758 790 tu
786 779 800 803 ,
839 746 931 807 ego
961 728 1121 792 hodie
1146 736 1301 809 genui
1342 744 1389 792 te
1437 736 1610 810 (Psal.
1642 744 1700 803 tl,
1746 738 1826 810 7).

226 823 400 883 Hodie
432 836 565 899 ergo
605 838 687 883 est
714 869 729 892 ,
777 816 999 900 quando
1035 818 1285 885 Chrislus
1327 830 1584 902 resurgit.
1624 814 1751 885 fieri
1781 844 1831 887 et

227 920 382 997 hodie
412 920 523 992 ipse
554 930 631 975 est
653 964 668 988 ,
713 922 996 993 apostolus
1027 920 1227 978 Paulus
1258 923 1331 978 ait
1365 920 1552 997 (Hebr.
1598 918 1712 978 itm'.
1745 916 1827 985 8).

228 994 339 1071 Sed
374 1023 429 1070 et
460 1012 595 1069 alibi
625 1014 701 1070 ait
732 1033 744 1069 :
792 1013 916 1070 Nox
954 1016 1216 1089 prrocessit
1238 1059 1251 1082 ,
1286 994 1396 1072 dies
1424 1016 1595 1072 autent
1636 1032 1828 1089 appro-

228 1106 495 1178 pinquavit
525 1104 703 1179 (Rom.
734 1121 860 1173 ιιιιι,
892 1106 985 1178 12)
1016 1126 1031 1163 :
1071 1124 1178 1163 nox
1207 1100 1463 1164 hesterna
1505 1098 1789 1178 praecessit
1814 1148 1828 1173 ,

229 1199 347 1256 dies
379 1198 682 1255 hodiernus
705 1200 1182 1273 appropinquavit.

296 1290 391 1346 ‘27.
421 1290 685 1362 Sequitur
715 1309 730 1347 :
760 1290 976 1349 Dimitte
1000 1296 1145 1349 nobis
1174 1294 1344 1349 debila
1374 1302 1549 1348 nostra
1574 1335 1587 1359 ,
1622 1286 1753 1347 sicut
1786 1303 1834 1348 et

228 1400 324 1439 nos
352 1383 662 1439 ditttittitnus
692 1384 1005 1441 debitoribus
1036 1387 1246 1442 nostris.
1283 1382 1529 1441 Debllum
1554 1386 1685 1456 qttid
1714 1396 1827 1453 est,

228 1476 337 1532 nisi
369 1477 696 1548 peceatum?
723 1484 751 1516 ⁸
782 1476 931 1549 Ergo
956 1479 1001 1534 si
1030 1494 1138 1535 non
1168 1479 1453 1549 acciperes
1480 1474 1647 1534 alieni
1680 1462 1835 1534 l'enn-

227 1574 305 1627 ris
338 1573 671 1643 pecuniam,
720 1582 827 1629 non
860 1584 1091 1645 egeres;
1139 1583 1194 1630 et
1240 1573 1362 1629 ideo
1407 1572 1686 1645 peccatum
1738 1572 1831 1629 tibi

229 1666 556 1737 imputatur.
584 1666 834 1723 llabuisti
863 1668 1178 1739 pecuniam,
1202 1682 1324 1722 cum
1345 1682 1446 1736 qua
1468 1666 1625 1721 dives
1646 1681 1835 1721 nasce-

228 1760 391 1816 reris.
439 1759 602 1815 Dives
643 1768 809 1828 eras,
871 1758 941 1816 ad
984 1759 1279 1830 imaginem
1324 1768 1381 1816 et
1419 1756 1833 1815 similitudinem

232 1853 329 1908 D‘ei
372 1852 544 1909 factus
586 1850 739 1925 (Gen.
792 1868 829 1919 r,
872 1851 965 1926 26)
993 1871 1007 1907 :
1038 1852 1325 1926 perdidisti
1358 1852 1502 1925 quod
1552 1853 1787 1909 habebas
1818 1896 1832 1917 ,
1872 1895 1885 1905 .

1867 1987 1917 2048 B

230 1944 339 2000 hoc
368 1952 487 2009 est,
524 1944 886 2000 humilitatem
914 1988 928 2011 ,
976 1938 1105 2000 dum
1152 1946 1519 2017 arrogantiam
1552 1940 1837 2000 desideras

230 2038 521 2095 vindicare
543 2056 563 2094 :
596 2037 879 2110 perdidisﬁ
913 2040 1199 2109 pecuoiam
1232 2082 1245 2105 ,
1286 2038 1427 2094 sicut
1458 2038 1623 2093 Adam
1658 2036 1836 2093 nudus

228 2143 317 2192 est
345 2136 516 2191 [tctus
548 2124 702 2207 (Gen.
738 2136 818 2199 tu,
848 2132 902 2205 7)
929 2153 941 2187 :
975 2134 1236 2202 accepisti
1266 2148 1295 2188 a
1320 2131 1539 2188 diabolo
1569 2128 1832 2197 débitu’m,

230 2226 385 2300 quod
424 2244 530 2284 non
576 2238 705 2285 erat
730 2227 1120 2285 necessarium.
1155 2226 1222 2282 Et
1252 2224 1376 2281 ideo
1404 2227 1494 2297 qui
1544 2239 1666 2280 eras
1699 2224 1838 2280 liber

232 2322 290 2378 in
328 2321 549 2378 Christo
569 2364 584 2388 ,
626 2321 850 2378 debitor
889 2321 1063 2376 lactus
1087 2335 1148 2376 es
1171 2318 1398 2375 diaboli.
1424 2312 1591 2391 380
1616 2315 1838 2373 Cautio-

233 2430 361 2471 nem
392 2427 536 2470 tuam
574 2410 791 2469 tenebat
824 2413 1075 2468 inimicos
1097 2454 1111 2478 ,
1144 2411 1239 2468 sed
1274 2427 1392 2467 eam
1419 2410 1681 2465 Dominus
1708 2425 1836 2466 cru-

309 2539 334 2567 ³
371 2529 471 2584 Ms.
505 2528 735 2601 aliquot,
771 2526 913 2601 Ergo
960 2528 1011 2582 si
1039 2543 1138 2582 non
1165 2527 1457 2598 acceperis,
1488 2532 1590 2579 non
1635 2526 1839 2596 egebis‘;

231 2602 327 2659 alii
361 2602 587 2671 partim,
617 2600 754 2671 Ergo
781 2602 835 2654 si
870 2613 971 2654 non
1009 2601 1314 2670 accepisses,
1339 2610 1449 2652 non
1480 2606 1836 2671 egeres;'par-

234 2676 336 2730 tim
364 2670 435 2726 ’ut
488 2673 540 2727 in
591 2670 872 2729 contextu.
926 2672 1010 2727 Ab
1063 2672 1153 2725 his
1192 2685 1328 2728 vero
1370 2684 1476 2724 non
1530 2670 1846 2737 discrepant

232 2746 375 2803 edit.
405 2744 505 2798 nisi
537 2743 678 2813 quod
712 2759 810 2814 pro
840 2744 887 2797 si
916 2744 1115 2798 habent
1141 2745 1233 2796 etsi
1267 2758 1285 2796 :
1317 2743 1499 2796 minus
1525 2744 1838 2814 commode.

231 2819 308 2874 At
333 2818 594 2871 continuo
620 2813 740 2885 post
777 2815 865 2871 ubi
893 2824 999 2871 vel.
1037 2815 1171 2870 edit.
1206 2829 1268 2869 ac
1299 2814 1483 2885 plures
1509 2820 1665 2878 mss.,
1697 2813 1841 2868 dives

234 2889 467 2945 nasceris
492 2932 504 2947 ,
547 2896 604 2941 et
624 2884 722 2941 alii
766 2886 1009 2941 nonnulli
1037 2927 1053 2950 ,
1094 2886 1235 2939 dwes
1276 2884 1612 2951 nascebaris;
1656 2887 1840 2954 aptius

232 2958 399 3016 Rom.
421 2958 552 3013 edit.
586 2959 714 3013 licet
739 2973 861 3029 cum
888 2957 1081 3030 paucis
1121 2972 1280 3023 mss.,
1310 2956 1451 3011 dives
1482 2957 1786 3030 irascereris.

308 3030 567 3086 bﬁmnes
611 3030 770 3092 e'dit.,
810 3029 934 3083 bene
973 3030 1254 3096 convenit;
1301 3038 1495 3083 omnes
1525 3043 1683 3093 tnSs.,
1716 3029 1843 3081 bene

235 3104 524 3167 convenis;
551 3103 761 3171 optimo
801 3116 998 3168 sensu,
1034 3105 1183 3156 sicnt-
1219 3100 1517 3155 ostendunt
1555 3101 1840 3169 sequentia

234 3176 356 3241 illa,
397 3174 653 3246 quotnodo
684 3190 797 3229 eum
835 3174 1094 3239 convenis;
1141 3172 1324 3237 idest,
1365 3171 1667 3241 compellus
1703 3171 1843 3225 ³110⁸-

236 3247 457 3317 queris,
491 3257 597 3299 etc.

319 3330 343 3357 ε
380 3319 503 3372 Haec
533 3316 705 3389 verba
728 3330 882 3385 quam
921 3314 1059 3389 ferre
1099 3332 1202 3370 non
1236 3312 1511 3389 possumus
1540 3314 1846 3385 espositio-

236 3404 372 3446 nem
401 3388 741 3458 superiorum
770 3398 897 3444 esse
920 3399 1113 3444 auctor
1145 3391 1276 3443 satis
1308 3388 1551 3453 iudicat',
1580 3394 1711 3441 cum‘
1738 3400 1843 3439 non

236 3471 457 3518 tantum
500 3460 589 3516 hic
626 3471 681 3516 et
716 3461 873 3516 initio
898 3461 1131 3530 capitis,
1165 3474 1354 3516 verum
1384 3459 1561 3513 etiam’
1594 3459 1688 3513 lib‘.
1723 3472 1842 3527 seq.

235 3549 364 3604 cap.
399 3533 455 3599 5,
485 3543 607 3603 post
637 3532 755 3588 illas
783 3546 946 3588 voces
974 3532 1156 3587 induci
1186 3532 1242 3585 in
1269 3530 1627 3595 tentationem,
1659 3530 1843 3585 statim

1934 550 2178 605 debitum
2213 560 2382 614 tuum,
2412 547 2651 604 reddidit
2679 547 3005 602 libertatem.

2002 642 2094 698 28.
2128 643 2275 698 Bene
2301 656 2433 713 ergo
2455 640 2533 696 ait
2560 659 2571 694 :
2609 639 2677 695 Et
2707 641 2912 715 dimitte
2939 639 3089 696 nobis
3127 641 3299 695 debita
3329 652 3529 709 nostra,

1933 736 2064 790 sicut
2100 744 2151 790 et
2180 752 2273 791 nos
2311 726 2619 790 dimittimus
2646 733 2961 789 dtbitoribus
2993 735 3205 789 nostris.
3239 733 3375 789 Vide
3405 734 3533 800 quid

1934 827 2119 884 dicas:
2139 824 2794 898 Quomodocgodimitto,
2812 825 2887 881 sic
2901 835 2956 879 et
2977 836 3027 880 tu
3050 825 3265 881 dimitte
3284 826 3451 881 mihi?
3473 825 3534 882 Si

1933 919 2231 986 dimiseris,
2250 919 2279 959 δ
2310 914 2447 977 bene
2468 920 2753 981 convenis,
2776 929 2834 974 ut
2861 919 3170 974 dimittatur
3195 919 3318 974 tibi.
3349 919 3405 976 Si
3427 935 3536 976 non

1935 1015 2189 1080 dimittis,
2217 1014 2494 1086 quomodo
2525 1030 2649 1070 eum
2679 1013 2982 1079 convenis,
3009 1023 3066 1067 ut
3097 1013 3538 1069 dimittaturtibi.

2008 1107 2101 1162 29.
2138 1106 2201 1161 Et
2248 1124 2311 1162 ne
2349 1107 2565 1178 patiaris
2593 1105 2774 1161 induci
2819 1122 2913 1160 nos
2953 1106 3005 1160 in
3040 1105 3405 1170 tentatiouem,
3450 1105 3543 1160 sed

1937 1199 2101 1255 libera
2137 1217 2233 1256 nos
2274 1219 2305 1254 a
2351 1201 2510 1255 malo.
2542 1199 2680 1256 Vide
2721 1198 2851 1271 quid
2899 1199 3045 1254 dicat
3079 1218 3092 1253 :
3124 1198 3191 1253 Et
3227 1194 3289 1254 ne
3320 1196 3541 1273 patiaris

1938 1295 2116 1349 induci
2144 1312 2247 1365 nos
2294 1294 2707 1377 intentationem
2728 1336 2745 1361 ,
2777 1303 2800 1333 ο
2831 1309 2994 1363 quam
3027 1292 3172 1350 ferre
3210 1309 3316 1349 non
3353 1308 3543 1363 possu-

1939 1402 2078 1442 mus.
2106 1385 2223 1441 Non
2269 1386 2438 1442 dicit:
2466 1385 2584 1441 Non
2639 1384 2865 1441 inducas
2903 1385 2955 1440 in
3006 1385 3367 1441 lentationem
3389 1426 3404 1450 ,
3436 1384 3532 1442 sed

1939 1481 2096 1552 quasi
2130 1472 2333 1535 albleta
2378 1480 2543 1535 talem
2590 1479 2707 1534 vult
2746 1477 3135 1546 tentationem,
3186 1493 3346 1549 quam
3399 1477 3543 1533 l’erre

1937 1574 2117 1646 possit
2161 1573 2393 1629 humana
2447 1572 2721 1641 conditio;
2766 1582 2823 1629 et
2867 1573 3247 1643 unusquisque
3294 1587 3323 1626 a
3363 1571 3505 1627 malo
3532 1615 3546 1639 ,

1939 1663 1966 1703 ά
2000 1665 2101 1720 hoc
2134 1675 2249 1734 est,
2284 1665 2351 1721 ab
2378 1664 2621 1729 inimico,
2647 1680 2675 1719 a
2705 1673 2933 1736 peccato
2962 1665 3252 1747 liberetur.

2011 1759 2100 1824 50.
2137 1756 2341 1815 Potens
2383 1769 2468 1815 est
2509 1769 2689 1813 autem
2726 1759 2988 1815 Dominus
3030 1760 3120 1830 qui
3159 1760 3388 1817 abstulit
3421 1776 3544 1830 pec-

1941 1846 2120 1907 catum
2152 1860 2391 1907 vestrum
2419 1894 2434 1919 ,
2469 1839 2523 1907 ei
2567 1852 2764 1907 delicta
2809 1861 2989 1908 vestra
3029 1852 3287 1921 donavit,
3323 1855 3460 1909 tueri
3494 1863 3550 1911 et

1942 1946 2224 2003 custodire
2252 1960 2354 2001 vos
2375 1947 2663 2001 adversum
2686 1945 2891 2002 diaboli
2923 1946 3267 2003 adversantis
3291 1947 3548 2012 insidias;

1947 2049 2003 2095 ut
2036 2056 2142 2094 non
2166 2040 2319 2095 vobis
2347 2039 2575 2109 obrepat
2605 2030 2882 2105 inimicus,
2915 2039 3007 2111 qui
3033 2039 3250 2112 culpam
3280 2057 3551 2112 generare

1945 2134 2252 2189 consuevit.
2287 2131 2403 2189 Sed
2423 2134 2510 2201 qui
2543 2130 2661 2188 Deo
2688 2144 2750 2189 se
2780 2133 3094 2199 committit,
3128 2134 3407 2191 diabolum
3441 2142 3549 2191 n‘bn

1944 2228 2138 2291 timet;
2169 2225 2229 2282 Si
2256 2226 2403 2281 enim
2429 2223 2571 2279 Deus
2596 2236 2691 2297 pro
2721 2227 2886 2294 κοινὴ,
2919 2227 3013 2297 qui
3037 2234 3221 2281 contra
3241 2238 3334 2283 nos
3366 2226 3545 2301 (Rom.

1945 2336 2063 2385 vut,
2091 2318 2184 2391 51)
2208 2319 2231 2372 ?
2259 2318 2365 2389 ipsi
2388 2331 2522 2389 ergo
2539 2312 2663 2374 laus
2690 2326 2753 2374 et
2770 2320 2951 2390 gloria
2976 2333 3008 2374 a
3029 2320 3277 2389 sarculis,
3305 2322 3361 2377 et
3387 2337 3553 2387 nunc,

1947 2420 2005 2467 et
2028 2412 2271 2484 semper,
2295 2421 2357 2469 et
2381 2411 2435 2467 in
2460 2412 2643 2468 omnia
2672 2413 2875 2468 sucula
2894 2412 3219 2470 seculorum
3238 2458 3251 2479 ,
3278 2414 3475 2471 Amen.

1949 2503 2232 2601 s‘ubju'ngit
2259 2530 2506 2585 ultimam
2540 2529 2881 2598 petitionem,
2908 2526 3000 2586 sed
3026 2532 3186 2587 libera
3216 2550 3308 2587 nos
3337 2549 3367 2585 a
3391 2534 3548 2601 ntala.

1945 2600 2149 2656 Contra
2188 2612 2342 2657 vero.
2377 2603 2434 2660 S.
2472 2604 2710 2659 lftlarius
2740 2605 2793 2659 iu
2829 2604 3027 2659 l’salm.
3064 2610 3269 2668 cst‘ttt,
3312 2608 3455 2659 vers’.
3493 2600 3551 2672 8,

1946 2674 2164 2747 videtur
2180 2675 2369 2747 eadem
2384 2675 2450 2729 ad
2472 2684 2676 2731 tetanum
2697 2677 2902 2730 referre
2919 2676 3156 2732 voluisse
3175 2677 3245 2730 ita
3263 2677 3551 2747 inquiens:

1950 2744 2104 2813 Quod
2131 2756 2177 2800 et
2201 2748 2260 2816 in.
2296 2744 2590 2802 Dominica:
2622 2749 2874 2803 orationis
2902 2748 3084 2816 ordine
3106 2744 3400 2816 contineor,
3433 2765 3555 2815 cum

1947 2802 2138 2877 dicitur
2167 2833 2185 2871 :
2220 2802 2342 2872 Non
2384 2818 2717 2889 derelinquas
2749 2836 2843 2873 nos
2888 2812 2943 2873 in
2984 2802 3314 2874 tentationem
3341 2862 3355 2883 ,
3386 2802 3552 2889 ἠέιὶιῂὶ

1948 2891 2085 2962 ferre
2133 2898 2241 2943 non’
2287 2902 2581 2961 possumus.
2634 2890 2703 2945 At
2753 2904 2929 2962 neque
2977 2893 3120 2959 apud
3174 2890 3551 2959 Mangelistas

1956 2960 2269 3031 Matthaennt
2290 2960 2363 3017 et
2395 2963 2593 3018 Lucam
2620 3002 2633 3028 ,
2670 2960 2855 3033 neque
2880 2962 2941 3017 in
2981 2963 3111 3017 ullis
3136 2962 3259 3018 aliis
3300 2962 3554 3019 Patr'rbus

1954 3043 2255 3106 memorata
2288 3034 2451 3106 verba
2481 3035 2846 3106 reperiuntur.

2026 3102 2053 3142 ἀ
2090 3103 2234 3157 Edit.
2267 3105 2472 3174 ultima:
2504 3102 2703 3174 Paris,
2754 3123 2785 3158 a
2835 3106 3001 3159 vitio:
3048 3105 3245 3160 melius
3283 3105 3408 3162 alite
3434 3148 3449 3173 ,
3484 3122 3549 3164 ac

1952 3182 2086 3230 mss.
2118 3188 2337 3242 omnes,
2361 3172 2426 3229 ab
2447 3172 2871 3245 inimico.ertod
2901 3177 3045 3230 enim
3078 3176 3279 3232 Graece
3300 3177 3551 3245 babetui',

2082 3255 2173 3325 τζᾳῦ
2198 3256 2447 3325 πονηρῷ,
2480 3251 2644 3325 vulgo
2671 3250 2922 3325 redditur
2948 3249 3157 3325 tantine,
3191 3267 3232 3325 a_
3251 3251 3410 3325 ntulo',
3438 3252 3552 3325 sive

1952 3338 1985 3374 a
2012 3321 2262 3389 maligno,
2287 3320 2481 3390 quibus
2502 3322 2727 3375 vocibus
2745 3322 3091 3376 cacoda-tnon
3119 3320 3393 3390 designari
3416 3324 3559 3377 Solet

1952 3408 1989 3463 a_
2014 3390 2115 3447 SS.
2149 3390 2255 3446 PP.
2303 3391 3021 3467 eum_t_amen_etiantsumi
3067 3392 3238 3467 possit
3272 3394 3333 3467 in,
3354 3406 3555 3467 neutro

1872 3508 1918 3572 Ο
1952 3460 2157 3533 genere
2187 3472 2287 3534 pro
2319 3461 2561 3533 qualibet
2587 3456 2894 3520 calamitate
2924 3456 3085 3535 a'tqu‘é
3116 3462 3482 3522 incommodo.

234 3632 2815 3659 mm

1434 3696 1779 3797 LIBER-
1852 3708 2168 3796 SEXT
2185 3708 2351 3794 US.

664 3882 831 3956 379
879 3862 1109 3938 carui
1145 3858 1435 3937 punivit.

238 3977 382 4032 Cum
423 3968 618 4032 Cllri‘s‘ti
648 3978 769 4032 dera
797 3993 920 4032 caro
950 3986 998 4031 et
1030 3992 1181 4030 verus
1208 3975 1420 4048 sanguis
1449 3977 1501 4030 in
1530 3987 1857 4033 sacramento
1900 3958 1911 3967 ’

318 4071 428 4126 sint
478 4071 640 4125 divini
689 4070 883 4125 scilicet
928 4067 1088 4123 Verbi
1126 4066 1498 4141 omnipotentia
1534 4071 1852 4137 consecrati,

319 4174 377 4219 et
414 4163 588 4218 aliena
618 4163 788 4235 specie
811 4203 826 4230 ,
870 4176 934 4216 ne
970 4159 1306 4229 offensionem
1338 4162 1567 4233 pariant,
1595 4163 1749 4230 tecti;
1792 4178 1856 4216 ea:

322 4263 428 4315 hoc
453 4258 681 4331 intelligi
709 4274 802 4313 nos
835 4256 1023 4312 divina:
1051 4255 1353 4312 substantia:
1389 4256 1442 4310 in
1479 4256 1574 4311 illo
1608 4257 1854 4311 alimento

325 4368 439 4408 esse
465 4352 766 4425 participes.

329 4448 386 4500 1.
418 4424 581 4501 Sicut
603 4456 764 4498 verus
801 4450 895 4499 est'
918 4441 1008 4499 Dei
1039 4438 1211 4497 Filius
1240 4424 1505 4497 Dominus
1545 4451 1734 4498 noster
1764 4424 1854 4498 Je-

250 4557 353 4599 sus
393 4538 685 4603 Christus,
743 4552 847 4593 non
894 4537 1351 4609 quemadmodum
1406 4545 1433 4574 α
1482 4536 1731 4591 homines
1765 4551 1861 4605 per

251 4634 528 4709 gratiam,
560 4631 655 4688 sed
694 4632 848 4702 quasi
890 4629 1065 4685 Filius
1091 4624 1161 4686 ex
1197 4630 1507 4687 substantia
1539 4629 1753 4694 Patris;
1788 4629 1862 4684 ita

253 4744 394 4785 vera
426 4740 599 4792 caro,
643 4725 784 4779 sicut
832 4724 946 4793 ipse
991 4722 1177 4790 dixit,
1229 4724 1389 4794 quam
1421 4724 1759 4794 accipimus,
1809 4729 1867 4776 et

256 4837 428 4880 verus
456 4820 575 4892 ej'tis
602 4828 684 4875 est
716 4827 878 4891 potus
912 4815 1014 4891 (De
1043 4815 1281 4885 Causea,
1310 4818 1414 4872 dist
1452 4816 1508 4882 2,
1536 4832 1583 4871 c.
1616 4808 1765 4873 Sicut
1792 4826 1867 4871 cst

259 4915 468 4987 rerus)‘.

342 5035 587 5092 aLocum
617 5032 759 5088 hunc
773 5030 1331 5101 Lanh‘ancuslegitin
1364 5029 1459 5084 illa
1491 5028 1673 5093 verba,
1694 5026 1864 5101 cwteri

265 5109 513 5165 homines
538 5122 626 5179 per
656 5107 900 5179 gratiam,
934 5103 1036 5179 δαί
1052 5098 1199 5172 quasi
1227 5098 1368 5179 ﬁlius
1402 5117 1491 5170 per
1520 5109 1788 5164 naturam,
1815 5098 1870 5179 id

265 5192 367 5249 est,
387 5197 453 5235 ex
473 5170 759 5249 substantia
779 5170 977 5232 Patris.
997 5170 1397 5249 consequentia
1422 5187 1552 5249 vero
1576 5187 1701 5249 quat
1723 5170 1871 5240 apud

269 5243 502 5310 Amerb.
534 5246 688 5304 Eras.
719 5252 852 5325 etin
886 5262 1020 5325 mss.
1054 5243 1213 5325 longe
1244 5243 1491 5312 plurimis
1521 5243 1873 5325 irab‘entttrttt

268 5328 328 5384 in
360 5333 550 5387 textu,
585 5336 691 5375 non
734 5320 890 5376 aliter
919 5321 1083 5375 etiam
1133 5314 1385 5387 leguntur
1422 5315 1564 5387 apud
1593 5314 1719 5370 Gill.
1766 5314 1869 5369 nisi

269 5396 426 5470 quod
455 5404 583 5470 ante
602 5405 687 5470 est
710 5402 873 5470 potus
899 5433 913 5457 ,
940 5405 1131 5446 vocem
1157 5389 1369 5470 sanguis
1400 5388 1734 5470 [tramissam
1776 5401 1873 5439 vo-

270 5459 401 5526 luit.
438 5466 509 5523 At
550 5465 684 5521 edit.
710 5459 872 5519 Rom.
915 5478 1037 5517 cum
1078 5459 1269 5517 eodeni
1313 5459 1494 5516 Lanl'r.
1536 5460 1709 5514 tribus
1738 5472 1870 5513 mss.

268 5541 475 5598 Gallic.
500 5548 553 5593 et
581 5551 688 5591 uno
715 5536 832 5592 Vat.
854 5536 909 5591 in
935 5534 1201 5605 marg.sic
1219 5532 1575 5601 reposuit,ita
1593 5533 1875 5602 oeraejus;

268 5627 440 5674 mss.,
476 5608 669 5679 Christi
697 5608 829 5665 caro'
844 5617 982 5664 est...
1008 5617 1055 5661 et
1075 5621 1221 5679 verus
1242 5608 1355 5679 ejus
1376 5605 1588 5676 sanguis
1608 5612 1705 5679 est,
1724 5616 1877 5673 quem

272 5694 547 5756 potamus.
589 5674 744 5749 Quod
789 5681 1009 5757 quidem
1060 5676 1167 5733 nisi
1209 5674 1876 5757 eddicutn'oppositorum

277 5746 550 5813 numerus
596 5746 649 5807 et
693 5746 985 5822 antiquitas
1037 5766 1136 5806 nos
1180 5749 1472 5822 retineret,
1508 5746 1878 5822 libentissime

275 5826 764 5898 amplecterentur.
777 5817 1028 5898 _A_'dverte
1050 5832 1231 5877 autem
1257 5835 1321 5875 ex
1347 5818 1449 5874 hac
1470 5817 1883 5898 comparatione

266 5886 436 5957 secis
463 5897 723 5965 consequi
768 5893 967 5950 Christi
1012 5907 1234 5965 carnem
1274 5900 1328 5948 et
1377 5886 1694 5960 sanguinem
1749 5886 1879 5941 sub-

2032 3875 2089 3932 2.
2118 3876 2228 3934 Sed
2259 3875 2402 3934 forte
2442 3877 2598 3934 dicas
2632 3876 2798 3950 (quod
2838 3879 3097 3936 dixerunt
3135 3890 3266 3937 tunc
3302 3881 3568 3952 temporis

1962 3969 2125 4053 etiam
2155 3969 2407 4040 discipuli
2434 3968 2639 4027 Christi
2666 3971 2953 4029 audientes
2979 3972 3253 4031 dicentem
3285 3973 3466 4045 (Joan.
3490 3989 3567 4041 vr,

1962 4061 2058 4136 54)
2086 4083 2098 4121 :
2130 4063 2246 4119 Nisi
2278 4066 2401 4136 quis
2430 4064 2850 4123 manducaverit
2878 4082 3113 4125 carnem-
3146 4083 3348 4134 meam,
3399 4079 3453 4124 et
3487 4068 3567 4125 bi-

1964 4156 2107 4213 berit
2135 4158 2457 4228 sanguinem
2493 4174 2675 4215 meum
2695 4200 2711 4226 ,
2742 4175 2848 4214 nun
2878 4161 3120 4218 manebit
3156 4163 3209 4218 in
3242 4178 3328 4219 me
3358 4204 3373 4229 ,
3401 4163 3576 4237 380

1964 4266 2065 4307 nec
2098 4250 2323 4308 habebit
2368 4254 2533 4309 vitam
2580 4251 2908 4326 aeternam);
2952 4256 3090 4313 forte
3128 4257 3317 4313 dicas:
3359 4257 3388 4331 Ρ
3422 4260 3568 4327 Quo-

1965 4344 2131 4401 modo
2164 4348 2340 4405 vera?
2387 4346 2489 4417 Qui
2536 4348 2950 4421 similitudinem
2996 4349 3198 4419 video,
3249 4368 3357 4409 non
3408 4355 3572 4412 video

1968 4440 2251 4512 sanguinis
2284 4442 2573 4499 veritatem
2607 4439 2710 4515 (De
2759 4441 2976 4500 Consec.
3020 4444 3147 4501 dist.
3182 4446 3216 4501 2
3241 4487 3257 4514 ,
3305 4463 3351 4501 c.
3408 4446 3569 4505 Forte

1971 4533 2164 4605 dicas).

2045 4630 2099 4684 5.
2132 4629 2316 4686 Primo
2343 4631 2589 4686 omnium
2622 4630 2734 4686 dixi
2768 4631 2864 4687 tibi
2902 4630 3062 4707 (Sup.
3105 4630 3196 4686 lib.
3228 4647 3302 4699 tv,
3350 4649 3467 4705 cap.
3514 4633 3573 4705 4)

1972 4722 2041 4777 de
2079 4737 2334 4779 sermone
2362 4721 2565 4780 Christi
2596 4725 2687 4794 qui
2721 4734 2980 4795 operatur
3004 4765 3019 4790 ,
3053 4731 3111 4779 ut
3151 4726 3323 4795 possit
3366 4738 3578 4783 mutare

1973 4828 2026 4873 et
2046 4826 2421 4893 crcunvertore
2441 4833 2643 4889 genera
2668 4817 2916 4875 instituta
2940 4829 3147 4875 natura:
3174 4818 3574 4893 (Joau.v1,67).

1894 4899 1951 4961 D
1977 4892 2185 4968 Deinde
2208 4900 2298 4966 ubi
2332 4928 2439 4966 non
2468 4912 2711 4968 tulerunt
2738 4927 3049 4969 sermonem
3078 4912 3280 4968 Christi
3326 4912 3581 4982 discipuli

1970 5024 2298 5091 stantialiter
2326 5040 2451 5082 esse
2480 5026 2533 5082 in
2560 5035 2926 5083 sacramento.-

2043 5097 2071 5170 ιτ
2100 5098 2175 5153 Ita
2202 5108 2312 5154 vet.
2338 5096 2479 5170 edit.
2508 5115 2570 5154 ac
2596 5114 2788 5155 omnes
2816 5115 2948 5154 mss.
2979 5100 3227 5170 exceptis
3273 5098 3456 5168 paucis
3482 5098 3573 5152 ubi

1971 5168 2191 5226 additur
2216 5211 2230 5234 ,
2260 5186 2403 5225 caro.
2433 5169 2556 5225 Non
2592 5181 2699 5225 tam
2732 5170 3010 5226 concinne
3033 5213 3048 5234 ,
3090 5168 3215 5224 eum
3260 5170 3577 5224 dictio‘t'era

1970 5242 2133 5297 simul
2169 5243 2235 5295 ad
2262 5257 2485 5298 carnem
2512 5253 2678 5314 atque
2707 5242 3025 5311 sanguinem
3057 5242 3356 5314 referatur.
3382 5240 3576 5314 Et‘huc

1971 5314 2189 5384 quidem
2220 5315 2544 5383 explicatius
2576 5313 2738 5368 habet
2777 5315 2909 5368 edit.
2953 5315 3111 5367 item.
3157 5328 3280 5368 cum
3327 5313 3485 5367 Grat.
3518 5313 3573 5367 in

1974 5385 2118 5440 hunc
2152 5385 2417 5468 tngdum‘,
2471 5384 2749 5454 Quomodo
2778 5401 2901 5440 vera
2929 5396 3085 5449 caro,
3128 5387 3385 5453 quomodo
3425 5393 3575 5439 verus

1976 5458 2270 5585 “Zyiggs.
2314 5536 2370 5584 et.
2405 5528 2559 5595 Gill.,
2590 5537 2884 5583 conuertere
2911 5526 3149 5600 instituta
3175 5528 3574 5600 generatione-

1981 5608 2159 5657 turte:
2188 5601 2260 5657 ab
2302 5600 2389 5657 his
2429 5612 2612 5656 autem
2642 5616 2710 5656 eo
2737 5608 2949 5653 tantum
2984 5598 3201 5653 recedlt'
3230 5600 3361 5654 edit.
3412 5600 3573 5657 Rom.

1978 5673 2123 5742 quod
2140 5673 2318 5729 verbo
2345 5683 2638 5726 convertere
2660 5667 2892 5739 subjecit
2914 5669 3136 5742 infaliud
3159 5687 3176 5725 :
3205 5666 3579 5742 Attterbivero

1979 5740 2037 5799 et
2070 5745 2249 5803 cuncti
2266 5757 2409 5798 mss.
2438 5743 2722 5799 nobiscum
2749 5740 3106 5813 conveniunt,
3140 5741 3578 5813 ni‘si'quodfnoh:

1982 5815 2114 5869 nulli
2140 5856 2153 5877 ,
2193 5824 2247 5870 et
2287 5829 2410 5869 cum
2438 5814 2524 5871 his
2548 5813 2908 5877 banlraneus,
2941 5812 3162 5881 habent,
3195 5812 3385 5885 genera
3424 5826 3470 5870 et
3498 5818 3581 5872 in‘

1981 5886 2047 5939 sti
2054 5894 2181 5939 tuta.
