4042 6294
536 311 644 369 453

1868 299 2115 364 SANC'I‘I
2154 295 2476 360 AMBROSII
3710 289 3797 347 156

535 430 675 498 ejus,
700 426 985 484 audientes
1009 425 1156 499 quod
1177 437 1397 483 carnem
1421 436 1573 480 suam
1596 422 1753 479 daret
1775 421 2129 484 manducare,
2158 419 2213 481 Α
2240 436 2437 492 "mnus
2486 433 2726 492 (cuius?
2771 429 3064 487 οευεάοηρ,
3106 435 3280 485 autem
3325 428 3613 501 gruum...
3656 439 3761 483 ,ηε
3781 471 3795 494 ν

537 532 592 579 et
619 521 945 594 sanguinem
985 535 1142 576 suum
1183 518 1337 576 daret
1377 517 1671 574 bibendum
1699 558 1713 582 ,
1762 514 2134 581 recedebant;

538 614 688 670 solus
730 623 910 669 tamen
946 612 1141 669 Petrus
1165 611 1338 667 dixit:
1378 608 1548 665 Verba
1576 610 1693 663 vitw
1727 617 1932 662 interna:
1958 605 2133 669 trabes,

541 719 586 763 et
618 722 710 778 ego
748 724 781 761 a
821 715 869 761 te
899 705 1159 778 quomodo
1188 703 1424 759 recedam
1452 699 1641 776 (lbid.,
1688 699 1827 771 69)?
1857 698 1938 755 Ne
1977 697 2140 770 igitur

544 801 730 874 plures
781 801 886 857 hoc
930 799 1220 862 dicerent,
1270 799 1434 854 veluti
1477 797 1695 869 quidam
1744 805 1894 852 esset
1945 795 2142 851 horror

543 896 759 953 cruoris
787 937 803 963 ,
844 894 940 950 scd
973 902 1221 950 maneret
1257 893 1433 965 gratia
1456 890 1889 962 redemptionis;
1917 888 2042 945 ideo
2087 887 2140 944 in

543 988 960 1046 similitudinem
1008 986 1224 1058 quidem
1278 985 1482 1055 accipis
1546 992 1987 1049 sacramentum,
2043 980 2139 1037 sed

543 1098 674 1141 vere
702 1093 728 1121 ι
755 1091 966 1138 natura:
993 1079 1222 1153 gratiam
1252 1080 1620 1150 virtutemque
1648 1075 2031 1149 consequeris.

618 1177 778 1250 381
805 1176 858 1231 4.
886 1174 1000 1246 Ego
1029 1190 1148 1229 sum
1172 1215 1188 1239 ,
1218 1173 1414 1244 inquit,
1448 1172 1601 1242 panis
1627 1171 1768 1226 uiuus
1800 1170 1889 1241 qui
1920 1169 1984 1223 de
2015 1168 2142 1224 caelo

544 1267 785 1323 descendi
802 1265 996 1339 (lbid.,
1027 1261 1144 1337 41).
1178 1264 1283 1323 Sed
1313 1280 1445 1321 caro
1472 1280 1580 1320 non
1608 1261 1888 1320 descendit
1916 1277 1947 1316 e
1972 1261 2139 1327 C(Blt),

545 1363 649 1420 hoc
682 1371 805 1428 est,
848 1376 1071 1418 carnem
1109 1362 1163 1417 in
1217 1360 1382 1417 terris
1427 1360 1729 1431 assumpsit
1774 1374 1841 1415 ex
1890 1356 2137 1428 Virgine.

544 1455 827 1526 Quomodo
855 1470 987 1529 ergo
1026 1454 1312 1513 descendit
1341 1455 1496 1526 panis
1527 1469 1559 1511 e
1586 1453 1761 1521 ctelo,
1793 1459 1850 1507 et
1876 1450 2033 1523 panis
2065 1450 2143 1505 vi-

542 1550 689 1606 vus?
733 1548 869 1619 Quia
921 1548 1066 1605 idem
1119 1548 1386 1604 Dominus
1438 1558 1631 1602 noster
1679 1544 1839 1601 Jesus
1887 1541 2142 1598 Christus

540 1659 771 1702 consors
808 1653 893 1700 est
933 1652 989 1700 et
1029 1642 1330 1699 divinitatis
1360 1650 1417 1698 et
1441 1638 1688 1712 corporis
1714 1655 1728 1694 :
1758 1647 1813 1693 et
1840 1647 1894 1692 tu
1921 1636 2012 1707 qui
2042 1649 2138 1690 ac-

539 1736 678 1810 cipis
707 1752 972 1804 carnem,
1016 1735 1217 1793 divina:
1247 1735 1365 1808 ejus
1403 1733 1725 1791 substantiae
1756 1732 1808 1787 in
1843 1730 1936 1787 illo
1974 1728 2141 1800 parti-

2242 528 2378 584 idem
2429 537 2605 583 autem
2665 525 2923 596 Spiritus.
3000 534 3022 563 ο
3087 521 3381 577 Divisiones
3434 521 3801 576 ministeriorum

2239 630 2382 687 sunt,
2419 617 2556 674 idem
2602 628 2771 673 autem
2813 615 3089 672 Dominus.
3138 614 3431 671 Diuisiones
3480 615 3804 684 operationunt

2242 722 2385 779 sunt,
2429 711 2566 765 idem
2595 720 2769 765 autem
2797 707 2961 777 Deus,
3008 707 3098 781 qui
3138 716 3386 779 operatur
3424 707 3596 762 omnia
3628 706 3679 761 in
3713 724 3803 761 Oll-

2244 803 2394 859 nibus
2435 803 2483 875 (l
2511 800 2634 859 Cor.
2676 818 2789 870 xu,
2818 801 2854 857 4
2891 811 2939 856 et
2966 801 3122 871 seq.).
3167 798 3360 856 Omnia
3390 840 3408 866 ,
3454 797 3665 871 inquit,
3699 813 3806 869 ope-

2244 909 2398 953 ratur
2428 897 2590 953 Deus.
2624 896 2732 953 Sed
2763 905 2818 952 et
2853 897 2920 951 de
2946 895 3149 965 Spiritu
3180 893 3273 951 Dei
3312 897 3512 950 tectum
3540 901 3657 948 est:
3685 891 3808 949 Unus

2243 998 2396 1054 atque
2415 987 2550 1042 idem
2576 987 2808 1060 Spiritus
2834 987 3066 1041 dividens
3091 986 3314 1060 singulis
3338 995 3495 1055 prout
3514 985 3621 1039 vult
3640 982 3806 1054 (Ibid.,

2242 1080 2359 1154 21).
2391 1079 2533 1135 Audi
2567 1079 2901 1151 Scripturam
2931 1078 3205 1134 dicentem
3229 1077 3354 1149 quia
3384 1076 3580 1134 dividit
3607 1076 3809 1148 Spiritus

2246 1192 2346 1249 pro
2372 1178 2657 1233 voluntate
2698 1192 2794 1231 sua
2821 1217 2836 1242 ,
2871 1191 2980 1232 non
3012 1190 3113 1246 pro
3137 1174 3431 1246 obsequio.
3462 1172 3607 1245 Ergo
3649 1172 3811 1228 dividit

2247 1271 2403 1327 vobis
2431 1269 2666 1338 Spiritus
2686 1269 2915 1340 gratiam
2945 1278 3106 1338 prout
3132 1268 3269 1336 vult,
3293 1283 3400 1324 non
3425 1275 3587 1339 prout
3603 1266 3809 1339 jubelur;

2245 1373 2301 1421 et
2329 1366 2563 1420 maxime
2588 1364 2714 1436 quia
2740 1362 2980 1434 Spiritus
3012 1362 3130 1429 Dei,
3160 1361 3398 1434 Spiritus
3418 1360 3620 1418 Christi
3643 1369 3735 1417 est.
3760 1360 3813 1415 Et

2246 1456 2380 1513 illud
2413 1465 2594 1513 tenete
2635 1456 2813 1527 ipsum
2858 1470 2981 1512 esse
3022 1455 3282 1526 Spiritum
3320 1462 3573 1510 sanctum
3600 1496 3617 1523 ,
3661 1454 3812 1524 ipsum

2246 1550 2507 1622 Spiritum
2542 1550 2657 1618 Dei,
2694 1550 2874 1621 ipsum
2902 1547 3169 1620 Spiritum
3209 1547 3443 1615 Christi,
3468 1548 3645 1618 ipsum
3670 1544 3817 1619 Spiri-

2247 1652 2359 1700 tum
2384 1643 2728 1714 paraclitum.

2315 1739 2480 1812 382
2510 1737 2596 1794 10.
2625 1738 2815 1794 Ariani
2855 1746 3051 1810 putant
3089 1752 3152 1794 se
3192 1735 3464 1808 derogare
3502 1745 3688 1792 sancto
3713 1733 3815 1805 Spi—

537 1830 737 1902 ciparis
761 1829 1023 1887 alimento
1056 1828 1158 1901 (De
1187 1827 1345 1885 Cons.
1381 1829 1506 1883 dist.
1534 1827 1587 1896 Ξ,
1621 1844 1669 1883 c.
1702 1826 1852 1883 Sicut
1872 1834 1949 1883 est
1967 1839 2137 1890 verus,
2174 1823 2222 1883 B
2247 1833 2407 1899 ritui,
2438 1834 2483 1889 si
2512 1832 2697 1890 dicant
2726 1833 2883 1889 illum
2916 1833 3183 1905 Spiritum
3214 1831 3562 1903 paraclitum.
3592 1831 3722 1901 Quid
3748 1840 3818 1887 est

541 1923 571 1997 5
606 1922 719 1997 Ego
739 1924 903 1995 sum).

1169 2014 1403 2074 CAPUT
1441 2014 1507 2072 Il.

541 2154 606 2214 In
635 2156 970 2214 sacramentis
999 2154 1236 2211 omnibus
1276 2152 1549 2209 Trinitatis
1585 2152 1966 2224 operationem,
2004 2148 2139 2204 divi-

611 2266 895 2322 narumque
919 2264 1256 2322 personarum
1281 2246 1630 2318 aequalitatem
1647 2244 1847 2300 adverti
1864 2258 2032 2316 posse,
2053 2241 2141 2296 ubi

613 2342 779 2399 obiter
804 2342 1168 2414 perstringitur
1194 2356 1341 2396 error
1359 2339 1693 2395 Arianorum.

613 2438 667 2493 5.
698 2436 839 2507 Ergo
871 2434 1132 2506 accepisti
1162 2434 1231 2491 de
1269 2434 1631 2491 sacramentis
1656 2475 1671 2500 ,
1701 2431 2018 2504 plenissime
2048 2445 2141 2488 co-

539 2529 772 2603 gnovisti
800 2529 981 2586 omnia
1008 2572 1025 2599 ,
1056 2530 1203 2600 quod
1229 2528 1533 2601 baptizatus
1560 2544 1620 2585 es
1660 2528 1714 2583 in
1758 2527 1977 2583 nomine
2017 2524 2138 2583 Tri-

544 2622 753 2679 nitatis.
800 2622 860 2678 In
918 2620 1176 2678 omnibus
1237 2637 1357 2693 qua:
1408 2620 1619 2693 egimus
1656 2662 1671 2688 ,
1726 2629 2001 2675 servatum
2056 2623 2142 2673 est

542 2715 859 2789 mysterium
909 2712 1217 2770 Trinitatis.
1287 2713 1501 2785 Ubique
1546 2713 1707 2768 Pater
1758 2721 1815 2767 et
1862 2709 2035 2766 Filius
2085 2717 2142 2765 et

535 2809 770 2882 Spiritus
809 2816 1032 2866 sanctus
1055 2850 1071 2879 ,
1118 2823 1222 2864 una
1252 2807 1503 2880 operatio
1528 2849 1544 2875 ,
1587 2822 1691 2863 una
1738 2805 2134 2869 sanctiﬁcatio;

541 2905 644 2963 etsi
671 2904 917 2976 quaedam
939 2903 1106 2961 veluti
1136 2903 1394 2976 specialia
1417 2918 1541 2960 esse
1567 2901 1871 2958 videantur.

613 3001 668 3058 6.
696 3001 725 3041 δ
753 2999 1085 3071 Quomodo?
1116 2999 1261 3056 Deus
1286 2998 1377 3071 qui
1419 3008 1472 3055 te
1509 2997 1698 3063 unxit,
1726 3005 1783 3052 et
1813 2992 2048 3068 signavit
2086 2999 2140 3048 te

543 3094 801 3152 Deminus
827 3134 842 3161 ,
874 3100 932 3150 et
957 3092 1135 3165 posuit
1176 3090 1439 3163 Spiritum
1483 3096 1730 3145 sanctum
1770 3087 1825 3142 in
1852 3086 2020 3143 corde
2047 3092 2139 3141 tuo

2247 1926 2577 1998 paraclitus,
2610 1926 2714 1982 nisi
2746 1926 3107 1983 consolator?
3134 1925 3301 1995 Quasi
3332 1940 3443 1981 non
3486 1936 3544 1981 et
3572 1924 3642 1981 de
3680 1923 3819 1979 Patre

2248 2022 2447 2079 lectum
2470 2022 2563 2089 sit,
2595 2022 2721 2092 quia
2751 2020 2870 2091 ipse
2894 2030 2977 2077 est
3010 2020 3156 2076 Deus
3184 2017 3592 2076 consolationis
3623 2016 3691 2090 (ll
3715 2016 3815 2072 Cor.

2245 2129 2282 2183 ι,
2315 2113 2396 2185 5).
2426 2112 2596 2169 Vides
2622 2128 2754 2185 ergo
2780 2115 2905 2185 quia
2933 2114 2985 2168 in
3003 2127 3071 2169 eo
3096 2111 3480 2183 deregaudum
3506 2118 3697 2182 putant
3718 2109 3820 2180 Spi-

2244 2205 2372 2261 ritui
2400 2214 2614 2274 sancto,
2642 2207 2695 2261 in
2723 2222 2833 2278 quo
2856 2206 3033 2262 Patris
3051 2205 3241 2262 aeterni
3264 2213 3508 2277 potestas
3536 2205 3627 2275 pio
3653 2202 3822 2276 praedi-

2243 2309 2399 2355 catur
2428 2299 2653 2356 all‘ectu.

2859 2393 3092 2452 CAPUT
3133 2394 3225 2451 Ill.

2247 2505 2450 2562 Grandi
2497 2508 2753 2564 rationem
2802 2510 3091 2566 traditurus
3122 2552 3138 2579 ,
3187 2509 3382 2566 Christi
3420 2521 3583 2582 atque
3618 2509 3827 2583 Apodoti

2316 2601 2469 2656 verba
2508 2603 2643 2658 inter
2681 2620 2737 2659 se
2764 2604 3035 2672 conciliat,
3068 2605 3367 2661 cubiculum
3395 2622 3499 2678 quo
3528 2607 3599 2662 de
3626 2606 3827 2676 loquitur

2315 2694 2578 2764 Christus,
2600 2695 2668 2751 de
2693 2705 2887 2753 secreto
2906 2699 3079 2755 cordis
3098 2715 3161 2754 ac
3180 2698 3386 2755 silentio
3403 2699 3829 2772 interpretandum

2314 2805 2426 2845 esse
2458 2789 2757 2847 declarans.

2318 2905 2404 2961 11.
2445 2905 2599 2963 Nunc
2627 2907 2899 2978 quomodo
2928 2923 3087 2966 orare
3111 2909 3407 2967 debeamus
3433 2912 3693 2983 accipite.
3722 2909 3831 2967 hiul-

2245 3009 2314 3055 tte
2342 2999 2569 3056 virtutes
2601 3000 2865 3058 orationis
2899 3011 3045 3057 sunt.
3088 3002 3195 3059 Ubi
3226 3019 3389 3061 orare
3413 3004 3716 3061 debeamus
3739 3019 3829 3060 non

2243 3103 2329 3151 est
2355 3094 2655 3163 mediocre,
2686 3111 2789 3153 nec
2814 3096 3106 3155 mediocris
3125 3099 3380 3170 quaestio.
3407 3099 3502 3157 Ait
3523 3099 3829 3171 apostolus:

538 3187 605 3261 (ll
630 3187 751 3243 Cor.
784 3203 821 3257 ι,
862 3186 957 3253 21,
984 3186 1103 3258 22).
1136 3184 1410 3255 Accepisti
1442 3199 1575 3256 ergo
1601 3181 1861 3254 Spiritum
1891 3188 2136 3237 sanctum

2253 3187 2386 3244 Volo
2408 3200 2580 3245 autem
2619 3191 2756 3248 viros
2796 3208 2947 3248 orare
2992 3193 3047 3247 in
3089 3194 3230 3249 omni
3259 3195 3395 3262 loco,
3434 3196 3668 3251 levantes
3698 3210 3831 3266 pum

539 3285 593 3340 in
620 3282 785 3341 corde
815 3291 929 3339 tuo.
957 3280 1161 3353 Accipe
1186 3278 1354 3348 aliud,
1383 3278 1509 3351 quia
1533 3272 1991 3348 quemadmodum
2017 3271 2141 3344 Spi-

541 3379 679 3435 ritus
703 3386 931 3434 sanctus
970 3376 1027 3432 in
1056 3374 1254 3443 corde,
1283 3375 1355 3430 ita
1383 3373 1550 3431 etiam
1573 3370 1823 3428 Christus
1860 3369 1915 3426 in
1950 3366 2134 3425 corde.

542 3469 869 3541 Quomodo?
914 3469 1094 3526 Habes
1135 3468 1242 3524 hoc
1268 3467 1320 3522 in
1349 3465 1590 3523 Canticis
1617 3464 1956 3520 canticorum
1982 3458 2143 3516 Chri-

546 3574 689 3619 stum
713 3562 986 3619 dicentem
1029 3561 1096 3617 ad
1137 3561 1439 3617 Ecclesiam
1477 3578 1489 3615 :
1529 3557 1678 3614 Pone
1702 3574 1782 3612 nte
1806 3558 1938 3612 sicut
1964 3555 2142 3626 signa-

541 3657 719 3713 culum
749 3658 802 3712 in
829 3656 984 3712 corde
1010 3664 1097 3710 tuo
1119 3697 1133 3723 ,
1167 3656 1297 3711 sicut
1336 3652 1663 3726 signaculum
1694 3651 1748 3706 in
1783 3648 2008 3705 brachiis
2039 3646 2141 3699 tuis

545 3748 698 3824 (Can.
728 3765 844 3806 vnt.
877 3747 957 3821 6).

617 3847 669 3901 7.
702 3845 846 3916 Ergo
872 3843 1025 3901 unxit
1056 3853 1109 3901 te
1142 3843 1319 3912 Deus,
1351 3839 1586 3914 signavit
1612 3848 1666 3896 te
1691 3837 1958 3895 Christus.
1991 3834 2141 3904 Quo-

544 3939 707 3996 modo
727 3939 752 3994 ἳ
776 3937 915 4008 Quia
948 3936 1016 3993 ad
1044 3936 1228 3994 crucis
1271 3937 1443 4007 ipsius
1484 3936 1729 4007 signatus
1764 3948 1827 3989 es
1869 3932 2098 3989 formam
2125 3973 2140 3998 ,

541 4033 610 4091 ad
640 4032 791 4090 illius
819 4033 1132 4106 passionem
1163 4049 1176 4085 :
1209 4030 1472 4103 accepisti
1502 4028 1845 4102 signaculum
1891 4026 1958 4083 ad
1996 4025 2143 4082 illius

545 4127 1002 4194 similitudinem;
1055 4138 1116 4183 ut
1156 4126 1225 4182 ad
1254 4125 1424 4199 ipsius
1468 4126 1697 4182 formam
1739 4137 2031 4196 resurgas,
2075 4120 2141 4176 ad

542 4224 715 4292 ipsius
730 4223 884 4279 vivas
898 4222 1149 4294 ﬁguram,
1165 4222 1255 4293 qui
1280 4229 1501 4291 peccato
1522 4219 1815 4276 cruciﬁxus
1832 4228 1938 4285 est,
1961 4226 2017 4275 et
2032 4216 2145 4273 Deo

543 4316 675 4372 vivit
703 4333 717 4369 :
749 4325 805 4373 et
827 4324 950 4372 tuus
977 4314 1143 4370 homo
1167 4324 1321 4370 vetus
1343 4314 1398 4369 in
1422 4314 1568 4370 fonte
1589 4314 1900 4380 demersus,
1916 4321 2143 4383 peccato

544 4408 839 4466 cruciﬁxus
861 4417 970 4476 est,
999 4407 1094 4463 sed
1119 4407 1231 4464 Deo
1251 4407 1555 4463 resurrexit
1580 4405 1760 4477 (Rom.
1782 4408 1894 4472 vt,l
1921 4416 1967 4460 et
1987 4404 2144 4479 seq.).

617 4505 673 4560 8.
707 4501 916 4560 Deinde
942 4501 1111 4559 habes
1137 4500 1265 4558 alibi
1295 4499 1534 4571 speciale
1558 4541 1573 4566 ,
1609 4499 1752 4571 quod
1793 4509 1844 4557 te
1867 4501 2149 4557 vocaverit

2245 3298 2431 3336 manus
2459 3283 2572 3339 sine
2597 3283 2677 3338 ira
2707 3292 2754 3340 et
2793 3284 3167 3355 disceptatione
3209 3286 3253 3359 (l
3281 3285 3422 3342 Tim.
3452 3304 3493 3356 ι,
3526 3288 3615 3359 8).
3655 3288 3721 3343 Et
3755 3287 3832 3342 Do-

2244 3377 2425 3433 minus
2452 3377 2587 3434 dicit
2616 3378 2668 3433 in
2698 3377 2995 3450 Evangelio
3023 3396 3037 3432 :
3068 3378 3150 3434 Tu
3178 3390 3350 3436 autem
3383 3398 3501 3436 cum
3540 3398 3685 3449 oras,
3716 3382 3834 3435 intra

2241 3474 2298 3530 in
2341 3473 2637 3530 cubiculum
2681 3483 2858 3542 tuum;
2881 3486 2931 3531 et
2957 3478 3138 3531 clauso
3163 3476 3315 3543 ostio,
3344 3492 3439 3531 ora
3469 3474 3690 3531 Patrem
3713 3483 3833 3529 luunt

2244 3565 2481 3638 (Matth.
2528 3581 2603 3633 vr,
2635 3563 2725 3639 6).
2767 3565 2886 3622 Non
2939 3567 3036 3623 tibi
3081 3566 3296 3624 videtur
3321 3582 3449 3624 esse
3477 3568 3833 3631 contrarium,

2246 3666 2305 3714 ut
2333 3658 2477 3714 dicat
2504 3657 2801 3729 Apostolus
2843 3676 2857 3715 :
2905 3658 2973 3715 In
3002 3660 3143 3715 omni
3170 3661 3284 3716 loco
3315 3676 3441 3729 ora;
3486 3668 3546 3717 et
3601 3659 3835 3716 Dominus

2244 3754 2439 3810 dicat:
2477 3750 2629 3807 Intra
2676 3753 2729 3807 in
2767 3752 3059 3809 cubiculum
3114 3762 3291 3822 tuum,
3334 3763 3382 3808 et
3423 3753 3567 3808 ora?
3613 3752 3720 3811 Sed
3746 3766 3834 3806 non

2245 3855 2331 3904 est
2366 3846 2728 3903 contrarium.
2776 3844 2889 3902 Hoc
2920 3861 3052 3919 ergo
3077 3846 3462 3903 absolvamus:
3490 3845 3697 3903 deinde
3724 3858 3839 3916 quo-

2245 3942 2410 3999 modo
2436 3942 2637 3998 debeas
2669 3941 2914 4013 incipere
2935 3940 3261 4008 orationem,
3287 3951 3344 3996 et
3382 3956 3493 4012 quo
3521 3941 3720 3998 ordine
3741 3938 3839 3995 dis-

2247 4035 2518 4106 tinguere,
2547 4033 2677 4107 quid
2706 4034 3025 4102 subtexere,
3054 4035 3183 4107 quid
3210 4033 3474 4106 allegare,
3498 4033 3835 4105 quemadmo-

2245 4128 2373 4185 dum
2430 4128 2690 4185 claudere
2742 4129 3076 4196 orationem,
3131 4127 3333 4186 deinde
3381 4143 3483 4200 pro
3539 4144 3656 4201 quo
3698 4141 3837 4195 orare

2246 4220 2453 4277 debeas
2480 4239 2493 4276 :
2527 4217 2555 4257 τι
2581 4221 2696 4277 haec
2725 4221 2910 4277 omnia
2938 4220 3207 4279 dicamus.

2322 4315 2409 4370 12.
2453 4314 2637 4372 Primo
2659 4314 2748 4372 ubi
2775 4328 2934 4371 orare
2962 4314 3186 4371 debeas.
3216 4316 3378 4373 Aliud
3403 4316 3610 4374 Paulus
3648 4316 3840 4373 videtur

2248 4410 2457 4478 dicere,
2481 4410 2629 4466 aliud
2655 4410 2944 4467 Dominus.
2971 4409 3246 4483 Numquid
3279 4413 3456 4483 potuit
3481 4412 3691 4469 Paulus
3721 4425 3838 4467 con-

2252 4513 2334 4558 tra
2357 4501 2563 4559 Christi
2595 4501 2795 4559 docere
2817 4504 3127 4575 praecepta?
3153 4502 3270 4560 Non
3296 4504 3505 4575 utique.
3534 4505 3655 4575 Qua
3688 4505 3840 4559 ratio-

549 4597 715 4665 Deus,
744 4597 795 4652 in
824 4596 1148 4667 baptismate
1173 4602 1353 4649 autem
1376 4593 1529 4665 quasi
1561 4593 1874 4665 specialiter
1911 4608 2139 4649 concru-
2172 4617 2225 4679 D
2252 4599 2363 4654 ne?
2391 4597 2528 4666 Quia
2560 4611 2668 4652 non
2692 4598 3003 4654 contrarius
3024 4638 3038 4663 ,
3070 4598 3167 4654 sed
3193 4600 3469 4669 interpres
3497 4608 3586 4656 est
3614 4598 3840 4655 Christi:

547 4690 784 4763 ciﬁgeris
807 4688 1047 4746 Christo.
1092 4688 1296 4746 Deinde
1320 4689 1495 4761 quasi
1541 4688 1852 4760 Specialiter
1874 4732 1891 4758 ,
1924 4688 2146 4761 quando

549 4785 752 4857 accipis
813 4784 1060 4856 spiritale
1118 4783 1494 4856 signaculum,
1552 4781 1674 4841 vide
1735 4784 2144 4841 distinctionem

548 4892 904 4951 personarum
935 4890 1095 4945 esse.
1139 4876 1234 4935 sed
1275 4892 1583 4934 connexum
1612 4894 1774 4935 omne
1816 4878 2142 4952 mysterium

553 4974 857 5032 Trinitatis.

625 5071 679 5129 9.
712 5070 921 5129 Deinde
948 5067 1077 5143 quid
1126 5069 1422 5143 Apostolus
1445 5068 1539 5125 tibi
1569 5067 1729 5137 dixit,
1763 5078 1821 5124 ut
1844 5068 2045 5125 lectum
2069 5079 2151 5125 est

619 5211 911 5290 {Claram
953 5207 1105 5275 cod.,
1149 5212 1391 5290 naturam
1423 5206 1743 5290 gratiamque
1768 5202 2136 5287 consequeris;

551 5283 831 5350 Valliluc.,
879 5291 1081 5336 natura:
1127 5279 1361 5350 gloriam,
1392 5275 1731 5350 virtutemque
1771 5275 2138 5345 consequeris;

549 5353 743 5425 reliqui
778 5348 835 5410 et
860 5366 1054 5425 omnes
1090 5348 1223 5425 edit.
1264 5361 1324 5404 ut
1350 5348 1913 5425 in_tex_tu._C:cte_rum
1946 5356 2137 5425 auctor

550 5427 604 5482 in
632 5417 737 5481 b'nc
761 5424 939 5496 capite
977 5423 1304 5496 solutionem
1341 5419 1664 5496 obiectionis
1697 5417 1877 5496 petita:
1908 5433 1935 5470 a
1977 5418 2132 5496 tes_ti_-

550 5498 734 5554 monio
761 5488 1042 5558 sensuum.
1069 5508 1232 5565 quam
1256 5492 1366 5565 jam
1397 5491 1495 5545 lib.
1527 5505 1599 5553 tv,
1632 5504 1753 5558 cap.
1782 5489 1839 5553 4,
1863 5503 2013 5565 num.
2043 5488 2129 5557 14,

551 5576 912 5640 proposuerat
927 5608 969 5640 ,_
984 5568 1059 5640 ita
1087 5558 1400 5640 exprimit,_
1419 5568 1477 5616 ut
1502 5575 1718 5640 omnem
1757 5558 2017 5628 praecidat
2048 5576 2137 5640 ca-

551 5630 908 5696 villationem.
930 5630 1121 5693 'Primo
1151 5630 1296 5691 enim
1320 5630 1733 5690 subslantialum
1764 5631 2135 5686 conversatio.

552 5724 677 5767 nem
700 5707 815 5779 jam
854 5707 1070 5779 abunde
1103 5705 1386 5779 probatum
1420 5706 1611 5779 monet
1632 5742 1647 5768 ,
1684 5701 1883 5757 deinde
1911 5716 2008 5757 cur
2036 5703 2139 5759 sub

552 5775 732 5838 aliena
754 5777 959 5845 specie,
986 5775 1149 5849 quam
1178 5775 1587 5849 similitudinem
1614 5781 1790 5838 vocat,
1824 5788 2137 5831 sacramen-

554 5861 667 5911 tum
691 5845 1120 5918 institutnm'sit,
1148 5848 1410 5905 rationem
1441 5845 1619 5903 aﬁ‘ert.

2250 4688 2568 4758 Imitatores,
2597 4689 2791 4761 inquit,
2816 4690 2917 4745 mei
2940 4699 3116 4757 estote,
3137 4692 3270 4747 sicut
3298 4700 3346 4746 et
3362 4707 3457 4764 ego
3482 4690 3699 4747 Christi.
3717 4685 3840 4759 Quid

2252 4784 2428 4856 ergo?
2459 4782 2621 4839 Potes
2650 4783 2852 4854 ubique
2869 4797 3055 4849 orare,
3088 4794 3145 4839 et
3175 4785 3228 4839 in
3275 4782 3534 4841 cubiculo
3576 4792 3673 4840 tuo
3717 4797 3843 4838 scm-

2254 4891 2351 4949 per
2372 4891 2551 4933 orare.
2583 4875 2760 4932 Habes
2791 4874 2992 4948 ubique
3016 4876 3329 4935 cubiculum
3360 4885 3533 4934 tuum.
3564 4876 3685 4933 Etsi
3716 4876 3843 4933 inter

2254 4984 2466 5047 gentes,
2484 4973 2627 5030 inter
2645 4971 2867 5029 ludasos
2900 4971 3110 5043 positus
3132 4973 3229 5039 sis;
3262 4972 3431 5029 habes
3453 4982 3637 5031 tamen
3658 4972 3841 5042 ubique

2256 5078 2407 5125 tuum
2459 5078 2756 5125 secretum.
2808 5065 3131 5122 Cubiculum
3161 5074 3313 5122 tuum
3340 5081 3510 5141 ,mens
3533 5075 3625 5122 tua
3654 5073 3758 5122 est.
3791 5062 3840 5118 ln

2319 5201 2355 5276 lt,
2370 5201 2475 5276 Sic
2504 5201 2865 5276 omnesuedit.
2886 5218 2951 5261 ac
2969 5218 3101 5260 mss.
3131 5204 3234 5259 nisi
3259 5202 3402 5276 quod
3428 5204 3482 5260 in
3501 5203 3699 5276 borum
3717 5217 3839 5259 non-

2247 5275 2413 5331 nullis
2442 5282 2605 5344 atque
2644 5274 2780 5330 edit.
2822 5273 2983 5330 Rom.
3032 5273 3294 5331 omissum
3325 5276 3448 5344 fuit,
3480 5286 3528 5332 te
3568 5275 3836 5330 Dominus.

2248 5346 2403 5418 Hunc
2430 5356 2611 5418 autem
2653 5345 2853 5418 locum,
2884 5361 2993 5403 non
3019 5361 3179 5418 secus
3219 5362 3282 5402 ac
3312 5347 3467 5418 illum
3493 5347 3580 5418 qui
3614 5346 3839 5401 habetur

2245 5417 2408 5481 infra.
2434 5417 2668 5481 scilicet.
2691 5416 3002 5485 Quomodo?
3037 5417 3206 5474 Habes
3228 5420 3324 5474 hoc
3351 5419 3403 5473 in
3431 5416 3695 5487 Canticis;
3718 5430 3838 5473 mss.

2247 5488 2575 5562 band_pauci
2604 5487 2865 5562 exhibent
2886 5490 3007 5546 sine
3036 5491 3485 5562 interrogatione.

2319 5571 2341 5599 ε
2387 5558 2593 5633 Omnes
2613 5560 2745 5633 edit.
2768 5570 2824 5617 et
2854 5576 2985 5617 mss.
3018 5561 3223 5633 aliquot
3243 5558 3558 5628 ,dinisiones
3575 5560 3834 5633 mysterio

2243 5646 2398 5705 rum;
2423 5632 2619 5705 melius
2645 5631 2837 5705 reliqui
2864 5648 2987 5690 cum
3022 5631 3337 5705 Apostolico
3361 5644 3541 5702 textu,
3571 5631 3843 5689 dibisiones

2245 5702 2648 5775 ministeriorum
2678 5702 2895 5775 quidam
2926 5702 3113 5771 etiam,
3140 5706 3605 5762 ministrationum.

2245 5772 2341 5900 (rd
2389 5774 2514 5830 Mss.
2549 5789 2656 5830 non
2691 5772 2869 5846 pauci,
2897 5777 3303 5835 nccinl'erioris
3325 5787 3490 5845 nottc,
3528 5776 3657 5832 lim
3680 5774 3844 5832 omnis

2283 5862 2522 5900 tscamus.

2283 5862 2503 5902 tscamus
2513 5888 2522 5901 ο
