4042 6294
255 276 279 330 -ί
290 276 360 332 57

1471 275 1557 330 DE
1598 273 2083 335 SACIlAMlﬂNTlS
2129 275 2254 332 LIB.
2299 275 2388 332 Vl.

3454 290 3559 345 458

252 388 460 462 populo
512 388 642 447 licet
695 387 943 461 positus,
998 397 1179 445 tamen
1229 390 1280 443 in
1331 390 1589 446 interiore
1635 390 1855 447 homine
1886 398 1936 456 Α
1961 407 2096 448 voce
2127 392 2428 448 moderata.
2452 392 2508 450 Si
2539 392 2764 449 surdum
2791 395 3026 466 aliquem
3049 412 3232 469 roges,
3261 416 3439 458 nonne
3475 407 3559 460 in-

252 499 514 540 arcanum
547 493 699 540 tuum
727 492 1102 556 secretumque
1131 498 1443 540 conservas.

333 584 418 639 l5.
466 583 544 637 Tu
572 592 769 649 autem,
797 599 912 638 cum
956 599 1096 650 oras,
1123 583 1262 637 intra
1287 583 1342 636 in
1374 582 1664 637 cubiculum
1692 591 1853 637 tuum.

255 676 406 732 Bene
432 676 529 742 ait,
571 678 747 742 intra;
786 691 856 732 ne
888 676 967 731 sic
995 691 1118 732 ores
1143 679 1417 748 quomodo
1461 676 1682 732 ludzeus
1707 718 1721 742 ,
1773 676 1859 732 cui

255 767 496 824 dicitur:
557 766 800 839 Populus
848 769 931 823 hic
976 767 1125 823 labiis
1167 785 1248 824 me
1287 768 1531 836 honorat,
1561 784 1650 822 cor
1687 777 1860 822 autem

258 877 437 917 eorum
480 861 632 930 longe
673 871 749 917 est
797 880 829 916 a
858 878 938 917 me
963 860 1144 931 (Esai.
1176 878 1251 928 Ix,
1286 861 1399 930 l3).
1451 861 1567 918 Non
1624 877 1756 933 ergo
1795 861 1862 917 de

261 953 419 1009 labiis
442 952 824 1009 tantummodo
855 963 941 1009 tua
967 953 1226 1023 procedat
1253 953 1451 1010 oratio.
1490 953 1690 1008 Animo
1717 962 1864 1008 totus

260 1045 507 1113 intende,
537 1046 678 1102 intra
703 1055 728 1084 ⁸
751 1047 804 1102 in
828 1061 1105 1103 recessum
1129 1048 1366 1118 pectoris
1396 1048 1490 1112 tui,
1513 1056 1660 1104 totus
1685 1047 1867 1119 ingre-

260 1140 416 1197 dere.
451 1141 568 1196 Non
607 1149 660 1197 te
691 1141 1117 1212 periunctorium
1166 1141 1348 1198 videat
1396 1142 1508 1209 ille,
1551 1141 1639 1198 cui
1670 1150 1722 1197 te
1752 1141 1868 1212 pla-

261 1249 392 1291 cere
427 1233 726 1289 desideras.
763 1231 954 1290 Videat
979 1233 1102 1304 quia
1137 1250 1208 1290 ex
1247 1233 1413 1290 corde
1443 1248 1569 1290 oras
1619 1245 1677 1288 ut
1719 1242 1772 1288 te
1801 1249 1867 1289 ex

261 1329 432 1387 corde
458 1339 705 1384 orantem
734 1326 987 1400 dignetur
1012 1328 1222 1383 audire.

339 1424 431 1479 Η.
468 1421 545 1477 Tu
566 1431 739 1476 autem
760 1437 878 1476 eum
908 1437 1050 1488 oras,
1099 1421 1234 1476 intra
1276 1421 1332 1476 in
1362 1421 1656 1476 cubiculum
1705 1427 1870 1474 tuum.

266 1519 452 1576 llabcs
472 1518 574 1574 hoc
599 1527 656 1574 et
679 1517 844 1572 alibi:
869 1517 1113 1583 Ambula,
1136 1517 1362 1588 populus
1389 1532 1552 1582 meus,
1584 1525 1631 1570 et
1663 1515 1798 1569 intra
1819 1514 1874 1568 in

268 1629 498 1669 recessus
524 1622 664 1678 tuos,
706 1610 890 1665 claude
916 1610 1106 1664 ostium
1145 1620 1290 1663 tuum
1310 1648 1324 1671 ,
1367 1606 1684 1662 abscondere
1710 1605 1876 1676 pusil-

271 1708 407 1774 lum,
435 1706 594 1760 donec
620 1711 847 1760 transeat
875 1703 955 1758 ira
976 1701 1187 1757 Domini
1216 1700 1392 1773 (Esai.
1429 1715 1581 1762 ιιι-ι,
1613 1697 1735 1770 20).
1767 1697 1878 1754 Hoc

274 1802 494 1858 locutus
545 1807 631 1856 est
685 1798 950 1854 Dominus
981 1811 1074 1867 per
1099 1795 1460 1868 prophetam:
1494 1793 1548 1848 in
1589 1792 1884 1864 Evangelia
1917 1791 1958 1848 Β

274 1905 463 1952 autem
484 1892 653 1948 dixit:
682 1889 765 1946 Tu
790 1901 958 1945 autem
983 1905 1100 1944 cum
1135 1905 1274 1955 oras,
1297 1889 1436 1943 intra
1483 1886 1535 1941 in
1582 1884 1878 1940 cubiculum

275 1997 457 2052 tuum;
479 1995 524 2040 et
551 1987 732 2040 clauso
759 1984 914 2050 ostio,
942 1999 1033 2038 ora
1062 1981 1276 2038 Patrem
1299 1991 1463 2036 tuum.

354 2083 440 2138 15.
481 2079 624 2149 Quid
668 2087 755 2136 est
799 2078 990 2134 clauso
1036 2075 1267 2132 ostio?”
1297 2074 1438 2130 Audi
1486 2072 1633 2145 quod
1679 2071 1880 2127 ostium

277 2175 485 2231 habeas
506 2214 522 2241 ,
551 2171 698 2244 quod
733 2169 940 2228 debeas
976 2168 1265 2235 claudere,
1297 2165 1521 2239 quando
1549 2180 1696 2221 oras.
1721 2163 1884 2236 383

279 2269 502 2328 Utinam
551 2265 812 2323 mulieres
866 2263 1150 2320 audirent!
1204 2261 1419 2318 Audisti
1454 2261 1600 2332 jam;
1657 2269 1884 2314 sanctus

282 2362 455 2419 David
497 2359 684 2417 docuit
728 2366 784 2416 te
833 2358 1059 2414 dicens:
1092 2354 1259 2423 Pone,
1308 2354 1545 2420 Domine,
1593 2351 1887 2407 custodiam

279 2464 362 2514 ori
387 2473 521 2525 meo,
548 2465 597 2512 et
630 2457 815 2511 ostium
837 2453 1082 2510 circuitus
1108 2451 1254 2507 labiis
1282 2449 1406 2505 meis
1435 2446 1610 2520 (Psal.
1653 2461 1777 2511 ch,
1801 2443 1884 2515 5).

283 2553 385 2608 Est
405 2549 536 2607 alibi
564 2549 790 2616 ostium,
820 2545 967 2618 quod
1009 2545 1086 2602 ait
1112 2543 1394 2616 apostolus
1424 2541 1621 2597 Paulus
1653 2538 1885 2595 dicens:

285 2644 356 2702 Ut
383 2644 668 2715 aperiatur,
713 2639 910 2712 inquit,
939 2639 1066 2694 mihi
1096 2639 1287 2693 ostium
1315 2635 1453 2692 verbi
1477 2634 1548 2689 ad
1576 2632 1892 2705 loquendum

281 2741 593 2813 mysterium
626 2737 818 2793 Christi
859 2734 1099 2808 (Coloss.
1132 2749 1211 2801 tv,
1244 2729 1335 2802 3);
1375 2729 1481 2786 hoc
1525 2737 1646 2795 est,
1676 2724 1894 2798 quando

283 2849 450 2902 oras,
483 2832 593 2888 noli
621 2844 874 2887 sermone
917 2827 1160 2884 clamare
1185 2867 1200 2892 ,
1227 2839 1327 2880 nec
1351 2821 1660 2880 diffundere
1689 2817 1898 2876 oratio-

286 2943 420 2984 nem
460 2935 640 2993 tuam,
683 2939 783 2980 nec
805 2922 1013 2994 jactare
1041 2935 1142 2992 per
1187 2917 1436 2994 populos.
1468 2915 1528 2971 In
1559 2923 1774 2972 secreto
1807 2923 1898 2969 tuo

286 3038 411 3088 ora,
439 3034 665 3078 securus
697 3017 843 3090 quod
877 3016 1011 3073 tein
1037 3023 1256 3072 secreto
1309 3010 1485 3083 possit
1523 3008 1752 3073 audire,
1805 3005 1899 3078 qui

290 3115 480 3172 omnia
508 3112 679 3180 videt,
713 3119 878 3182 atque
923 3107 1075 3165 audit
1103 3108 1380 3164 universa.
1428 3105 1495 3159 Et
1537 3118 1636 3159 ora
1682 3101 1898 3158 Patrem

1959 485 2096 556 cipis
2119 485 2432 553 vociferari,
2451 494 2508 540 nt
2538 495 2589 542 te
2617 487 2707 542 ille
2737 489 2907 557 possit
2930 490 3156 547 audire?
3182 493 3282 559 Qui
3305 510 3432 566 ergo
3447 497 3562 550 cla-

1963 592 2094 647 mal,
2115 590 2269 652 putat
2293 581 2439 654 quod
2453 581 2767 640 aliterDeus
2784 600 2889 639 non
2910 586 3084 656 possit
3107 588 3210 644 nisi
3233 589 3560 646 clamantem
3593 627 3596 630 -

1961 675 2179 741 audire;
2214 674 2241 712 ά
2271 685 2328 732 et
2356 691 2478 730 cum
2507 686 2661 748 rogat
2691 694 2839 746 cum,
2866 678 2982 748 ejus
3008 680 3236 752 derogat
3260 685 3518 753 potestati
3545 703 3557 738 :

1962 769 2052 838 qui
2079 780 2260 824 autem
2290 769 2341 823 in
2370 770 2590 826 silentio
2614 782 2751 838 orat,
2781 772 2942 828 Iidem
2973 773 3175 841 defert,
3199 785 3253 832 et
3275 778 3567 834 conﬁtetur

1964 863 2107 933 quod
2145 863 2285 919 Deus
2331 873 2602 921 scrutator
2637 865 2819 922 cordis
2849 877 2904 922 et
2949 869 3100 924 renis
3131 870 3200 925 sit
3231 871 3418 943 (Psal.
3454 889 3564 939 vn,

1967 952 2093 1026 10),
2129 963 2185 1010 et
2213 957 2517 1013 orationem
2561 965 2709 1012 tuam
2749 967 2876 1015 ante
2900 958 2994 1016 ille
3023 960 3250 1029 audiat,
3279 979 3438 1034 quam
3473 973 3568 1020 tuo

1968 1062 2064 1104 ore
2091 1048 2368 1106 fundatur.

2046 1141 2132 1196 l7.
2168 1141 2310 1212 Ergo
2336 1143 2649 1200 videamus:
2683 1144 2815 1201 Volo
2845 1157 3015 1201 autem
3036 1148 3169 1202 viros
3193 1165 3342 1204 orare.
3363 1152 3414 1204 in
3434 1153 3574 1205 ωυρρὶ

1972 1236 2084 1289 loco
2116 1233 2177 1306 (Ι
2212 1235 2343 1290 Tim.
2379 1251 2438 1301 ιι,
2489 1237 2566 1308 8).
2605 1237 2722 1306 Qua
2755 1240 2966 1295 ratione
2998 1240 3146 1296 viros
3176 1243 3346 1298 dixit?
3378 1243 3574 1313 Utique

1973 1329 2280 1383 communis
2301 1330 2477 1384 oratio
2505 1340 2592 1386 est
2613 1341 2667 1385 et
2690 1331 3007 1388 mulieribus
3029 1345 3081 1389 et
3105 1335 3254 1390 viris.
3282 1338 3434 1403 Quod
3465 1355 3573 1393 non

1974 1419 2210 1484 invenio,
2239 1420 2340 1475 nisi
2367 1420 2505 1478 forte
2527 1432 2752 1479 sanctus
2781 1425 3076 1494 Apostolus
3104 1425 3229 1483 ideo
3253 1428 3399 1484 viros
3419 1430 3571 1496 dixit,

1978 1527 2048 1568 ne
2074 1513 2338 1570 mulieres
2351 1525 2700 1586 usurparent,
2735 1527 2790 1572 et
2819 1518 2960 1574 male
2985 1518 3422 1592 intclligerentin
3441 1526 3578 1578 omni

1979 1604 2115 1672 loco,
2147 1615 2201 1661 et
2233 1606 2537 1677 inciperent
2565 1608 2764 1679 ubique
2795 1608 3058 1678 clamare,
3086 1627 3220 1682 quas
3251 1613 3302 1669 in
3332 1613 3580 1671 Ecclesia

1981 1699 2252 1756 sustinere
2277 1715 2384 1755 non
2415 1713 2719 1770 possumus.

2062 1790 2151 1846 18.
2189 1791 2320 1846 Volo
2345 1803 2515 1848 autem
2535 1795 2692 1862 viros,
2726 1793 2829 1850 hoc
2857 1806 2964 1863 est,
2987 1797 3078 1867 qui
3123 1801 3336 1870 possint
3362 1817 3584 1860 servare

1989 1891 2346 1954 przeceptum,
2371 1901 2521 1940 orare
2553 1887 2607 1940 in
2623 1889 2760 1943 omni
2788 1889 2922 1957 loco,
2949 1892 3171 1948 levantes
3197 1911 3356 1960 puras
3380 1912 3584 1951 manus.

1986 1973 2124 2042 Quid
2157 1983 2279 2040 est,
2310 1977 2537 2034 levantes
2580 1996 2739 2051 puras
2767 1997 2950 2037 manus
2971 1984 2996 2036 γ
3035 1983 3304 2056 Numquid
3337 1987 3503 2043 debes
3532 1988 3587 2043 in

1985 2067 2234 2124 oratione
2256 2078 2346 2125 tua
2376 2085 2596 2128 crucem
2637 2075 2850 2130 Domini
2880 2079 3138 2147 gentibus
3164 2079 3545 2138 demonstrare
3567 2085 3592 2134 't

1987 2159 2123 2215 lllud
2148 2161 2366 2232 quidem
2397 2164 2610 2236 signum
2644 2176 2667 2203 θ
2699 2166 2917 2226 virtutis
2945 2179 3052 2237 est,
3085 2185 3191 2226 non
3216 2172 3462 2242 pudoris.
3498 2174 3595 2228 Est

1991 2262 2171 2311 tamen
2213 2255 2484 2325 quomodo
2525 2258 2702 2327 possis
2731 2275 2890 2316 orare
2915 2305 2929 2328 ,
2966 2277 3068 2317 nec
3089 2262 3315 2333 ﬁguram
3359 2264 3593 2321 demon-

1988 2356 2154 2415 stres,
2181 2348 2276 2404 sed
2306 2358 2460 2406 actus
2493 2358 2617 2407 tuos
2647 2351 2816 2408 leves.
2860 2353 2918 2408 Si
2949 2355 3029 2410 vis
3051 2356 3266 2425 operari
3313 2359 3591 2427 operatio-

1992 2455 2114 2496 nem
2146 2449 2315 2510 tuam,
2347 2443 2470 2500 leva
2500 2459 2660 2516 puras
2687 2461 2882 2502 manus
2910 2462 3004 2518 per
3030 2448 3420 2506 innocentiam.
3455 2451 3596 2508 Leva

1991 2547 2085 2589 eas
2108 2549 2216 2590 non
2241 2535 2483 2605 quotidie
2508 2555 2521 2592 :
2555 2539 2730 2594 semel
2760 2539 2976 2607 levasti,
3014 2556 3124 2597 non
3149 2557 3286 2614 opus
3313 2552 3397 2600 est
3419 2553 3481 2600 ut
3504 2545 3599 2601 ite-

1994 2641 2114 2682 rum
2142 2627 2310 2685 leves.

2069 2720 2159 2777 i9.
2211 2720 2338 2777 Volo
2377 2732 2546 2780 autem
2588 2726 2643 2781 in
2673 2729 2812 2782 omni
2861 2728 2974 2784 loco
3005 2730 3141 2786 viros
3164 2746 3344 2798 orare,
3379 2735 3604 2790 levantes

1996 2830 2153 2885 puras
2195 2832 2379 2871 manus
2410 2819 2523 2874 sine
2568 2820 2648 2874 ira
2679 2831 2725 2876 et
2757 2821 3156 2893 disceptatione.
3206 2825 3352 2882 Nihil
3385 2829 3596 2884 verius:

1999 2903 2113 2973 Ira,
2149 2907 2348 2980 inquit,
2374 2911 2544 2980 perdit
2571 2914 2725 2968 etiam
2753 2917 3010 2987 sapientes
3033 2916 3219 2988 (Prov.
3251 2936 3342 2986 xv,
3372 2921 3448 2992 1).
3475 2922 3604 2979 Ideo

1999 3000 2149 3055 omni
2182 3009 2454 3073 tempore,
2487 3015 2747 3076 quantum
2774 3008 2891 3064 ﬁeri
2920 3020 3125 3080 potest,
3153 3011 3496 3069 Christianus
3526 3016 3608 3070 vir

2002 3091 2339 3149 iracundiam
2375 3096 2538 3153 debet
2571 3108 2906 3170 temperare,
2937 3111 2994 3158 et
3020 3104 3255 3161 maxime
3283 3106 3498 3176 quando
3537 3109 3604 3163 ad

291 3220 453 3266 tuum
500 3207 552 3263 in
597 3203 952 3273 abscondito,
985 3214 1008 3244 ο
1049 3203 1143 3274 qui
1191 3199 1344 3257 audit
1391 3198 1530 3255 tein
1580 3184 1976 3253 absconditoC
2008 3186 2309 3242 oralionem
2358 3185 2376 3224 ί
2429 3190 2669 3257 accedit;
2714 3208 2782 3249 ne
2826 3193 2992 3266 384
3039 3197 3320 3267 perturbet
3365 3199 3607 3256 animum

293 3305 711 3375 deprecantem.

917 3390 1150 3448 CAPUT
1187 3389 1277 3446 IV.
1323 3391 1329 3432 ε

300 3493 481 3562 Quare
499 3496 693 3546 secreto
723 3486 897 3558 potius
929 3484 1188 3541 orandum
1205 3483 1296 3550 sit,
1326 3497 1479 3553 quant
1512 3496 1631 3535 eum
1655 3478 1908 3551 vocifera-

376 3588 544 3643 tione:
570 3600 730 3658 quare
769 3583 923 3638 etiam
952 3581 1050 3636 viri
1079 3579 1135 3633 in
1156 3577 1294 3634 omni
1317 3577 1432 3632 loco
1473 3591 1622 3631 orare
1650 3573 1904 3644 debeant,

377 3700 482 3739 non
505 3685 694 3752 autem“,
706 3679 947 3735 mulieres
979 3692 998 3731 :
1021 3689 1304 3748 quonamve
1346 3681 1569 3745 spectent
1610 3686 1758 3727 voces
1787 3668 1908 3724 sub-

366 3781 560 3850 jectae:
589 3765 834 3832 lev'antes
860 3787 1028 3843 puras
1055 3784 1270 3836 manus,
1294 3777 1393 3823 etc.

381 3871 470 3927 16.
500 3868 641 3938 Quid
672 3865 849 3940 prosit
873 3876 1057 3922 autem
1086 3865 1492 3934 interrogemus
1517 3901 1533 3930 ,
1565 3874 1668 3931 qua
1693 3858 1908 3916 ratione

304 3973 532 4023 secreto
557 3961 729 4032 magis
767 3973 926 4016 orare
953 3957 1274 4023 debeamus,
1305 3969 1466 4026 quam
1497 3968 1621 4009 cum
1647 3951 1910 4008 vocifera-

306 4062 486 4116 tione.
537 4055 679 4112 Audi
718 4075 733 4111 :
779 4054 850 4110 de
878 4051 1279 4110 consuetudine
1325 4050 1605 4106 hominum
1634 4064 1912 4106 sumamus

307 4152 647 4223 exemplum.
662 4147 718 4204 Si
741 4147 975 4219 aliquem
999 4159 1180 4218 rogas,
1206 4143 1298 4216 qui
1325 4143 1435 4200 cito
1456 4142 1629 4210 audit,
1645 4158 1750 4198 non
1773 4156 1910 4212 opus

310 4258 474 4322 putas
495 4259 618 4303 esse
637 4240 1041 4315 clamorem(F.
1069 4256 1162 4313 pro
1187 4239 1486 4309 clamore):
1518 4236 1724 4294 sensim
1755 4250 1916 4307 rogas

390 4429 415 4454 ιι
454 4414 683 4483 Quidam
714 4426 874 4477 mss.,
902 4412 960 4467 in
989 4407 1284 4483 cubiculum
1305 4405 1529 4483 pectoris
1544 4406 1639 4460 tui.

389 4487 416 4526 ιι
464 4476 539 4542 ita
575 4486 706 4542 edit.
731 4476 924 4539 omnes
949 4495 1013 4538 ac
1041 4495 1168 4535 mss.
1198 4480 1335 4534 bene
1375 4476 1531 4532 multi
1559 4496 1570 4530 :
1617 4476 1708 4531 alii
1741 4485 1919 4531 tamen

313 4561 526 4631 aliquot
549 4556 864 4631 prtel'erunt,
894 4553 1032 4631 Audi
1051 4551 1187 4631 quod
1213 4551 1403 4631 ostium
1421 4548 1613 4631 [tabeas
1643 4549 1920 4631 claudere:

317 4620 462 4689 unus
492 4620 653 4685 etiam
672 4645 684 4680 :
713 4627 865 4696 Quod
885 4620 1073 4681 ostium
1099 4622 1383 4696 habemus?
1400 4621 1537 4674 Audi
1559 4621 1695 4688 quod
1713 4620 1917 4688 debeas,

317 4717 431 4760 etc.
466 4703 580 4757 lloc
609 4693 787 4755 autem
816 4715 882 4754 ex
927 4698 1046 4752 loco
1095 4693 1311 4763 ineptiae
1358 4693 1650 4763 Auctorem
1700 4701 1921 4747 accusat

321 4773 636 4833 Albertinus
654 4814 668 4834 .
697 4770 840 4841 quod
863 4771 1044 4824 statim
1073 4761 1398 4841 subjecerit:
1437 4761 1649 4818 Utinam
1676 4765 1916 4841 mulieres

319 4847 562 4904 audirent
588 4845 607 4898 !
631 4834 794 4912 Quasi
819 4857 949 4898 vero
991 4834 1233 4912 ineptum
1261 4837 1514 4905 cuiquam
1554 4848 1691 4890 sano
1728 4834 1913 4912 _videri

324 4919 500 4990 possit
520 4961 534 4979 ,
571 4905 716 4986 quod
747 4905 1476 4990 modestiassubmoneantur
1502 4920 1608 4990 ezc.
1634 4905 1912 4990 mulieres,

321 4976 448 5063 qum
477 4976 894 5063 illiuseousque
929 4983 1110 5063 oblitas
1138 4979 1484 5063 videbantur,
1516 4985 1574 5032 ut
1597 4976 1915 5063 intolerabi-

325 5053 406 5119 les
436 5063 488 5115 in
524 5059 762 5116 Ecclesia
793 5053 913 5112 sese
937 5053 1286 5131 prgcberent:
1315 5059 1374 5106 ut
1405 5063 1526 5130 cap.
1560 5064 1678 5131 seq.
1713 5054 1916 5131 Auctor

325 5131 616 5205 signiﬁcat.
651 5131 858 5205 Poterit
901 5121 1144 5205 proiecto
1187 5122 1378 5205 eodem
1418 5121 1542 5205 jure
1577 5121 1752 5205 etiam
1808 5121 1914 5176 dici

325 5191 652 5263 Ambrosius
672 5191 915 5272 ipsemet"
929 5196 1159 5272 ineptire
1174 5191 1448 5272 ;'c_um_non
1475 5191 1740 5272 absimilia
1758 5207 1916 5272 repe-

326 5279 544 5335 riantur
559 5264 708 5346 apud
732 5274 884 5330 illum
902 5270 998 5330 lib.
1021 5264 1078 5324 iu
1108 5267 1178 5324 de
1200 5267 1406 5338 Virgin.
1427 5279 1548 5336 cap.
1577 5264 1632 5332 5,
1652 5279 1802 5319 num.
1836 5265 1925 5333 Η,

327 5349 705 5421 etdeipceps.
1318 5408 1332 5421 ,
1423 5419 1430 5421 ἓ
1554 5407 1584 5421 ,,

411 5434 434 5461 c
472 5407 752 5474 Vetfedit.
783 5431 846 5473 ac
875 5429 1008 5470 mss.
1042 5427 1148 5468 non
1175 5408 1360 5483 pauci,
1386 5407 1605 5483 claudit
1623 5407 1826 5483 ;_Eras.
1860 5421 1924 5463 ac

329 5493 490 5556 Gill.,
524 5490 698 5544 audiet
722 5499 767 5544 te
787 5479 1368 5562 deprecantemfﬁom.
1391 5480 1549 5549 edit.,
1582 5479 1666 5534 ubi
1696 5479 1847 5562 audit
1879 5489 1927 5534 te

333 5554 750 5636 deprecantem;
795 5554 980 5636 caeteri
1032 5564 1286 5636 mss._ut_
1325 5554 1378 5608 in
1426 5562 1574 5636 textu
1600 5569 1639 5635 ς.
1667 5554 1713 5607 si
1745 5561 1924 5636 tamen

332 5623 580 5692 Clarom.
635 5623 906 5703 excipias,
957 5631 1008 5684 in
1037 5644 1144 5700 quo
1185 5627 1410 5698 legitur,
1441 5625 1530 5696 qui
1558 5623 1694 5680 enim
1714 5623 1846 5679 videt
1869 5624 1924 5678 in

335 5706 665 5771 abscondito,
693 5705 826 5759 videt
847 5713 894 5758 te
921 5703 1296 5773 deprecantem.

421 5778 449 5816 ἀ
483 5769 808 5833 Βοωζεόίι.
830 5769 997 5849 sola.,
1025 5773 1092 5849 Et
1117 5775 1204 5845 qui
1227 5788 1340 5829 cum
1362 5769 1588 5826 clamore
1615 5775 1761 5838 rogat
1783 5782 1922 5849 eum:

348 5852 453 5912 Est
492 5859 675 5908 autem
703 5849 866 5906 etiam
909 5847 996 5903 hic
1046 5847 1195 5902 locus
1237 5860 1305 5900 ex
1334 5859 1524 5900 eorum
1554 5853 1804 5906 numero,
1832 5847 1926 5909 qui

793 5944 1065 6011 Panos.
1114 5936 1282 5999 XVI.

2008 3287 2157 3335 tuum
2187 3279 2498 3352 indignatio
2522 3283 2639 3351 iraa,
2669 3300 2736 3341 ne
2761 3287 2983 3357 quidam
3015 3287 3167 3345 furor
3193 3290 3452 3362 impediat
3481 3311 3611 3350 ora-

2009 3370 2211 3429 tionem
2265 3382 2409 3429 tuam
2447 3393 2460 3428 :
2493 3375 2591 3432 sed
2637 3377 2812 3448 magis
2865 3379 3081 3449 placido
3125 3383 3323 3440 accede
3365 3395 3604 3456 pectore.

2007 3463 2146 3532 Quid
2174 3464 2317 3520 enim
2368 3468 2671 3524 irasceris?
2710 3470 2914 3527 Servus
2960 3475 3355 3542 peccavit?Tu
3392 3480 3610 3536 accedis

2009 3556 2078 3612 ad
2106 3558 2432 3627 orationem,
2464 3569 2525 3616 ut
2555 3572 2642 3617 tua
2690 3561 2786 3619 tibi
2829 3564 3029 3623 delicta
3074 3568 3378 3641 donentur,
3419 3581 3476 3630 et
3522 3576 3576 3630 al

2012 3649 2338 3722 indignaris.
2368 3652 2484 3710 Hoc
2503 3663 2607 3723 est,
2634 3655 2746 3712 sine
2772 3657 2870 3713 ira.

2649 3767 2876 3829 CAPUT
2907 3774 2973 3830 ν.

2016 3858 2096 3915 De
2125 3860 2420 3915 inordinata
2447 3862 2710 3917 orantium
2748 3865 3141 3935 disceptatione,
3165 3879 3212 3925 et
3238 3887 3338 3941 qua
3364 3875 3612 3931 modestia

2095 3954 2337 4008 mulieres
2365 3970 2517 4009 orare
2538 3966 2768 4027 oporteat
2794 3973 2813 4012 :
2840 3958 2963 4013 item
2987 3961 3050 4014 de
3076 3963 3394 4020 inchoatione
3418 3972 3612 4024 oratio-

2091 4047 2191 4115 nis,
2210 4050 2428 4120 ejusque
2445 4049 2611 4105 medio
2626 4067 2686 4106 ac
2700 4052 2835 4120 ﬁne;
2857 4069 2975 4106 cum
2994 4055 3174 4111 iterata
3193 4057 3474 4118 Dominij
3494 4081 3615 4121 ora-

2096 4141 2253 4195 tionis
2279 4142 2614 4212 expositione,
2640 4159 2755 4214 qua:
2780 4153 3055 4201 tractatum
3074 4150 3211 4205 ducit
3233 4152 3302 4206 ad
3320 4156 3607 4215 umbilicos.

2087 4232 2183 4290 20.
2224 4232 2380 4290 Nunc
2406 4233 2475 4290 de
2505 4233 2898 4307 disceptatione
2942 4239 3243 4300 videamus.
3285 4244 3611 4324 Plerumque

2026 4403 2946 4496 blbertini‘aintixeruconﬁguntur.
2973 4410 3222 4496 Attamen
3246 4417 3293 4472 si
3322 4418 3368 4474 is
3389 4421 3583 4496 ineptit

2024 4491 2190 4558 “1"“0
2217 4471 2826 4558 ⁵¹¹¹³ν⁰¹¹ίιυ¹ῐ.θ3¹¹“.ᾇυὶ
2867 4479 3066 4538 clamat
3107 4502 3211 4542 ηοη
3253 4471 3606 4558 insessa:

2025 4547 2136 4629 Deo
2162 4563 2415 4629 umquam
2436 4547 2758 4629 audiri,__nisi
2781 4552 3132 4629 clamantem;
3158 4547 3278 4629 quis
3301 4578 3405 4618 non
3422 4547 3606 4626 vidimus

2024 4620 2105 4710 ab‘
2116 4619 2501 4710 impioaliquo
2517 4621 2750 4710 similem
2773 4624 3097 4710 calumniam
3120 4619 3256 4710 strui
3289 4619 3446 4701 posse
3466 4619 3606 4710 ipsi:

1943 4715 1998 4776 D
2026 4699 2136 4779 met
2160 4692 2406 4779 Christo,
2424 4691 2682 4779 nimirum
2711 4695 2862 4779 quasi
2883 4697 3024 4779 apud
3048 4691 3356 4759 Matthzeum
3383 4691 3605 4779 cip’fii,

2024 4762 2107 4817 eis
2132 4763 2224 4832 qui
2254 4771 2472 4840 orantes
2488 4764 2732 4840 _t_nultu_m
2761 4762 3093 4840 loquuntur,
3129 4762 3606 4840 [versuasuniress-é

2023 4837 2369 4916 alpposuem
2389 4833 2520 4916 {mm
2545 4850 2602 4888 se
2631 4836 2738 4916 "isi.
2759 4836 2812 4892 i"
2836 4833 3173 4916 ¹ᾖ¹³¹ἓί¹οίιιιῖο
3198 4833 3600 4916 impetraturos:

2025 4904 2223 4988 Verum
2275 4913 2333 4959 ut
2380 4905 2904 4988 Auctoremilocum
2949 4904 3094 4988 hunc
3121 4904 3602 4988 evangelicumre:

2023 4976 2270 5051 Spexisse
2301 4977 2579 5051 probabile
2624 4987 2745 5042 est,
2780 4981 2848 5034 ita
2880 4996 2980 5036 nec
3005 4984 3183 5042 minus
3224 4976 3291 5043 ad
3334 4976 3600 5051 clamores

2024 5050 2408 5123 prophetarum
2445 5049 2582 5123 _Baa_l
2607 5091 2622 5116 ,
2654 5066 2754 5105 nec
2786 5068 2891 5107 non
2922 5054 2989 5108 ad
3023 5055 3155 5111 Elia:
3182 5061 3342 5116 verba
3379 5049 3603 5123 eosdem

2022 5119 2089 5175 Ill
2120 5119 2254 5190 Reg.
2283 5135 2411 5174 xvm
2444 5120 2718 5177 irridentis
2734 5123 2945 5178 videtur
2973 5124 3239 5184 allusisse.

2107 5201 2130 5228 θ
2159 5191 2286 5266 Mss.
2316 5191 2546 5266 aliquot,
2572 5194 2744 5248 virtuti
2759 5206 2854 5261 est,
2885 5212 2987 5249 non
3015 5201 3220 5265 pudori.
3253 5201 3458 5260 Rursus
3481 5223 3608 5266 vero

2030 5262 2190 5332 longe
2220 5263 2436 5337 plurimi
2465 5265 2749 5337 exhibent,
2776 5267 2909 5321 levas
2931 5262 3088 5337 puras
3113 5287 3316 5326 manus.
3342 5315 3354 5328 .
3385 5316 3398 5331 .
3427 5318 3440 5330 .
3471 5262 3607 5336 levas

2030 5342 2301 5416 eas,.etc.,
2331 5334 2422 5416 ubi
2449 5335 2804 5416 aliiﬁnonnulli
2835 5349 2888 5393 et
2916 5334 3286 5416 atnnes_edit.,
3323 5345 3460 5416 leva,
3493 5334 3600 5408 etc.

2030 5405 2196 5476 Magis
2218 5407 2505 5462 concinne.
2529 5407 2681 5476 Quod
2697 5420 2874 5465 autem
2899 5411 3158 5478 praemisit
3179 5405 3319 5470 inter
3339 5405 3602 5478 orandum

2032 5493 2263 5558 crucem
2271 5478 2489 5558 Domini
2519 5479 2773 5549 gentibus
2801 5481 3178 5558 ostentandam
3207 5502 3311 5540 non
3339 5504 3481 5558 esse,
3513 5511 3602 5552 ve.

2033 5559 2200 5622 terem
2224 5549 2651 5622 Christianorum
2674 5566 2850 5615 usum,
2875 5565 2980 5620 quo
2999 5554 3364 5622 supplicantes
3391 5549 3608 5622 brachia

2035 5621 2294 5696 tollebant
2321 5621 2386 5696 in
2416 5623 2593 5696 crucis
2645 5622 2884 5696 modum.
2946 5621 3165 5681 indicat.
3204 5627 3336 5687 Vide
3366 5633 3460 5692 lib.
3495 5621 3606 5696 ide

2033 5693 2208 5763 Virg.,
2236 5708 2288 5748 c.
2317 5691 2373 5758 2,
2405 5700 2460 5747 et
2486 5693 2562 5746 lib
2593 5709 2650 5756 η,
2683 5707 2803 5762 cap.
2834 5692 2888 5746 4.

2110 5764 2127 5801 ί
2158 5764 2358 5845 Omnes
2379 5764 2510 5818 edit.
2537 5778 2598 5844 ac
2624 5778 2753 5845 mss.
2787 5764 3050 5845 nonnulli,
3072 5773 3287 5838 accedit,
3320 5793 3382 5831 ne
3409 5791 3610 5845 μανίην-

2035 5836 2112 5891 bet
2141 5835 2372 5890 animum
2395 5849 2547 5888 suum
2570 5833 2877 5901 indignatio,
2913 5852 2975 5891 ne
2997 5833 3091 5896 ira:
3117 5833 3325 5912 quidam
3349 5833 3612 5920 {ui-siin}-

2929 5933 3110 6030 ἰδ
