4042 6294
304 297 406 369 ttis
953 340 959 367 μ
1137 310 1224 366 ms
1262 308 1707 370 etiamnum
1742 304 1922 371 metu
1954 309 2112 367 nuo.
2153 304 2553 368 annoanno.
3491 306 3601 366 ιω

302 423 583 481 Hinorasti
612 442 725 483 eum
745 428 902 499 paulo
927 408 1093 484 minui
1114 427 1176 484 ab
1200 429 1420 498 angelis,
1446 431 1613 501 gloria
1632 439 1678 485 et
1703 430 1896 486 honore
1924 432 1973 494 Α
2001 437 2088 485 ret
2114 436 2301 486 tenere
2348 426 2492 499 quod
2549 426 2764 498 accepit
2804 440 2833 481 a
2883 424 3029 481 Deo:
3059 423 3088 463 δ
3136 433 3192 480 et
3219 424 3423 481 oblatio
3463 427 3608 481 sicut

301 518 563 575 coronasti
584 534 722 585 eum,
745 530 792 581 et
814 521 1121 579 consuluisti
1148 538 1263 577 eum
1289 539 1444 593 super
1466 540 1625 594 opera
1646 541 1889 580 uiantium
2004 521 2179 579 hostia
2206 537 2337 593 pura
2360 564 2375 587 ,
2404 522 2459 577 in
2491 520 2647 577 vobis
2676 533 2898 593 semper
2940 533 3098 576 suum
3131 517 3472 590 signaculum
3518 535 3607 574 re-

196 646 202 653 .
299 621 506 673 tuarum
536 607 746 683 (lbid.,
775 612 830 678 6,
853 614 883 669 7
908 612 949 686 ).
980 613 1048 670 Ει
1069 615 1174 671 alia
1195 616 1490 685 gratiarum
1511 617 1682 673 actio:
1709 616 1900 673 Omnia
2004 626 2323 688 cognoscat,
2354 626 2415 673 ιιι
2440 626 2498 674 et
2526 616 2629 687 ipsi
2659 615 2725 671 ad
2758 614 2987 687 gratiam
3010 622 3064 673 st
3086 611 3155 669 ad
3183 614 3407 686 prmmia
3435 612 3609 669 virtu-

300 702 569 775 subjecisti
596 704 691 758 sub
707 704 918 774 pedibus
943 708 1080 777 ejus,
1109 723 1226 763 oves
1261 717 1306 763 et
1328 706 1476 765 boves
1503 709 1789 777 universas,
1817 711 1901 769 in-
2008 719 2127 767 tum
2146 713 2434 783 pervenire
2458 713 2699 784 possitis.
2726 728 2821 782 per
2838 711 3130 768 Dominum
3155 718 3401 766 nostrum
3422 710 3607 767 .Iesum

299 809 455 867 super
481 804 531 851 et
556 812 744 865 pecora
762 799 955 868 campi,
984 809 1091 856 etc.
1125 799 1317 872 (Ibid.,
1345 801 1380 857 8
1405 811 1452 855 et
1482 818 1587 872 seq.
1618 804 1658 871 ).
2010 806 2323 874 Christum;
2353 809 2441 864 cui
2468 815 2555 863 est
2587 808 2784 880 gloria,
2814 806 3012 872 honor,
3045 805 3184 871 laus,
3214 804 3550 875 perpetuitas
3579 819 3609 859 a

373 887 466 945 26.
502 888 800 951 nocuimus
852 906 953 962 pro
999 902 1162 963 captu
1210 901 1399 950 nostro
1428 902 1457 933 ι
1498 894 1726 951 forsitan
1759 895 1902 966 quod
2012 902 2254 967 stoculis,
2286 911 2343 958 et
2368 916 2533 970 nunc,
2566 910 2623 958 et
2651 915 2891 972 semper,
2921 900 3055 956 etin
3085 898 3269 955 omnia
3295 900 3495 954 secula
3518 914 3613 956 sm-

303 995 413 1045 nou
446 980 768 1049 didicimus;
812 993 869 1045 et
907 994 969 1041 ut
1014 986 1315 1056 potuimus,
1343 988 1736 1057 expressimus.
1764 987 1906 1045 ειη-ι
2013 994 2286 1051 culorum.
2319 994 2517 1052 Amen.

301 1072 465 1131 ctitns
484 1084 662 1141 vestra
692 1077 951 1137 institutis
976 1079 1407 1139 sacerdotalibus
1428 1082 1741 1152 informata,
1767 1085 1910 1142 labo-

302 1219 499 1296 gentes.
534 1211 706 1296 Minus
730 1213 1041 1296 commode.
1086 1213 1155 1269 At
1193 1216 1351 1296 lion».
1388 1216 1517 1296 odit.
1551 1218 1661 1296 salu
1685 1262 1703 1296 ,
1730 1235 1895 1275 mcre-
2006 1220 2175 1296 ciunt,
2207 1219 2308 1277 nisi
2338 1224 2480 1296 qttod
2511 1236 2611 1296 pro
2640 1223 2773 1296 sicut
2806 1220 3055 1278 Valliluc.
3104 1220 3258 1296 legit,
3291 1221 3355 1296 sit
3376 1234 3438 1296 ut
3463 1264 3476 1288 ,
3505 1239 3611 1296 non

306 1291 492 1363 retur__.
522 1324 536 1338 .
564 1325 577 1340 .
608 1325 620 1339 .
644 1285 820 1363 stellas
860 1286 1088 1363 homines
1110 1286 1329 1363 caelestis
1355 1289 1537 1363 gloria;
1567 1291 1895 1363 refulgentes.
2008 1291 2321 1363 incongrue.
2342 1285 2786 1363 Reliquitandetn
2808 1305 2861 1348 et
2884 1309 3077 1348 omnes
3102 1285 3417 1349 edit.vnobis
3447 1285 3610 1349 etiam

380 1362 407 1391 ⁸
447 1354 609 1415 Rom.
656 1356 789 1415 edit.
820 1358 970 1424 sola,
1006 1360 1229 1430 forsitan
1258 1354 1396 1430 quod
1418 1378 1451 1415 a
1498 1354 1725 1417 Domino
1762 1362 1904 1418 didi-
2007 1354 2298 1437 accedunt,
2325 1354 2552 1435 excepta
2580 1365 2775 1437 vocula
2797 1407 2813 1433 ,
2844 1374 2892 1423 et
2916 1406 2933 1434 ,
2962 1380 3126 1437 quam
3154 1365 3494 1437 praemittunt
3526 1365 3613 1421 di-

302 1425 487 1508 cimus:
886 1500 899 1508 ἡ
1007 1425 1017 1430 '
1095 1502 1140 1508 __
1206 1505 1215 1508 _
1269 1425 1327 1508 ’_
1453 1504 1463 1508 _
1571 1507 1574 1508 ν
1858 1506 1866 1508 ᾗ
2011 1425 2296 1495 ειίοηίιιιιέ
2336 1436 2392 1493 iu
2442 1425 2619 1506 uobis,
2665 1425 3348 1508 boc'tuodu'sentéatiam
3394 1436 3622 1497 camino

378 1497 570 1582 b’Mss.
598 1516 708 1556 non
743 1500 933 1585 pauci,
958 1510 1015 1555 ut
1055 1502 1248 1559 oblatio
1284 1503 1416 1561 sicut
1441 1504 1612 1567 hostia
1653 1523 1819 1579 pura,
1848 1506 1903 1561 in
2012 1520 2466 1581 corrumpentes.

378 1570 448 1610 in:
493 1579 580 1610 nlo
660 1584 790 1610 cane
821 1573 1137 1610 nnmmndn-
1169 1573 1259 1610 alii
1294 1568 1474 1610 nl..an
1510 1577 1792 1610 "uidemur.
1824 1576 1899 1610 ἲηᾼ
1932 1549 1982 1610 Β

304 1570 469 1638 vobis,
493 1579 628 1640 etc.,
660 1568 793 1629 satis
821 1568 1139 1631 commode:
1168 1573 1263 1631 alii
1294 1568 1477 1648 plures
1510 1568 1900 1653 nobiscum'la-

1686 1713 1973 1725 *-

723 1823 843 1906 ΙΝ
918 1824 1329 1909 LIBROS
1404 1826 1563 1909 DE
1638 1825 2418 1912 POENITENTIA
2495 1825 3209 1915 ADMONITIO.

388 2102 822 2175 Quandoquidem
847 2105 903 2160 lii
920 2104 1024 2163 duo
1056 2105 1178 2163 libri
1203 2106 1446 2163 aduersus
1473 2106 1800 2164 Novatianos
1824 2108 2007 2179 scripti
2028 2107 2195 2179 fuere,
2222 2117 2279 2163 ut
2308 2108 2568 2164 Ambrosii
2594 2108 2888 2176 consilium,
2907 2107 3080 2178 operis
3100 2108 3231 2162 ordo
3259 2115 3413 2178 atque
3441 2106 3626 2173 series,

308 2195 387 2263 vis
413 2214 477 2267 ac
501 2202 707 2268 pondus
732 2209 1158 2271 argumentorum
1189 2202 1506 2271 percipiatur
1529 2202 1722 2258 minori
1750 2206 1977 2277 negotio,
2010 2218 2115 2258 non
2148 2203 2412 2275 ingratum
2436 2202 2618 2257 lectori
2642 2205 2875 2273 futurum
2918 2201 3187 2267 duximus,
3235 2200 3279 2253 si
3317 2199 3435 2267 eius
3466 2195 3636 2255 oculis

309 2293 452 2349 unde
491 2300 604 2347 orta
625 2293 691 2347 sit
716 2292 810 2349 illa
835 2292 1071 2363 luemis,
1099 2311 1228 2366 quos
1283 2294 1520 2351 habuerit
1561 2311 1887 2368 progressus,
1918 2310 2083 2367 quoue
2103 2296 2160 2351 in
2188 2305 2330 2355 statu
2356 2295 2536 2366 fuerit,
2574 2311 2694 2350 cunt
2730 2294 2891 2350 iidem
2910 2294 3031 2349 libri
3055 2293 3477 2361 lucubrarentur,
3510 2308 3635 2364 pro-

313 2397 591 2451 ponamus.
2483 2430 2488 2437 .

392 2473 529 2537 Dicti
560 2484 677 2531 sunt
714 2474 997 2539 Novatiani
1023 2477 1089 2533 ab
1113 2478 1408 2535 auctoribus
1434 2487 1589 2535 seetse
1612 2477 1818 2537 Nouato
1842 2488 1890 2535 et
1917 2477 2239 2549 Horatiano,
2261 2496 2389 2551 quos
2419 2480 2551 2537 inter
2577 2496 2632 2536 se
2652 2496 2765 2535 cum
2788 2481 3022 2552 plerique
3047 2490 3272 2536 veterum
3294 2521 3309 2549 ,
3343 2490 3391 2536 et
3419 2479 3633 2538 Grtecoo

314 2583 438 2635 rum
464 2567 745 2640 imprimis,
794 2568 929 2635 male
967 2569 1312 2641 confundant,
1346 2586 1622 2640 numquam
1654 2587 1757 2626 nou
1791 2570 2063 2644 distinguit
2108 2569 2428 2627 Ambrosius.
2478 2569 2685 2626 Horum
2732 2571 2877 2642 prior
2914 2570 3339 2644 Carthaginensis
3381 2569 3637 2626 Ecclesia

315 2658 584 2732 presbyter
612 2663 736 2733 fuit,
759 2675 1043 2729 numquam
1071 2675 1187 2719 vero
1210 2661 1278 2715 ad
1307 2661 1647 2731 episcopalem
1697 2662 1924 2730 pervenit
1963 2661 2267 2732 dignitatem
2283 2679 2301 2727 ,'
2342 2677 2446 2735 qua
2475 2661 2528 2716 in
2550 2678 2607 2717 re
2628 2660 2908 2729 Baronius,
2939 2658 3207 2729 Petavius,
3237 2660 3441 2717 Lubens
3465 2670 3512 2717 et
3540 2662 3635 2716 alii

316 2750 564 2817 nonnulli
594 2760 914 2807 erraverunt.
964 2749 1020 2807 ls
1044 2762 1153 2823 erat
1175 2753 1347 2807 animo
1377 2754 1597 2822 inquieto
1626 2762 1676 2807 et
1715 2755 1999 2820 scelerato,
2047 2770 2209 2824 neque
2244 2752 2485 2811 adaliud
2511 2753 2678 2827 magis
2714 2771 2870 2825 quam
2899 2754 2967 2811 ad
2993 2771 3077 2810 res
3104 2770 3264 2813 navas
3306 2764 3630 2825 comparato.

315 2840 476 2913 Idem
512 2859 566 2898 se
590 2844 927 2913 conjunxerat
972 2841 1318 2915 Felicissimo,
1352 2845 1441 2913 qui
1464 2844 1621 2914 lapsis
1660 2845 1715 2900 in
1738 2845 2090 2903 idololatrian:
2121 2847 2269 2903 nulla
2313 2846 2554 2918 imposita
2603 2863 2755 2916 ptrua
2783 2846 3104 2904 reddendam
3149 2865 3326 2920 pacem
3360 2848 3638 2904 delirabat.

318 2936 492 3012 Cujus
517 2937 702 3007 ltwresi
722 2953 824 3007 quo
837 2936 1135 3010 plusculum
1155 2937 1450 2993 conciliaret
1478 2936 1803 2993 auctoritatis
1834 2953 1947 2992 eum
1975 2937 2117 3001 omni
2147 2948 2259 2993 arte
2299 2948 2453 3008 atque
2503 2936 2697 2997 ambitu
2738 2938 3000 3008 protrudit
3028 2938 3098 2993 ad
3137 2939 3500 3007 diaconatum,
3530 2954 3639 2994 nou

320 3028 485 3085 modo
505 3046 604 3107 nou
645 3040 935 3105 annuente,
967 3030 1056 3095 sed
1087 3046 1149 3097 ne
1184 3030 1416 3087 consulto
1450 3028 1659 3099 quidem
1698 3027 1926 3083 tmtistite
1952 3026 2118 3103 ipsius
2141 3027 2426 3099 Cypriano.
2456 3026 2598 3087 Huic
2624 3028 2847 3097 facinori
2871 3028 2979 3089 alia
3006 3038 3119 3091 tuus
3141 3029 3503 3096 impudicitiaz,
3528 3040 3639 3087 tum

318 3129 515 3182 atrocis
536 3127 855 3182 crudelitatis
881 3125 1034 3198 plena
1064 3126 1324 3180 cumulum
1350 3124 1687 3189 addiderunt,
1726 3132 1938 3194 propter
1965 3138 2081 3195 qua:
2110 3122 2220 3176 dies
2253 3138 2285 3175 a
2313 3120 2562 3192 fratribus
2589 3123 2635 3175 ei
2681 3123 2850 3177 dictus
2889 3131 2965 3176 est
2994 3123 3137 3194 apud
3168 3121 3484 3195 Cyprianum
3503 3140 3522 3178 :
3546 3125 3640 3179 sed

320 3237 569 3291 renouata
589 3243 677 3299 per
700 3227 756 3281 id
782 3227 1025 3299 temporis
1052 3227 1373 3299 persecutio,
1416 3242 1480 3283 ne
1520 3222 1739 3279 ulterius
1777 3222 1831 3277 in
1863 3220 2100 3283 eumdem
2128 3221 2498 3291 inquireretur,
2526 3218 2805 3288 prohibuit.
2838 3217 2977 3278 Usus
3004 3236 3067 3281 ea
3099 3221 3375 3276 occasione
3397 3219 3637 3278 Novatus

326 3314 553 3383 Romam
575 3318 838 3390 profugit;
856 3333 1011 3387 eoque
1034 3333 1152 3372 cum
1176 3318 1270 3370 sub
1299 3316 1421 3370 anni
1449 3312 1551 3370 251
1586 3313 1792 3367 initium
1819 3312 2058 3377 venisset,
2079 3311 2276 3367 clerum
2295 3326 2357 3369 ac
2380 3310 2628 3381 pupulum
2648 3309 2720 3367 ibi
2738 3308 2956 3377 olcudit
2980 3310 3048 3369 de
3074 3312 3372 3383 suﬁcietsdo
3391 3315 3639 3386 pontiﬁce

326 3409 386 3463 in
405 3409 572 3471 locum
602 3409 825 3469 Fabiani
852 3428 954 3473 non
981 3409 1180 3481 pridem
1210 3408 1457 3479 martyrio
1484 3405 1658 3474 affecti
1687 3405 2064 3469 dissentientes.

403 3501 586 3561 Divisa
611 3505 965 3563 Romanarum
993 3506 1167 3562 studia
1193 3506 1297 3563 duo
1323 3505 1606 3577 presbyteri
1632 3505 1685 3560 in
1714 3520 1769 3559 se
1797 3511 2165 3571 converterant,
2196 3501 2466 3561 Cornelius
2496 3511 2543 3559 et
2571 3500 2921 3559 Nepotianus.
2970 3501 3071 3558 llic
3099 3505 3378 3561 stoicorum
3409 3505 3643 3576 philoso-

327 3600 557 3673 phorum
582 3602 710 3663 scita
743 3602 1099 3677 profitebatur,
1126 3602 1276 3659 homo
1297 3602 1532 3659 acerrimi
1563 3601 1776 3673 ingenii,
1808 3601 2098 3675 multijugte
2117 3600 2388 3666 doctrinm,
2423 3617 2513 3661 nec
2534 3600 2795 3670 facundiae
2810 3600 3039 3673 vulgaris
3062 3618 3080 3656 :
3100 3617 3279 3656 verum
3298 3611 3642 3674 praeterquam

323 3695 471 3768 quod
499 3696 800 3765 εφφτσὶεηιὶε
819 3698 1076 3770 subjectus
1105 3700 1295 3774 fuerat,
1322 3714 1440 3755 eum
1462 3698 1516 3752 in
1537 3697 1667 3753 lecto
1697 3706 1910 3769 propter
1936 3696 2207 3757 aduersam
2227 3697 2571 3753 valetudinem
2596 3698 2914 3769 baptizatum
2943 3714 3092 3754 sacra
3110 3699 3349 3753 unctione
3373 3699 3648 3769 episcopus

323 3806 432 3857 non
462 3790 872 3863 consignaperat.
912 3790 1174 3864 Neglectis
1201 3802 1371 3847 tamen
1395 3791 1534 3847 hisce
1562 3789 1865 3862 defectibus,
1895 3790 2066 3861 ipsum
2085 3790 2219 3849 idem
2251 3791 2444 3861 prtesul
2471 3790 2665 3846 ltonore
2684 3791 2994 3851 sacerdotali
3021 3790 3266 3862 dignatus
3295 3799 3402 3855 est;
3431 3790 3569 3845 unde
3590 3790 3645 3843 in

324 3888 522 3943 animis
542 3887 724 3958 populi
749 3888 890 3947 haud
916 3904 1125 3958 paruam
1155 3887 1395 3945 evitavit
1418 3884 1768 3953 oﬂ'ensionem.
1798 3884 1982 3955 Itaque
2009 3900 2124 3945 cum
2146 3885 2202 3940 in
2228 3884 2522 3954 pontiﬁcem
2552 3885 2705 3953 plura
2723 3886 3051 3957 justioraque
3076 3882 3328 3956 suffragia
3347 3883 3646 3939 Cornelium

326 3979 651 4045 retulissent,
680 3979 845 4035 uirum
870 3978 1069 4034 eximite
1090 3978 1310 4043 uirtutis,
1336 3989 1487 4046 atque
1514 3977 1565 4030 in
1588 3976 1807 4048 singulis
1838 3974 2086 4034 Ecclesia
2106 3975 2356 4049 gradibus
2381 3976 2739 4042 exercitatum,
2774 3973 3099 4033 Nouatiauus
3121 3975 3345 4045 repulsa
3369 3975 3648 4043 impatiens

327 4072 633 4131 electionem
661 4072 806 4131 illaut
834 4080 1052 4129 evertere
1079 4087 1251 4129 secum
1281 4071 1483 4129 stamit.
1515 4068 1629 4125 Hoc
1658 4071 1935 4141 incoeptum
1963 4080 2020 4127 ut
2046 4070 2332 4141 perﬁceret,
2367 4074 2627 4136 famosum
2658 4069 2889 4128 libellum
2914 4070 3121 4140 scripsit
3148 4071 3202 4125 in
3221 4068 3513 4126 Cornelium
3538 4086 3558 4125 :
3585 4087 3647 4125 ac

330 4166 557 4241 denique
579 4166 955 4233 ordinationem
982 4168 1094 4236 ejus
1122 4165 1312 4220 idcirco
1339 4165 1619 4239 legitimam
1648 4180 1755 4220 esse
1786 4165 2008 4238 negavit,
2070 4164 2209 4236 quod
2231 4180 2316 4219 eos
2357 4161 2680 4225 Christianos
2714 4166 2804 4236 qui
2851 4165 3074 4223 mienti
3101 4165 3450 4235 persecutione
3492 4166 3649 4220 thura

326 4262 490 4327 idolis
513 4262 861 4330 adoleverunt,
885 4279 916 4316 a
942 4279 1040 4327 sua
1063 4261 1420 4319 communione
1448 4276 1550 4316 non
1580 4260 1831 4334 rejiceret.
1863 4259 2090 4319 Pellexit
2110 4261 2166 4316 in
2191 4260 2472 4330 factionem
2497 4277 2645 4319 suam
2675 4277 2781 4317 non
2801 4277 2995 4331 paucos
3022 4277 3050 4317 e
3069 4262 3264 4333 populo
3283 4278 3301 4318 :
3321 4278 3475 4334 quam
3493 4278 3648 4318 occa-

328 4357 533 4431 sionem
551 4354 787 4417 Novatus
809 4354 959 4419 rebus
983 4356 1092 4413 suis
1119 4364 1462 4429 oppprtuuam
1492 4362 1660 4417 ratus,
1693 4351 1742 4407 Ν
1752 4351 1993 4416 ovatiauo
2014 4368 2068 4409 se
2096 4353 2432 4417 mancipauit.
2460 4348 2629 4423 Igitur
2656 4362 2713 4407 ut
2746 4367 2839 4420 pro
2861 4351 2997 4407 uirili
3058 4362 3376 4421 promoveret
3411 4352 3646 4427 ejusdem

332 4458 533 4520 partes,
559 4449 613 4503 id
632 4448 826 4521 tecttnis
848 4448 955 4507 suis
975 4458 1049 4505 est
1078 4457 1399 4513 consecutus,
1424 4456 1476 4505 ut
1505 4446 1595 4501 ille
1616 4462 1646 4499 a
1673 4444 1838 4511 tribus
1860 4446 2130 4516 episcopis,
2158 4462 2284 4517 quos
2299 4446 2456 4501 rudes
2485 4454 2533 4503 et
2556 4445 2819 4517 simplices
2833 4444 2895 4501 ab
2917 4445 3108 4517 exigua
3136 4456 3185 4503 et
3204 4448 3454 4504 uilissima
3471 4445 3648 4503 Italia:

331 4555 486 4617 parte
514 4545 580 4605 ad
602 4544 698 4599 boc
721 4544 993 4610 exciverat,
1021 4542 1352 4599 ordinaretur
1386 4541 1439 4599 iu
1483 4541 1810 4615 pontiﬁcem;
1840 4541 1977 4601 unde
2005 4549 2112 4597 tum
2145 4542 2370 4612 primum
2386 4542 2651 4613 autipapa:
2693 4558 2879 4601 nomen
2917 4559 2950 4598 a
2974 4543 3256 4598 constituta
3292 4542 3484 4600 Christi
3526 4544 3651 4600 reli-

330 4635 490 4709 gione
517 4635 836 4708 incognitum
868 4633 1040 4689 audiri
1064 4634 1235 4705 capit.
1258 4632 1648 4699 Ordinationent
1662 4648 1809 4689 suam
1837 4632 1975 4695 datis
2002 4632 2187 4691 litteris
2214 4633 2483 4703 missisque
2507 4634 2689 4707 legatis
2713 4634 2975 4705 Africana:
2999 4646 3155 4707 atque
3180 4636 3436 4693 orientali
3460 4635 3651 4694 Εεειε-

332 4727 431 4783 δὶα*
445 4727 791 4801 signiﬁcavit:
813 4725 902 4789 sed
930 4742 990 4781 ea
1015 4724 1195 4797 ubique
1222 4724 1489 4796 repudiata
1515 4733 1609 4779 est.
3128 4748 3137 4755 ~

412 4816 633 4881 Interim
657 4828 713 4879 ut
752 4817 999 4881 invidiam
1021 4816 1256 4872 Cornelio
1277 4816 1504 4887 conflare
1520 4824 1771 4888 pergeret,
1803 4831 1864 4869 ac
1893 4815 1990 4871 sibi
2014 4816 2371 4872 auctoritatem
2392 4818 2613 4888 quodam
2640 4818 2933 4889 disciplinae
2957 4826 3076 4893 fuco
3104 4834 3449 4896 corripui-ant,
3480 4823 3634 4880 ἀοεε.

335 4911 428 4966 bat
453 4928 513 4967 ea
542 4920 794 4983 potestate
830 4927 1004 4987 carere
1032 4910 1315 4981 Ecclesium
1339 4926 1441 4980 qua
1464 4910 1748 4979 lapsorum,
1773 4925 1903 4980 quos
1942 4909 1996 4975 in
2034 4908 2389 4975 Libellatiws
2410 4952 2426 4977 ,
2457 4910 2889 4975 Thurilicatoxes
2912 4958 2927 4984 ,
2957 4926 3012 4971 et
3042 4917 3331 4987 Apama;
3354 4918 3641 4988 distingue.

336 5002 494 5071 bant,
526 5006 723 5060 crimen
752 5004 1093 5059 dimitteretur
1112 5045 1126 5070 ,
1159 5020 1273 5058 cum
1300 5013 1467 5058 tamen
1494 5002 1699 5057 eosdem
1727 5001 1796 5055 ad
1824 5003 2136 5074 poenitentia:
2162 5019 2321 5074 opera
2344 5003 2695 5061 exhortandos
2726 5024 2833 5063 esse
2863 5011 3163 5083 neutiquam
3200 5023 3427 5083 negaret.
3462 5010 3642 5069 Primo

334 5098 548 5170 quidem
573 5100 659 5156 isti
686 5099 779 5155 Iros
799 5101 935 5155 intra
960 5101 1090 5170 fines
1110 5114 1166 5154 se
1184 5097 1531 5152 continebant.
1566 5095 1672 5153 Sed
1696 5112 1812 5149 cum
1835 5097 2024 5151 acriter
2057 5105 2405 5173 premerentur
2430 5114 2461 5151 a
2487 5096 2754 5170 Cypriano
2784 5110 2831 5155 et
2852 5100 2970 5156 aliis
2996 5100 3265 5168 Patribus,
3293 5104 3383 5174 qui
3409 5120 3511 5157 non
3535 5105 3649 5160 sine

335 5212 548 5255 summa
567 5196 766 5269 injuria
787 5212 938 5265 quam
967 5195 1165 5250 veniant
1190 5194 1531 5248 atrocioribus
1554 5192 1797 5263 peccatis,
1824 5199 1948 5262 puta
1967 5190 2280 5259 homicidio,
2304 5201 2349 5246 et
2372 5190 2629 5247 adulterio
2658 5193 3024 5261 concedebant,
3054 5196 3199 5249 illaut
3224 5194 3347 5249 solis
3378 5196 3539 5265 lapsis
3561 5213 3653 5253 ne-

331 5292 457 5367 gari
484 5289 930 5355 demonstrabant;
969 5305 1028 5344 eo
1055 5288 1273 5356 denique
1299 5285 1559 5357 compulsi
1584 5294 1733 5352 sunt,
1767 5294 1822 5339 ut
1852 5295 2061 5361 peccata
2091 5287 2267 5357 omnia
2301 5286 2662 5355 contenderent
2694 5304 2841 5359 teque
2882 5304 2992 5343 esse
3020 5288 3415 5344 irremissibilia.
3452 5287 3652 5347 Puduit

327 5396 512 5444 tamen
546 5378 725 5440 eorum
747 5392 1021 5438 sectatores
1052 5382 1209 5453 hujus
1234 5384 1506 5447 amentiae;
1534 5389 1710 5451 postea
1738 5379 1873 5435 enim
1910 5396 2012 5435 non
2037 5381 2246 5453 defuere
2267 5422 2281 5447 ,
2314 5381 2401 5453 qui
2429 5380 2563 5437 Itane
2589 5383 2891 5437 sententiam
2921 5382 2991 5437 ad
3028 5384 3139 5438 sola
3162 5382 3409 5455 graviora
3436 5387 3654 5443 crimina

326 5481 633 5541 restrictum
657 5477 860 5533 vellent.

416 5574 608 5630 Arrisit
641 5574 877 5642 plurimis
907 5571 1190 5628 severitatis
1214 5569 1310 5626 illa
1331 5570 1539 5644 species,
1567 5570 1798 5640 brevique
1825 5584 1888 5624 es:
1916 5568 1995 5623 his
2024 5577 2163 5624 secta
2194 5584 2470 5623 numerosa
2496 5570 2816 5636 coalescens,
2848 5580 2901 5624 ut
2933 5569 2998 5622 ab
3037 5570 3342 5626 orthodoxis
3365 5573 3658 5648 distingue-

331 5683 510 5737 retur,
534 5669 632 5725 sibi
658 5669 985 5723 vanissimum
1006 5670 1263 5746 Καθαρῶν,
1298 5665 1351 5720 id
1380 5675 1477 5730 est,
1506 5663 1814 5719 mundorum
1835 5679 2018 5718 nomen
2046 5662 2330 5733 arrogavit.
2366 5660 2743 5734 EpiscOporum
2769 5661 2998 5731 ejusdem
3025 5674 3177 5719 secta:
3194 5665 3430 5737 amplum
3454 5672 3654 5728 catalo-

329 5785 470 5846 gum
494 5780 684 5837 magna
709 5778 824 5817 cum
847 5762 998 5816 laude
1020 5762 1143 5817 texit
1169 5762 1408 5817 Socrates
1431 5758 1571 5833 (Lib.
1596 5775 1647 5813 tv
1676 5757 1814 5813 Hist.
1838 5774 1954 5829 cap.
1973 5756 2087 5827 21).
2110 5753 2365 5810 Describit
2388 5755 2538 5808 etiam
2560 5763 2795 5825 suscepta
2820 5753 2884 5808 ab
2906 5755 3139 5825 eiusdem
3162 5761 3538 5831 professoribus
3558 5781 3654 5836 pro

334 5865 541 5925 Christi
570 5862 841 5919 divinitate
868 5862 1168 5926 certamina,
1202 5874 1481 5931 eorumque
1507 5868 1609 5914 tam
1633 5857 1829 5912 claram
1859 5855 1911 5910 in
1939 5853 2211 5925 suppliciis
2244 5851 2586 5906 constantiam
2614 5850 2774 5922 fuisse
2802 5851 2996 5921 tradit,
3029 5862 3085 5910 ut
3120 5870 3181 5914 ea
3206 5856 3404 5915 inducti
3430 5859 3530 5931 ipsi
3550 5857 3656 5916 Ca-
