4042 6294
419 352 522 410 465
1798 343 2015 405 SANCT

2113 340 2405 403 MBROSII
3616 329 3709 388 464

411 470 614 540 tholici,
654 483 828 542 preces
859 484 978 525 cum
1008 470 1115 526 illis
1142 469 1194 524 in
1227 469 1432 540 templis
1454 469 1683 540 ipsorum
1723 475 1962 536 optarent
1991 463 2212 518 sociare.
2247 461 2377 531 Qua:
2403 458 2612 533 quident
2642 458 2944 513 haberemus
2975 456 3146 510 minus
3174 459 3435 524 suspecta,
3465 451 3510 505 si
3540 466 3572 503 a
3597 449 3713 503 scri-

410 574 556 636 ptore
581 567 636 621 in
655 583 740 621 eas
771 574 944 636 partes
972 581 1076 619 non
1105 574 1208 619 tant
1239 579 1494 635 propenso
1517 561 1984 633 proﬁciscerentur.
2019 553 2153 612 Eam
2179 557 2414 612 haeresim
2439 554 2641 609 diversa
2662 553 2886 608 concilia
2907 549 3343 622 proscripserunt,
3367 556 3414 602 et
3433 546 3557 616 quid
3577 546 3629 598 in
3657 546 3712 598 iis

367 697 378 714 ι
411 663 498 730 qui
523 659 747 715 redirent
772 660 841 713 ad
875 658 1183 724 Ecclesium,
1209 655 1518 713 servandum
1546 663 1696 721 esset,
1725 662 2100 725 princeperunt.
2131 650 2380 719 Quamvis
2408 658 2580 704 autent
2609 647 2663 701 in
2690 646 2836 701 illam
2860 642 3077 700 Patrum
3101 641 3444 697 eruditissimi
3471 640 3712 694 calamum

411 753 746 816 strinxerint,
769 751 1072 822 ipsa'tamen
1102 761 1194 820 per
1220 765 1399 805 omnes
1429 751 1589 820 ferme
1613 746 1896 802 Christiani
1923 745 2061 801 orbis
2090 745 2273 816 plagas
2303 751 2594 816 propagata
2623 739 2912 795 diutissime
2935 738 3294 809 perseveravit.

485 843 740 900 Eamdem
766 843 861 899 hoc
888 842 944 897 in
967 851 1104 897 statu
1131 839 1351 909 offendit
1379 839 1704 905 Ambrosius,
1725 853 1842 892 cum
1864 838 2036 908 ipsum
2062 835 2202 890 hisce
2221 832 2422 888 duobus
2449 831 2597 887 libris
2621 846 2897 905 aggressus
2917 839 2988 885 est
3009 827 3166 902 (Cap.
3195 827 3272 900 1).
3301 825 3539 882 Primum
3568 826 3718 898 aptis-

409 939 539 992 sime
557 953 588 990 a
614 934 1006 1002 moderationis,
1033 951 1187 1006 quam
1211 934 1264 988 in
1289 931 1600 988 Novatianis
1624 927 1913 987 desiderari
1943 936 2138 982 certum
2163 934 2292 993 erat,
2323 923 2769 986 commendatione
2787 922 3009 976 orditur.
3034 919 3169 976 Tum
3190 920 3520 975 commissam
3550 915 3719 974 Eccle-

414 1030 506 1085 site
531 1029 809 1086 criminum
834 1026 1173 1100 quorumlibet
1200 1023 1630 1080 absolvendorunt
1661 1031 1964 1092 potestatem
1985 1018 2173 1074 astruit
2196 1015 2353 1088 (Cap.
2379 1013 2463 1086 2),
2495 1012 2666 1069 Deum
2687 1013 2758 1068 ad
2785 1012 3108 1068 clementiam
3131 1028 3288 1083 quam
3311 1011 3382 1066 ad
3407 1011 3720 1067 severitatem

415 1122 580 1196 magis
609 1135 920 1193 propensum
944 1134 1052 1174 esse
1077 1117 1437 1173 demonstrans
1471 1114 1626 1187 (Cap.
1669 1114 1706 1169 5
1735 1122 1781 1168 et
1801 1112 1883 1182 4).
1939 1110 2127 1166 Postea
2161 1123 2279 1164 vero
2311 1107 2395 1196 ubi
2435 1105 2716 1180 objectioni
2741 1123 2773 1160 a
2798 1104 3427 1196 divinaiimmutabilitate
3446 1107 3617 1196 petita:
3637 1123 3720 1160 sa-

416 1195 604 1288 tisfecit
633 1212 786 1286 (Cap.
803 1211 880 1285 5),
899 1213 1026 1285 ipsis
1047 1209 1274 1266 vicissim
1303 1226 1330 1265 e
1354 1208 1510 1264 variis
1533 1206 1823 1278 Scriptura
1851 1201 2180 1268 testimoniis,
2207 1214 2270 1254 ac
2296 1195 2620 1268 potissimum
2645 1211 2710 1288 ex
2729 1212 2789 1252 eo
2800 1195 2947 1288 quod
2971 1195 3130 1288 Petro
3159 1196 3278 1288 coeli
3295 1195 3464 1252 claves
3495 1195 3722 1253 Christus
3791 1273 3804 1282 _

413 1285 650 1382 promisit
689 1285 878 1380 (Num.
919 1305 990 1360 δὲ
1031 1315 1079 1361 et
1102 1305 1236 1376 55),
1276 1303 1464 1358 acriter
1491 1300 1672 1356 instat.
1722 1295 1819 1352 His
1849 1294 1958 1351 alia
1983 1301 2243 1349 momenta
2269 1306 2333 1345 ex
2374 1304 2554 1344 eorum
2583 1286 2855 1358 principiis
2883 1285 3214 1358 moribusque
3242 1286 3520 1382 desumpta
3551 1289 3722 1362 jungit

415 1380 574 1474 (Cap.
602 1402 681 1474 8).
707 1402 838 1458 Mox
863 1403 932 1458 ad
957 1401 1090 1456 alius
1121 1399 1431 1471 objectiones
1454 1395 1677 1468 gradum
1693 1392 1890 1464 faciens
1916 1388 2068 1464 (Cap.
2095 1389 2178 1460 9),
2205 1385 2430 1442 maxime
2455 1385 2511 1474 in
2540 1400 2602 1439 eo
2630 1381 2921 1474 refellendo
2944 1381 3082 1474 quod
3106 1381 3172 1474 de
3193 1390 3403 1474 peccato
3517 1391 3720 1474 mortem

414 1472 761 1563 venditabant,
795 1503 1031 1552 moratur
1055 1493 1208 1566 (Cap.
1236 1489 1360 1563 10);
1392 1498 1694 1558 ostensoque
1724 1483 2016 1539 doctrinam
2040 1478 2385 1536 orthodoxam
2414 1493 2446 1530 u
2469 1473 2679 1566 Joanne
2705 1473 3041 1566 Evangelista
3065 1473 3396 1566 clarerusseri
3415 1472 3568 1566 (Cap.
3599 1473 3720 1546 11),

412 1588 588 1656 [utilia
615 1603 790 1644 eorum
821 1564 1072 1657 responsa
1101 1564 1317 1655 prorsus
1345 1580 1520 1636 evertit
1548 1577 1700 1648 (Cap.
1726 1573 1838 1646 η).
1868 1572 2140 1628 Postremo
2166 1587 2231 1626 eu:
2252 1568 2505 1626 Corinthii
2526 1586 2558 1622 a
2590 1564 2763 1623 Paulo
2789 1565 3039 1639 separati,
3063 1581 3125 1620 ac
3147 1565 3334 1623 deinde
3360 1565 3527 1622 sacris
3545 1566 3725 1624 redditi

414 1679 628 1738 historia
656 1678 1038 1735 validissimum
1060 1673 1420 1747 conﬁrmando
1445 1671 1701 1727 catholico
1729 1667 1961 1742 dogmati
1987 1667 2129 1722 ducit
2158 1672 2520 1738 argumentum
2550 1660 2706 1737 (Cap.
2732 1661 2801 1716 15
2829 1670 2878 1716 et
2897 1657 3056 1734 seq.).

484 1771 552 1828 In
573 1774 739 1829 altero
770 1772 902 1828 libro
919 1769 1074 1842 (Cap.
1101 1767 1156 1842 1)
1188 1778 1460 1839 postquam
1487 1765 1664 1819 docuit
1689 1761 1911 1818 sollicite
1935 1775 1996 1814 ac
2023 1767 2224 1813 mature
2247 1755 2499 1828 agendam
2522 1770 2632 1809 esse
2653 1753 3026 1822 paenitentiam,
3057 1753 3324 1827 praecipua
3351 1754 3456 1810 duo
3478 1754 3722 1812 Nautiu-

412 1885 599 1928 norum
627 1867 872 1941 prtesidia
895 1867 1190 1938 impugnat.
1220 1862 1458 1918 Printum
1481 1859 1637 1934 (Cap.
1663 1858 1701 1914 2
1725 1868 1771 1913 et
1801 1859 1857 1928 5)
1886 1856 1994 1912 illis
2021 1852 2420 1928 suppeditabant
2450 1850 2689 1924 Apostoli
2721 1849 2874 1904 uerba
2909 1864 2995 1906 eos
3021 1851 3110 1915 qui
3140 1851 3276 1922 lapsi
3298 1862 3470 1908 essent
3495 1854 3724 1909 renovati

409 1979 514 2020 non
551 1979 702 2036 posse
725 1961 796 2017 ad
821 1959 1171 2034 paenitentiam
1198 1955 1535 2012 asseverantis
1558 1970 1578 2009 :
1618 1953 1902 2010 secundum
1931 1965 2048 2006 vero
2085 1948 2241 2022 (Cap.
2267 1945 2324 2018 4)
2365 1945 2527 2000 iidem
2572 1944 2944 2000 mutuabuntur
2968 1961 3034 2000 eu:
3055 1944 3279 2000 Joannis
3303 1945 3612 2020 Evangelio,
3642 1947 3722 2002 ubi

407 2056 597 2113 dicitur
622 2064 888 2127 peccatum
913 2055 968 2109 in
998 2053 1256 2123 Spiritum
1285 2058 1520 2107 sanctum
1547 2063 1706 2119 neque
1731 2047 1785 2101 in
1815 2046 1912 2100 hoc
1938 2059 2100 2116 neque
2135 2043 2190 2097 itt
2221 2044 2399 2114 futuro
2425 2040 2618 2096 stacqu
2642 2039 3030 2095 dimittendum.
3066 2039 3351 2114 Utramque
3392 2053 3563 2098 autem
3591 2042 3720 2116 diﬁ-

405 2149 652 2206 cultatem
680 2165 741 2204 ea
759 2149 809 2204 vi
839 2149 1096 2204 rationum
1122 2154 1310 2202 tractat
1334 2154 1381 2200 et
1409 2144 1600 2212 diluit,
1630 2159 1744 2213 quae
1767 2141 1986 2211 posteris
2015 2139 2266 2210 theologis
2293 2154 2423 2208 pene
2449 2136 2688 2193 omnibus
2717 2137 2884 2208 facem
2915 2139 2972 2194 in
2996 2139 3078 2194 his
3102 2141 3362 2196 solvendis
3385 2140 3682 2212 prtrluxerit
3703 2181 3719 2209 ,

405 2247 466 2295 ut
494 2256 587 2294 nos
615 2239 722 2294 suis
750 2239 878 2294 locis
906 2237 1303 2294 observavimus.
1332 2235 1526 2292 Probat
1557 2234 1778 2305 denique
1796 2233 1859 2287 ab
1881 2232 2010 2305 ipsis
2032 2240 2327 2304 peccatores
2349 2230 2419 2284 ad
2441 2231 2684 2303 baptismi
2712 2233 3062 2305 repetitionem
3089 2233 3274 2289 induci
3304 2231 3459 2306 (Cap.
3492 2235 3549 2303 5,
3583 2251 3718 2290 num.

407 2327 527 2403 56).
557 2339 612 2385 ut
641 2331 754 2403 ejus
783 2327 1026 2399 beneﬁcio
1050 2329 1267 2394 veniam,
1295 2343 1450 2398 quam
1476 2325 1787 2398 ptenitentite
1811 2323 2050 2396 operibus
2075 2323 2352 2397 negabant,
2383 2335 2810 2395 assequercntur;
2832 2342 2952 2381 cum
2978 2327 3200 2398 apostoli
3235 2343 3262 2383 e
3287 2330 3554 2384 contrario
3585 2329 3726 2384 nobis

410 2422 689 2478 criminum
711 2422 910 2478 veniam
940 2438 1191 2494 nusquam
1215 2437 1317 2478 non
1344 2422 1665 2494 promittant.
1695 2419 1831 2477 Hinc
1850 2421 2174 2478 occasionem
2199 2429 2383 2476 nactus
2401 2464 2416 2488 ,
2446 2420 2770 2478 Christianos
2795 2423 2976 2478 invitat
3000 2423 3154 2496 (Cap.
3178 2422 3238 2496 6)
3259 2425 3329 2480 ad
3351 2425 3718 2496 penitentiam,

406 2521 560 2593 cujus
586 2525 634 2573 et
669 2526 838 2588 partes
862 2516 1097 2590 singulas
1121 2517 1492 2588 qualitatesque
1525 2517 1692 2572 oculis
1728 2516 1958 2587 subiicit.
1993 2514 2247 2590 Adjungit
2274 2520 2388 2589 fore
2415 2526 2471 2571 ut
2499 2515 2739 2573 Christus
2782 2533 2960 2572 eorum
2997 2518 3241 2590 larrymis
3268 2534 3360 2574 nec
3398 2534 3506 2574 non
3549 2519 3723 2574 matris

406 2606 659 2666 Ecclesiw
683 2608 917 2682 precibus
945 2619 1132 2673 motus,
1161 2606 1229 2663 ad
1251 2623 1337 2663 eos
1365 2608 1576 2664 accedat
1603 2607 1890 2682 spiritalem
1920 2609 2351 2665 resurrectionem
2379 2617 2712 2682 operaturus,
2737 2611 2889 2682 cujus
2912 2610 3136 2681 formam
3155 2611 3211 2666 in
3241 2609 3445 2668 Lazaro
3477 2612 3727 2668 exstitisse

403 2714 656 2760 memorat
679 2703 834 2777 (Cap.
860 2701 939 2776 7).
959 2703 1364 2760 Suscitatiouem
1389 2707 1506 2779 ejus
1524 2703 1658 2758 sicut
1677 2713 1726 2758 et
1752 2703 2061 2769 convivium,
2083 2702 2170 2756 cui
2196 2717 2303 2756 una
2333 2717 2452 2756 cum
2480 2699 2701 2756 Domino
2731 2702 2869 2756 idem
2893 2702 3163 2768 interfuit,
3201 2712 3383 2758 contra
3409 2701 3727 2759 Novatiunos

404 2799 731 2872 propositum
752 2797 1046 2867 conﬁrmat,
1071 2797 1231 2852 venia:
1257 2812 1360 2868 qua
1387 2795 1713 2853 Corinthium
1733 2795 1945 2852 donavit
1975 2794 2200 2860 Paulus,
2233 2796 2468 2867 exemplo
2491 2795 2678 2850 iterum
2698 2795 2952 2852 adhibito.
2985 2796 3094 2853 Sub
3129 2796 3242 2853 haec
3269 2798 3448 2854 oculos
3469 2799 3526 2854 in
3545 2801 3729 2871 seipse

404 2894 673 2964 reﬂectens
699 2890 852 2965 (Cap.
874 2889 928 2956 8,
954 2905 1096 2944 num.
1115 2889 1183 2946 67
1197 2890 1413 2962 etseq.),
1432 2901 1489 2944 ut
1505 2890 1602 2945 sibi
1624 2892 1773 2945 detur
1797 2898 1844 2946 et
1863 2906 1897 2945 a
1927 2888 2214 2943 commissis
2236 2888 2460 2959 propriis
2475 2887 2754 2954 absolutio,
2778 2899 2828 2944 et
2850 2889 3228 2948 commiseratio
3247 2891 3301 2945 in
3311 2891 3518 2958 alienis,
3541 2902 3729 2960 quanta

403 2985 632 3040 maxima
659 2992 823 3057 potest
851 2982 1012 3037 animi
1039 2980 1382 3038 submissione
1400 2981 1566 3038 Deum
1591 2991 1848 3054 precatur.
1873 2981 1954 3036 Ad
1977 2979 2218 3036 ultimum
2238 2981 2468 3036 excussis
2489 2995 2604 3050 qua:
2631 2981 2774 3035 circa
2793 2983 3144 3054 penitentiam
3164 2982 3405 3056 obrepere
3428 2984 3623 3052 solent,
3652 2984 3730 3040 vi-

405 3077 494 3134 tiis
522 3076 673 3150 (Cap.
707 3073 742 3132 9
767 3084 816 3131 et
836 3073 994 3145 seq.),
1026 3082 1078 3129 et
1097 3083 1493 3148 prtemonstrata
1518 3089 1635 3144 quat
1657 3074 1712 3130 in
1733 3073 1972 3147 eligendo
1996 3072 2065 3129 ad
2086 3073 2350 3146 publicam
2378 3073 2733 3145 pwnitentiam
2760 3088 2987 3150 tempore
3013 3077 3334 3134 observanda
3352 3081 3443 3149 sit,
3469 3079 3727 3148 cautione,

407 3172 608 3228 librum
632 3171 873 3228 absolvit.
974 3185 979 3190 '

479 3267 652 3324 Porro
672 3266 810 3338 quod
845 3266 914 3322 ad
949 3273 1151 3341 temmts
1170 3266 1327 3342 hujus
1355 3267 1527 3340 operis
1548 3307 1564 3334 ,
1596 3265 1742 3322 nobis
1771 3265 2007 3322 videmur
2029 3265 2162 3323 illud
2192 3281 2294 3322 non
2329 3265 2654 3323 incommode
2689 3283 2753 3323 ea:
2781 3266 2908 3323 locis
2937 3265 3139 3323 duobus
3169 3267 3307 3323 inter
3344 3283 3399 3323 se
3422 3267 3733 3340 commratis

405 3362 648 3434 colligere
673 3377 859 3434 posse,
892 3361 1137 3417 nimirum
1159 3376 1227 3418 ea:
1253 3361 1362 3417 illis
1388 3359 1589 3428 verbis,
1623 3359 2056 3417 dc.P(enilentia
2092 3360 2235 3418 duos
2268 3360 2381 3432 jam
2423 3361 2630 3418 dudum
2659 3363 2856 3435 scripsi
2885 3363 3136 3432 libellos,
3169 3381 3286 3436 qua:
3321 3365 3379 3420 in
3399 3364 3735 3438 Expositione

407 3453 594 3526 psalmi
624 3466 810 3508 xxxv“
836 3469 992 3523 quam
1009 3469 1150 3508 anno
1171 3451 1278 3510 393
1301 3453 1550 3526 scriptam
1575 3451 1894 3508 ostendimus
1913 3450 2104 3525 (Nam.
2135 3451 2223 3522 1),
2255 3453 2538 3523 habentur;
2565 3462 2615 3511 et
2642 3471 2707 3510 eu:
2734 3472 2794 3510 eo
2835 3455 2974 3527 quod
3001 3456 3076 3510 ait
3105 3457 3551 3513 commentationis
3575 3457 3736 3528 hujus

407 3547 501 3604 tib.
529 3563 586 3602 n:
608 3545 910 3604 Peccamus
931 3558 989 3604 et
1008 3561 1110 3604 nos
1139 3547 1385 3604 seniores
1405 3547 1558 3620 (Cap.
1583 3547 1640 3614 8,
1664 3563 1807 3602 num.
1832 3546 1950 3616 74),
1978 3546 2203 3601 maxime
2224 3560 2343 3603 vero
2364 3564 2391 3602 e
2419 3549 2770 3622 superioribus
2794 3549 2928 3616 istis,
2963 3549 3080 3622 Ego
3095 3549 3342 3606 laborem
3365 3551 3602 3624 aliquem
3631 3565 3736 3622 pro

406 3651 599 3700 sancta
630 3641 884 3698 Ecclesia
911 3651 1002 3697 tua
1027 3641 1244 3713 suscepi
1273 3640 1462 3712 (Num.
1497 3640 1614 3713 75).
1657 3641 1860 3696 Etenim
1897 3657 2014 3696 cum
2037 3639 2136 3696 hoc
2171 3642 2352 3698 ultimo
2390 3644 2502 3699 loco
2531 3645 2796 3717 publicum
2823 3645 3084 3715 laborem,
3114 3663 3178 3701 uc
3206 3647 3399 3702 nemini
3428 3664 3532 3704 non
3557 3658 3738 3703 notum

407 3739 670 3814 designari
697 3739 914 3795 dubium
933 3756 1038 3795 non
1057 3739 1156 3806 sit,
1179 3755 1297 3795 eum
1316 3739 1380 3794 de
1402 3739 1676 3794 certamine
1698 3738 1778 3795 vel
1804 3739 1859 3794 in
1888 3735 2158 3792 Iustinum
2187 3737 2505 3794 Arianorum
2534 3740 2950 3814 antesignanum,
2980 3742 3063 3797 vel
3085 3742 3141 3796 in
3169 3741 3541 3813 Symmachum
3561 3740 3736 3798 idolo.

411 3851 531 3889 rum
549 3844 985 3908 propugnatorem
1011 3841 1248 3904 suscepto
1273 3841 1471 3906 oportet
1491 3831 1730 3903 intelligi.
1761 3831 2087 3904 Quapropter
2112 3831 2477 3887 intermedium
2495 3833 2722 3905 aliquent
2743 3849 2938 3888 annum
2961 3833 3133 3890 eidem
3152 3833 3276 3889 huic
3301 3836 3446 3908 operi
3463 3835 3740 3907 assignan-

410 3927 538 3982 dum
565 3935 789 3994 constat,
811 3930 945 3999 forte
963 3923 1101 3994 38b;
1129 3925 1190 3996 ﬁt
1214 3925 1348 3981 enim
1369 3941 1431 3980 ea
1459 3929 1660 3982 ratione
1683 3935 1738 3980 ut
1755 3933 1978 3980 vertente
2006 3923 2136 3993 595,
2172 3923 2263 3980 Vir
2282 3935 2492 3982 sanctus
2522 3926 2695 3984 dicere
2715 3928 2960 3999 potuerit,
2983 3926 3104 3984 iam
3132 3928 3336 3984 dudum
3368 3930 3590 4000 scripsi.

481 4017 678 4074 Ultima
699 4017 811 4074 ha’c
836 4016 990 4072 verba
1015 4017 1144 4072 satis
1169 4017 1408 4089 aperiunt
1427 4017 1638 4071 cuinam
1659 4016 1860 4071 auctori
1897 4015 2170 4072 tribuenda
2195 4017 2262 4072 sit
2283 4033 2344 4072 ea
2385 4019 2747 4074 commentatio
2774 4035 2794 4074 :
2819 4019 2913 4075 sed
2942 4020 3083 4093 quod
3114 4022 3168 4076 in
3197 4020 3434 4092 ejusdem
3464 4021 3604 4077 lib."
3637 4038 3736 4076 ra.

407 4129 550 4190 ptum
572 4135 626 4174 se
647 4135 680 4173 a
709 4115 1080 4185 tribunalibus,
1109 4132 1171 4171 ac
1195 4133 1288 4189 pro
1311 4116 1546 4173 Ecclesia
1574 4117 1802 4172 laborem
1831 4117 2118 4188 suscepisse
2137 4117 2388 4190 loquitur,
2413 4117 2512 4173 hoc
2533 4127 2639 4174 tam
2667 4118 3065 4174 Ambrosianum
3095 4126 3188 4184 est,
3214 4129 3272 4182 ut
3304 4116 3522 4174 Petrum
3547 4117 3736 4174 Sotum

407 4210 552 4270 (Lib.
580 4211 714 4268 Inst.
741 4211 964 4269 Sacerd.
1005 4211 1072 4266 de
1099 4209 1314 4268 Necess.
1357 4211 1589 4282 Confess.
1617 4211 1762 4270 Lect.
1793 4211 1850 4283 9)
1879 4211 2201 4268 vehementer
2226 4207 2474 4266 mireinur
2507 4211 2564 4265 id
2590 4213 2762 4285 operis
2797 4211 3009 4268 Doctori
3033 4220 3215 4267 nostro
3244 4221 3479 4285 ereptum
3509 4210 3738 4267 voluisse

409 4314 617 4379 propter
637 4321 724 4360 eos
754 4306 918 4373 locos,
942 4303 1128 4377 quibus
1149 4314 1204 4360 ut
1233 4305 1401 4360 eidem
1428 4305 1531 4378 ipsi
1555 4305 1869 4370 uscribatur,
1899 4305 2202 4377 persuaderi
2230 4321 2375 4360 nemo
2405 4321 2506 4360 non
2535 4305 2734 4361 debeat.
2767 4306 2876 4362 Sed
2895 4310 3008 4381 ejus
3031 4306 3254 4363 rationes
3273 4347 3289 4375 ,
3319 4307 3365 4362 si
3398 4307 3530 4360 tanti
3557 4313 3735 4366 erunt,

409 4415 504 4454 suo
524 4407 750 4466 tempore
777 4397 1136 4452 discutiemus.
1167 4396 1271 4452 Hic
1290 4407 1463 4454 autem
1485 4397 1538 4452 id
1561 4414 1722 4454 unum
1756 4397 2084 4469 adjiciamus,
2113 4397 2339 4472 August.
2367 4398 2574 4454 eosdem
2595 4399 2754 4456 libros
2775 4407 3036 4472 tamquam
3056 4417 3173 4457 vere
3198 4400 3440 4456 Ambros.
3457 4401 3649 4456 iterum
3667 4415 3738 4454 ac

409 4491 558 4546 tertio
583 4491 790 4546 citantis
812 4487 951 4562 (Lib.
977 4490 1043 4546 de
1071 4489 1282 4546 Peccut.
1311 4494 1446 4563 orig.
1478 4508 1594 4564 cap.
1626 4491 1718 4558 51,
1743 4490 1836 4546 lib.
1865 4507 1904 4547 ll
1933 4501 2070 4547 cont.
2099 4492 2310 4551 Julian.
2341 4509 2460 4565 cap.
2491 4491 2526 4548 5
2546 4503 2592 4549 et
2619 4492 2685 4560 9,
2714 4502 2764 4548 et
2789 4493 2878 4550 lib.
2905 4509 2960 4548 tv
2981 4503 3161 4549 contra
3179 4491 3311 4548 duas
3331 4490 3510 4564 Epist.
3543 4490 3732 4562 Pelag.

411 4601 530 4657 (ἀρ.
566 4584 654 4654 11)
685 4584 764 4639 vel
790 4584 958 4640 solum
981 4584 1340 4640 auctoritatem
1368 4594 1620 4656 praestare
1645 4586 1955 4658 conjecturis
1983 4585 2250 4654 omnibus,
2281 4603 2397 4658 qua:
2437 4583 2687 4658 quantum
2721 4586 2984 4658 imponere
3015 4586 3212 4642 soleant
3249 4589 3407 4641 etiam
3445 4585 3644 4651 doctis,
3673 4585 3737 4639 its

415 4686 696 4736 memorato
721 4677 960 4751 theologo
985 4680 1278 4752 exemplum
1305 4689 1493 4736 exstat.
1521 4677 1710 4736 Verum
1731 4681 1920 4747 maiori
1941 4679 2085 4734 haud
2101 4680 2254 4736 dubie
2275 4681 2326 4734 in
2348 4681 2504 4752 culpa
2523 4680 2620 4753 fuit
2647 4677 2859 4735 Rivetus
2887 4678 3087 4752 (Critic.
3108 4696 3214 4734 suc.
3245 4678 3338 4734 lib.
3366 4693 3450 4744 Ill,
3471 4695 3589 4752 cap.
3612 4679 3735 4750 16),

409 4774 500 4844 qui
529 4773 708 4828 relatis
740 4771 858 4828 Soti
896 4775 1214 4847 argumentis
1233 4816 1249 4842 ,
1281 4775 1523 4846 opposita
1551 4775 1776 4848 maligne
1810 4774 2051 4830 tacuerit.
2084 4773 2258 4847 Ilujus
2285 4773 2478 4830 silentii
2502 4774 2554 4828 in
2585 4789 2738 4844 opere
2773 4789 2876 4843 quo
2905 4789 3122 4830 censura
3154 4773 3456 4847 hujusmodi
3484 4775 3740 4830 librorum

411 4867 750 4938 prontittitur,
782 4883 992 4923 causam
1011 4869 1279 4940 pervidere
1297 4868 1523 4924 arduum
1544 4885 1646 4924 tton
1680 4877 1776 4926 est.
1813 4867 1915 4924 Vix
1941 4869 2082 4924 enim
2109 4867 2235 4923 alibi
2259 4867 2456 4922 clarius
2481 4885 2514 4922 a
2545 4865 2754 4922 Christo
2781 4865 3030 4923 Ecclesia:
3067 4866 3260 4921 tradita
3300 4875 3630 4936 peccatorum
3652 4866 3741 4920 di-

415 4961 781 5018 mittendorum
809 4961 1108 5030 auctoritas,
1143 4961 1417 5020 necessitas
1443 4960 1740 5018 eorumdem
1767 4961 2200 5032 conﬁtendorum,
2225 4975 2286 5016 ac
2315 4959 2522 5016 tandem
2543 4959 2794 5016 bonorum
2823 4975 3038 5032 operum
3065 4959 3398 5032 corporisque
3427 4959 3743 5033 castigatio-

417 5071 539 5111 num
569 5051 804 5110 meritum
833 5053 1246 5126 manilestantur.
