4042 6294
326 217 442 274 465

407 412 860 424 Βιῄυήσ-γγ
881 413 1026 420 -.φ-...μ
1039 411 1092 419 ,--.

1569 223 1656 281 DE
1696 221 2152 284 ΡΈΝΙΤΕΝΤΙΑ
2197 223 2328 283 LIB.
2371 226 2412 282 l.

3541 232 3650 291 466

706 614 1710 785 SANCTI
1883 622 3223 797 AMBROSII

1509 903 2094 990 MEDIOLANENSIS
2153 906 2483 992 EPISCOPI

1087 1108 1355 1251 DE
1488 1107 2887 1305 POENITENTIA,

1643 1374 1938 1449 LIBRI
1993 1373 2210 1447 DUO
2231 1367 2256 1394 ⁸
2286 1429 2310 1452 .

1785 1546 2214 1580 ᾧ-

736 1712 901 1786 339
937 1709 1166 1770 CAPUT
1205 1709 1493 1769 PRIMUM.

314 1871 699 1928 Moderationis
736 1873 870 1928 laus.
904 1871 1073 1940 Quam
1101 1873 1388 1926 necessaria
1409 1872 1475 1926 sit
1517 1887 1576 1926 ea
1597 1873 1758 1927 virtus
1787 1888 1922 1945 prte-

385 1967 536 2037 fectis
591 1965 843 2020 Ecclesia:
865 2007 881 2034 ,
909 1966 1230 2036 potissimum
1264 1963 1552 2020 Dominica:
1574 1965 1840 2021 charitatis
1865 1984 1925 2021 ac

385 2060 801 2115 mansuetudinis
835 2060 1068 2132 exemplo
1120 2059 1482 2114 demonstrari.
1536 2059 1613 2113 Ab
1653 2058 1751 2113 hac
1805 2077 1923 2132 ergo

387 2175 505 2212 cum
524 2157 834 2213 desciverint
865 2155 916 2212 Ν
923 2157 1171 2222 ovatiani,
1205 2172 1290 2210 eos
1316 2171 1411 2225 pro
1432 2154 1624 2209 Christi
1650 2155 1923 2224 discipulis

385 2251 651 2306 habendos
679 2267 781 2305 non
813 2266 920 2306 esse
949 2265 966 2307 :
995 2265 1214 2321 quorum
1253 2248 1492 2320 superbia
1519 2258 1567 2304 et
1597 2248 1922 2305 inclementia

387 2348 695 2418 castigatur.

393 2552 444 2605 l.
461 2549 516 2606 Si
539 2549 566 2588 ιι
591 2551 850 2606 virtutum
874 2548 998 2606 finis
1020 2549 1112 2606 ille
1132 2557 1217 2606 est
1236 2550 1522 2615 maximus,
1541 2550 1632 2621 qui
1653 2551 1919 2621 plurimo-

311 2660 439 2700 rum
478 2653 690 2717 speetat
735 2643 1035 2716 profectum
1063 2687 1078 2709 ,
1111 2644 1418 2701 moderatio
1463 2660 1632 2716 prope
1674 2645 1918 2702 omnium

311 2741 682 2810 pulcherrima
703 2750 789 2794 est
815 2757 828 2793 :
850 2755 972 2810 quae
997 2754 1066 2794 ne
1095 2737 1242 2810 ipsos
1265 2738 1480 2809 quidem
1509 2754 1644 2810 quos
1670 2739 1917 2808 damnat,

309 2831 572 2897 olfendit;
595 2841 650 2888 et
675 2847 817 2903 quos
838 2831 1202 2898 damnaverit,
1233 2831 1426 2902 dignos
1455 2832 1589 2887 solet
1617 2831 1796 2888 facere
1823 2831 1919 2887 ab-

309 2926 614 2983 solutione.
651 2910 894 2997 Denique
931 2929 1045 2983 sola
1076 2937 1192 2995 est,
1225 2944 1345 3000 qua:
1384 2927 1598 2983 Domini
1634 2929 1916 3000 quaesitam

310 3021 584 3090 sanguine
614 3018 919 3075 Ecclesiam
952 3019 1349 3091 pr0pagaverit,
1381 3020 1639 3075 imitatrix
1666 3021 1918 3076 benelicii

312 3113 595 3180 emlestis,
628 3121 684 3168 et
727 3112 1122 3182 redemptionis
1153 3113 1535 3168 universorum
1578 3113 1782 3169 salubri
1812 3113 1919 3170 ﬁne
1950 3137 1997 3197 B

315 3212 650 3273 temperans,
675 3220 836 3275 quem
855 3205 999 3260 ferre
1019 3207 1232 3276 possint
1254 3221 1415 3262 aures
1444 3205 1748 3275 hominum,
1770 3221 1920 3263 men-

317 3307 404 3353 tes
433 3311 536 3353 non
566 3297 814 3370 refugere
835 3340 852 3367 ,
883 3315 988 3354 non
1020 3289 1220 3371 pavere
1243 3300 1429 3356 animi.

391 3391 446 3446 2.
480 3390 695 3448 Etenim
722 3393 812 3465 qui
853 3393 1034 3450 studet
1087 3393 1338 3450 humana:
1368 3394 1702 3450 inﬁrmitatis
1736 3409 1923 3450 emen-

311 3484 452 3540 dare
477 3486 606 3540 vitia
633 3525 649 3552 ,
685 3488 858 3558 ipsam
889 3487 1260 3543 inﬁrmitatem
1290 3492 1402 3544 suis
1430 3489 1591 3544 debet
1619 3489 1922 3556 sustinere,

309 3589 373 3634 et
399 3592 420 3619 ε
443 3580 846 3652 quodammodo
874 3598 1107 3654 pensare
1129 3583 1374 3640 humeris
1403 3583 1554 3656 (Luc.
1579 3599 1649 3638 xv
1671 3627 1684 3650 ,
1713 3585 1788 3654 5'),
1815 3599 1920 3638 uou

309 3673 580 3741 abjicere.
617 3674 750 3730 Nam
788 3687 974 3746 pastor
1013 3677 1108 3732 ille
1139 3676 1498 3746 Evangelicus
1529 3677 1722 3731 lassam
1757 3692 1917 3732 ovem

307 3767 534 3823 vexisse
567 3768 784 3838 legitur,
820 3785 926 3825 nou
955 3769 1226 3838 abjecisse
1265 3769 1366 3843 (De
1400 3769 1589 3825 Paenit.
1627 3771 1748 3824 dist.
1783 3786 1838 3836 ι,
1868 3789 1917 3825 c.

309 3860 575 3932 Serpens,
612 3862 639 3933 ᾗ
673 3863 810 3918 Nunt
860 3864 1076 3936 pastor).
1119 3865 1187 3920 Et
1214 3865 1477 3921 Salomon
1510 3867 1585 3919 ait
1620 3883 1632 3919 :
1669 3864 1797 3920 Noli
1822 3867 1914 3936 ju-

307 3965 426 4008 stus
443 3972 552 4010 esse
573 3959 788 4012 nintium
807 3957 978 4030 (Eccl.
1001 3974 1096 4023 vn,
1129 3959 1255 4030 i't');
1289 3958 1451 4014 debet
1479 3960 1623 4014 enim
1647 3959 1914 4030 justitiam

309 4060 629 4121 temperare
673 4052 994 4109 moderatio.
1044 4053 1174 4108 Nam
1222 4053 1677 4123 quemadmodum
1721 4068 1782 4109 se
1818 4053 1914 4108 tibi

306 4145 617 4202 curandum
643 4149 900 4219 pra-beat,
931 4165 1090 4221 quem
1114 4149 1279 4222 390
1305 4148 1526 4206 fastidio
1555 4149 1760 4206 habeas
1785 4165 1799 4211 ξ
1824 4149 1915 4220 qui

390 4299 415 4326 ἰ
447 4291 644 4360 Scripti
676 4291 804 4347 circ.
837 4307 964 4345 ann.
991 4290 1116 4347 584.

389 4361 416 4399 ι’
443 4362 625 4418 Codex
647 4363 832 4419 Germ.
858 4379 997 4419 unus
1024 4377 1114 4418 an.
1143 4363 1242 4417 eir.
1265 4361 1460 4418 800ita
1485 4361 1670 4428 incipit
1696 4379 1709 4415 :
1741 4359 1920 4427 Quan-

308 4435 382 4486 do
406 4449 500 4487 nos
558 4435 693 4489 Deus
721 4445 902 4500 terret,
937 4451 1037 4490 non
1066 4436 1304 4504 frangere
1331 4434 1459 4495 vult,
1501 4433 1589 4487 sed
1610 4433 1793 4504 punire
1817 4448 1919 4504 non

309 4506 443 4559 uult.
472 4507 554 4561 Ait
577 4508 786 4577 quidam
811 4508 1070 4578 psalmus:
1102 4503 1307 4562 Dedisti
1329 4503 1695 4578 metuentibus
1725 4512 1776 4558 te
1807 4503 1916 4578 sig-

309 4579 722 4641 niﬁcationem,
758 4589 814 4632 ιιι
853 4579 1057 4648 fugiant
1104 4595 1131 4632 a
1174 4579 1310 4634 facie
1349 4592 1530 4630 arcus.
1571 4577 1734 4648 Arcus
1783 4577 1918 4648 enim

308 4650 525 4720 quando
542 4652 846 4714 intenditur,
868 4645 1111 4712 quantum
1137 4661 1416 4704 retrorsum
1434 4663 1613 4702 manus
1633 4645 1918 4720 reducitur,

309 4717 462 4776 tanta
503 4725 636 4778 irtus
680 4723 1018 4778 uehementior
1057 4724 1341 4776 concitatur
1374 4738 1393 4775 :
1434 4721 1507 4773 sic
1551 4729 1595 4773 et
1649 4720 1800 4772 mina:
1820 4717 1920 4772 Dei

310 4805 461 4847 tanto
488 4797 692 4864 grauius
726 4796 959 4859 veniunt,
991 4805 1180 4862 quanto
1221 4794 1417 4847 diutius
1447 4790 1782 4857 (li/feruntur.
1820 4788 1920 4842 Ta-

310 4882 431 4918 men
468 4868 834 4926 misericordiae
859 4877 935 4921 est
963 4883 1079 4919 cum
1119 4865 1384 4932 (li/fertur,
1416 4875 1471 4918 ut
1493 4864 1739 4935 ptenitens
1773 4877 1920 4935 sane—

309 4949 424 5002 tur,
455 4950 665 4993 sanatus
694 4956 794 4993 non
825 4941 1116 4993 damnetur.
1152 4939 1452 5008 Apostolum
1475 4933 1602 5008 audi
1621 4933 1748 5008 :An
1777 4933 1917 4987 tlivi-

309 5013 422 5063 tias
462 5010 726 5067 bonitatis
764 5011 880 5080 ejus
925 5004 1304 5079 longanimiter
1334 5005 1670 5080 contemnis?
1697 5004 1921 5080 Ignoras

307 5081 446 5150 quia
479 5076 911 5154 bettignitas'Dei
943 5076 1418 5154 ad'paanitentiant
1444 5088 1495 5133 te
1525 5077 1781 5154 adducit!

310 5149 371 5208 nt
403 5149 656 5222 possimus
679 5157 1002 5210 vitianostrw
1020 5153 1337 5224 inﬁrmitatis
1363 5149 1783 5224 emendargetc.
1814 5149 1918 5224 Alii

309 5221 440 5280 cod.
465 5237 628 5299 atque
645 5229 777 5283 edit.
796 5229 896 5283 sibi
923 5221 1269 5299 consentiunt
1295 5223 1550 5299 invicem,
1574 5222 1675 5299 nis_i
1700 5221 1845 5299 q_uo_d
1866 5222 1917 5276 in

313 5291 557 5352 illorum'
577 5299 851 5355 nonnullis
882 5299 1130 5353 habetur.
1164 5297 1223 5351 Si
1245 5307 1419 5351 vatum
1447 5294 1586 5364 ﬁnis.
1632 5294 1699 5348 Et
1741 5291 1876 5347 infra
1900 5335 1916 5360 ,

315 5385 422 5440 pro
447 5371 809 5439 redemptionis
831 5372 1205 5430 universorum,
1229 5369 1282 5423 in
1316 5382 1422 5420 uno
1451 5365 1647 5440 legitur
1672 5408 1682 5431 ,
1716 5365 1918 5440 redem-

313 5437 506 5513 ptoris,
521 5442 572 5498 in
590 5437 801 5498 duobus
817 5443 1163 5515 redemptione
1184 5441 1550 5515 universorum.
1584 5439 1646 5515 lit
1663 5451 1760 5515 pro
1781 5437 1923 5490 salu-

313 5510 402 5568 bri
429 5516 533 5581 ﬁne
555 5527 869 5585 temperans;
891 5515 944 5568 in
973 5510 1316 5583 quihusdam,
1345 5510 1565 5564 salubris
1587 5510 1704 5579 ﬁnis
1725 5517 1772 5561 et
1793 5517 1919 5563 tem-

312 5603 446 5655 pera
460 5602 543 5653 es;
572 5590 624 5644 in
647 5589 766 5644 aliis
794 5587 1015 5642 salubris
1039 5588 1141 5656 [ine
1163 5594 1208 5638 et
1235 5596 1542 5656 temperans.

399 5651 583 5730 cMss.
623 5671 762 5724 tres,
795 5674 995 5730 quoque
1022 5651 1174 5714 modo
1205 5651 1452 5721 pensare;
1472 5653 1643 5720 Clar.,
1670 5651 1921 5723 quodam-

312 5729 480 5788 modo
505 5749 742 5798 pausare.

397 5804 421 5839 ·¹
456 5803 785 5863 Novatianos
819 5815 874 5859 ut
901 5819 958 5860 se
989 5819 1017 5858 a
1049 5798 1372 5868 Catholicis,
1405 5814 1540 5870 quos
1570 5812 1668 5870 pro
1699 5797 1932 5853 immun-

1960 1717 2012 1775 Α
2038 1714 2374 1784 contemptui
2401 1729 2482 1784 se,
2510 1731 2621 1773 non
2641 1719 3006 1790 compassioni
3030 1721 3246 1780 medico
3267 1738 3367 1782 suo
3392 1733 3545 1798 putet
3565 1726 3650 1784 fu-

2036 1807 2252 1864 turum?

2107 1900 2160 1956 5.
2195 1899 2325 1956 ideo
2357 1902 2618 1959 Dominus
2651 1904 2812 1962 Jesus
2844 1922 3165 1980 compassus
3216 1911 3375 1968 nobis
3415 1923 3540 1980 est;
3589 1925 3650 1970 ut

2032 1993 2100 2048 ad
2129 2007 2188 2049 se
2217 2004 2461 2060 vocaret,
2498 2013 2604 2051 non
2643 2006 2703 2053 ut
2731 1998 3058 2057 deterreret.
3104 2003 3248 2060 Mitis
3285 2007 3467 2074 venit,
3497 2009 3650 2064 venit

2032 2085 2272 2140 humilis.
2309 2087 2550 2158 Denique
2575 2090 2650 2144 ait
2680 2107 2695 2146 :
2743 2089 2916 2147 Venite
2940 2093 3008 2147 ad
3029 2111 3109 2148 me
3145 2113 3350 2165 oumes,
3371 2100 3462 2169 qui
3497 2100 3644 2154 labo-

2029 2179 2184 2243 ratis,
2219 2188 2266 2231 et
2297 2181 2495 2233 onerati
2531 2181 2651 2236 estis
2671 2224 2684 2244 ,
2712 2192 2759 2236 et
2797 2200 2887 2254 ego
2928 2201 3016 2238 vos
3049 2188 3279 2256 reﬁciam
3303 2189 3519 2260 (Matth.
3548 2209 3602 2248 ιι
3625 2235 3641 2260 ,

2028 2270 2142 2341 28).
2175 2270 2368 2326 Reﬁcit
2389 2287 2520 2344 ergo
2550 2274 2814 2330 Dominus
2833 2275 3016 2342 .Iesus,
3044 2295 3153 2334 non
3180 2281 3442 2352 excludit,
3467 2301 3646 2356 neque

2027 2363 2214 2433 abjicit
2241 2382 2255 2420 :
2288 2367 2594 2437 meritoque
2624 2367 2764 2424 tales
2786 2368 3087 2441 discipulos
3111 2372 3301 2444 elegit,
3331 2375 3424 2444 qui
3455 2377 3642 2433 Donti-

2028 2457 2165 2511 uicae
2188 2457 2482 2514 voluntatis
2508 2459 2838 2531 interpretes
2860 2504 2874 2528 ,
2905 2463 3119 2532 plebem
3167 2467 3259 2522 Dei
3291 2469 3638 2539 colligerent,

2028 2569 2135 2609 non
2161 2557 2535 2625 repudiarent.
2568 2557 2722 2614 Unde
2753 2558 2927 2630 liquet
2950 2562 3214 2619 eosinter
3242 2564 3449 2621 Christi
3475 2567 3641 2624 disci-

2025 2649 2180 2719 pulos
2213 2666 2320 2706 non
2352 2665 2474 2706 esse
2503 2650 2803 2720 habendos,
2837 2655 2928 2725 qui
2965 2654 3100 2710 dura
3131 2670 3233 2726 pro
3260 2657 3506 2728 mitibus,
3546 2675 3637 2716 su-

2026 2743 2190 2812 perba
2217 2757 2314 2813 pro
2343 2743 2640 2800 humilibus
2664 2747 2940 2817 sequenda
2970 2749 3268 2818 opinantur
3295 2769 3308 2806 :
3336 2759 3534 2809 etcum
3558 2755 3638 2825 ip-

2024 2834 2070 2890 si
2101 2845 2348 2906 quazrant
2378 2837 2593 2893 Domini
2637 2839 3096 2910 misericordiam,
3140 2843 3423 2901 aliiS'eam
3464 2847 3638 2903 deue-

2023 2938 2180 3000 gant;
2216 2939 2272 2984 ut
2293 2939 2422 2986 sunt
2447 2929 2702 2990 doctores
2731 2932 3190 3006 Novatianorum,
3223 2940 3318 3010 qui
3344 2935 3370 2976 d
3403 2941 3638 2999 mundos

2023 3039 2082 3079 se
2106 3024 2406 3094 appellant.

2095 3115 2148 3170 ti.
2178 3115 2318 3184 Quid
2347 3116 2435 3171 bis
2457 3118 2786 3188 superbius,
2817 3133 2940 3174 eum
2979 3120 3263 3191 Scriptura
3294 3122 3477 3179 dicat:
3510 3127 3635 3193 quia

2023 3227 2170 3266 nemo
2208 3212 2431 3267 mundus
2465 3229 2497 3266 a
2535 3223 2743 3283 peccato
2765 3256 2780 3280 ,
2820 3231 2912 3270 nec
2949 3217 3106 3270 unius
3146 3217 3251 3271 diei
3282 3217 3456 3288 infans
3489 3217 3632 3288 (Job.

2025 3319 2149 3370 xtv,
2181 3305 2265 3377 4);
2307 3315 2362 3361 et
2394 3305 2560 3361 David
2588 3306 2790 3361 clamet
2823 3325 2836 3361 :
2876 3308 2920 3361 A
2962 3308 3150 3363 delicto
3178 3326 3288 3364 meo
3324 3312 3519 3367 ntunda
3553 3330 3637 3370 nte

2026 3397 2200 3466 (Psal.
2231 3413 2281 3463 1.,
2314 3396 2419 3470 2)?
2465 3397 2783 3454 Sanctiores
2820 3399 2906 3454 isti
2949 3415 3111 3470 quam
3145 3401 3338 3472 David,
3372 3403 3442 3460 de
3475 3406 3635 3476 cujus

2027 3490 2172 3544 nasci
2207 3488 2410 3544 familia
2437 3489 2688 3547 Christus
2721 3491 3115 3549 incarnationis
3146 3495 3311 3566 elegit
3336 3499 3635 3568 mysterio,

2025 3582 2183 3653 cujus
2220 3583 2516 3653 posteritas
2547 3591 2568 3618 ο
2599 3583 2720 3637 aula
2757 3584 3000 3640 ctelestis
3026 3595 3108 3641 est
3134 3628 3147 3651 ,
3195 3596 3353 3643 utero
3383 3588 3635 3660 virginali

2029 3677 2336 3747 suscipiens
2355 3676 2539 3732 mundi
2559 3675 3020 3748 Redemptorem?
3045 3679 3186 3747 Quid
3212 3690 3393 3737 autem
3415 3681 3630 3752 durius,

2027 3788 2187 3843 quam
2216 3781 2274 3826 ut
2302 3771 2544 3826 iudicant
2574 3773 2988 3842 paenitentiam,
3019 3787 3180 3842 quam
3211 3788 3319 3830 non
3350 3775 3596 3831 relaxent
3621 3794 3635 3840 ;

2025 3881 2150 3922 eum
2191 3867 2379 3936 utique
2412 3865 2629 3920 veniam
2675 3866 2956 3935 negando,
2997 3866 3330 3922 incentivum
3381 3867 3636 3923 auferant

2027 3959 2401 4030 poenitentia?
2426 3958 2598 4014 Nemo
2621 3959 2765 4015 enim
2796 3968 2975 4029 potest
3004 3960 3139 4015 bene
3167 3975 3330 4031 agere
3355 3960 3630 4029 pmniten-

2024 4056 2192 4121 tiam,
2237 4054 2342 4110 nisi
2384 4053 2479 4126 qui
2515 4054 2818 4125 speraverit
2842 4051 3237 4124 indulgentiam
3279 4051 3384 4125 (De
3407 4052 3626 4125 Potnia.

2021 4149 2146 4206 dist.
2180 4150 2236 4218 ‘l,
2266 4166 2383 4220 cap.
2419 4147 2585 4205 Nemo
2611 4147 2820 4220 potest).

2021 4286 2108 4343 dis
2125 4287 2397 4344 habebant
2414 4287 2830 4363 distinguerent,
2843 4291 3076 4363 ιιαθᾳρῶν
3088 4289 3504 4363 appellationem
3518 4293 3624 4349 sibi

2022 4374 2312 4430 arrogasse
2352 4369 2604 4415 auctores
2637 4369 2762 4430 sunt
2795 4361 3055 4414 Eusebius
3095 4361 3190 4415 lib.
3224 4377 3274 4414 ιν
3305 4362 3442 4419 Ilist.
3473 4365 3620 4420 Eccl.

2023 4429 2279 4503 capﬁ25,
2315 4431 2650 4502 Epiphanius
2685 4429 2885 4486 lla'resi
2914 4431 3012 4497 79,
3043 4431 3377 4503 Augustinus
3403 4435 3467 4491 de
3497 4435 3625 4492 Hie-

2021 4520 2120 4557 res.
2151 4502 2220 4558 38
2249 4545 2263 4569 ,
2305 4503 2686 4558 Theodoretus
2724 4503 2818 4558 lib.
2868 4519 2923 4557 ιιι
2970 4502 3168 4559 "teret.
3214 4503 3347 4559 Fab.
3392 4519 3444 4562 et
3490 4510 3622 4564 alii:

2025 4591 2164 4642 quos
2205 4575 2348 4629 inter
2387 4574 2579 4630 festive
2607 4576 2896 4647 admodum
2941 4576 2994 4630 in
3037 4591 3134 4647 eos
3175 4577 3402 4647 August.
3431 4579 3525 4634 lib.
3557 4580 3628 4635 de

2025 4649 2214 4715 Agoue
2252 4647 2457 4702 Christ.
2492 4662 2615 4717 cap.
2655 4647 2691 4701 2
2724 4651 2793 4700 ita
2829 4646 2966 4700 ludit
2998 4665 3010 4700 :
3042 4645 3146 4713 Qui
3182 4645 3364 4703 nomen
3394 4667 3542 4704 suum
3581 4654 3626 4707 si

2022 4718 2207 4772 vellent
2227 4735 2525 4785 agnoscere,
2547 4719 2832 4772 mundanas
2856 4735 2911 4772 se
2927 4719 3116 4786 potius,
3141 4735 3294 4789 quam
3312 4725 3527 4778 mundos
3540 4738 3631 4776 uo-

2023 4799 2213 4862 carent.
2244 4789 2408 4844 lidem
2437 4789 2852 4854 illicatholieos,
2875 4800 2942 4862 ut
2971 4807 3037 4844 ex
3055 4789 3351 4862 Cypriano,
3374 4794 3629 4860 l‘aciauo,

2023 4861 2348 4931 Augustino,
2382 4863 2678 4934 multisque
2705 4863 2825 4917 aliis
2855 4861 3078 4934 discere
3099 4861 3202 4925 est,
3244 4866 3628 4934 nuncupabant

2023 4934 2346 5006 Apostaticos
2373 4942 2428 4987 et
2467 4932 2786 5004 Capitolinos
2814 4949 2832 4987 :
2861 4933 3002 5002 quod
3044 4932 3114 4988 iis
3141 4936 3230 5004 qui
3270 4935 3322 4990 in
3363 4932 3630 5006 Capitolio

2027 5005 2143 5059 ιιι)νί
2179 5006 2483 5060 libaverant
2509 5046 2522 5067 ,
2555 5006 3027 5060 communicarent
3055 5022 3066 5058 :
3098 5013 3154 5060 et
3183 5006 3252 5059 ab
3281 5007 3363 5060 his
3391 5005 3629 5062 vicissim

2027 5076 2441 5146 appellabantur
2470 5077 2794 5139 Montenses,
2829 5075 2944 5132 sive
2974 5077 3040 5132 ab
3070 5077 3252 5147 aliquo
3279 5077 3399 5132 loco
3425 5078 3495 5131 ita
3529 5093 3628 5132 vo-

2027 5159 2168 5210 cato.
2202 5149 2319 5204 sive
2357 5157 2646 5218 propterea
2690 5148 2832 5219 quod
2871 5147 3113 5202 Novatus
3157 5148 3457 5204 studuisset
3488 5147 3630 5206 Feli-

2025 5220 2272 5285 cissinto,
2300 5222 2392 5291 qui
2424 5231 2480 5274 ut
2502 5236 2567 5276 ex
2596 5221 2761 5293 Cypr.
2793 5221 2953 5293 epist.
2977 5219 3040 5293 «il
3075 5219 3363 5293 discimus,
3390 5221 3442 5276 in
3471 5237 3631 5279 mon-

2031 5301 2136 5346 tem
2183 5306 2305 5347 cum
2347 5293 2459 5347 suis
2486 5291 2786 5349 secesserat
2815 5310 2827 5346 :
2857 5291 3181 5346 dicebantur
3211 5291 3375 5346 etiam
3421 5309 3629 5361 sciente,

2030 5363 2171 5418 forte
2201 5379 2310 5418 non
2341 5365 2413 5420 ob
2450 5365 2594 5420 aliud
2633 5365 2736 5420 nisi
2761 5363 2905 5435 quod
2944 5378 3067 5436 cum
3108 5372 3379 5436 potestate
3425 5364 3633 5436 ligandi

2031 5445 2250 5506 peccata
2275 5445 2581 5501 uterentur,
2606 5453 2714 5492 non
2747 5434 2926 5491 autem
2945 5434 3220 5506 solvendi,
3244 5449 3342 5490 eos
3367 5434 3633 5503 quodam-

2030 5504 2193 5562 inodo
2221 5507 2586 5574 imitarentur,
2616 5509 2726 5576 qui.
2743 5507 2948 5576 omissa
2967 5504 3216 5576 dextera,
3243 5506 3432 5562 lmvam
3455 5510 3630 5565 solam

2027 5579 2094 5633 ad
2129 5580 2486 5635 ministerium
2527 5575 2812 5635 adhibent.
2856 5575 2994 5632 Vide
3026 5575 3196 5634 Conc.
3229 5577 3366 5636 Lab.
3411 5589 3518 5635 tom
3550 5579 3632 5649 ll,

2027 5665 2152 5720 pag.
2181 5651 2306 5706 951.

2110 5731 2132 5757 ο
2163 5723 2237 5777 Ila
2265 5732 2374 5777 vet.
2403 5723 2536 5777 edit.
2570 5737 2632 5776 ac
2666 5720 2849 5790 plures
2879 5734 3049 5786 mss.;
3075 5729 3130 5775 at
3157 5721 3314 5778 Rom.
3349 5723 3481 5779 edit.
3505 5738 3628 5780 cum

1955 5765 2009 5828 D
2036 5794 2176 5860 aliis,
2205 5795 2326 5850 aula
2345 5795 2562 5851 caelestis
2583 5765 2860 5847 est'uterus
2885 5765 3136 5860 uirginis;
3163 5809 3318 5864 mss.,
3341 5791 3626 5866 virginalis,
