4042 6294
435 255 541 314 467

961 390 1121 468 391
1161 387 1393 449 CAPUT
1432 388 1500 445 ιι.

441 509 594 580 Quod
628 508 914 564 Nouatiani
939 508 1120 562 dicunt
1151 524 1207 563 se
1241 523 1343 562 non
1372 507 1476 562 nisi
1501 507 1664 577 lapsis
1685 522 1874 579 negare
1904 520 2045 559 com-

509 604 811 659 munionem
831 647 847 672 ,
897 604 993 658 hoc
1036 618 1198 671 neque
1227 617 1345 656 cum
1377 600 1654 671 Scriptura
1677 643 1692 667 ,
1741 614 1904 669 neque
1927 615 2046 653 cum

511 690 862 769 sua'ipsortnn
889 695 1130 751 doctrina
1159 695 1446 767 congruere
1483 711 1502 748 :
1531 672 1670 762 quod
1699 701 1818 747 itero
1856 677 2046 746 divina:

508 791 778 865 potestatis
804 789 1142 846 reverentiam
1173 790 1487 859 prwtea‘unt,
1513 802 1599 842 eos
1626 783 1724 840 hoc
1747 786 1863 857 ipso
1892 786 1945 839 in
1975 785 2044 840 il~

514 884 620 938 lam
647 899 756 938 esse
775 883 1002 956 injurias
1028 897 1048 948 ,°
1076 897 1192 935 cum
1215 882 1258 936 is
1285 879 1537 952 injuriant
1566 879 1780 951 inferat,
1811 881 1901 949 qui
1935 894 2048 932 cre-

515 980 678 1034 ditum
701 977 799 1034 sibi
831 994 1016 1033 munus
1045 986 1134 1030 aut
1164 979 1280 1048 ejus
1292 959 1498 1045 partem
1515 973 1644 1029 nolit
1660 977 1928 1029 exercere:
1950 989 2050 1029 cte-

512 1083 678 1130 terttm
707 1071 911 1144 ligandi
937 1080 985 1127 et
1013 1070 1243 1126 solvendi
1259 1073 1354 1143 jus
1380 1067 1521 1140 quod
1543 1067 1728 1124 hteresi
1757 1083 1860 1122 non
1882 1077 2048 1138 potest

510 1165 753 1234 attribui,
787 1164 1000 1236 pulchre
1025 1162 1282 1218 vindicari
1309 1161 1374 1216 tib
1406 1151 1647 1216 Ecclesia
1666 1199 1679 1226 ,
1717 1155 1908 1232 quippe
1932 1169 2048 1231 quae

513 1257 717 1330 Spiritu
760 1267 940 1313 sancto
991 1255 1048 1310 id
1101 1256 1389 1326 acceperit,
1432 1251 1486 1309 in
1513 1249 1665 1324 quem
1705 1253 1792 1308 isti
1835 1254 2049 1324 superbe

515 1360 696 1424 agunt.

513 1496 568 1552 5.
612 1492 720 1552 Sed
746 1502 948 1566 negant
983 1491 1068 1550 his
1097 1500 1356 1564 oportere
1385 1490 1536 1548 reddi
1565 1491 2008 1548 communionem
2028 1531 2043 1559 ,

440 1587 530 1656 qui
560 1585 1013 1657 pt'a'varicatione
1041 1585 1178 1656 lapsi
1209 1593 1359 1640 sunt.
1385 1584 1440 1641 Si
1473 1601 1638 1640 unum
1683 1592 1888 1640 tantum
1935 1585 2047 1640 cri-

439 1695 561 1736 men
584 1683 904 1750 exciperent
925 1678 1228 1750 sacrilegii,
1257 1678 1343 1734 cui
1371 1679 1583 1734 veniam
1610 1687 1887 1750 negarent,
1912 1677 2048 1734 dure

1785 252 2033 310 SANC'II
2069 251 2391 311 sum“

2067 372 2116 430 Α
2145 364 2266 434 quis
2296 372 2535 434 estergo
2563 363 2654 434 qui
2685 361 2858 433 magis
2888 361 3156 426 honorat,
3192 366 3374 415 utrum
3403 357 3494 430 qui
3527 358 3733 414 manda-

3638 247 3732 306 468

2149 457 2217 511 tls
2245 457 2603 526 olttetitpet-at,
2633 458 2701 509 tltt
2728 453 2818 525 qui
2845 451 3086 509 resistit?

2220 551 2272 606 7.
2310 550 2552 606 Ecclesia
2585 549 2640 604 in
2671 556 2904 619 utroque
2923 553 3104 603 servat
3123 543 3517 612 obedientiam,
3541 551 3598 598 ut
3623 557 3736 614 pec-

2146 653 2326 700 catum
2359 653 2418 698 es
2436 642 2625 714 alliget
2651 651 2709 696 et
2747 639 2958 696 relaxet
2990 655 3003 693 :
3030 636 3256 693 lnrresis
3285 636 3340 691 in
3359 634 3539 691 altero
3565 635 3732 691 immi-

2148 735 2237 801 tis,
2272 733 2327 788 in
2356 733 2532 790 altero
2577 731 2931 797 inohediens;
2963 730 3074 785 vult
3101 727 3306 800 ligare,
3348 727 3496 800 quod
3525 743 3630 784 non
3660 744 3737 784 re-

2146 827 2327 883 solvat
2355 844 2368 880 :
2399 841 2508 882 non
2547 827 2662 881 vult
2690 827 2909 882 solvere
2933 865 2949 891 ,
2981 823 3128 896 quod
3160 821 3380 894 ligmit;
3413 822 3468 876 in
3499 818 3652 893 quod
3679 837 3735 880 se

2148 937 2244 978 sua
2272 921 2496 976 danmat
2523 921 2818 978 sententia.
2870 919 3130 975 Dominus
3166 917 3330 991 392
3360 917 3511 973 enim
3541 916 3736 988 parjus

2147 1029 2202 1073 et
2232 1013 2478 1072 solvendi
2507 1031 2631 1072 esse
2661 1015 2834 1071 Voluit
2860 1022 2916 1070 et
2938 1013 3163 1085 ligandi,
3195 1014 3285 1084 qui
3313 1019 3606 1082 utrumque
3627 1011 3738 1083 pari

2147 1109 2465 1166 conditione
2510 1108 2759 1180 permisit
2791 1107 2895 1181 (De
2939 1106 3155 1172 Ρωηὶι..
3191 1107 3314 1160 dist.
3345 1105 3370 1160 i
3399 1147 3414 1169 ,
3462 1121 3580 1170 cap.
3620 1103 3738 1159 Ver.

2148 1204 2268 1258 bum
2297 1199 2420 1268 Dei,
2447 1199 2475 1275 §
2500 1201 2800 1274 Dominus).
2832 1199 2974 1273 Ergo
3001 1201 3091 1272 qui
3112 1199 3363 1255 solvendi
3390 1197 3482 1270 jus
3510 1212 3618 1253 non
3643 1196 3737 1253 ha-

2148 1298 2258 1365 bet,
2293 1311 2396 1354 nec
2421 1297 2622 1368 ligandi
2665 1296 2848 1352 habet.
2877 1304 2902 1332 υ
2945 1295 3099 1352 Sicut
3134 1294 3278 1348 enim
3309 1291 3606 1348 secundum
3642 1291 3738 1346 Do—

2145 1391 2404 1470 mitrieam
2419 1390 2766 1457 sententiam,
2784 1391 2876 1460 qui
2901 1387 3105 1459 ligandi
3119 1387 3208 1458 jus
3234 1385 3415 1454 habet,
3436 1392 3493 1440 et
3505 1383 3737 1441 solvendi

2148 1485 2316 1542 habet
2355 1503 2368 1539 :
2404 1486 2475 1541 ita
2506 1485 2736 1540 istorum
2769 1484 3004 1540 assertio
3033 1496 3094 1538 se
3119 1483 3292 1553 ipsam
3318 1478 3652 1550 strangulat;
3686 1485 3742 1533 ut

2147 1582 2272 1654 quia
2313 1579 2565 1636 solvendi
2589 1579 2690 1635 sibi
2711 1578 2802 1650 jus
2833 1587 3068 1650 negant,
3098 1590 3300 1648 negare
3335 1573 3570 1630 debeant
3593 1581 3647 1628 et
3671 1571 3738 1626 li-

2146 1673 2332 1745 gandi.
2364 1673 2653 1742 Quomodo
2690 1671 2858 1744 igitur
2901 1677 3084 1743 potest
3118 1671 3349 1725 alterum
3379 1667 3580 1734 licere,
3610 1667 3739 1721 alte-

438 1771 688 1843 quidem,
717 1772 813 1827 seti
844 1778 1024 1826 tamen
1053 1769 1252 1826 ditinis
1279 1777 1487 1826 tantum
1519 1768 1773 1840 redargui
1794 1763 2044 1826 videreu-
2073 1755 2122 1832 Β
2148 1783 2265 1824 rum
2311 1783 2420 1824 non
2459 1759 2713 1824 licere?!
2761 1761 2971 1834 Quibus
3006 1759 3270 1819 donatum
3313 1772 3603 1832 utrumque
3631 1770 3738 1827 est,

438 1875 526 1920 tur
551 1864 862 1931 sententiis,
886 1863 1285 1920 assertionibus
1309 1873 1490 1920 tamen
1514 1863 1626 1918 suis
1650 1861 2037 1930 convenirent;

441 1956 702 2012 Dominus
741 1958 887 2012 enim
933 1957 1142 2012 crimen
1176 1955 1386 2012 nullum
1413 1955 1669 2027 excepit,
1701 1953 1794 2028 qui
1823 1967 2043 2026 peccata

438 2050 659 2105 donavit
680 2049 890 2106 omnia.
924 2039 994 2104 At
1031 2053 1154 2105 cum
1183 2055 1209 2086 α
1249 2049 1428 2104 omnia
1473 2060 1690 2118 peccata
1735 2045 2042 2104 Stoicorutn

438 2142 674 2214 qtiodatit
720 2153 872 2199 more
915 2143 1139 2213 paribus
1169 2152 1359 2213 putent
1388 2142 1705 2198 :estimanda
1749 2142 2043 2211 mensuris,

439 2246 495 2292 et
515 2235 671 2307 mq'ue
691 2241 813 2292 eum
837 2236 927 2306 qui
956 2236 1176 2306 gallum,
1198 2241 1258 2290 ut
1282 2235 1455 2303 aiunt,
1480 2235 1858 2306 gallinaceum,
1884 2238 2048 2306 atque

442 2331 594 2386 illum
622 2323 717 2400 qui
745 2331 953 2401 patrem
982 2326 1348 2392 sutl‘ocaverit,
1383 2333 1646 2399 perpetuo
1668 2332 1914 2383 asSet-attt
1945 2330 2050 2384 cte-

447 2421 678 2478 lestibus
716 2420 1052 2478 abdicandus
1092 2419 1409 2492 mySIeriis;
1453 2415 1726 2490 quomodo
1754 2419 1911 2474 unius
1939 2420 2046 2475 cri-

446 2513 610 2570 minis
634 2508 903 2585 objiciunt
932 2517 1080 2579 reos,
1101 2511 1130 2551 ι’
1160 2519 1285 2568 cum
1315 2510 1754 2584 indignissimum
1781 2517 1903 2569 eSSe
1942 2525 2050 2568 non

446 2610 661 2680 possint
690 2609 856 2664 etiam
887 2607 989 2679 lpii
1020 2613 1243 2679 negare,
1271 2616 1331 2663 ut
1358 2603 1652 2678 paucorum
1675 2621 1840 2680 poena
1864 2610 2053 2678 perve-

448 2705 566 2761 niat
589 2703 656 2760 ad
685 2701 921 2760 multos?

518 2805 572 2860 6.
601 2801 773 2876 [Alias
797 2809 913 2875 cap.
942 2797 1036 2876 ll.]
1059 2799 1168 2859 Sed
1194 2795 1419 2857 aiiiiiise
1450 2795 1682 2855 Diimino
1723 2795 1940 2856 deferre
1968 2813 2054 2856 re-

445 2897 772 2964 verentiam,
798 2895 883 2952 cui
905 2894 1010 2950 soli
1033 2889 1482 2950 remittendorum
1502 2887 1790 2947 criminum
1816 2900 2054 2963 potesta-

447 2997 556 3046 tem
577 2989 877 3046 icservent.
902 2987 1074 3044 [nimo
1094 2979 1225 3042 nulli
1253 2985 1520 3056 tnajorcm
1543 2981 1796 3056 iniuriam
1828 2984 2051 3052 facittnt,

2145 1872 2240 1918 aut
2270 1869 2562 1934 utrumque
2603 1861 2772 1918 licere
2803 1858 3148 1914 manifestum
3191 1865 3312 1924 est,
3341 1864 3438 1912 aut
3463 1864 3743 1924 utrumque

2148 1973 2254 2011 non
2276 1954 2443 2010 licere
2454 1963 2663 2010 certum
2678 1962 2781 2008 est.
2803 1941 3062 2008 Ecclesiae
3079 1961 3371 2020 utrumque
3389 1947 3536 2014 licet,
3557 1946 3741 2002 haeresi

2148 2057 2438 2120 utrumque
2457 2063 2567 2104 non
2590 2045 2718 2103 licet
2735 2045 2850 2117 ;jus
2866 2041 3008 2101 enim
3038 2041 3144 2098 hoc
3164 2041 3297 2098 solis
3320 2043 3638 2114 permissum
3666 2053 3744 2093 sa-

2149 2141 2464 2201 cerdmibus
2487 2152 2594 2198 est.
2627 2139 2798 2196 Recte
2838 2131 3002 2210 igitur
3049 2133 3440 2204 hoc.Ecclesia
3488 2129 3739 2197 vindicat,

2153 2245 2327 2306 aqua:
2363 2250 2526 2290 veros
2573 2233 2894 2290 sacerdotes
2945 2225 3152 2286 habet:
3202 2223 3430 2284 hmresis
3476 2221 3744 2281 vindicare

2152 2343 2260 2383 non
2291 2335 2494 2399 potest,
2525 2341 2645 2396 quae
2674 2323 2991 2381 sacerdotes
3023 2321 3117 2379 Dei
3149 2337 3255 2377 non
3281 2320 3467 2376 habet.
3497 2317 3612 2374 Non
3635 2317 3744 2373 vin-

2151 2422 2387 2479 dicando
2411 2433 2592 2478 autem
2626 2425 2742 2491 ipsa
2764 2421 2832 2476 de
2857 2435 2918 2475 se
2947 2418 3262 2490 pronuntiat
3290 2457 3306 2482 ,
3345 2415 3492 2487 quod
3518 2415 3640 2470 cum
3663 2429 3745 2469 sa-

2151 2516 2404 2573 cerdotes
2442 2531 2550 2572 non
2581 2514 2786 2571 habent
2810 2556 2826 2581 ,
2866 2515 2960 2586 jus
2990 2513 3094 2569 sibi
3118 2511 3398 2568 vindicare
3429 2526 3537 2567 non
3558 2509 3748 2566 debeat

2153 2612 2520 2668 sacerdotale.
2569 2609 2646 2667 ita
2701 2611 3000 2684 impudenti
3053 2607 3399 2666 contumacia
3459 2605 3744 2680 pudentem

2153 2705 2431 2762 cernimus
2453 2701 2877 2761 confessionem.

2225 2797 2279 2856 8.
2312 2799 2509 2872 Specta
2539 2799 2704 2856 etiam
2739 2795 2890 2863 illud,
2921 2797 3174 2870 quoniam
3196 2797 3288 2870 qui
3312 2793 3575 2865 Spiritum
3598 2806 3749 2851 sauc-

2158 2907 2272 2950 tum
2303 2893 2550 2964 accepit,
2596 2902 2651 2950 et
2691 2891 2936 2948 solvendi
2974 2889 3186 2964 peccati
3225 2889 3551 2965 potestatem
3597 2897 3652 2947 et
3687 2891 3751 2944 li-

2155 2986 2315 3059 gandi
2346 2987 2576 3056 accepit.
2619 2981 2711 3042 Sic
2741 2980 2888 3042 enim
2918 2987 3182 3057 scriptum
3211 2986 3295 3041 last
3325 3001 3344 3040 :
3368 2983 3603 3056 Accipite
3624 2983 3749 3054 Spl-

449 3095 472 3123 ο
493 3098 654 3154 quam
683 3083 773 3153 qui
803 3082 922 3152 ejus
947 3082 1131 3136 volunt
1154 3079 1405 3135 mandata
1431 3079 1768 3146 rescindere,
1797 3080 2056 3136 commis-
2157 3087 2312 3135 rttunt
2341 3091 2612 3146 sanctum;
2641 3092 2860 3151 quorum
2891 3077 3193 3135 reniiseritis
3222 3085 3454 3153 peccata,
3485 3077 3752 3134 remittan-

446 3193 566 3236 sum
599 3177 798 3236 niiious
823 3169 1135 3235 rcfuhdere.
1164 3172 1298 3233 Nam
1330 3175 1452 3232 cum
1487 3173 1604 3246 ipse
1655 3173 1708 3230 in
1759 3170 2049 3249 Evangelio
2077 3159 2123 3224 Ο
2158 3185 2243 3230 tur
2277 3181 2366 3232 :et
2392 3191 2611 3246 quorum
2642 3162 2990 3241 detinueriiis,
3023 3173 3228 3228 detenta
3253 3171 3402 3228 erunt
3430 3165 3602 3246 (Joan
3636 3187 3704 3227 xx
3732 3215 3748 3239 ,

447 3279 548 3331 Suo
575 3273 773 3330 dixerit
807 3273 1068 3328 Dominus
1099 3265 1262 3328 .iesus
1291 3287 1304 3324 :
1339 3259 1574 3342 Accipite
1607 3269 1872 3341 Spit-itum
1924 3282 2049 3325 san-
2154 3267 2248 3334 22,
2279 3267 2396 3340 25).
2433 3267 2578 3338 Ergo
2603 3268 2692 3340 qui
2719 3267 2936 3324 solvere
2967 3283 3074 3321 non
3108 3273 3288 3336 potest
3313 3279 3618 3338 peccatum,
3644 3283 3751 3320 nun

444 3371 617 3434 cttml;
651 3363 874 3440 q'uonm't
897 3357 1198 3420 reiniseritis
1223 3371 1460 3433 peccata,
1491 3363 1822 3420 remittuntur
1844 3364 1918 3419 eis
1951 3381 1969 3420 :
2000 3369 2050 3419 et
2156 3363 2318 3418 habet
2350 3362 2610 3432 Spiritum
2657 3371 2927 3417 sanclmn.
2971 3359 3163 3416 Montis
3200 3361 3439 3431 Spiritus
3465 3363 3634 3418 sancti
3667 3369 3756 3418 est

446 3477 670 3534 quorum
697 3461 1046 3527 detinueritis,
1075 3459 1282 3516 detenta
1311 3469 1466 3514 erunt
1490 3455 1786 3529 (Joaan,
1810 3445 1902 3524 22,
1925 3457 2045 3532 25);
2154 3455 2391 3512 cilicium
2423 3455 2744 3522 sacerdotis,
2767 3453 2856 3528 jus
2886 3463 3064 3513 autem
3095 3453 3330 3528 Spiritus
3357 3455 3528 3513 sancti
3559 3457 3612 3513 i'n
3645 3458 3769 3512 sol:

525 3609 551 3636 ι
583 3599 765 3674 forte
795 3613 876 3678 an_
891 3612 1129 3678 pugnare
1154 3597 1294 3652 inter
1322 3595 1694 3678 sevideantpr
1717 3635 1733 3662 ,
1781 3595 1926 3678 quod
1959 3595 2046 3652 hic

449 3665 710 3742 dicuntur
735 3665 1162 3742 onn‘iiapeccata
1205 3685 1250 3721 te
1273 3669 1431 3734 lualia
1459 3683 1580 3742 esse
1620 3665 1956 3742 Novatianis,
1984 3677 2038 3723 et

451 3741 596 3814 quod
630 3739 763 3795 Infra
814 3731 977 3795 iidelii
1009 3731 1323 3814 i'ei'eruntttr
1363 3733 1708 3814 tuattii'estunt
1757 3731 2045 3814 discrimen

455 3808 600 3868 inter
627 3814 900 3882 graviores
923 3825 986 3866 ac
1012 3811 1244 3882 leviores
1291 3808 1476 3882 culpas
1527 3810 1799 3864 inducere.
1849 3809 2046 3864 Verum

453 3879 654 3940 ibidem
679 3899 786 3939 non
807 3883 1038 3950 obscure
1061 3881 1259 3937 indicat
1283 3879 1342 3936 S.
1372 3881 1568 3936 Doctor
1593 3896 1710 3938 eant
1735 3896 1894 3953 quam
1929 3881 2048 3953 istic

453 3965 720 4012 memorat
751 3954 1197 4024 responsionem,
1251 3953 1612 4024 posteriorum
1641 3951 1765 4009 esse
1787 3951 2045 4008 Nomia-

455 4029 648 4083 noi'um
680 4045 694 4082 :
724 4023 1056 4095 antiquiores
1103 4033 1283 4079 autem
1332 4023 1400 4078 de
1428 4031 1768 4094 peccatorum
1817 4027 2046 4094 paritate

453 4099 583 4156 illud
611 4097 854 4154 εδιιθιςςε
877 4137 892 4162 ,
937 4096 1082 4168 quod
1116 4095 1204 4152 hic
1241 4095 1492 4152 traditur.
1524 4095 1681 4168 satis
1712 4105 1890 4152 tamen
1922 4107 2047 4166 pro-

452 4171 630 4226 babile
681 4181 764 4225 est
821 4167 1176 4224 Novalianum
1231 4169 1405 4238 primo
1469 4167 2044 4239 insimnlajumigquasi

453 4180 630 4226 habile
681 4181 764 4225 est
821 4180 1176 4224 Novaltattutu
1231 4182 1405 4238 primo
1469 4180 1838 4292 Insnnulalnm
1887 4183 2044 4239 quass

453 4243 602 4312 paria
636 4241 836 4296 faceret
869 4239 1122 4311 quaelibet
1163 4248 1376 4312 peccata
1409 4279 1426 4306 ,
1463 4254 1530 4295 eo
1555 4238 1696 4312 quod
1741 4223 2046 4312 ibeilaticos

457 4310 612 4382 tuque
642 4326 680 4382 Va
709 4310 1148 4368 reconciliatione
1170 4310 1482 4367 excluderet
1519 4319 1584 4366 ac
1608 4310 2046 4380 thuriiicatorcs,

459 4394 570 4438 tum
619 4381 880 4454 doctrinm
928 4395 1042 4454 suae
1089 4381 1476 4454 consequentia
1531 4383 1806 4437 inductum
1842 4396 2050 4454 pecca-

461 4463 638 4525 torum
671 4451 1030 4525 dilicrentiam
1059 4451 1562 4525 omnem'rejecisse
1590 4490 1607 4520 ,
1640 4451 1944 4525 litliiellnm
1993 4465 2051 4510 ut

461 4471 481 4508 t
522 4471 638 4508 rtnn
671 4471 1030 4509 attrerenuam
1059 4471 1273 4510 omnem
1303 4471 1562 4525 rejectsse
1590 4490 1607 4520 ,
1640 4471 1750 4509 tum
1781 4471 1944 4508 eunm
1993 4471 2048 4510 ut

459 4471 1000 4596 o‘bjectionemillam
1049 4524 1328 4587 eluderet,
1362 4541 1466 4596 qua
1513 4525 1578 4583 ad
1631 4524 2000 4596 paenitentiam
2031 4567 2048 4594 ,

459 4610 582 4667 quin
613 4596 776 4666 lapsis
799 4595 868 4650 ab
915 4611 980 4650 eo
1005 4595 1412 4667 denegabitur,
1443 4597 1719 4653 adulteros
1765 4595 2052 4654 admittere

461 4669 790 4738 arguebatur
835 4681 866 4722 ιι
909 4667 1224 4740 Cypriane:
1285 4683 1406 4725 cum
1446 4684 1579 4726 vero
1625 4669 1904 4740 aequalitas
1958 4668 2050 4724 illa

462 4739 750 4810 criminum
779 4739 979 4796 secutis
1010 4742 1347 4810 temporibus
1389 4741 1550 4796 nimis
1575 4739 1820 4796 odiosam
1851 4739 2048 4796 redde-

461 4819 547 4866 ret
575 4809 820 4866 eamdem
861 4820 1066 4882 sectam
1092 4852 1107 4877 ,
1157 4812 1494 4869 recentiores
1541 4810 1683 4867 illius
1717 4812 2050 4882 professores

461 4882 533 4939 ab
561 4897 628 4939 eo
655 4883 905 4952 dogmate
933 4881 1152 4939 duxisse
1178 4883 1560 4940 recedendum.
1593 4881 1750 4952 Quod
1783 4897 1944 4953 porro
1981 4883 2048 4938 ad

463 4953 770 5026 exemplum
791 4969 822 5008 a
839 4955 1080 5024 parentis
1101 4962 1158 5010 et
1181 4955 1464 5026 gallinacei
1496 4969 1631 5011 nece
1649 4957 1897 5025 petitum,
1915 4953 2049 5010 illud

468 5025 641 5095 ipsum
661 5029 978 5096 prapouitur
1003 5043 1030 5080 a
1048 5026 1117 5085 Μ,
1143 5025 1320 5082 Tullio
1347 5025 1402 5082 in
1415 5026 1568 5082 Orat.
1590 5041 1686 5096 pro
1715 5027 1776 5082 L.
1801 5025 2044 5092 Murena,

468 5110 521 5152 et
546 5097 690 5152 aliud
703 5097 772 5152 de
789 5098 960 5166 patris
980 5099 1141 5154 etiam
1169 5113 1234 5153 ac
1267 5099 1408 5153 servi
1430 5097 1578 5156 caede
1601 5098 1655 5152 in
1687 5097 1970 5154 Paradoso
1994 5101 2048 5156 5.

471 5169 578 5226 Sed
593 5170 679 5225 hic
691 5169 948 5233 nonsatis
961 5169 1064 5224 sibi
1077 5179 1261 5224 conisu)
1271 5185 1327 5225 re
1342 5169 1679 5235 videturipse
1691 5170 1914 5235 Cicero;
1931 5185 2054 5226 nam

473 5256 593 5296 cum
627 5250 970 5310 peccatorum
1011 5241 1373 5311 aequalitatem
1404 5241 1475 5294 ibi
1502 5240 1778 5311 defendat,
1807 5241 2057 5296 confiteri

473 5306 652 5382 tamen
668 5312 898 5381 cogitur,
914 5326 1037 5367 eum
1056 5306 1148 5382 qui
1167 5323 1224 5379 pa
1239 5306 1372 5382 irem
1388 5310 1668 5375 occiderit,
1691 5311 1855 5366 multa
1871 5327 2060 5382 pecca-

473 5397 550 5439 re.
582 5381 951 5454 Mcritoigitur
963 5383 1031 5439 de
1053 5381 1155 5438 hac
1181 5381 1436 5452 opinione
1457 5381 1760 5438 Stoicorum
1777 5383 2060 5438 Horatius:

531 5473 687 5534 θυρὶς
707 5475 842 5536 [naria
865 5485 981 5524 esse
1006 5472 1115 5524 fere
1135 5471 1318 5536 placuit
1339 5479 1559 5535 necata,
1581 5471 1806 5522 laborant

532 5537 652 5653 tam
676 5544 874 5652 νᾶιέιιιιη
891 5536 951 5586 ad
969 5539 1144 5589 verum
1161 5543 1238 5587 est
1261 5550 1274 5586 :
1289 5547 1468 5586 sensus
1485 5547 1746 5598 putresque
1767 5536 2065 5600 repugnant.

639 5614 692 5652 tn
807 5613 823 5653 :

639 5613 778 5652 ιηιιιι
807 5613 823 5654 ἓ

565 5690 674 5759 15cc
691 5691 854 5742 vincet
875 5693 1004 5759 ratio
1023 5692 1142 5759 hoc_,_
1163 5691 1466 5759 tantumdem
1482 5705 1543 5759 ac
1565 5697 1740 5759 peccet
1756 5681 2008 5759 idbinque,

560 5752 656 5818 Qui
679 5759 884 5818 teneros
899 5753 1233 5818 cattlesalieni
1253 5754 1464 5818 fregerit
1479 5752 1604 5806 horti
1615 5791 1632 5816 ,

555 5813 617 5870 Et
639 5814 723 5878 qui
744 5820 1010 5866 nocturnus
1030 5817 1196 5886 divum
1214 5813 1356 5868 sach
1367 5817 1570 5885 legerit,
1589 5813 1685 5870 etc.

2078 4567 2132 4628 D

2225 3593 2253 3633 ι)
2279 3595 2480 3649 llorum
2510 3597 2800 3650 verborum
2821 3610 2940 3665 quas
2961 3595 3120 3664 paulo
3143 3596 3476 3652 intricatiora
3499 3606 3642 3658 sunt,
3664 3597 3756 3652 hic

2147 3667 2280 3721 ordo
2291 3675 2392 3721 est:
2408 3683 2520 3720 cum
2535 3667 2634 3734 ipsi
2649 3665 2797 3739 etiam
2813 3683 2997 3739 negare
3011 3685 3109 3720 non
3123 3668 3322 3739 possint
3337 3667 3655 3736 indignissitn
3666 3685 3754 3722 unt

2153 3754 2283 3818 esse,
2309 3747 2362 3818 ut
2403 3753 2701 3806 paucorum,
2747 3733 3258 3818 lapsortttnscilicei,
3299 3733 3754 3818 pten-a'perrenint

2153 3810 2442 3876 atlmultos,
2477 3825 2669 3879 nempe
2695 3811 2760 3862 ad
2776 3809 3242 3880 quorumcumque
3267 3809 3552 3866 criminum
3605 3827 3751 3866 reos.

2229 3891 2250 3920 ε
2278 3881 2434 3937 lieni.
2461 3882 2602 3952 edit.
2627 3883 2764 3949 sola,
2804 3897 2958 3952 quam
2986 3882 3031 3936 ei
3052 3883 3202 3952 cujus
3225 3882 3418 3938 uolunt.
3450 3883 3610 3950 Male,
3628 3890 3753 3939 emit

2151 3951 2479 4008 antecedens
2514 3951 2643 4006 nulli
2675 3968 2780 4006 non
2815 3951 2866 4007 in
2897 3954 3056 4008 tertio
3085 3951 3344 4024 singulari
3373 3969 3502 4010 casu
3529 3995 3545 4020 ,
3578 3957 3671 4011 sed
3697 3957 3756 4012 in

2153 4024 2328 4094 primo
2357 4024 2546 4093 plurali
2578 4023 2810 4094 positum
2850 4025 2940 4087 sit,
2966 4025 3023 4078 ut
3043 4023 3246 4080 clarum
3271 4026 3374 4081 erit
3400 4027 3757 4083 examinanti.

2223 4091 2252 4133 δ
2285 4091 2413 4151 Mss.
2463 4091 2711 4168 aliquot,
2767 4112 2822 4151 se
2870 4111 3113 4168 suamque
3169 4097 3380 4152 damnat
3429 4099 3755 4154 sententious.

2152 4167 2330 4223 Minus
2356 4167 2664 4223 commode.

2229 4248 2252 4276 °
2287 4239 2433 4294 Sicut
2451 4240 2683 4294 enim...
2731 4248 2779 4294 et
2827 4237 3059 4294 solvendi
3080 4239 3250 4304 habet,
3282 4241 3334 4296 in
3383 4257 3514 4296 mss.
3559 4242 3758 4308 Laud,

2153 4309 2314 4367 Sorh.
2347 4321 2400 4366 et
2429 4310 2588 4365 Mich.
2621 4311 2997 4366 desiderantur
3023 4351 3040 4378 ,
3073 4324 3238 4368 sensu
3274 4313 3446 4370 nihilo
3475 4315 3758 4370 deteriori.

2233 4381 2251 4419 ί
2286 4383 2358 4437 ita
2388 4380 2516 4439 Gill.
2549 4397 2613 4438 ac
2637 4395 2768 4438 mss.
2801 4397 2994 4439 omnes
3015 4393 3216 4453 praeter
3241 4383 3426 4442 Albin.
3455 4385 3594 4442 duos
3618 4427 3635 4453 ,
3665 4388 3760 4444 ubi

2157 4453 2256 4524 legi
2267 4461 2351 4508 tur
2367 4471 2380 4508 :
2399 4453 2594 4528 Quibus
2607 4454 2854 4528 donatum
2869 4467 3139 4526 utrumque
3149 4466 3242 4523 est,
3259 4468 3305 4513 et
3321 4468 3595 4528 utrumque
3607 4461 3762 4514 licere

2157 4523 2350 4595 certum
2370 4536 2466 4578 est.
2496 4523 2742 4580 Ecclesia:
2755 4537 2952 4592 autem,
2971 4523 3078 4582 etc.
3097 4528 3319 4583 Amerb.
3346 4545 3477 4585 vero
3496 4523 3554 4585 et
3575 4531 3757 4595 κως..

2157 4593 2220 4652 Si
2243 4595 2547 4672 quibusdam
2568 4596 2748 4651 datum
2770 4607 3037 4672 utrumque
3064 4610 3136 4654 est
3168 4601 3337 4665 licere,
3367 4613 3458 4655 aut
3486 4593 3764 4672 utrumque

2157 4667 2263 4722 non
2280 4668 2436 4722 licere
2456 4683 2476 4722 :
2497 4677 2688 4743 certum
2710 4677 2787 4723 est
2806 4667 3050 4743 Ecclesiae
3069 4681 3346 4743 utrumque
3363 4674 3542 4741 licere,
3574 4667 3762 4730 heresi

2155 4748 2428 4813 utrumque
2475 4756 2577 4794 non
2631 4741 2804 4795 licere.
2857 4743 2930 4798 At
2974 4741 3130 4797 Rom.
3181 4741 3298 4798 edit
3354 4748 3502 4813 sola,
3563 4745 3763 4812 Quibus

2155 4811 2374 4877 datum,
2408 4821 2680 4887 utrumque
2716 4821 2791 4866 est
2846 4813 2998 4868 licere
3021 4831 3040 4868 :
3069 4823 3121 4868 at
3163 4815 3347 4884 quibus
3399 4811 3503 4871 non
3533 4811 3710 4873 dotata:
3735 4859 3754 4887 ,

2156 4893 2427 4950 utrumque
2452 4899 2554 4938 non
2591 4885 2744 4938 licere
2792 4894 2985 4938 certum
3020 4894 3116 4950 est,
3143 4897 3279 4952 etc.,
3313 4897 3371 4942 ut
3395 4889 3624 4946 Anseris.

2228 4963 2254 4997 κ
2297 4953 2439 5008 Edit.
2498 4954 2600 5009 ult.
2661 4955 2857 5027 Parim,
2912 4972 3030 5027 quc
3082 4971 3225 5012 verus
3272 4959 3532 5016 Sacerdos
3581 4961 3758 5019 habet.

2158 5025 2350 5081 Paucis
2373 5040 2501 5082 vero
2531 5026 2831 5098 intctjectis
2858 5025 2954 5096 pro
2975 5029 3266 5084 sacerdotes
3295 5030 3412 5089 Dei.
3435 5032 3594 5088 Rom.
3620 5036 3756 5089 edit.

2159 5111 2278 5154 cum
2311 5113 2440 5154 mss.
2472 5098 2686 5154 duobus
2714 5100 2904 5167 habet,
2929 5101 3215 5156 sacerdotes
3237 5115 3401 5160 ocros.
3435 5106 3549 5161 Hoc
3573 5115 3759 5163 autem

2161 5167 2284 5224 loco
2306 5170 2624 5249 Ambrosius
2645 5171 2696 5249 in
2719 5171 3158 5249 adversariorum
3177 5175 3552 5249 suppositione
3569 5177 3761 5249 dispu-

2167 5251 2284 5295 tans
2309 5240 2441 5296 nihil
2465 5240 2609 5321 aliud
2637 5242 2819 5304 docet,
2848 5240 3336 5321 nis_i_sacerdotales
3366 5259 3520 5306 actus
3545 5240 3761 5321 episco-

2169 5327 2359 5389 porum
2390 5314 2901 5389 presbyteroruth:
2917 5315 3332 5389 Novatianorum
3361 5314 3756 5389 illicitos'esse;

2175 5383 2402 5454 validam
2425 5383 2568 5439 enim
2591 5386 2827 5454 ipsot‘ttttt
2848 5388 3122 5443 exatitisse
3141 5388 3536 5450 ordinationem
3567 5383 3762 5453 Patren

2171 5452 2346 5534 Conc._
2368 5454 2566 5534 Νωριιὶ
2797 5458 2852 5534 _8,
2908 5475 3034 5534 non
3068 5459 3300 5534 obscure
3335 5452 3756 5534 significantius

2168 5525 2602 5652 ἓιικιιιιικιιιιάεηι
2631 5529 2846 5610 clericis
2867 5529 3122 5587 euntibus
3157 5532 3228 5588 ab
3247 5525 3436 5590 eadem
3461 5534 3656 5620 heresi
3686 5525 3758 5594 ad

2215 5598 2465 5652 cclcsnam
2499 5599 2850 5652 redeuntibus
2873 5601 3097 5652 aradum
3125 5617 3283 5652 suum
3318 5614 3481 5652 auum
3501 5609 3756 5652 mutant-un

2215 5598 2465 5676 cclesiam
2499 5599 2850 5676 redeuntibus
2873 5601 3097 5676 gradum
3125 5617 3283 5659 suum
3318 5614 3481 5676 atque
3501 5608 3756 5666 ordinem

2167 5668 2408 5725 decrevit
2434 5668 2897 5745 conservandum:
2929 5670 3020 5728 Sic
3045 5689 3174 5745 ergo
3195 5668 3506 5734 sacerdotes
3536 5680 3758 5737 hereti-

2165 5754 2349 5794 corum
2384 5743 2824 5820 verinegantur,
2844 5755 2900 5802 ut
2938 5743 3388 5820 vnlgo'negamus
3417 5767 3602 5809 verum
3629 5767 3758 5814 esse

2164 5827 2348 5888 regem
2377 5857 2393 5884 ,
2425 5817 2516 5888 qui
2543 5832 2652 5874 non
2679 5818 2921 5896 legitime
2949 5817 3117 5878 utitur
3142 5817 3240 5879 sua
3291 5832 3579 5896 potestate,
