4042 6294
308 251 417 309 469

1552 248 1640 306 DE
1677 247 2127 307 PiENiTENTIA
2167 248 2301 307 LIB.
2345 249 2387 305 Ι.

3504 253 3615 311 470

307 374 501 429 vendis
555 370 893 445 ligandisque
931 370 1244 430 criminibus
1290 378 1406 437 est;
1440 371 1716 442 quomodo
1743 370 1908 442 igitur
1931 373 1984 433 Α
2010 369 2238 427 estillud
2254 388 2268 425 :
2285 370 2372 428 Sit
2386 378 2559 426 autem
2579 368 2715 426 Deus
2734 385 2909 440 seras,
2930 371 3097 426 omnis
3110 379 3284 427 autem
3303 371 3615 430 uentorum-

306 482 507 523 munus
527 466 649 539 ejus
678 466 995 534 vindicant,
1022 465 1091 523 de
1115 465 1268 536 cujus
1291 463 1543 521 difﬁdunt
1564 464 1687 533 jure
1718 474 1772 520 et
1812 480 1908 535 po-

307 559 631 720 miiftatiid!
658 650 808 723 quod
834 649 1222 707 insolentiores
1237 658 1386 706 sunt.
1403 648 1538 705 Nam
1559 664 1682 705 cum
1711 650 1781 706 ad
1806 650 1908 706 tui-

305 744 665 803 sericordiam
697 744 997 816 promptior
1023 742 1283 814 quam‘ad
1306 743 1654 800 severitatem
1684 742 1757 799 sit
1778 743 1906 815 Spi-

303 837 447 895 ritus
475 837 606 904 Dei;
635 837 780 909 quod
805 837 882 893 ait
909 852 968 893 se
994 836 1158 905 velle,
1190 835 1243 891 id
1273 835 1467 891 nolunt
1493 853 1512 891 :
1540 835 1689 907 quod
1717 836 1862 893 nolle
1885 877 1902 905 ,

304 930 414 987 hoc
437 942 634 1001 agunt;
661 946 785 986 cum
816 930 1092 987 vindicare
1108 929 1308 1002 judicis
1324 930 1414 998 sit,
1442 929 1721 986 remittere
1743 931 1906 986 mise-

303 1024 565 1080 ricordis.
598 1023 963 1081 Tolerabilius
986 1025 1173 1106 igitur,
1203 1022 1526 1092 Novatiane,
1558 1023 1902 1090 remitteres,

299 1134 466 1191 quam
496 1120 690 1190 ligares
714 1136 728 1186 ;
755 1119 902 1177 aliud
924 1120 1066 1176 enim
1091 1121 1245 1192 quasi
1273 1128 1299 1158 ι
1329 1119 1679 1192 delinquendi
1705 1133 1906 1191 parcus

301 1228 594 1281 usurpatos
617 1252 634 1280 ,
690 1212 838 1270 aliud
890 1213 1045 1285 quasi
1091 1229 1347 1270 terunmte
1390 1226 1708 1284 compassus
1744 1213 1901 1285 igno-

298 1321 508 1363 SCGI'BS.

826 1399 990 1474 ωδ
1025 1398 1256 1457 CAPUT
1294 1399 1378 1456 Ill.

295 1513 503 1571 Iisdem
534 1510 844 1571 Nasidianis
886 1513 1086 1570 veniam
1115 1514 1437 1586 gravioribus
1473 1524 1680 1570 tantum
1719 1513 1898 1569 crimi-

375 1609 527 1665 nibus
555 1609 647 1664 abs
673 1624 729 1663 se
762 1608 1009 1680 denegari
1049 1608 1428 1681 opponentibus
1453 1649 1468 1674 ,
1517 1606 1798 1675 respondet
1835 1606 1897 1663 S.

374 1701 571 1756 Doctor
593 1700 692 1755 ltac
716 1700 964 1756 sententia
982 1700 1047 1755 ab
1067 1702 1176 1756 illis
1201 1711 1352 1756 secta
1373 1716 1484 1756 sate
1501 1709 1763 1771 parentem
1786 1715 1903 1753 rur-

2008 463 2113 519 daa:
2136 506 2153 533 ,
2176 464 2310 520 sicut
2346 464 2593 534 scriptum
2613 474 2686 519 est
2718 480 2737 519 :
2786 472 2844 519 ut
2859 464 3171 537 justiﬁceris
3198 464 3252 519 in
3281 468 3607 521 sermonibus

2009 556 2111 611 tuis
2133 596 2150 621 ,
2182 566 2232 612 et
2252 557 2424 613 uincas
2444 574 2558 611 cum
2576 555 2838 630 judicaris
2862 557 2880 627 (
2909 556 3061 611 Rem.
3090 572 3170 619 ut.
3203 555 3320 628 4)?
3350 556 3420 614 Ut
3441 572 3610 631 agno-

2006 667 2222 709 scamus
2268 652 2430 724 igitur
2468 652 2639 709 Deum
2670 651 3060 707 misericordia:
3106 654 3280 723 magis
3321 653 3609 725 indulgen-

2010 755 2116 802 tem
2147 760 2291 813 esse,
2318 761 2482 818 quam
2524 745 2836 801 severitatis
2882 753 3152 811 tenacem,
3203 746 3320 814 ipse
3348 745 3425 799 ait
3459 760 3474 798 :
3502 743 3609 800 Mi-

2005 840 2341 896 sericordiam
2392 839 2550 905 malo,
2592 855 2747 909 quam
2787 836 3106 907 sacriﬁcium
3147 837 3165 905 (
3200 835 3321 891 Ose.
3375 852 3445 903 rt,
3496 836 3532 892 ϐ
3560 839 3604 906 ).

2005 935 2289 1005 Quomodo
2357 934 2520 1006 igitur
2574 943 2814 989 vestrum
2889 941 3066 1002 potest
3128 940 3410 1003 acceptum
3482 946 3606 986 esse

2003 1030 2333 1087 sacrificium
2381 1030 2492 1085 Deo
2520 1069 2535 1095 ,
2567 1029 2658 1100 qui
2712 1026 2925 1100 negatis
2957 1025 3384 1082 misericordiam
3416 1042 3430 1092 ;
3480 1040 3604 1082 cum

2003 1125 2123 1197 ipse
2159 1123 2307 1180 dicat
2359 1123 2500 1179 nolle
2530 1136 2591 1178 se
2637 1129 2865 1178 mortem
2900 1121 3200 1192 peccatoris
3228 1160 3243 1188 ,
3275 1120 3372 1177 sed
3421 1135 3609 1176 corrc.

2003 1218 2241 1274 ctionem
2271 1218 2293 1289 (
2311 1216 2501 1273 Ezech.
2532 1231 2688 1283 svnt,
2719 1215 2867 1281 32)?

2076 1311 2166 1367 l2.
2215 1308 2383 1383 Cujus
2430 1311 2700 1379 interpres
2749 1310 3045 1377 Apostolus
3096 1311 3214 1365 ait:
3268 1310 3405 1378 Quia
3463 1308 3604 1367 Deus

2008 1406 2207 1463 Filium
2235 1423 2386 1461 suunt
2416 1408 2620 1462 mittens
2642 1407 2697 1461 in
2730 1405 3122 1462 similitudinem
3150 1405 3321 1459 carnis
3363 1407 3559 1477 peccati
3590 1446 3604 1467 ,

2001 1512 2051 1557 et
2080 1502 2145 1556 de
2183 1511 2389 1571 peccato
2434 1501 2693 1555 damnavit
2737 1510 3003 1571 peccatum
3022 1500 3075 1554 in
3116 1514 3310 1565 carne;
3339 1512 3393 1553 ut
3406 1500 3609 1572 justiﬁ«

2003 1592 2137 1648 catio
2177 1591 2331 1665 Legis
2375 1592 2677 1662 impleretur
2721 1593 2774 1646 in
2823 1591 2969 1647 nobis
3008 1590 3207 1663 (Rom.
3259 1607 3375 1656 vm,
3407 1591 3462 1657 5,
3506 1590 3603 1661 4).

2003 1682 2119 1739 Non
2155 1684 2206 1738 in
2235 1684 2649 1739 similitudinem
2677 1681 2858 1740 carnis
2889 1684 2965 1738 ait
2991 1699 3006 1750 ;
3039 1684 3161 1754 quia
3193 1682 3445 1738 Christus
3467 1684 3609 1739 veri-

371 1809 464 1848 ηιο
483 1793 746 1857 damnari,
778 1802 826 1847 ει
848 1790 1043 1859 meum
1073 1793 1351 1862 ipsum...“
1378 1789 1565 1855 Deum,
1595 1792 1685 1861 qui
1713 1806 1895 1862 ρπεα.
1926 1786 1974 1847 Β
2003 1786 2168 1833 tatem
2194 1777 2433 1848 suscepit
2463 1777 2644 1834 carnis
2664 1776 2939 1839 humanas,
2965 1788 2988 1815 ο
3017 1793 3124 1833 non
3146 1777 3562 1834 similitudinem
3590 1796 3603 1832 :

373 1899 542 1942 torum
563 1886 905 1957 quorumlibet
932 1886 1347 1941 remittendorum
1378 1886 1497 1955 fecit
1538 1894 1845 1955 potestatem
1878 1901 1898 1940 :

370 1984 462 2038 sed
494 1980 779 2053 maioribus
808 1981 1009 2036 delictis
1040 1985 1294 2055 majorem
1320 1997 1525 2052 quoque
1543 1980 1898 2051 paenitentiam

370 2075 717 2131 adhibendum
739 2091 871 2131 esse.
901 2074 1102 2148 Adjicit
1128 2084 1301 2129 autem
1328 2075 1471 2145 ipsos
1491 2075 1547 2129 in
1568 2077 1666 2128 Itoc
1687 2087 1897 2145 peruer-

369 2186 456 2225 sos
500 2184 609 2224 sese
650 2169 912 2240 prtzbere,
960 2167 1100 2240 quod
1148 2166 1450 2240 bujusmodi
1490 2168 1764 2238 culparunt
1816 2166 1900 2221 di-

370 2261 579 2316 stinctio
604 2260 891 2315 seueritatis
926 2260 1201 2314 materiam
1253 2258 1364 2314 Deo
1411 2260 1669 2331 relinquat
1697 2274 1715 2313 :
1745 2258 1898 2328 cujus

373 2354 788 2411 misericordiam
825 2355 878 2408 in
924 2354 1282 2409 incarnatione
1309 2352 1498 2409 Christi
1525 2353 1657 2409 adeo
1682 2351 1895 2407 mirabi-

371 2455 490 2509 liter
515 2453 821 2508 emicantem
843 2453 1040 2508 imitari
1066 2452 1370 2508 detrectant.

370 2610 460 2666 i0.
489 2606 596 2665 Sed
625 2608 778 2664 aiunt
800 2623 884 2678 se,
913 2608 1158 2679 exceptis
1185 2608 1528 2680 gravioribus
1554 2610 1894 2680 criminibus,

291 2699 550 2757 relaxare
579 2699 792 2755 veniam
822 2700 1141 2756 levioribus.
1173 2699 1292 2757 Non
1325 2699 1428 2756 hoc
1465 2701 1684 2773 quidem
1707 2710 1897 2760 auctor

290 2795 463 2852 vestri
493 2795 697 2851 erroris
716 2793 745 2834 δ
772 2794 1108 2851 Novatianus
1130 2837 1144 2862 ,
1174 2794 1264 2867 qui
1292 2796 1493 2853 nemini
1522 2797 1893 2869 ptenitentiam

289 2888 532 2946 dandam
562 2890 808 2959 putavit;
841 2904 903 2944 ea
936 2887 1148 2945 scilicet
1165 2890 1646 2960 contemplatione,
1673 2900 1730 2946 ut
1753 2890 1895 2964 quod

291 2983 417 3053 ipse
447 2998 555 3037 non
584 2990 765 3053 posset
786 2981 1021 3050 solvere,
1047 2999 1154 3037 non
1183 2983 1412 3054 ligaret;
1438 3000 1506 3041 ne
1533 2986 1748 3058 ligando
1772 3002 1895 3059 spe-

291 3076 407 3133 rari
459 3090 489 3130 a
545 3090 605 3132 se
653 3074 861 3132 faceret
899 3074 1249 3131 solutionem.
1296 3076 1351 3131 ln
1380 3094 1445 3133 eo
1490 3079 1653 3150 igitur
1684 3091 1893 3150 patrem

2001 1888 2177 1943 neque
2225 1872 2279 1927 in
2312 1872 2727 1929 similitudinem
2759 1872 2967 1944 peccati
3004 1873 3121 1940 ait;
3157 1874 3285 1943 quia
3327 1881 3606 1944 peccatum

2002 1979 2108 2019 non
2142 1964 2265 2019 iecit
2297 2004 2313 2033 ,
2367 1963 2464 2019 sed
2496 1973 2777 2034 peccatum
2808 1979 2906 2034 pro
2932 1963 3089 2019 nobis
3116 1964 3288 2020 lactus
3315 1974 3400 2019 est
3434 1981 3446 2017 :
3499 1964 3599 2019 sed

2002 2058 2154 2112 venit
2178 2057 2230 2110 in
2251 2055 2645 2111 similitudinem
2669 2056 2842 2111 carnis
2891 2056 3087 2124 peccati
3112 2056 3131 2126 (
3162 2054 3209 2110 ll
3256 2054 3377 2109 Cor.
3408 2071 3459 2120 v,
3492 2053 3529 2109 2
3557 2053 3603 2127 ),

2002 2152 2106 2208 hoc
2134 2162 2220 2208 est
2246 2194 2260 2218 ,
2309 2152 2550 2222 suscepit
2576 2150 2996 2207 similitudinem
3020 2150 3206 2205 carnis
3242 2149 3559 2220 peccatricis
3587 2165 3602 2213 ;

1999 2244 2165 2318 394
2212 2244 2334 2300 ideo
2369 2244 2781 2299 similitudinem
2811 2285 2826 2311 ,
2868 2245 2991 2313 quia
3037 2243 3297 2312 scriptum
3348 2251 3474 2297 est:
3533 2241 3597 2296 Et

1999 2337 2154 2394 homo
2183 2348 2289 2405 est,
2341 2347 2389 2393 et
2432 2338 2547 2409 quis
2590 2347 2832 2409 agnoscet
2871 2352 2986 2392 eum
3011 2336 3033 2408 (
3062 2335 3257 2391 Jercm.
3306 2348 3447 2403 xvtt,
3477 2336 3554 2408 5)
3583 2338 3605 2390 ?

2004 2433 2023 2472 ί
2080 2436 2255 2490 Homo
2294 2443 2414 2489 erat
2456 2433 2511 2487 in
2570 2446 2734 2487 carne
2787 2432 3085 2487 secundum
3139 2432 3415 2487 hominem
3445 2472 3461 2499 ,
3511 2435 3602 2500 qui

1998 2536 2442 2599 agnosceretur:
2496 2524 2698 2580 virtute
2754 2538 2918 2595 supra
2973 2523 3290 2589 hominem,
3350 2522 3445 2593 qui
3494 2538 3603 2578 non

1998 2629 2387 2692 agnosceretur
2415 2635 2430 2685 ;
2463 2618 2534 2673 ita
2566 2626 2621 2673 et
2646 2617 2737 2673 hic
2763 2631 2985 2673 carnem
3015 2616 3179 2673 habet
3207 2624 3474 2682 nostram,
3506 2616 3604 2671 sed

1997 2713 2180 2769 carnis
2222 2712 2385 2783 hujus
2433 2711 2560 2767 vitia
2600 2725 2709 2766 non
2754 2709 2939 2766 habet.

2070 2808 2158 2884 1.3.
2186 2805 2304 2861 Non
2329 2805 2474 2862 enim
2506 2804 2653 2861 sicut
2671 2804 2851 2859 omnis
2875 2802 3041 2857 homo
3069 2811 3173 2871 est,
3206 2817 3277 2859 ex
3314 2803 3458 2859 virili
3484 2811 3599 2859 erat

1997 2911 2056 2959 et
2103 2900 2333 2957 feminea
2387 2898 2753 2970 permixtione
2795 2905 3135 2969 generatus:
3188 2896 3283 2952 sed
3331 2906 3489 2953 natus
3536 2896 3605 2952 de

1997 2996 2202 3067 Spiritu
2245 3005 2438 3051 sancto
2481 2992 2629 3049 etde
2656 2991 2877 3063 Virgine
2906 2989 3138 3063 (Matth.
3173 3008 3212 3057 ι,
3249 2990 3380 3063 18),
3411 2994 3604 3047 imma-

1999 3091 2233 3147 culatum
2265 3102 2465 3158 corpus
2513 3096 2875 3157 susceperat,
2918 3084 3062 3157 quod
3094 3094 3200 3140 neu
3230 3086 3407 3140 solum
3454 3085 3601 3141 nulla

290 3178 539 3253 vestrum
579 3170 798 3240 prOpria
828 3168 1097 3225 damnatis
1127 3170 1396 3225 sententia
1420 3212 1433 3237 ,
1469 3171 1556 3241 qui
1588 3171 1895 3227 distinctio-

2010 3185 2127 3239 ritia
2180 3184 2587 3238 maculaverant
2619 3224 2634 3248 ,
2668 3181 2763 3237 sed
2795 3196 2893 3237 nec
2919 3179 3296 3251 generationis
3339 3189 3432 3234 aut
3470 3192 3602 3234 con-

294 3248 435 3318 tiem
460 3271 804 3334 peccatorum
832 3261 1029 3330 facitis,
1060 3279 1181 3333 qua:
1211 3262 1467 3318 solvenda
1497 3278 1527 3317 a
1559 3263 1711 3318 vobis
1742 3274 1897 3333 pute—

295 3355 370 3412 tis
390 3399 406 3424 ,
439 3366 493 3413 et
521 3372 641 3429 quze
672 3356 790 3413 sine
814 3350 1052 3413 remedio
1075 3372 1196 3413 esse
1218 3356 1555 3412 arbitremini
1584 3375 1597 3411 :
1628 3355 1721 3412 sed
1758 3358 1898 3415 Deus

292 3447 698 3505 distinctionem
724 3465 828 3504 non
857 3447 1001 3509 facit.
1033 3449 1122 3520 qui
1147 3447 1573 3505 misericordiam
1596 3465 1749 3504 suam
1776 3465 1900 3517 pro-

291 3544 445 3601 misit
486 3542 763 3609 omnihus,
823 3540 879 3598 ei
909 3536 1186 3599 relaxandi
1220 3542 1492 3599 licentiam
1522 3542 1899 3601 sacerdotibus

290 3639 412 3696 suis
429 3639 548 3694 sine
572 3634 677 3692 ulla
705 3638 1027 3708 exceptione
1045 3639 1313 3693 Concessit
1339 3622 1441 3710 (De
1467 3634 1679 3707 Paenit.,
1704 3637 1896 3705 distJ,

291 3752 414 3808 cap.
463 3731 661 3804 Deus).
706 3726 813 3790 Sed
842 3730 934 3804 qui
969 3732 1180 3804 culpam
1209 3732 1895 3804 exaggeraverit,'exagge-

294 3838 383 3884 ret
410 3826 575 3883 etiam
608 3822 1017 3897 ptenitentiam;
1053 3823 1255 3896 majora
1286 3825 1431 3881 enim
1461 3824 1687 3881 crimina
1723 3834 1747 3865 α
1778 3840 1896 3880 ma-

289 3921 509 3995 joribus
528 3921 821 3977 abluuntur
849 3919 1084 3977 ﬂetibus.
1117 3914 1192 3975 ita
1222 3935 1323 3977 nec
1350 3918 1687 3975 Novatianus
1707 3919 1893 3990 proba-

294 4026 431 4082 tur,
502 4018 596 4089 qui
654 4016 864 4073 veniam
917 4015 1224 4072 interclusit
1273 4017 1525 4074 omnibus
1579 4034 1591 4070 :
1650 4030 1750 4071 nec
1802 4030 1899 4071 vos

296 4111 606 4169 imitatores
633 4110 876 4183 ejusdem
899 4121 955 4167 et
985 4112 1474 4179 condemnaturus;
1512 4111 1640 4183 quia
1679 4110 1750 4167 ibi
1795 4110 1897 4167 mi-

299 4206 473 4262 nuitis
500 4205 678 4262 studia
707 4205 1071 4276 paenitentiae,
1117 4205 1210 4260 ubi
1248 4205 1432 4275 augeri
1469 4213 1724 4276 oportet;
1774 4204 1899 4275 quia

295 4300 556 4371 graviora
602 4307 823 4371 peccata
868 4298 1169 4370 majoribus
1197 4298 1548 4356 sustentanda
1586 4297 1778 4355 fulcris
1803 4297 1901 4354 do-

298 4392 419 4449 cuit
447 4391 655 4449 Cbristi
678 4391 1067 4449 misericordia.

378 4486 471 4543 ii.
497 4486 631 4554 Qua:
655 4496 836 4542 autem
873 4486 977 4541 ista
1005 4486 1334 4556 perversitas
1360 4493 1477 4552 est,
1507 4496 1564 4542 ut
1595 4485 1748 4542 vobis
1777 4487 1892 4542 vin-

1999 3272 2263 3343 ceptionis
2308 3274 2588 3328 concretio
2646 3273 2909 3343 iniuriosa
2950 3272 3258 3327 lnscavcrat
3311 3272 3426 3344 (S.
3461 3272 3597 3341 Aug.

2000 3368 2089 3422 lib.
2131 3382 2189 3431 n,
2236 3374 2372 3419 cont.
2396 3360 2512 3418 Jul.
2567 3363 2775 3435 Pelog.,
2802 3358 2858 3418 in
2887 3364 3051 3434 princ.
3081 3373 3129 3418 et
3173 3363 3316 3433 ﬁta;
3374 3362 3443 3417 lib
3472 3372 3509 3418 tt
3538 3364 3603 3417 de

1998 3457 2121 3514 Pes.
2153 3459 2287 3529 orig.
2322 3498 2339 3525 ,
2370 3473 2416 3513 c.
2444 3456 2517 3512 40
2547 3473 2561 3523 ;
2610 3465 2655 3510 et
2688 3457 2725 3510 ι.
2777 3471 2855 3521 tv,
2897 3464 3077 3510 contra
3100 3456 3232 3510 duas
3264 3454 3435 3527 Epist.
3469 3453 3583 3510 Pet.

1999 3570 2046 3608 c.
2081 3554 2141 3608 ii
2168 3552 2209 3625 ).
2240 3550 2372 3607 Nam
2403 3565 2595 3607 omnes
2626 3549 2878 3605 homines
2907 3548 3009 3604 sub
3055 3558 3279 3620 peccato
3303 3549 3600 3614 nascimur,

1999 3661 2230 3717 quorum
2261 3646 2375 3714 ipse
2405 3652 2559 3700 ortus
2585 3644 2637 3698 in
2669 3642 2801 3699 vitio
2844 3651 2964 3709 est,
2998 3641 3137 3697 sicut
3161 3641 3328 3698 babes
3357 3642 3556 3698 lectum
3582 3685 3599 3708 ,

2002 3742 2218 3798 dicente
2245 3738 2419 3796 David
2450 3758 2462 3793 :
2522 3738 2653 3793 Ecce
2680 3740 2818 3793 enim
2856 3739 2912 3791 in
2936 3737 3295 3807 iniquitatibus
3323 3730 3604 3807 conceptus

2001 3852 2116 3892 sum
2135 3875 2151 3902 ,
2181 3846 2227 3890 et
2257 3835 2311 3889 in
2337 3833 2536 3887 delictis
2565 3833 2762 3904 peperit
2791 3848 2869 3887 me
2892 3840 3054 3884 mater
3085 3847 3196 3885 mea
3225 3829 3404 3899 (Psal.
3436 3848 3488 3897 ι..
3520 3830 3601 3902 5).

1945 3964 1965 3981 .
2004 3929 2132 3985 Ideo
2158 3926 2312 3983 Pauli
2336 3941 2464 3981 caro
2489 3939 2689 3995 corpus
2730 3924 2921 3979 mortis
2945 3934 3063 3979 erat
3092 3964 3108 3989 ,
3159 3925 3301 3981 sicut
3339 3925 3457 3994 ipse
3483 3925 3559 3979 ait
3590 3944 3604 3981 :

2006 4022 2134 4089 Quis
2167 4037 2247 4075 me
2270 4018 2508 4075 liberabit
2537 4019 2600 4073 de
2626 4032 2843 4086 corpore
2868 4017 3050 4072 mortis
3083 4017 3240 4089 hujus
3270 4028 3287 4087 (
3318 4016 3471 4072 Rom.
3507 4033 3605 4085 vn,

2002 4115 2072 4173 24
2101 4115 2167 4189 )‘l
2217 4112 2419 4170 Christi
2451 4120 2633 4168 autem
2660 4126 2790 4168 caro
2818 4110 3098 4167 damnavit
3132 4119 3434 4180 peccatum,
3462 4111 3606 4181 quod

2005 4206 2279 4267 nascendo
2307 4221 2415 4262 non
2446 4206 2618 4262 sensit
2648 4245 2661 4271 ,
2694 4203 2840 4277 quod
2883 4203 3166 4260 moriendo
3197 4202 3465 4260 cruciﬁxit
3498 4220 3512 4270 ;
3550 4212 3610 4259 ut

2007 4305 2057 4359 in
2086 4318 2252 4359 carne
2302 4310 2487 4357 nostra
2532 4307 2682 4356 esset
2714 4297 3031 4370 justilicatio
3081 4311 3179 4368 per
3208 4296 3463 4367 gratiam,
3516 4294 3608 4351 ubi

2004 4406 2123 4454 erat
2147 4405 2273 4452 ante
2302 4395 2540 4452 colluvio
2571 4409 2668 4465 per
2694 4392 2930 4463 culpam.

2077 4490 2164 4547 ii.
2193 4488 2334 4557 Quid
2363 4503 2494 4559 ergo
2541 4486 2785 4543 dicemus
2816 4484 2881 4541 ad
2914 4483 3031 4540 hmo
3062 4524 3079 4552 ,
3113 4484 3219 4541 nisi
3273 4482 3417 4555 quod
3468 4480 3609 4538 dixit

301 4579 502 4637 dicetis
521 4574 549 4614 ἀ
577 4577 852 4650 possibilia
877 4592 1141 4634 concessu
1167 4594 1180 4632 :
1219 4578 1346 4643 lleo.
1374 4587 1430 4633 ut
1454 4580 1553 4648 ipsi
1571 4578 1772 4646 dicitis,
1803 4578 1902 4633 im-
1929 4576 1982 4637 Β
2007 4583 2299 4655 Ap0stolus
2328 4599 2344 4638 :
2396 4581 2459 4639 Si
2487 4580 2627 4638 Deus
2650 4598 2744 4653 pro
2767 4580 2914 4635 nobis
2943 4621 2958 4645 ,
2985 4580 3101 4650 quis
3124 4589 3306 4634 contra
3330 4593 3424 4632 nos
3454 4578 3478 4631 .9
3506 4575 3609 4643 Qui

302 4670 589 4743 possibilia
629 4670 963 4726 reservetis?
1017 4670 1130 4726 Hoc
1172 4679 1256 4727 est
1303 4671 1406 4728 sibi
1463 4671 1665 4743 eligere
1708 4689 1902 4729 causas

301 4763 648 4837 ignoscendi,
674 4763 787 4820 Deo
800 4764 1081 4819 materiam
1095 4763 1354 4820 steviendi
1369 4762 1694 4835 relinquere.
1717 4764 1785 4820 Et
1814 4766 1903 4823 ubi

387 4984 412 5009 ιι
458 4970 680 5028 Amerb.
710 4979 766 5025 et
797 4968 949 5041 Eras.
979 5012 994 5037 ,
1024 4969 1355 5040 delinquendi
1392 4983 1637 5041 parcens;
1668 4968 1794 5026 Gill.
1844 4985 1908 5026 ac

304 5058 447 5103 mss.
490 5058 597 5114 non
633 5041 818 5114 pauci,
853 5040 1184 5114 delinquendi
1225 5050 1408 5114 parte;
1436 5056 1576 5095 unus
1596 5083 1623 5114 ,ί
1664 5051 1910 5113 partem;

304 5118 474 5173 Rom.
522 5112 657 5169 edit}
705 5127 768 5167 ac
822 5114 1013 5185 reliqui
1064 5112 1185 5168 cod.
1219 5156 1232 5177 ,
1298 5112 1627 5183 delinquendi
1668 5112 1909 5180 parcus;

305 5189 505 5257 excipe
530 5194 710 5240 tamen
736 5184 953 5241 Cistert.
988 5190 1041 5240 in
1069 5198 1174 5255 quo
1201 5184 1516 5256 delinquenti
1544 5200 1771 5253 parcere.

385 5258 416 5298 δ
459 5256 616 5313 Rom.
645 5257 774 5311 edit.
809 5258 1011 5313 ubique
1032 5256 1299 5312 Novatum
1345 5258 1463 5309 fecit
1495 5272 1524 5311 e
1571 5256 1911 5312 Novatiano:

388 5272 416 5298 υ
459 5272 616 5313 Itum.
645 5272 774 5311 eatt.
809 5272 1011 5328 umque
1032 5272 1299 5312 novatum
1345 5272 1463 5309 tecti
1495 5272 1524 5311 e
1571 5272 1912 5312 novattano:

306 5338 420 5406 qua
449 5328 751 5385 mutatione
778 5330 1104 5406 inductuiin
1132 5344 1375 5406 errorem
1406 5329 1662 5406 Petavius
1672 5329 1914 5406 umbro-

306 5399 457 5460 s'ittm
487 5411 732 5457 nostrum
780 5402 847 5457 iis
881 5402 1127 5455 l’atribtts
1157 5416 1186 5455 a
1215 5400 1412 5471 quibus
1437 5401 1598 5454 ambo
1630 5399 1707 5455 illi
1726 5400 1914 5471 barre-

307 5473 554 5533 siarchai
592 5474 732 5527 inter
760 5486 820 5527 se
866 5470 1272 5527 confundantur
1304 5514 1318 5537 ,
1365 5472 1662 5527 arcensuit.
1718 5470 1916 5527 Verum

311 5546 674 5605 doctissimus
693 5546 777 5599 vir
801 5554 960 5600 secus
988 5546 1253 5599 sensisset
1278 5585 1292 5609 ,
1323 5545 1365 5597 si
1397 5558 1557 5614 quam
1586 5545 1743 5598 aliam
1786 5540 1919 5598 edit.

312 5624 418 5675 aut
439 5617 739 5688 quemlibet
768 5628 930 5672 manu
959 5628 1240 5672 exaratum
1267 5614 1512 5688 codicem
1537 5616 1923 5671 consuluisset.

403 5702 425 5730 ο
456 5687 584 5744 Mss.
608 5690 877 5761 nonnulli,
924 5688 1207 5761 majoribus
1242 5687 1584 5742 advolvuntur
1603 5687 1923 5758 μαίωσιν..

322 5777 430 5833 nec
464 5778 552 5833 uos
582 5759 823 5833 discipuli
851 5759 1154 5833 imitatores.

406 5830 434 5874 δ
489 5832 567 5891 ita
614 5827 770 5891 ltotit.
798 5831 928 5917 edit.
966 5846 1090 5915 cum
1118 5842 1250 5889 mss.
1281 5827 1529 5903 duobus;
1561 5829 1751 5904 reliqui
1798 5844 1927 5887 mss.

2012 4674 2150 4732 Filio
2170 4676 2380 4750 praprio
2410 4692 2515 4731 non
2541 4676 2766 4747 pepercit
2790 4715 2805 4740 ,
2833 4674 2925 4729 sed
2950 4690 3044 4744 pro
3071 4674 3217 4729 nobis
3243 4670 3475 4727 omnibus
3501 4679 3611 4726 tra-

2008 4771 2141 4826 didit
2169 4788 2283 4826 eunt
2309 4786 2328 4836 ;
2357 4770 2616 4841 quomodo
2647 4787 2749 4824 non
2786 4769 2945 4823 etiam
2974 4784 3092 4823 cum
3138 4767 3233 4823 illo
3263 4767 3436 4823 omnia
3463 4766 3611 4821 nobis

2018 4972 2236 5041 partim,
2263 4968 2530 5041 possibilia
2556 4983 2792 5022 concessa
2818 4982 2867 5041 a_
2887 4962 2998 5021 Deo
3024 5008 3036 5029 ,
3068 4965 3258 5041 partim
3274 4979 3409 5041 cum
3433 4960 3605 5032 antiq.

2017 5034 2149 5098 edit.
2212 5034 2479 5111 possibilia
2518 5055 2758 5092 concessa
2787 5034 2969 5111 ‘Dco,
3025 5047 3132 5111 etc.
3190 5035 3433 5111 Melius;
3471 5047 3611 5087 unus

2016 5105 2493 5182 etiam,'possibilia
2516 5111 2743 5182 concedi,
2776 5107 2905 5182 Deo.
2950 5118 3055 5162 etc.
3082 5107 3187 5182 Nec
3211 5105 3611 5182 maleLRnrsus

2018 5196 2137 5255 post
2189 5175 2378 5256 pauca,
2415 5184 2500 5237 ubi
2538 5181 2793 5256 Amore,
2827 5178 2978 5256 liras.
3008 5178 3273 5256 _a_‘c_Rom.
3307 5175 3446 5256 edit.
3486 5189 3610 5256 cum

2017 5244 2159 5313 Tell.
2189 5244 2328 5312 'cod.
2379 5255 2645 5309 materiam
2684 5251 2901 5323 feriendi
2931 5267 2949 5315 ;
3001 5248 3129 5305 Gill.
3161 5265 3222 5303 ac
3254 5245 3448 5316 reliqui
3484 5244 3607 5301 cod.

2019 5328 2285 5384 materiam
2306 5326 2567 5382 serviendi.

2095 5412 2118 5438 ο
2170 5400 2293 5454 Mss.
2324 5396 2577 5453 nonnulli
2603 5440 2619 5465 ,
2649 5412 2750 5449 non
2773 5403 2970 5465 tantum
2995 5390 3421 5465 similitudinem,
3448 5388 3538 5442 sed
3562 5387 3618 5443 in

2019 5472 2407 5528 similitudinem
2432 5460 2615 5523 carnis
2636 5467 2832 5537 peccati
2856 5505 2871 5529 ,
2901 5464 2996 5517 hoc
3042 5473 3114 5537 est
3142 5503 3157 5526 ,
3198 5460 3465 5537 suscepit,
3506 5469 3615 5516 etc.

2024 5544 2115 5601 Sic
2158 5545 2319 5599 etiam
2361 5540 2456 5596 alii
2486 5533 2729 5609 aliquot,
2787 5537 2888 5592 nisi
2936 5533 3081 5602 quod
3120 5534 3375 5587 omittunt
3424 5540 3616 5588 vocem

2025 5625 2264 5680 tantum;
2294 5611 2557 5682 reliquiet
2580 5608 2718 5666 edit.
2755 5617 2819 5682 ut.
2842 5608 2893 5659 in
2923 5613 3093 5658 textu.

2107 5686 2126 5724 τ
2170 5675 2627 5741 ιιειέἀὶι.ἐηιιιθε
2653 5721 2665 5741 ,
2690 5688 2742 5733 et
2774 5678 2954 5747 plures
2990 5692 3149 5741 mss.;
3182 5675 3274 5732 alii
3303 5691 3432 5732 vero
3458 5677 3621 5733 etiam

2034 5776 2140 5814 non
2175 5756 2350 5827 pauci,
2386 5759 2483 5827 hoc
2502 5760 2741 5827 nouerat
2772 5752 2827 5803 in
2855 5762 3010 5802 carne
3032 5747 3313 5827 secundum
3338 5747 3623 5818 hominem,

2034 5831 2123 5908 qui
2148 5817 2250 5884 non
2275 5817 2587 5901 agnoscitur.
2612 5821 2786 5879 Minus
2816 5817 3122 5879 commode.
