4042 6294
471 243 568 299 471

1833 239 2078 298 δΔΝΟΤΙ
2115 237 2436 300 AMBROSII

3667 239 3760 295 471

474 358 730 414 donavit?
774 358 906 426 Quis
954 357 1218 414 accusabit
1259 357 1505 414 adversus
1549 359 1736 412 electos
1767 354 1860 411 Dei
1882 356 1908 410 ?
1939 353 2078 411 Deus
2103 359 2160 420 Α
2181 355 2413 426 ligamus
2434 357 2801 414 sententiam:
2833 355 3038 424 Omnis,
3068 355 3265 428 inquit,
3296 353 3386 426 qui
3405 370 3488 410 me
3511 355 3764 426 confessus

471 452 562 522 qui
577 452 838 524 justiﬁcat
862 493 880 521 ,
925 452 1040 523 quis
1067 461 1140 507 est
1183 451 1272 523 qui
1305 451 1654 506 condemnet?
1700 448 1938 505 Christus
1981 450 2073 521 qui

473 552 707 599 mortuus
735 556 835 611 est,
867 544 1026 599 immo
1048 543 1138 610 qui
1163 553 1212 599 et
1250 543 1552 612 resurrexit,
1575 543 1664 614 qui
1687 553 1760 598 est
1785 543 1839 597 in
1863 541 2076 598 dextera

477 635 578 690 Dei
604 677 620 703 ,
649 637 738 707 qui
764 638 918 692 etiam
945 638 1240 708 interpellat
1265 653 1360 708 pro
1390 637 1536 693 nobis
1561 637 1752 711 (Rom.
1781 652 1896 703 vttt,
1927 638 1990 693 5i
2025 647 2075 692 et

475 725 630 798 seq.).
665 727 772 783 Pro
797 729 1137 800 quibusergo
1156 729 1409 785 Christus
1436 729 1766 800 interpellat,
1785 743 1884 786 eos
1902 727 2078 785 Nova-

483 821 662 878 tianus
702 831 944 878 accusat.
985 825 1133 890 Quos
1162 821 1412 878 Christus
1438 822 1504 879 ad
1543 821 1775 878 salutem
1807 821 2076 888 redemit,

481 929 578 970 eos
604 913 935 970 Novatianus
961 916 1181 970 damnat
1220 915 1286 970 ad
1317 925 1574 971 mortem.
1602 913 1808 982 Quibus
1833 913 2081 970 Christus

485 1007 618 1064 dit-it
645 1028 658 1064 :
699 1008 890 1065 Tollite
909 1009 1099 1083 jugum
1123 1024 1294 1066 meum
1323 1019 1479 1080 super
1505 1024 1593 1064 vos
1615 1051 1631 1077 ,
1662 1019 1710 1064 et
1735 1007 1916 1062 discite
1943 1023 1974 1059 a
2001 1022 2082 1062 me

485 1103 606 1172 quia
635 1103 774 1158 mitis
820 1119 936 1158 sum
963 1101 1196 1176 (Matth.
1243 1118 1320 1169 χι,
1345 1101 1454 1173 29)
1481 1119 1495 1171 ;
1547 1101 1878 1158 Novatianus
1903 1100 2034 1156 dicit
2065 1118 2078 1155 :

482 1193 715 1257 Immitis
743 1211 885 1250 sum.
939 1195 1146 1264 Quibus
1185 1191 1443 1252 Christus
1483 1195 1654 1260 dicit;
1702 1192 1977 1248 Invenietis
2002 1206 2084 1246 re-

488 1287 656 1358 quiem
687 1287 959 1342 animabus
983 1287 1196 1356 vestris;
1238 1291 1430 1362 jugum
1451 1289 1587 1342 enim
1616 1302 1786 1342 meum
1813 1301 1966 1341 suave
1988 1294 2083 1348 cst,

487 1393 536 1438 et
582 1399 713 1438 onus
741 1399 906 1438 nteant
935 1383 1043 1438 leve
1079 1393 1156 1439 est
1177 1383 1199 1456 (
1223 1381 1392 1452 Ibid.,
1420 1381 1534 1454 30)
1563 1398 1578 1448 ;
1628 1381 1710 1438 his
1737 1395 1901 1452 grave
1925 1395 2083 1445 onus,

491 1485 546 1532 ct
572 1476 764 1533 durum
798 1476 1032 1548 imponit
1053 1476 1242 1550 jugum
1272 1475 1624 1533 Novatiauus.

1083 1596 1316 1698 caper
1351 1639 1443 1696 tv.

2176 454 2336 524 fuerit
2361 452 2626 526 (Matiux,
2657 453 2774 527 52),
2798 454 2996 522 idest,
3031 467 3100 510 ex
3123 467 3464 524 quacumque
3505 449 3613 505 vita
3641 491 3656 515 ,
3704 465 3764 504 ex

2176 563 2525 623 quocumque
2570 557 2717 604 statu
2756 547 2847 623 qui
2875 545 3165 604 confessus
3191 559 3279 601 me
3329 545 3491 601 fuerit
3513 585 3531 611 ,
3564 541 3767 599 habebit

2180 660 2268 701 me
2315 655 2785 700 remuneratorem
2833 640 3197 699 confessionis
3225 654 3360 695 sum.
3391 636 3529 694 Cum
3559 631 3766 704 dicitur,

2183 737 2386 804 Omnis,
2418 738 2597 794 nullus
2619 752 2648 793 a
2672 736 3144 799 remuneratione,
3173 733 3264 806 qui
3294 732 3461 789 fuerit
3477 729 3768 799 confessus,

2180 830 2509 887 excluditur.
2541 828 2658 886 Non
2700 829 2976 896 similiter,
3002 827 3182 884 omnis
3210 825 3304 898 qui
3329 825 3611 897 negaverit
3639 865 3656 890 ,
3688 839 3773 880 ne-

2180 923 2436 995 gabitur;
2467 932 2650 994 potest
2675 923 2822 979 enim
2877 921 2996 978 ﬁeri
3049 929 3108 977 ut
3132 921 3334 992 aliquis
3359 920 3540 975 victus
3579 919 3772 988 suppli-

2182 1018 2282 1072 ciis
2309 1057 2325 1081 ,
2389 1031 2642 1072 sermone
2693 1015 2866 1072 Deum
2918 1025 3079 1086 neget
3105 1055 3124 1082 ,
3154 1025 3210 1071 et
3249 1013 3416 1071 corde
3453 1013 3649 1070 adoret
3681 1010 3775 1085 (De

2187 1108 2404 1178 Ptenit.,
2434 1109 2558 1165 dist.
2588 1124 2628 1177 ι,
2655 1125 2772 1181 cap.
2806 1107 2986 1165 Potest
3010 1109 3167 1180 fieri).

2260 1203 2346 1260 19.
2375 1202 2646 1274 Numquid
2673 1203 2864 1259 eadem
2889 1217 3053 1258 causa
3079 1211 3165 1258 est
3195 1200 3318 1272 ejus
3342 1199 3437 1273 qui
3467 1210 3664 1272 sponte
3689 1214 3772 1255 ne-

2185 1307 2296 1370 gat,
2329 1309 2384 1354 et
2411 1297 2530 1368 ejus
2555 1313 2719 1370 quem
2755 1307 3022 1353 tormenta
3052 1295 3436 1351 inclinaverint
3471 1294 3544 1351 ad
3572 1294 3778 1350 sacrile-

2187 1390 2332 1462 gium
2357 1431 2372 1458 ,
2430 1405 2537 1446 non
2586 1389 2869 1446 voluntas?
2892 1389 3066 1458 Quam
3091 1397 3274 1446 autem
3304 1387 3594 1458 indignum
3620 1427 3636 1454 ,
3665 1401 3774 1441 cum

2189 1483 2331 1552 apud
2381 1482 2632 1540 homines
2683 1481 2861 1538 valeat
2905 1481 3224 1539 certaminis
3269 1480 3487 1553 gratia,
3543 1489 3605 1534 ut
3651 1479 3776 1548 apud

2192 1575 2362 1632 Deum
2389 1591 2499 1632 non
2525 1575 2707 1632 valere
2727 1585 3006 1633 asscratur
3029 1577 3042 1630 !
3067 1575 3202 1632 Nam
3231 1591 3382 1646 saepe
3406 1575 3463 1630 in
3486 1573 3596 1630 hoc
3621 1573 3780 1629 athle-

2195 1679 2371 1726 tarum
2392 1670 2640 1727 surculari
2663 1670 2964 1728 certamine
3002 1669 3166 1728 etiam
3189 1670 3363 1726 victos
3407 1683 3642 1739 quorum
3679 1666 3782 1722 lue-

497 1778 673 1853 Pergit
707 1780 936 1836 divinam
975 1780 1194 1851 probare
1225 1779 1632 1835 misericordiam
1658 1819 1674 1846 ,
1721 1794 1934 1850 eamque
1979 1793 2091 1832 ma—
2119 1765 2167 1826 B
2195 1765 2303 1821 rint
2323 1765 2620 1820 certamina
2647 1763 2871 1836 probata
2892 1806 2908 1832 .
2951 1765 3145 1836 vulsus
3171 1764 3458 1833 hominum
3475 1776 3606 1817 cum
3630 1761 3780 1817 νῑειο-

554 1873 724 1944 jorem
749 1889 860 1929 esse
901 1888 1055 1943 quam
1106 1872 1424 1928 severitatem
1470 1869 1773 1945 Evangelici
1817 1871 2092 1926 testimonii

565 1967 884 2039 expositione
931 1967 1178 2022 ostendit.
1209 1963 1317 2020 Eos
1355 1981 1474 2022 vero
1523 1965 1610 2036 qui
1639 1964 1902 2020 Christum
1929 1981 2091 2038 nega-

569 2068 751 2115 verunt
778 2076 954 2115 coram
982 2059 1298 2127 hominibus,
1345 2075 1448 2114 non
1478 2059 1655 2114 eadem
1682 2075 1856 2114 omnes
1898 2059 2098 2112 ratione

572 2152 832 2209 habendos
859 2168 970 2210 esse
993 2194 1008 2221 ,
1038 2153 1352 2209 athletarum
1385 2154 1620 2226 exemplo
1662 2153 1839 2223 palam
1877 2151 2022 2223 facit.

579 2317 670 2374 15.
720 2317 895 2386 Quam
948 2331 1256 2396 propensus
1279 2317 1446 2390 igitur
1473 2316 1541 2373 ad
1575 2315 2004 2373 misericordiam
2034 2315 2105 2370 ait

511 2410 776 2468 Dominus
803 2409 962 2467 Jesus
996 2453 1011 2478 ,
1059 2411 1186 2468 licet
1234 2413 1334 2467 ista
1387 2411 1522 2468 satis
1575 2410 1890 2474 instruant;
1926 2418 2104 2464 tamen

507 2505 673 2561 etiam
699 2505 814 2576 ipse
838 2513 890 2561 te
915 2505 1130 2572 doceat,
1155 2506 1391 2574 quicum
1413 2504 1674 2562 adversus
1693 2503 2104 2575 impressionem

2195 1861 2346 1914 ribus
2404 1873 2670 1915 coronare
2735 1859 3060 1925 consuevit;
3123 1857 3362 1913 maxime
3407 1871 3551 1926 quos
3602 1853 3783 1911 viderit

2201 1961 2224 1990 ο
2241 1951 2383 2007 forte
2401 1952 2634 2008 doloaut
2649 1952 2840 2008 fraude
2859 1951 3085 2008 victoria
3106 1951 3382 2007 exclusos.
3397 1947 3500 2006 Clu
3515 1947 3654 2004 istus
3667 1962 3784 2018 ergo

2199 2045 2431 2103 athletas
2451 2062 2578 2103 suos
2595 2061 2734 2118 quos
2757 2046 2958 2103 viderit
2983 2046 3243 2118 gravibus
3265 2043 3552 2116 paulisper
3570 2042 3785 2100 cessisse

2200 2139 2499 2212 suppliciis,
2528 2140 2646 2197 sine
2665 2140 2822 2196 venia
2838 2141 3080 2213 patietur
3101 2154 3326 2196 manere
3347 2137 3372 2194 ἲ

2273 2236 2368 2293 20.
2389 2235 2660 2308 Numquid
2693 2251 2801 2293 non
2832 2235 3056 2293 habebit
3073 2232 3102 2274 ά
3127 2235 3394 2292 rationem
3417 2231 3631 2289 laboris
3653 2272 3669 2298 ,
3709 2229 3787 2301 qui

2204 2330 2368 2387 etiam
2388 2344 2527 2400 quos
2551 2329 2770 2402 proiicit
2790 2371 2806 2397 ,
2841 2344 2950 2385 non
2993 2329 3047 2384 in
3070 2338 3340 2385 arternum
3381 2327 3602 2398 proiicit
3626 2325 3650 2381 ἲ
3671 2323 3790 2380 Dicit

2205 2423 2350 2478 enim
2381 2421 2548 2479 David
2585 2441 2599 2478 :
2631 2421 2756 2478 Non
2790 2423 2847 2477 in
2875 2431 3128 2478 (sternunt
3164 2420 3408 2494 projiciet
3433 2415 3581 2475 Deus
3619 2416 3788 2490 (Psal.

2209 2532 2392 2586 uxvt,
2411 2517 2490 2589 8);
2505 2526 2757 2574 etcontra
2777 2515 3215 2572 huncaudiemus
3233 2515 3492 2569 haeresim
3509 2513 3790 2569 dicentem:

511 2600 908 2672 persecutionis
938 2600 1208 2657 instruere
1235 2614 1338 2656 nos
1364 2599 1526 2655 vellet
1551 2640 1567 2667 ,
1595 2599 1708 2654 ait:
1734 2595 1914 2653 Nolite
1933 2597 2108 2654 timere
2212 2611 2436 2682 proiicit
2459 2611 2510 2665 in
2539 2609 2852 2666 mter-num?
2882 2609 2995 2664 Nec
3018 2609 3073 2663 in
3095 2609 3276 2680 ﬁnem,
3301 2604 3502 2678 inquit,
3524 2603 3795 2659 ηιίεσξεοτ.

513 2713 600 2752 ⁸0⁸
623 2697 713 2766 ιιυί
759 2695 998 2752 “fidum
1028 2711 1216 2768 σοιῬυε
1241 2735 1258 2758 ν
1297 2695 1526 2749 “imam
1549 2703 1724 2749 “um”
1757 2710 1859 2749 "0"
1896 2701 2111 2767 PO‘WM
2212 2708 2350 2762 diam
2371 2723 2518 2763 suam
2541 2707 2768 2761 abscidet
2786 2722 2820 2759 a
2843 2705 3176 2777 generatione
3196 2703 3250 2757 in
3275 2700 3662 2774 generationem
3681 2739 3696 2762 ,
3721 2705 3797 2750 aut

517 2789 751 2845 occidere
779 2805 800 2844 :
843 2790 935 2843 sed
969 2787 1144 2860 potius
1170 2803 1284 2843 eum
1327 2787 1531 2853 timete,
1559 2787 1649 2857 qui
1698 2796 1859 2859 potest
1886 2787 2111 2842 animam

2213 2803 2541 2860 obliviscetur
2555 2801 2792 2857 misereri
2823 2800 2961 2856 Deus
2993 2798 3156 2871 (Ibid.
3181 2797 3216 2855 9
3237 2836 3256 2866 ,
3291 2796 3385 2868 10)
3409 2837 3427 2864 ,
3457 2795 3663 2852 clamat
3683 2792 3798 2847 Pro-

515 2893 566 2938 ει
617 2899 804 2956 coram
845 2883 1043 2938 mium
1083 2883 1136 2936 in
1181 2883 1470 2954 gehennam
1499 2887 1518 2952 (
1547 2879 1737 2936 Μαιιιι
1788 2880 2001 2953 ι.²8)ο
2048 2880 2116 2936 Et
2217 2897 2378 2970 pheta
2412 2915 2426 2953 ε
2458 2905 2513 2954 et
2541 2904 2668 2950 sunt
2695 2894 2788 2968 qui
2813 2894 3013 2952 divina:
3044 2889 3694 2964 miscrationisquatdam
3728 2885 3797 2943 in-

517 2976 708 3033 inl‘ra:
756 2976 938 3032 Omnis
989 2993 1110 3049 ergo
1175 2977 1263 3048 qui
1307 2974 1576 3046 confessus
1603 2991 1714 3031 me'
1735 2975 1892 3046 fuerit
1942 2991 2116 3031 coram

517 3069 830 3136 hominibus,
859 3069 1137 3140 conﬁtebor
1163 3078 1214 3124 et
1241 3083 1334 3142 ego
1353 3083 1467 3124 eum
1487 3083 1661 3122 coram
1683 3067 1845 3124 Patre
1872 3083 2006 3136 meo,
2030 3070 2122 3140 qui

515 3175 588 3220 est
613 3165 666 3218 in
689 3163 832 3220 caelis
857 3180 878 3218 :
898 3163 988 3236 qui
1015 3170 1192 3219 autem
1221 3162 1482 3234 negaverit
1501 3178 1584 3216 me
1607 3177 1782 3218 coram
1802 3160 2111 3228 hominibus,
2144 3159 2190 3222 Ο

512 3257 708 3330 negabo
763 3269 810 3312 et
847 3275 938 3330 ego
963 3273 1275 3314 eumcoram
1302 3255 1464 3312 Patre
1505 3272 1638 3328 meo,
1687 3259 1869 3330 quiest
1899 3258 1954 3314 in
1977 3258 2118 3314 caelis

521 3351 724 3426 (me,
756 3352 848 3421 ss,
875 3355 946 3410 as
971 3354 1011 3424 ).

590 3446 753 3519 395
795 3447 882 3503 16.
911 3447 1014 3505 Ubi
1041 3449 1352 3513 conﬁtetur,
1391 3464 1490 3521 pro
1511 3450 1763 3507 omnibus
1803 3449 2116 3513 conﬁtetur,

519 3554 712 3596 omnes
741 3541 1158 3612 complectitur:
1199 3543 1289 3600 ubi
1321 3555 1483 3615 negat
1513 3587 1526 3609 ,
1572 3560 1679 3600 non
1702 3557 1893 3599 omnes
1937 3551 2116 3612 negat.
2183 3539 2186 3542 ’

520 3635 676 3691 Sicut
717 3635 858 3690 enim
910 3650 1074 3705 supra
1118 3635 1284 3693 habet
1320 3654 1336 3694 :
1386 3637 1567 3695 Omnis
1623 3639 1709 3709 qui
1745 3654 1826 3692 me
1857 3635 2122 3706 confessus

523 3731 702 3803 fuerit,
733 3729 1019 3802 conﬁtebor
1046 3739 1092 3786 et
1115 3747 1208 3803 ego
1228 3747 1374 3800 eum,
1409 3731 1512 3788 hoc
1536 3741 1657 3799 est,
1685 3749 1901 3790 onmem
1929 3753 1944 3788 :
1989 3753 2122 3792 con-

524 3824 762 3898 sequens
792 3834 914 3882 erat
933 3835 994 3882 ut
1025 3826 1162 3882 infra
1192 3842 1407 3899 quoque
1430 3837 1457 3866 ι
1489 3829 1568 3884 sic
1599 3829 1856 3886 redderet
1882 3849 1895 3886 :
1940 3830 2124 3890 Omnis

521 3931 694 3978 autem
718 3922 810 3992 qui
845 3923 1105 3993 negaverit
1133 3938 1232 3978 me.
1266 3922 1371 3980 Sed
1405 3939 1474 3981 ne
1519 3937 1711 3980 omnes
1742 3939 1943 3996 negare
1972 3927 2124 3982 vide-
2150 3949 2166 3961 -

529 4023 701 4080 retur,
729 4015 800 4070 ila
832 4014 1068 4087 subjecit
1115 4033 1129 4070 :
1174 4015 1279 4082 Qui
1307 4027 1479 4074 autent
1528 4019 1786 4090 negaverit
1828 4035 1908 4074 me
1949 4035 2122 4074 coram

523 4108 836 4174 hominibus,
863 4108 1056 4180 negabo
1086 4119 1132 4164 et
1163 4126 1258 4181 ego
1283 4127 1418 4167 eum.
1439 4111 1680 4167 Gratiam
1717 4112 1988 4182 promittit
2005 4129 2124 4170 out-

524 4200 704 4266 nihus,
729 4216 836 4256 non
863 4202 1116 4258 omnibus
1136 4203 1374 4259 minatur
1395 4202 1704 4273 iujuriam."
1731 4202 1887 4271 Quod
1917 4213 2004 4260 est
2023 4207 2124 4261 tui-

527 4295 843 4362 serationis,
873 4304 1166 4368 exaggerat
1193 4315 1206 4350 :
1235 4295 1377 4366 quod
1411 4295 1652 4364 ultionis,
1673 4281 1957 4354 extenuat.

601 4389 688 4444 l7.
720 4388 898 4459 Atque
921 4391 996 4444 ita
1019 4390 1279 4460 scriptum
1307 4401 1391 4445 est
1418 4404 1526 4444 nou
1552 4391 1726 4446 solum
1759 4393 1812 4446 in
1843 4405 1910 4447 eo
1941 4391 2079 4447 libro
2105 4435 2119 4457 ,

2219 2993 2416 3050 ducant
2443 2989 2648 3049 oblivia
2676 2989 2701 3044 ?

2842 3127 3072 3186 CAPUT
3104 3127 3166 3184 Υ.

2225 3293 2514 3367 Objectioni
2552 3294 2616 3348 ab
2656 3291 3081 3348 immutabilitate
3113 3289 3207 3345 Dei
3238 3289 3420 3362 petita:
3457 3287 3798 3362 respondetur,

2293 3389 2470 3445 allatis
2493 3386 2784 3459 Scriptura:
2804 3385 3115 3441 testimoniis
3141 3427 3156 3453 ,
3208 3385 3392 3454 quibus
3416 3381 3800 3440 misericordiam

2293 3483 2667 3556 emergentibus
2697 3499 2724 3537 e
2752 3481 3024 3538 volutabra
3049 3495 3144 3536 suo
3176 3478 3530 3549 peccatoribus
3553 3476 3802 3546 Deuspro-

2295 3580 2451 3635 mittit
2483 3595 2502 3634 :
2531 3577 2844 3648 additurque
2873 3573 3256 3646 indulgentiam
3290 3573 3358 3629 iis
3399 3572 3582 3642 parari
3600 3584 3801 3644 properi.

2293 3676 2482 3731 siorem
2513 3714 2526 3737 ,
2573 3672 2664 3744 qni
2684 3668 3066 3746 quodammodo
3094 3667 3244 3723 inviti
3284 3665 3617 3735 deliquerunt
3643 3706 3658 3732 ,
3684 3660 3802 3734 quod

2295 3767 2516 3840 eleganti
2548 3765 2679 3822 bello
2707 3776 2977 3833 captorum
3021 3761 3260 3834 exemplo
3287 3802 3303 3829 ,
3336 3771 3384 3818 et
3410 3759 3682 3832 ipsiusmct
3709 3756 3801 3811 dia-

2298 3860 2402 3916 boli
2427 3857 2786 3930 prosopopoeia
2805 3855 3124 3912 illustratur.

2294 4017 2388 4072 2|.
2417 4015 2528 4072 Sed
2555 4015 2709 4072 aiunt
2735 4014 2858 4071 ideo
2887 4030 2946 4072 se
2971 4015 3073 4078 ista
3103 4028 3376 4081 asserere,
3409 4029 3479 4070 ne
3509 4011 3799 4070 mutabilem

2225 4111 2394 4168 Deum
2422 4109 2607 4167 facere
2630 4109 2952 4177 videantur;
2977 4109 3024 4165 si
3047 4109 3131 4165 his
3148 4109 3312 4182 396
3330 4109 3530 4180 quibus
3545 4107 3700 4166 fuerit
3715 4107 3801 4160 ira-

2223 4216 2334 4274 tus,
2353 4207 2616 4277 ignoscat.
2631 4203 2648 4276 {
2657 4204 2804 4260 Alias
2817 4221 2936 4275 cap.
2953 4203 3067 4276 IV.]
3079 4203 3217 4272 Quid
3231 4203 3388 4274 ergo?
3403 4201 3802 4276 Repudiabimtts

2226 4302 2406 4358 divina
2433 4300 2650 4357 oracula
2669 4342 2684 4368 ,
2709 4309 2766 4356 et
2785 4300 3075 4372 opiniones
3101 4299 3328 4354 istorum
3355 4313 3652 4370 sequemur
3671 4296 3695 4350 τ
3711 4293 3799 4348 Sed

2227 4413 2332 4451 non
2363 4395 2508 4452 Deus
2535 4393 2728 4450 alienis
2758 4393 3176 4460 assertionibus,
3210 4392 3304 4448 sed
3333 4393 3450 4448 suis
3473 4387 3801 4448 aestimandus

445 4484 452 4491 “
521 4485 613 4554 qui
640 4483 936 4540 secundum
965 4482 1278 4538 Matthaaum
1304 4482 1558 4538 scribitur
1585 4483 1862 4555 Evangelii
1903 4484 2119 4540 Domini
2155 4554 2188 4560 _
2225 4499 2310 4545 est
2331 4489 2596 4560 nucibus.
2633 4485 2789 4556 Quod
2817 4485 2966 4543 enim
3017 4485 3322 4556 promptius
3347 4483 3513 4540 edere
3541 4494 3802 4554 possumus

521 4575 650 4635 Jesu

524 4672 724 4728 Lucam
757 4672 1062 4743 reperimus
1106 4671 1260 4746 (Luc.
1285 4685 1382 4739 xu,
1410 4669 1508 4742 8);
1538 4680 1594 4726 ut
1615 4671 1757 4727 scias
1794 4685 1901 4728 non
1949 4672 2122 4729 otiose

524 4764 579 4822 id
611 4765 859 4836 posuisse
885 4775 1194 4834 utrumque.

595 4862 685 4920 18.
720 4861 886 4935 [Alias
907 4879 1023 4932 cap.
1047 4861 1162 4935 ιιι]
1183 4861 1426 4964 Diximus
1443 4861 1570 4936 quid
1591 4863 1864 4944 scriptum
1888 4865 1979 4930 sit,
2009 4867 2122 4921 col-

595 5011 620 5039 ιι
652 5001 854 5057 Omnes
879 4999 1011 5056 edit.
1056 5013 1179 5054 cum
1219 5015 1328 5054 uno
1371 5013 1509 5065 ms.,
1564 4999 1637 5053 sic
1662 4998 1894 5065 diceret;
1939 4999 2124 5055 cwtcri

523 5088 657 5128 mss.
695 5112 712 5139 ,
773 5073 848 5127 sic
884 5069 1149 5126 redderet.
1209 5071 1468 5140 Optime;
1526 5069 1666 5124 idem
1728 5071 1871 5124 enim
1925 5079 2010 5126 est.
2063 5085 2126 5126 ac

517 5143 693 5214 priori
723 5145 858 5214 parti
890 5143 1031 5198 hanc
1051 5152 1374 5214 opponeret.
1403 5141 1540 5196 Male
1564 5157 1693 5195 vero
1719 5142 1809 5214 hic
1827 5141 2124 5212 Scriptura:

524 5211 758 5286 perverti
819 5231 1037 5270 sensum
1079 5211 1276 5285 arguit
1335 5214 1500 5286 Sotus
1528 5255 1542 5278 ,
1583 5228 1726 5286 ⁸(ειιιιι
1768 5211 2127 5286 Vipsanctus

524 5283 732 5342 iantum
788 5286 1080 5342 sententia:
1131 5283 1247 5340 sum
1285 5283 1761 5339 conﬁrmationem
1813 5284 2048 5353 aliquam
2094 5300 2125 5341 e

521 5373 653 5414 voce
676 5400 689 5420 .
729 5359 928 5424 Omnis,
973 5359 1026 5412 in
1055 5357 1230 5412 altero
1264 5355 1472 5426 periodi
1503 5353 1749 5426 membro
1786 5356 1988 5409 omissa
2023 5371 2122 5426 pe-

525 5439 621 5494 tat,
663 5444 730 5484 ex
770 5431 889 5499 ipso
911 5443 1074 5484 sensu
1101 5425 1279 5499 iusius
1305 5435 1493 5499 postea
1531 5425 1926 5499 disputaturus.
1957 5425 2114 5499 Quod

521 5493 686 5554 etiam
719 5500 764 5554 is
793 5493 1185 5570 reprehendit,
1206 5493 1331 5570 quae
1359 5495 1618 5570 dicuntur
1649 5493 1786 5550 infra
1817 5511 1968 5570 nun).
2020 5497 2115 5570 26.

524 5570 577 5622 in
633 5571 735 5624 hoc
789 5565 893 5626 non
935 5569 1136 5626 multos
1174 5565 1399 5624 habebit
1449 5565 1861 5636 suifragatores.
1915 5565 2119 5624 Locum

520 5639 610 5693 adi
634 5679 655 5720 ρ
694 5650 747 5693 et
776 5639 1036 5720 fateberis
1074 5655 1198 5720 eum
1226 5648 1421 5694 contra
1460 5638 1812 5694 adversarios
1843 5653 2000 5710 teque
2038 5641 2121 5696 itt-

525 5711 748 5786 genigse
779 5711 1312 5786 ac.pie_tractatut_t_t_..
1511 5773 1532 5784 ,,
1580 5780 1592 5786 ,
1641 5781 1653 5786 _
1688 5773 1694 5786 ,

594 5776 622 5816 δ
653 5776 823 5836 Totus
849 5776 937 5837 liic
962 5779 1116 5839 lucus
1146 5783 1200 5838 in
1223 5776 1462 5839 Claront.
1493 5776 1615 5837 cod.
1641 5776 1718 5836 it'a
1745 5778 2120 5840 contrahitur:

701 4595 716 4632 :
759 4577 859 4634 sed
887 4578 1052 4634 etiam
1080 4577 1148 4654 in
1185 4591 1252 4634 eo
1294 4576 1490 4632 lectum
1513 4585 1598 4632 est
1631 4554 1792 4647 quem
1821 4575 2120 4632 secundum
2155 4554 2202 4614 D
2233 4554 2476 4653 «insigne
2500 4582 2620 4650 eius
2646 4554 3242 4650 misericordizc,quam
3273 4577 3420 4649 quod
3438 4577 3560 4648 ipse
3589 4591 3683 4649 per
3701 4587 3802 4646 pro-

2231 4674 2448 4744 phetam
2461 4671 2621 4736 Osee,
2638 4669 2836 4742 quibus
2858 4680 3131 4740 tamquam
3155 4670 3326 4726 iratus
3342 4669 3667 4737 minabatur,
3691 4681 3800 4722 cono

2231 4771 2381 4828 tinuo
2426 4778 2702 4840 tamquam
2729 4765 3120 4824 reconciliatus
3165 4765 3454 4840 indulget?
3502 4767 3592 4822 Ait
3637 4761 3799 4820 enim:

2231 4864 2370 4932 Quid
2395 4861 2492 4917 tibi
2521 4860 2733 4934 faciant,
2754 4858 3026 4931 Ephrwm,
3049 4868 3138 4914 aut
3159 4859 3284 4930 quid
3304 4859 3498 4930 faciam
3520 4850 3801 4926 tibiJuda.’

2237 4997 2406 5067 Quam
2433 4999 2548 5066 ejus
2569 4993 3405 5067 miserationis_exaggerationent
3441 5013 3547 5050 non
3569 4994 3734 5067 _solum
3758 4989 3802 5067 in

2233 5062 2560 5138 eolibro'qui
2603 5065 2887 5121 secundum
2925 5062 3230 5120 Mattltieum
3273 5067 3512 5123 scribitur
3559 5062 3801 5138 Evangelii

2233 5141 2444 5196 Domini
2476 5137 2604 5194 Jesu
2631 5152 2652 5190 :
2675 5139 2766 5192 sed
2784 5138 2938 5192 etiam
2976 5137 3031 5192 in
3055 5153 3116 5192 eo
3139 5139 3324 5192 lectum
3351 5179 3367 5202 ,
3413 5141 3503 5206 qui
3549 5137 3800 5195 secundum

2237 5211 2436 5267 Lucam
2471 5207 3014 5282 reperimussthleri
3060 5217 3224 5278 atque
3261 5211 3396 5282 edit.
3432 5212 3572 5268 inter
3598 5224 3667 5282 se
3694 5219 3802 5282 cono

2234 5286 2500 5351 sentiunt,
2531 5277 2636 5337 nisi
2665 5281 2809 5352 quod
2839 5280 3058 5336 illorum
3081 5277 3327 5336 nonnulli
3357 5297 3458 5352 pro
3483 5281 3718 5339 scribitur
3739 5277 3800 5332 le-

2233 5367 2368 5427 gunt
2392 5353 2706 5427 inscribitur.

2301 5439 2322 5464 ε
2355 5426 2484 5482 Mss.
2517 5425 2727 5496 aliquot
2753 5423 3010 5496 omittunt
3031 5426 3189 5496 forte,
3215 5439 3316 5494 pro
3353 5441 3460 5496 quo
3475 5423 3704 5496 nonnulli
3726 5420 3802 5475 ha-

2227 5497 2356 5554 bent
2373 5508 2465 5552 aut
2493 5505 2631 5551 sorte
2659 5511 2678 5549 :
2704 5504 2760 5550 at
2782 5495 2902 5550 loco
2923 5498 3075 5550 vocis
3094 5497 3328 5552 exclusos
3349 5495 3553 5560 {Et-as.
3581 5511 3643 5552 ac
3663 5495 3796 5551 Rom.

2227 5569 2359 5625 edit.
2409 5578 2464 5624 et
2505 5567 2726 5638 quidam
2755 5581 2891 5624 mss.
2942 5567 3130 5638 legunt
3183 5583 3469 5636 excussos;
3515 5566 3723 5628 Amerh.
3756 5571 3800 5620 et

2229 5639 2386 5706 Gill.,
2420 5641 2640 5696 excisos.

2305 5709 2332 5749 ει
2365 5711 2593 5781 Quidam
2635 5724 2794 5783 mss,
2827 5711 3528 5783 remunerationemlaboris.

2309 5793 2332 5820 ο
2363 5779 2548 5840 Albin.
2574 5797 2640 5839 ac
2675 5780 2891 5840 'l‘huan.
2925 5782 3077 5852 cod.,
3125 5779 3452 5843 insinuiindte
3478 5789 3588 5855 eius
3625 5779 3798 5840 miseri-
