4042 6294
225 291 334 346 475

1472 293 1562 350 DE
1599 290 2056 350 ΡίΕΝΙΤΕΝΤΙΑ
2099 291 2225 349 LIB.
2270 291 2304 348 l.

3430 294 3534 353 474

227 409 601 468 Misericordia
623 424 809 482 vestra,
833 423 942 471 etc.
977 415 1126 489 (0se.
1153 430 1228 482 Vt,
1251 417 1333 486 ei).
1362 413 1431 470 Et
1461 414 1599 471 inl'ra
1634 432 1647 469 :
1685 413 1825 482 Quo-
1851 419 1906 480 Α
1930 420 2198 483 negarunt
2225 425 2501 478 sermone,
2532 410 2631 468 sed
2657 412 2992 468 conﬁtentur
3021 411 3340 484 gemitibus,
3365 413 3535 470 conﬁ-

227 504 384 560 modo
410 516 459 560 te
482 507 840 561 constituant?
866 507 1016 563 Velut
1039 509 1242 562 Adamn
1264 508 1479 578 efficiam
1506 517 1554 562 te
1572 548 1587 573 ,
1631 517 1676 561 et
1698 507 1831 561 sicut

230 598 444 654 Seboim
490 599 635 670 (Ose.
673 617 765 666 xl,
795 599 875 672 8).
911 600 966 655 In
1001 603 1114 672 ipsa
1147 601 1519 672 indignatione
1560 600 1704 661 velut
1736 615 1833 670 pa-

230 695 334 750 trio
362 693 601 764 quodam
627 693 823 750 all‘eetu
849 693 1052 760 han-et,
1083 693 1355 766 quomodo
1382 695 1448 750 ad
1473 708 1686 764 poenam
1717 703 1829 748 tra-

229 785 322 841 dat
341 796 618 843 errantem
649 804 662 840 ;
711 797 737 824 α
781 787 882 844 etsi
910 786 1129 844 Judaeus
1162 798 1406 844 meretur
1431 830 1446 854 ,
1478 789 1620 842 Deus
1651 798 1830 844 tamen

231 878 412 935 adhuc
450 894 637 935 secum
664 882 954 936 examinat.
998 881 1107 938 Sed
1151 881 1411 937 continuo
1460 879 1563 954 (De
1613 879 1830 948 Paenit.,

233 975 354 1030 dist.
385 990 425 1040 ι,
454 991 574 1045 cap.
607 973 715 1031 Sed
744 975 968 1047 coutiu.)
1019 978 1109 1047 qui
1150 977 1403 1033 dixerat:
1438 977 1589 1032 Sicut
1633 977 1833 1031 Atlanta

233 1067 425 1136 faciant
448 1077 514 1133 te,
541 1079 587 1122 et
613 1069 745 1123 sicut
767 1068 1013 1135 Seboim;
1055 1086 1177 1141 qua:
1204 1069 1324 1126 dua:
1352 1070 1514 1126 urbes
1541 1085 1608 1125 cx
1634 1069 1833 1126 vicinia

234 1161 600 1218 Sodomorum
650 1163 839 1235 parilis
901 1164 1097 1218 excidii
1169 1174 1384 1218 traxere
1437 1163 1774 1219 consortium
1817 1182 1829 1216 :

235 1250 553 1310 Conversunt
573 1266 667 1324 est,
689 1255 883 1327 inquit,
905 1273 996 1311 cor
1017 1273 1184 1311 meum
1205 1257 1258 1310 in
1282 1272 1341 1310 eo
1367 1257 1501 1326 ipso,
1528 1257 1834 1311 conturbata

233 1356 310 1402 est
341 1348 634 1417 paenitentia
666 1365 778 1403 mea
811 1366 830 1404 :
857 1367 958 1404 non
983 1350 1173 1420 faciant
1204 1351 1486 1405 secundum
1505 1351 1833 1406 iracundiam

233 1444 431 1513 furoris
451 1445 550 1498 mei
577 1443 723 1514 (Ose.
747 1460 822 1512 ιι,
843 1447 898 1514 8,
929 1446 1009 1516 9).

305 1536 400 1589 ‘29..
426 1535 614 1593 Nonne
635 1548 857 1608 apparet
884 1540 1028 1610 quod
1055 1539 1176 1596 ideo
1199 1539 1356 1596 nobis
1381 1540 1732 1613 peccantibus
1760 1540 1834 1595 in-

233 1628 490 1700 dignetur
527 1630 790 1686 Dominus
834 1631 1029 1698 Jcsus,
1069 1642 1129 1688 ut
1162 1632 1548 1704 indignationis
1579 1647 1693 1688 sua:
1735 1647 1834 1688 nos

236 1735 448 1782 terrore
477 1729 795 1783 convertat?
819 1726 1121 1797 Indignatio
1143 1744 1276 1800 ergo
1301 1732 1418 1800 ejus
1456 1744 1563 1783 non
1608 1728 1835 1784 ultionis

1931 516 2117 564 tentur
2132 505 2551 577 ejulationibus,
2583 505 2912 562 conﬁtentur
2937 505 3178 572 ﬂetibus,
3201 507 3537 562 conﬁtentur

1932 599 2146 665 liberis,
2187 615 2293 654 non
2335 600 2541 655 coactis
2568 598 2816 655 vocibus.
2861 596 3163 654 Cesserunt
3207 597 3430 667 quidem
3469 596 3536 652 ad

1932 702 2143 763 tempus
2156 692 2358 748 diaboli
2383 692 2668 748 tentationi
2697 709 2711 748 :
2741 691 2836 747 sed
2861 692 3024 748 etiam
3055 689 3310 747 diabolus
3340 698 3535 762 postea

1933 788 2159 844 recessit
2186 788 2255 857 ah
2283 786 2388 856 his,
2419 802 2555 860 quos
2576 787 2679 844 sibi
2707 786 2984 843 vindicare
2999 801 3107 843 non
3131 786 3326 857 potuit.
3353 783 3535 842 Cessit

1932 895 2122 936 eorum
2153 880 2370 936 ﬂetibus
2393 922 2410 948 ,
2438 881 2605 937 cessit
2636 880 2974 952 pmnitentite
3015 896 3030 934 :
3080 893 3218 951 quos
3238 877 3538 950 invaserat

1933 973 2169 1038 alienos,
2205 973 2440 1044 perdidit
2468 989 2623 1030 suos.

2001 1064 2094 1120 25.
2121 1066 2310 1122 Nonne
2332 1066 2403 1122 ita
2436 1067 2582 1123 istud
2600 1077 2706 1136 est,
2729 1081 2793 1123 ac
2819 1067 2864 1124 si
2887 1066 3013 1138 quis
3035 1076 3060 1105 θ
3075 1066 3350 1139 captivum
3372 1065 3533 1122 victa:

1935 1161 2082 1217 urbis
2095 1162 2353 1232 populum
2373 1162 2635 1218 abducat?
2657 1163 2914 1232 Captivus
2927 1161 3164 1227 ducitur,
3181 1161 3277 1217 sed
3291 1161 3494 1216 invitus
3517 1178 3532 1214 :

1933 1254 2027 1324 qui
2057 1254 2109 1308 in
2129 1253 2332 1310 alienas
2354 1266 2525 1310 terras
2553 1256 2878 1310 neceSsitate
2900 1253 3216 1320 contendat,
3232 1253 3430 1309 intimo
3453 1261 3534 1307 ta-

1937 1361 2060 1402 men
2085 1363 2194 1402 non
2217 1348 2414 1418 migret
2445 1346 2664 1412 aﬁ‘ectu,
2697 1347 2924 1417 patriam
2939 1361 3126 1403 secum
3139 1346 3325 1402 animo
3347 1343 3533 1412 vehat,

1934 1450 2143 1512 quzcrat
2201 1442 2411 1512 copiam
2465 1441 2925 1512 quemadmodum
2990 1449 3320 1498 revertatur.
3394 1439 3534 1509 Quid

1936 1551 2066 1607 ergo
2089 1537 2108 1592 ἶ
2133 1535 2268 1591 Cum
2301 1536 2676 1608 hujuscemodi
2706 1537 3022 1604 revertitur,
3047 1551 3175 1592 num
3216 1545 3302 1591 est
3339 1533 3538 1605 aliquis

1935 1629 2029 1700 qui
2058 1628 2383 1696 persuadeat
2419 1645 2527 1684 non
2566 1627 2986 1699 recipiendum?
3018 1625 3036 1666 ί
3071 1628 3286 1682 minore
3321 1625 3540 1682 scilicet

1940 1723 2176 1787 honore,
2209 1724 2302 1778 sed
2351 1723 2535 1778 studio
2581 1721 2963 1794 propensiore,
3011 1735 3080 1776 ne
3115 1719 3316 1776 habeat
3344 1719 3397 1774 in
3425 1733 3538 1789 quo

233 1820 518 1874 exsecutio
541 1859 558 1886 ,
592 1819 688 1876 sed
719 1822 890 1892 magis
918 1822 1275 1877 absolutionis
1304 1831 1389 1878 est
1419 1823 1666 1892 operatio
1696 1840 1710 1888 ;
1757 1823 1835 1877 sic
1865 1813 1912 1874 B
1939 1817 2538 1873 insultetadversarius.
2559 1817 2614 1872 Si
2637 1825 2848 1872 armato
2863 1815 3121 1888 ignoscis,
3146 1814 3539 1887 squipngnare

233 1912 383 1968 enim
426 1913 564 1968 dixit
619 1931 632 1966 :
690 1914 751 1969 Si
801 1930 1074 1970 conversus
1122 1915 1458 1987 iugemueris,
1507 1916 1681 1970 salvus
1736 1915 1836 1968 eris

235 2003 390 2075 (Esai
419 2021 548 2074 xxx,
579 2007 690 2078 15).
719 2007 1009 2078 Exspectat
1034 2009 1272 2078 gemitus
1304 2019 1545 2076 nostros,
1575 2009 1670 2066 sed
1699 2019 1836 2064 tem-

234 2099 452 2170 porales
475 2141 492 2168 ,
546 2113 606 2156 ut
630 2101 872 2156 remittat
893 2113 1185 2172 perpetuos
1220 2111 1540 2172 :exspcctat
1567 2105 1836 2173 lacrymas

235 2203 456 2248 nostras
475 2234 491 2261 ,
526 2202 582 2249 ut
610 2193 897 2265 profundat
924 2194 1177 2265 pietatem
1205 2209 1378 2250 suam.
1405 2195 1494 2251 Sic
1515 2197 1566 2250 in
1591 2195 1837 2266 Evange-

229 2287 332 2353 lio,
355 2287 529 2342 vidua:
553 2288 743 2344 matris
769 2288 1021 2360 lacrymis
1037 2303 1376 2359 compassus,
1409 2289 1581 2343 lilium
1609 2291 1727 2359 ejus
1749 2304 1836 2344 re-

230 2383 521 2439 suscitavit
544 2383 709 2448 (Luc.
737 2399 839 2448 vn,
874 2385 983 2455 15).
1015 2383 1040 2422 ι’
1067 2387 1363 2455 Exspectat
1409 2387 1831 2441 conversionem

230 2489 502 2548 ucstram,
557 2489 614 2536 ut
659 2491 966 2537 revertitur
992 2491 1048 2537 et
1067 2482 1187 2553 ipse
1213 2483 1280 2538 ad
1311 2485 1540 2554 gratiam
1567 2503 1581 2539 :
1613 2499 1754 2554 qum,
1786 2485 1831 2539 si

231 2575 417 2631 nullus
449 2577 629 2647 lapsus
658 2576 814 2632 nobis
840 2577 1129 2647 irreperet,
1164 2579 1218 2634 in
1248 2579 1401 2634 nobis
1421 2589 1830 2650 perseveraret:

229 2667 332 2724 scd
359 2668 484 2739 quia
516 2670 753 2739 peccatis
780 2672 981 2725 nostris
1007 2673 1386 2727 contrahimus
1410 2673 1672 2729 oll‘ensam
1704 2714 1718 2738 ,
1753 2672 1835 2727 ia-

229 2760 509 2830 dignatur,
555 2772 612 2816 ut
642 2761 1034 2819 humiliemur:
1077 2764 1448 2831 humiliantur,
1497 2779 1559 2820 ut
1597 2765 1743 2837 digni
1769 2769 1835 2821 si-

232 2869 361 2910 mus
387 2854 558 2925 magis
583 2857 930 2913 miseratione
959 2872 1120 2926 quam
1145 2872 1323 2929 pinna.

303 2949 398 3007 Ξῖ).
437 2951 638 3006 Doceat
685 2960 738 3007 te
781 2961 931 3008 certe
961 2952 1262 3009 Hieremias
1291 2952 1518 3009 dicens:
1567 2953 1704 3019 Quia
1733 2970 1834 3008 non

232 3045 448 3113 repellet
474 3046 526 3099 in
547 3055 793 3100 teteruum
815 3044 1102 3113 Dominus;
1121 3047 1366 3117 quoniam
1389 3063 1506 3101 cum
1525 3048 1834 3102 ltumiliave-

232 3142 338 3204 rit,
372 3140 691 3196 miserebitur
721 3141 1000 3195 secundum
1047 3142 1430 3198 multitudinem
1470 3143 1838 3197 misericordia:

1939 1915 2109 1983 potuit
2136 1928 2150 1977 ;
2185 1927 2293 1966 non
2324 1911 2560 1983 ignoscis
2589 1912 2662 1977 ei,
2693 1911 2745 1966 in
2776 1925 2886 1982 quo
2915 1910 3031 1966 sola
3055 1908 3328 1981 pugnabat
3357 1907 3538 1964 ﬁdes?

2007 2005 2098 2059 26.
2125 2005 2300 2075 Ipsius
2332 2005 2534 2060 diaboli
2565 2005 2637 2060 tlc
2665 2002 2976 2073 ltujusmodi
3024 2002 3190 2073 lapsis
3216 2002 3262 2057 si
3291 2000 3537 2072 requira-

1939 2113 2058 2154 mus
2086 2099 2413 2152 scnlcntiam
2437 2139 2452 2162 ,
2487 2111 2667 2151 nonne
2693 2095 2908 2152 videtur
2933 2095 3117 2150 dicere
3147 2111 3160 2146 :
3187 2091 3429 2163 Populus
3453 2092 3538 2146 hic

1937 2191 2085 2246 labiis
2105 2206 2184 2244 me
2210 2192 2430 2243 honorat
2458 2231 2472 2255 ,
2525 2205 2614 2242 cor
2657 2198 2825 2242 autem
2847 2203 3025 2243 eorum
3046 2187 3198 2258 longe
3241 2193 3317 2242 est
3358 2201 3390 2238 a
3415 2184 3542 2239 me?

1936 2283 2220 2352 Quomodo
2273 2285 2420 2338 enim
2481 2297 2691 2338 mecum
2747 2292 2834 2337 est
2877 2323 2892 2348 ,
2949 2280 3044 2351 qui
3101 2295 3210 2334 non
3259 2277 3467 2334 recedit
3509 2293 3541 2331 a

1934 2376 2196 2432 Christo?
2222 2376 2352 2431 Sine
2383 2391 2545 2431 causa
2576 2387 2758 2431 autem
2793 2389 2878 2429 me
2911 2372 3101 2429 colere
3129 2369 3404 2434 videntur,
3447 2369 3542 2440 qui

1935 2472 2240 2528 doctrinam
2291 2471 2421 2528 Jesu
2466 2472 2786 2527 custodiunt
2827 2487 2842 2523 :
2898 2484 2999 2539 ego
3053 2475 3237 2522 autem
3286 2462 3542 2536 putabam

1934 2570 2077 2641 quod
2108 2584 2283 2624 meam
2315 2567 2598 2622 docerent.
2632 2566 2759 2620 Plus
2785 2563 3069 2626 damnant,
3103 2560 3233 2616 dum
3260 2566 3545 2628 comperta

1932 2664 2220 2719 deserunt.
2243 2660 2408 2718 Certe
2435 2661 2594 2717 Jcsus
2625 2663 2678 2714 in
2709 2659 2792 2714 his
2823 2658 3061 2727 amplius
3089 2655 3384 2725 gloriatur.
3412 2652 3541 2708 dum

1936 2757 2132 2827 recipit
2171 2765 2536 2811 revertentes.
2591 2752 2881 2808 Ex’sultaut
2929 2764 3127 2804 omnes
3165 2746 3345 2818 angeli
3374 2762 3388 2812 ;
3417 2744 3543 2816 quia

1936 2850 2192 2922 gaudium
2219 2851 2394 2919 majus
2417 2859 2500 2903 est
2529 2847 2582 2901 in
2610 2845 2756 2901 coelo
2781 2859 2948 2914 super
2981 2855 3091 2896 uno
3123 2848 3412 2910 peccatore
3428 2851 3545 2908 pte—

1937 2945 2222 3001 nitentiam
2254 2951 2451 3015 agente
2471 2983 2488 3010 ,
2520 2956 2682 3012 quam
2715 2941 2769 2994 in
2803 2938 3099 3007 nonaginta
3141 2946 3196 2989 ct
3234 2948 3428 2989 novem
3455 2932 3544 3003 ju-

1936 3039 2036 3094 stis
2059 3039 2149 3109 qui
2183 3053 2293 3092 non
2309 3036 2556 3107 indigent
2586 3033 2906 3104 paenitentia
2937 3029 3088 3102 (Luc.
3123 3045 3211 3094 xv,
3243 3027 3324 3098 7).
3356 3026 3544 3082 Deme

1939 3132 1992 3188 in
2023 3131 2164 3187 cmlo
2193 3172 2208 3198 ,
2239 3129 2309 3186 de
2345 3144 2433 3185 me
2475 3129 2531 3184 in
2571 3127 2732 3183 terris
2772 3126 3083 3194 trimnphus
3109 3121 3366 3176 sumitur.
3395 3117 3542 3172 Nihil

234 3249 349 3286 sua:
371 3249 388 3287 :
413 3234 497 3304 qui
520 3250 621 3287 nou
649 3234 936 3288 Itumiliavit
961 3243 1065 3288 toto
1095 3236 1247 3288 corde
1271 3252 1362 3289 suo
1391 3277 1406 3301 ,
1451 3251 1611 3305 neque
1650 3236 1837 3304 repulit
1865 3204 1910 3266 Ο
1941 3227 2159 3285 Christo
2183 3229 2328 3299 perit
2351 3268 2366 3293 ,
2395 3224 2614 3296 quando
2647 3223 2702 3277 hi
2724 3221 2816 3292 qui
2848 3220 2914 3274 ad
2945 3236 3032 3274 me
3060 3233 3184 3272 cum
3223 3215 3352 3269 ﬁetu
3381 3227 3545 3267 vene-

236 3325 384 3395 [ilios
399 3325 658 3379 hominum
686 3325 899 3398 (Tltren.
924 3326 1221 3396 "1,51,52).
1240 3326 1350 3381 lloc
1369 3337 1516 3382 certe
1541 3328 1591 3381 in
1607 3326 1838 3381 'l‘lirenis

240 3420 531 3476 llieremim
558 3420 808 3491 legimus,
832 3430 886 3477 et
906 3437 974 3477 ex
1001 3420 1104 3482 his,
1131 3421 1212 3476 vel
1233 3421 1446 3477 caeteris
1464 3437 1585 3492 quae
1603 3435 1840 3491 sequun-

235 3524 330 3569 tur
358 3512 689 3570 advertimus
715 3526 734 3553 ε
768 3515 888 3585 quia
916 3515 1036 3570 ideo
1077 3513 1323 3570 humiliat
1344 3513 1446 3570 sub
1475 3513 1702 3584 pedibus
1727 3511 1842 3568 suis

232 3623 433 3663 omnes
488 3609 702 3665 vinctos
753 3617 935 3675 terrae,
979 3619 1038 3664 ut
1074 3609 1336 3680 judicium
1363 3608 1483 3679 ejus
1508 3609 1843 3665 declinemus

237 3703 417 3776 (Psal.
452 3718 590 3769 cxn,
632 3705 710 3775 7).
764 3704 870 3760 Sed
901 3720 1000 3760 uec
1027 3713 1143 3759 toto
1170 3703 1334 3760 corde
1364 3703 1611 3759 humiliat
1655 3718 1844 3773 pecca-

238 3806 417 3852 torem
446 3811 618 3867 usque
643 3796 709 3852 ad
736 3806 937 3852 terram
964 3841 978 3862 ,
1017 3798 1108 3867 qui
1156 3799 1320 3853 etiam
1346 3797 1414 3853 de
1442 3806 1590 3853 terra
1615 3796 1845 3852 suscitat

239 3894 486 3964 inopem,
511 3902 568 3948 et
588 3893 656 3949 de
679 3905 919 3950 stercore
941 3895 1101 3965 erigit
1129 3910 1459 3965 pauperem;
1482 3909 1588 3950 non
1613 3895 1756 3950 enim
1775 3908 1843 3950 ex

240 3997 362 4043 toto
385 3987 554 4042 corde
579 3987 848 4056 humiliat,
883 3991 974 4058 qui
999 4003 1059 4043 se
1091 3989 1261 4043 venire
1284 3999 1548 4044 reservat.

314 4083 409 4138 24.
440 4082 598 4152 Quod
637 4083 686 4138 si
730 4098 836 4140 non
866 4099 931 4140 ex
966 4092 1080 4138 toto
1124 4084 1289 4140 corde
1336 4099 1554 4140 omnem
1603 4084 1850 4139 lmmiliat

241 4187 618 4248 peecaturem,
643 4187 846 4249 quanto
869 4179 1037 4248 magis
1052 4195 1156 4232 non
1180 4194 1243 4233 cx
1277 4188 1389 4235 toto
1415 4177 1580 4234 corde
1603 4178 1850 4234 humiliat

241 4285 374 4325 eum
399 4309 416 4336 ,
474 4269 567 4339 qui
605 4285 714 4325 non
747 4285 814 4325 ex
845 4280 960 4326 toto
995 4269 1161 4326 corde
1202 4272 1485 4340 peccavit!
1533 4269 1665 4325 Nam
1710 4271 1850 4326 sicut

241 4362 384 4418 dixit
405 4362 473 4418 de
493 4362 738 4419 ludatis:
769 4361 1006 4432 Populus
1037 4365 1121 4417 Itic
1161 4365 1311 4420 labiis
1345 4381 1424 4421 me
1459 4365 1724 4432 honorat,
1761 4382 1849 4420 cor

241 4465 422 4512 autem
461 4473 641 4511 eorum
677 4458 826 4530 longe
866 4470 939 4512 est
984 4475 1016 4511 a
1058 4474 1138 4512 me
1179 4457 1331 4528 (Esa.
1357 4477 1507 4525 xxix,
1540 4462 1626 4526 l5;
1656 4459 1847 4518 Matth.

244 4566 319 4604 xv
346 4593 361 4614 ,
391 4548 476 4622 8);
508 4549 740 4606 fortasse
763 4560 818 4606 et
843 4549 911 4606 de
945 4550 1218 4620 aliquibus
1253 4553 1418 4623 lapsis
1442 4553 1587 4609 dicat
1615 4573 1626 4608 :
1651 4554 1741 4610 lsti
1775 4555 1850 4609 la-

246 4645 358 4700 hiis
386 4658 472 4697 me
503 4651 804 4712 negarunt,
833 4643 929 4699 sed
967 4645 1135 4699 corde
1163 4661 1372 4701 mecum
1405 4656 1552 4701 sunt.
1591 4646 1730 4701 Vicit
1757 4663 1850 4701 eos

248 4751 441 4808 pinna,
479 4750 585 4790 non
617 4736 817 4790 avertit
848 4735 1095 4806 perlidia.
1130 4736 1263 4793 Sine
1293 4754 1454 4794 causa
1485 4749 1663 4793 autem
1691 4740 1852 4812 397

249 4831 340 4886 his
372 4829 543 4900 aliqui
572 4829 785 4885 veniam
811 4839 1045 4900 negant,
1078 4846 1307 4901 quorum
1359 4832 1516 4887 ﬁdem
1545 4830 1569 4868 ἀ
1615 4847 1857 4902 eousque

246 4925 544 4982 confessus
575 4928 888 4996 persecutor
919 4934 1032 4992 est,
1057 4935 1115 4979 ut
1141 4942 1260 4982 eam
1283 4927 1526 4981 studeret
1549 4943 1859 4999 expugnare

251 5023 566 5079 tormentis.
583 5020 860 5093 Negaruut
888 5021 1083 5087 semel,
1104 5019 1200 5076 sed
1225 5020 1468 5092 quotidie
1496 5020 1855 5078 conﬁtentur:

248 5206 493 5268 cardine;
534 5201 732 5258 melius
750 5201 867 5265 alii,
895 5207 1060 5269 atque
1088 5195 1246 5270 edit.,
1276 5197 1476 5266 insigne
1513 5201 1627 5270 ejus
1665 5198 1862 5252 miscri-

246 5279 474 5342 cordiae,
527 5275 580 5330 id
629 5283 733 5341 est,
785 5273 1045 5343 signum,
1100 5269 1862 5337 testimonium{documen-

252 5363 374 5408 tum
407 5390 422 5408 .
458 5358 566 5401 etc.

331 5390 382 5473 ί..
407 5390 538 5473 'véi.
573 5417 706 5472 edit.
730 5458 744 5482 ,
775 5425 820 5469 et
848 5417 892 5470 si
919 5413 1138 5468 Judwus
1169 5414 1419 5479 miretur;
1446 5413 1589 5468 male
1642 5432 1654 5467 :
1703 5412 1860 5470 Rom.

249 5505 312 5549 ct
336 5507 474 5548 mss.
503 5491 731 5559 aliquot,
758 5498 804 5542 et
829 5489 874 5542 si
892 5485 1093 5541 Judaeis
1114 5486 1377 5552 minetur;
1403 5485 1596 5542 melius
1621 5503 1635 5542 :
1659 5487 1865 5556 optime

253 5563 455 5620 eaateri
496 5576 630 5615 mss.
663 5569 724 5616 ut
764 5562 814 5614 in
838 5567 1120 5615 contextu.

339 5635 368 5672 ιι
404 5635 532 5688 Mss.
565 5649 671 5687 non
703 5631 898 5703 pauci,
922 5639 1114 5700 spectat
1148 5630 1368 5701 gemitus
1414 5638 1706 5685 nostros....
1752 5645 1867 5700 spe-

256 5717 377 5765 ctat
402 5707 661 5775 lacrymas
692 5713 994 5768 nostras,...
1019 5714 1238 5774 spectat,
1259 5710 1366 5775 etc.

345 5792 368 5814 ε·
413 5771 601 5844 (ierint.
625 5777 750 5831 cod.
792 5785 931 5838 ant.,
971 5771 1095 5844 quia
1123 5790 1224 5826 non
1247 5773 1360 5826 ideo
1381 5771 1639 5828 humiliat.

321 5849 349 5886 τι
380 5848 584 5914 Omnes
614 5849 744 5906 ‘cdit.
775 5865 790 5916 ,
821 5857 1041 5915 cousque
1068 5856 1386 5902 consectatus
1411 5861 1428 5910 ;
1469 5860 1661 5902 omnes
1709 5860 1865 5912 mss.,

1943 3333 2064 3380 rant
2098 3363 2114 3389 ,
2143 3337 2267 3378 cum
2308 3317 2590 3374 desiderio
2623 3317 2689 3371 ad
2731 3312 3032 3369 Ecclesiam
3073 3317 3463 3370 revcuuntnr:
3493 3315 3546 3360 et

1943 3416 2138 3472 borum
2157 3413 2408 3482 exemplo
2434 3411 2600 3466 etiam
2623 3408 2693 3464 de
2715 3408 2852 3463 meis
2883 3405 3189 3477 periclitor,
3221 3401 3312 3474 qui
3338 3399 3544 3456 didice-

1945 3509 2053 3565 rint
2091 3507 2224 3563 nihil
2249 3505 2337 3561 ltic
2364 3520 2507 3567 esse,
2541 3503 2628 3558 ubi
2663 3501 2914 3556 homines
2955 3497 3316 3569 praesentibus
3349 3507 3547 3565 provo-

1943 3615 2138 3659 Cattlur
2165 3599 2401 3670 praemiis
2429 3615 2444 3663 ;
2475 3605 2530 3652 et
2562 3596 2854 3667 plurimum
2882 3593 3021 3658 illic,
3054 3591 3143 3645 ubi
3182 3589 3442 3661 gemitus,
3469 3584 3544 3642 la-

1945 3711 2148 3768 crymze
2174 3734 2190 3764 ,
2218 3693 2420 3764 jejunia
2451 3693 2587 3746 meis
2611 3689 2788 3760 epulis
2817 3685 3206 3757 put-feruntur.

2577 3823 2805 3882 CAPUT
2833 3821 2920 3880 Vl.

1951 3920 2271 3976 Novatianos
2289 3921 2414 3974 dum
2434 3930 2726 3989 peccatores
2747 3934 2778 3970 a
2799 3911 3235 3970 Christicouvioio
3246 3909 3544 3974 excludunt,

2020 4033 2121 4072 nou
2146 4015 2216 4085 pii
2243 4013 2567 4070 Samaritani
2591 4053 2607 4080 ,
2638 4011 2728 4066 sed
2767 4007 2976 4079 superbi
3020 4004 3305 4074 legisperiti
3328 4018 3418 4057 nec
3447 4018 3548 4055 non

2021 4111 2476 4180 sacerdotis-atque
2496 4108 2683 4173 levittc,
2717 4105 2808 4174 qui
2825 4100 3279 4172 reprehenduntur
3294 4097 3347 4150 iu
3378 4092 3553 4148 Evan-

2021 4206 2175 4277 gelia,
2201 4203 2499 4274 'jmitatores
2525 4215 2664 4266 esse,
2693 4197 2854 4252 inmto
2885 4192 3064 4248 iisdem
3089 4192 3242 4246 etiam
3264 4188 3548 4244 inclemen-

2025 4302 2200 4354 tiores.

2022 4457 2112 4512 Ξῖ.
2140 4457 2306 4530 [Alias
2333 4471 2450 4526 cap.
2477 4451 2568 4526 v.1
2593 4453 2702 4508 llos
2730 4466 2882 4522 ergo,
2903 4445 3212 4512 Novatiani,
3234 4440 3557 4502 excluditis?

1953 4551 2091 4620 Quid
2117 4558 2198 4604 est
2227 4550 2371 4604 enim
2401 4545 2553 4602 aliud
2584 4545 2876 4601 excludere
2895 4585 2909 4609 ,
2938 4543 3042 4598 nisi
3073 4555 3228 4611 spem
3255 4537 3432 4592 venia:
3455 4534 3554 4591 de-

1959 4650 2199 4720 negare?
2231 4648 2339 4705 Sed
2383 4661 2560 4718 neque
2603 4645 2928 4702 semivivum
2971 4644 3122 4698 illum
3167 4639 3495 4695 derelictum
3527 4652 3557 4690 a

1959 4741 2264 4796 latronibus
2310 4740 2688 4798 Samaritanus
2734 4735 2998 4807 prmtcriit
3030 4753 3043 4790 :
3075 4743 3132 4789 ct
3176 4732 3402 4789 vulnera
3442 4731 3562 4799 ejus

1955 4836 2077 4891 oleo
2106 4835 2341 4906 vinoque
2369 4835 2605 4896 curavit,
2632 4833 2780 4902 prius
2807 4831 3099 4886 infundens
3127 4830 3312 4884 oleum
3340 4843 3451 4898 quo
3480 4825 3563 4880 lo-

1960 4937 2110 4984 verct
2141 4947 2152 4981 :
2186 4943 2349 4999 supra
2375 4928 2684 4998 jumentum
2706 4926 2872 4998 398
2897 4939 3053 4979 suum
3087 4922 3345 4990 itnposnit
3374 4917 3563 4972 vulne-

1962 5032 2163 5091 ratum,
2208 5023 2261 5078 in
2307 5039 2416 5095 quo
2443 5021 2561 5094 ejus
2612 5032 2837 5093 peccata
2882 5019 3024 5076 vexit
3075 5017 3258 5073 onmia
3302 5013 3451 5085 (Luc.
3488 5028 3516 5066 x
3547 5053 3562 5078 ,

1971 5215 2189 5271 eousque
2224 5204 2510 5270 confessus.
2550 5201 2617 5254 Et
2668 5209 2821 5254 certe
2863 5205 3242 5271 persecutores
3300 5189 3564 5262 quodam-

1969 5267 2132 5327 modo
2171 5267 2503 5327 conﬁtentur
2541 5287 2637 5327 eos
2676 5267 2879 5325 Christi
2921 5269 3082 5342 tidem
3129 5267 3370 5342 habere.
3427 5276 3565 5342 quos

1972 5345 2256 5398 tormentis
2315 5343 2725 5413 aggrediuntur.
2771 5343 2900 5396 Nam
2948 5339 2993 5393 si
3033 5337 3238 5413 eadem
3293 5333 3414 5413 ﬁde.
3444 5333 3566 5413 illos

1970 5415 2258 5472 crederent
2293 5402 2624 5483 de's'iitutos,
2681 5415 2980 5469 amicorum
3033 5409 3152 5463 loco
3201 5407 3346 5477 ipsos
3401 5402 3567 5460 habe-

1971 5496 2113 5543 rent.

2050 5569 2073 5631 (ἒ
2101 5559 2332 5627 Quidam
2361 5573 2518 5624 mss.,
2551 5567 2717 5626 capta:
2742 5556 2882 5631 urbis
2911 5551 3180 5631 populum.
3505 5620 3535 5631 Π

2050 5628 2069 5668 ί
2094 5620 2224 5688 biss.
2254 5620 2533 5696 nonnulli,
2569 5620 2671 5683 non
2693 5627 2884 5681 minore
2911 5620 3111 5682 scilicet
3134 5621 3326 5676 ltonore
3347 5663 3362 5687 ,
3397 5620 3570 5674 studio

1974 5706 2330 5776 prapeusiore.
2449 5775 2458 5776 ί
2883 5768 2916 5776 ,,
3225 5767 3236 5776 .

2048 5768 2354 5843 ιε’ριιξεάειιιι
2398 5775 2529 5832 edit.
2566 5786 2649 5829 ac.
2681 5785 2812 5828 mss.
2846 5768 3104 5839 aliquot,
3149 5768 3237 5836 qui
3283 5779 3573 5836 repugnare

1976 5846 2161 5915 potuit.
2651 5852 2658 5859 '
