4042 6294
504 284 609 339 4ῖὸ

1833 283 2082 341 SANCTI
2122 281 2445 342 AIBROSII
3687 289 3776 343 576

501 401 573 481 ἵίᾷ
593 441 609 465 ,
640 398 772 469 54);
805 412 904 454 nec
932 412 1091 455 ovem
1121 407 1309 468 pastor
1338 397 1589 469 despexit
1625 407 1900 454 errantem
1928 396 2102 469 (an.
2133 416 2182 475 Α
2210 399 2255 454 si
2288 410 2566 471 sequatur.
2597 399 2692 457 ille
2735 416 2866 458 sane
2886 402 3157 472 rejicitur,
3181 403 3272 474 qni
3305 417 3415 459 non
3438 402 3686 460 habuerit
3704 420 3780 460 re-

507 506 609 557 ιν,
639 490 722 563 4).

2204 502 2344 549 stem
2375 495 2804 564 nuptialemJtoc
2828 505 2932 563 est,
2948 496 3207 552 amictum
3232 496 3780 567 charitatityalanen

578 584 672 641 28.
703 583 816 641 Vos
841 592 1029 642 autem
1059 584 1243 641 dicitis
1270 602 1285 641 :
1318 584 1449 639 Noli
1474 599 1554 639 nte
1573 592 1801 656 tangere.
1836 583 1943 639 Vos
1967 581 2104 639 dici-
2202 588 2418 657 gratiae.
2451 587 2624 653 Mitte,
2658 588 2905 660 inquam,
2930 589 2999 645 ad
3028 590 3333 647 universos.

510 682 580 736 tis
605 684 859 736 volentes
904 679 1211 749 justilicare
1237 693 1336 734 vos
1363 679 1512 749 ipsos
1536 694 1549 731 :
1579 676 1701 732 Non
1721 684 1808 733 est
1824 675 2106 747 prosimus

510 781 728 838 noster,
784 772 1138 844 superbiores
1214 782 1374 842 quam
1435 770 1781 841 legisperitus
1840 769 1936 826 ille
2011 769 2103 840 qui

511 868 788 924 tuli-istum
817 876 1035 923 tentare
1053 851 1311 937 cupiebat
1340 883 1355 934 ;
1385 865 1477 922 ille
1497 864 1642 921 enim
1671 865 1849 921 dixit:
1876 863 2005 932 Quis
2032 873 2105 918 est

500 972 655 1019 meus
682 964 950 1034 proximus
979 960 1129 1032 (Luc.
1157 977 1211 1025 κ,
1238 959 1361 1032 29)?
1391 958 1490 1014 Ille
1513 960 1816 1028 interrogat
1841 998 1857 1025 ,
1888 972 1987 1013 vos
2011 972 2107 1012 ne-

511 1058 683 1130 gatis;
718 1058 858 1113 sicut
881 1054 1137 1111 sacerdos
1162 1053 1257 1110 ille
1286 1052 1688 1109 descendentes
1712 1091 1729 1119 ,
1764 1062 1819 1107 et
1847 1052 1989 1107 sicut
2028 1051 2110 1106 le-

511 1153 621 1206 vita
672 1150 1083 1220 prtetcrientes,
1133 1162 1295 1217 quem
1339 1146 1642 1202 curandum
1684 1146 1969 1215 suscipere
2009 1144 2108 1201 dc-

511 1242 741 1309 buistis,
793 1253 896 1296 nec
937 1238 1563 1311 recipientes‘hospitio,
1596 1253 1696 1309 pro
1725 1252 1835 1306 quo
1860 1235 2111 1292 Christus

514 1345 539 1373 ει
569 1336 640 1392 ιΙιι
667 1334 1016 1391 onumcravit
1040 1348 1175 1402 tera,
1199 1332 1356 1404 cujus
1389 1342 1443 1388 te
1465 1333 1777 1404 proximum
1804 1330 1923 1388 ﬁeri
1950 1330 2112 1387 Chri-

504 1440 621 1484 stus
642 1428 820 1499 jubetl
848 1436 905 1482 ut
928 1426 1180 1500 faciasjn
1204 1442 1328 1482 eum
1352 1425 1808 1482 misericordiam.
1825 1425 1946 1495 Ipse
1960 1424 2105 1481 enim

505 1522 923 1593 estproximus,
970 1536 1133 1592 quem
1178 1535 1285 1575 non
1316 1520 1493 1575 solum
1540 1517 1846 1574 conformis
1911 1527 2107 1573 natura

504 1613 871 1684 coniunxerit,
902 1612 999 1669 sed
1027 1613 1193 1668 etiam
1231 1611 1607 1667 misericordia
1634 1609 1996 1681 copulaverit.
2024 1609 2108 1665 Ab

506 1722 574 1764 eo
601 1718 655 1763 te
682 1706 918 1763 alienum
951 1708 1207 1778 superbia
1239 1706 1395 1775 facis,
1423 1706 1696 1762 extollens
1726 1716 1777 1761 te
1799 1705 2002 1761 frustra
2026 1705 2110 1759 in-

2275 680 2364 736 5i.
2386 691 2408 719 ε
2426 680 2546 737 Non
2570 692 2797 738 excusat
2812 683 3061 740 Ecclesia
3089 694 3181 740 tua
3199 700 3230 740 a
3249 699 3410 741 cinna
3435 694 3547 753 tua,
3576 694 3786 744 excusat

2204 770 2560 829 Novatianus.
2596 774 2711 831 Non
2732 775 2868 832 dicit
2903 776 3111 834 familia
3134 788 3256 834 tua:
3290 777 3432 835 Sana
3472 779 3782 852 “sum,

2208 868 2480 925 medicum
2512 885 2619 926 non
2650 873 2905 942 requiro;
2935 870 3032 929 sed
3063 872 3197 929 dicit
3222 891 3238 928 :
3271 874 3419 929 Sana
3442 889 3543 939 me,
3570 873 3782 942 Dandae,

2207 962 2492 1017 etsenabor
2522 979 2544 1019 :
2584 964 2728 1019 salva
2758 980 2861 1033 nu,
2891 974 2940 1020 et
2976 966 3213 1021 salvabar
3255 966 3478 1039 (lenm.
3524 982 3656 1035 xm,
3686 967 3784 1037 14).

2211 1056 2453 1126 Denique
2490 1058 2753 1114 Ecclesia:
2774 1069 2882 1115 tua:
2920 1062 3137 1132 species
3164 1069 3251 1115 est
3294 1061 3351 1116 in
3381 1060 3475 1116 illa
3501 1098 3518 1127 ,
3550 1068 3671 1132 qua:
3707 1075 3785 1116 ae-

2207 1152 2375 1207 cessit
2401 1162 2574 1220 retro,
2609 1162 2668 1209 et
2694 1155 2870 1225 tetigit
2900 1153 3168 1210 ﬁmbriam
3197 1155 3512 1211 vestimenti
3563 1157 3675 1220 tui,
3720 1157 3788 1210 di-

2206 1258 2337 1300 cens
2388 1246 2530 1302 intra
2583 1262 2692 1303 se:
2748 1248 2886 1318 Quia
2940 1251 2986 1305 si
3015 1252 3231 1323 tetigero
3277 1252 3636 1306 vestimentum
3669 1253 3785 1323 ejus,

2208 1340 2352 1396 salva
2374 1357 2463 1397 ero
2502 1342 2721 1411 (blatth.
2760 1358 2816 1398 ts
2842 1386 2857 1411 ,
2886 1343 3004 1417 21).
3038 1343 3165 1401 Hmc
3201 1360 3333 1418 ergo
3362 1345 3608 1402 Ecclesia
3644 1345 3788 1402 conﬂ-

2210 1442 2353 1489 tetur
2384 1435 2605 1491 vulnera
2638 1452 2759 1503 sua,
2792 1437 2911 1494 baac
2934 1439 3114 1494 curari
3138 1439 3306 1510 cupit.

2278 1529 2368 1585 5‘2.
2400 1528 2469 1585 Et
2486 1540 2541 1586 tu
2568 1531 2806 1602 quident,
2824 1529 3074 1600 Domine,
3090 1546 3283 1588 omnes
3302 1534 3460 1604 cupis
3483 1534 3787 1601 sanare,sed

2209 1636 2316 1677 non
2333 1638 2525 1679 omnes
2545 1624 2729 1681 curari
2755 1625 2963 1681 volunt.
2986 1626 3100 1681 Non
3134 1626 3245 1681 vult
3267 1626 3619 1695 Horatianus,
3633 1628 3715 1699 qui
3738 1640 3790 1684 se

2211 1721 2363 1783 putat
2391 1730 2514 1770 esse
2554 1731 2772 1771 sanum.
2820 1717 2902 1773 'l‘u
2922 1759 2937 1784 ,
2968 1717 3196 1774 Domine
3219 1754 3236 1786 ,
3267 1733 3473 1789 aegrum
3504 1728 3559 1774 te
3583 1733 3699 1775 esse
3721 1720 3793 1775 di-

507 1801 669 1857 ilaltts
717 1809 904 1857 mente
948 1802 1131 1857 carnis
1180 1809 1311 1865 tuae,
1358 1809 1415 1855 et
1459 1814 1568 1855 non
1601 1807 1794 1855 tenens
1830 1807 2014 1870 caput.
2049 1798 2108 1855 Si
2141 1816 2187 1890 Β
2212 1806 2314 1874 cis,
2342 1818 2396 1863 et
2422 1807 2476 1862 in
2508 1808 2734 1864 minimo
2782 1820 3024 1865 nostram
3072 1812 3243 1867 sentis
3288 1811 3690 1878 infirmitatem,
3720 1812 3793 1868 di-

505 1898 651 1952 enim
705 1906 872 1967 caput
920 1907 1186 1963 teneres,
1263 1894 1583 1951 adverteres
1644 1910 1749 1950 non
1807 1894 1906 1950 tibi
1981 1909 2109 1950 eum

507 1990 892 2060 deserendum,
926 2005 1029 2060 pro
1049 2003 1158 2061 qua
1181 1987 1430 2045 Christus
1460 1996 1709 2044 mortuus
1731 1996 1835 2044 est.
1863 1987 1921 2044 Si
1945 1996 2111 2058 caput

509 2091 728 2139 teneres
752 2122 769 2149 ,
798 2082 1118 2139 adverteres
1146 2095 1345 2153 corpus
1368 2097 1532 2137 omne
1554 2080 1987 2151 compaginando
2014 2094 2110 2150 po-

511 2177 619 2231 tius
649 2190 810 2246 quam
832 2174 1133 2239 solvendo,
1179 2176 1234 2230 in
1267 2174 1671 2230 incrementum
1701 2172 1795 2228 Dei
1829 2186 1925 2243 per
1943 2186 2112 2242 copu-

508 2266 616 2322 lam
657 2266 981 2335 charitatis,
1027 2276 1082 2323 et
1130 2266 1560 2338 redemptionem
1606 2279 1861 2322 crescere
1915 2278 2108 2334 pecca-

515 2359 671 2415 toris.

585 2453 675 2509 29.
703 2453 839 2510 Cum
871 2454 1034 2527 igitur
1062 2454 1294 2511 fructum
1335 2469 1555 2511 omnem
1584 2454 1812 2511 auiertis
1837 2453 2110 2526 pteniten-

510 2549 621 2617 tite,
652 2548 779 2620 quid
809 2548 956 2605 aliud
985 2547 1187 2616 dicitis,
1215 2550 1319 2605 nisi
1343 2548 1445 2605 hoc
1475 2567 1489 2605 :
1518 2548 1690 2605 Nemo
1717 2548 1785 2605 de
1814 2548 2113 2606 vulneratis

510 2649 755 2697 nostrum
803 2640 1144 2712 ingrediatur
1169 2642 1469 2713 hOSpitium
1506 2660 1519 2697 :
1579 2654 1738 2699 nemo
1782 2650 2005 2698 sanetur
2055 2640 2111 2697 in

512 2749 699 2795 nostra
740 2738 1031 2796 Ecclesia!
1072 2739 1232 2811 Apud
1280 2750 1381 2795 nos
1426 2757 1532 2795 non
1576 2748 1836 2795 curantur
1887 2739 2109 2810 mgroti:

511 2835 627 2889 sani
655 2846 846 2889 sumus
869 2874 885 2900 .
935 2833 1207 2891 medicum
1255 2848 1361 2890 non
1390 2833 1653 2890 habemus
1692 2831 2061 2889 necessarium
2092 2847 2109 2896 ;

512 2928 637 2997 quia
660 2927 777 2996 ipse
803 2928 920 2983 ait:
951 2927 1073 2983 Non
1099 2943 1228 3000 opus
1254 2937 1330 2982 est
1359 2928 1501 2984 sanis
1529 2926 1779 2994 medicus,
1806 2924 1895 2980 sed
1915 2924 1995 2980 his
2022 2924 2113 2994 qui

512 3018 650 3074 male
675 3017 861 3075 habent
894 3018 1104 3091 (Matth.
1139 3036 1214 3085 ιχ,
1240 3019 1357 3093 12).
1412 3080 1419 3088 ,

1131 3136 1363 3194 CAPUT
1391 3136 1506 3197 VII.

2212 1914 2343 1955 cens
2376 1919 2390 1955 :
2425 1899 2593 1972 £ger
2618 1919 2783 1969 erarat,
2813 1914 2861 1958 et
2886 1903 3131 1959 aisitastis
3161 1919 3242 1958 me
3267 1902 3484 1971 (Matth.
3518 1918 3642 1969 xxv,
3669 1905 3791 1975 56):

2210 1993 2540 2051 Novatianus
2580 1995 2733 2051 illum
2782 1997 3065 2052 minimum
3110 1997 3337 2054 visitare
3388 1998 3588 2063 nescit,
3618 2000 3670 2053 in
3697 2012 3795 2068 quo

2214 2097 2268 2142 tu
2297 2087 2577 2144 desideras
2604 2090 2831 2145 visitari.
2858 2090 2939 2146 Tu
2965 2090 3102 2147 dicis
3122 2090 3286 2148 Petro
3308 2091 3412 2164 (De
3442 2091 3656 2161 Perrin,
3678 2094 3796 2148 dist.

2211 2199 2253 2248 ι,
2283 2199 2330 2237 c.
2368 2181 2540 2239 Potest
2566 2185 2700 2253 ﬁeri,
2738 2184 2766 2258 §
2812 2183 2958 2240 Dicis
2991 2183 3174 2257 Petro)
3201 2189 3509 2254 excusanti,
3544 2203 3614 2244 ne
3638 2190 3685 2243 el
3714 2203 3800 2259 pe.

2212 2277 2310 2335 des
2338 2282 2549 2334 levares
2577 2296 2591 2333 :
2623 2278 2741 2334 Nisi
2771 2279 3061 2353 laserartibi
3092 2280 3251 2351 pedes
3273 2320 3289 2348 ,
3317 2292 3424 2334 non
3453 2280 3659 2336 habebis
3690 2296 3801 2348 per-

2213 2381 2312 2427 tem
2353 2388 2552 2427 mecum
2600 2371 2785 2447 (Joan.
2819 2389 2950 2440 xm,
2979 2373 3060 2445 8).
3091 2374 3244 2441 Quod
3274 2389 3406 2445 ergo
3447 2374 3536 2429 isti
3580 2383 3806 2445 possunt

2213 2466 2553 2522 consortium
2602 2476 2781 2523 tecum
2832 2466 3076 2534 habere,
3129 2468 3224 2538 qui
3272 2467 3459 2522 claves
3506 2468 3656 2538 regni
3699 2482 3805 2523 nou

2213 2559 2560 2630 suscipiunt,
2613 2569 2879 2630 negantes
2925 2559 3070 2632 quod
3127 2559 3403 2615 dimittere
3448 2570 3668 2630 peccata
3716 2559 3811 2617 de-

2215 2652 2414 2709 beant?
3309 2652 3317 2657 ’

2287 2748 2376 2805 55.
2417 2747 2572 2816 Quod
2618 2747 2839 2819 quidem
2887 2756 3039 2805 recte
3074 2747 3145 2804 de
3173 2762 3234 2803 se
3267 2746 3544 2815 fatentur;
3577 2762 3685 2803 non
3715 2748 3814 2803 ha-

2216 2842 2341 2897 bent
2370 2842 2514 2898 enim
2546 2842 2693 2898 Petri
2721 2841 3120 2906 bareditatem,
3145 2836 3173 2878 ά
3195 2839 3291 2912 qui
3313 2839 3461 2896 Petri
3486 2839 3672 2895 sedem
3699 2855 3811 2896 non
3852 2848 3879 2891 ι

2216 2934 2454 3001 habent,
2506 2950 2667 3005 quam
2717 2934 2884 3005 impia
2917 2943 2942 2971 ε
2981 2932 3253 2989 divisione
3300 2931 3618 3002 discerpunt
3655 2950 3667 2985 :
3710 2933 3811 2989 sed

2200 3027 2320 3085 hoc
2348 3026 2613 3098 improbe,
2642 3026 2785 3098 quod
2815 3028 2983 3083 etiam
3016 3026 3068 3082 in
3097 3024 3345 3081 Ecclesia
3368 3023 3561 3080 donari
3594 3036 3812 3095 peccata

2216 3132 2415 3194 negant
2443 3137 2624 3192 posse,
2646 3136 2769 3178 eum
2796 3121 2959 3178 Petro
2983 3119 3189 3176 dictum
3220 3118 3292 3174 sit
3311 3136 3327 3172 :
3349 3117 3468 3173 Tibi
3488 3117 3622 3173 dabo
3645 3118 3814 3173 claves

513 3226 772 3284 Christum
801 3239 857 3283 ut
882 3244 1057 3285 omnes
1095 3230 1163 3284 ad
1202 3246 1394 3286 caenam
1425 3244 1573 3285 suam
1596 3230 1770 3285 invitet
1791 3228 2069 3284 obtestatus
2092 3270 2107 3296 ,

2226 3221 2362 3290 regni
2389 3218 2659 3285 citatorum,
2686 3226 2735 3274 et
2763 3232 3097 3288 aureumque
3138 3215 3380 3288 ligaveris
3408 3220 3564 3284 super
3588 3224 3811 3279 terram,

591 3322 907 3379 Novatiovtos
953 3341 1045 3380 nec
1076 3323 1309 3395 ipsasad
1337 3341 1447 3380 eatu
1473 3324 1706 3395 ingredi,
1755 3338 1847 3378 nec
1888 3323 2006 3379 aliis
2032 3324 2114 3377 in-

585 3432 815 3487 gressum
837 3418 1127 3488 permittere
1145 3418 1450 3489 signiﬁcatj,
1496 3418 1633 3488 quod
1656 3415 1892 3472 Ecclesia
1936 3414 2115 3472 sanciri

589 3526 690 3565 non
713 3510 963 3564 imitatur.
994 3508 1194 3566 Deinde
1217 3511 1418 3566 eosdem
1440 3513 1705 3566 hereticos
1730 3524 1846 3566 cum
1865 3510 2070 3566 Christo
2094 3536 2109 3578 ε

586 3603 674 3673 qui
697 3617 871 3656 omnes
919 3604 1086 3658 salvos
1130 3605 1241 3672 fieri
1290 3604 1487 3674 cupiat,
1535 3614 1736 3675 partem
1779 3605 1965 3659 habere
2009 3616 2112 3658 non

588 3712 737 3767 posse
757 3695 972 3766 planum
998 3698 1140 3767 facit.

586 3812 678 3870 50.
709 3811 878 3886 [Alias
904 3829 1021 3885 cap.
1057 3812 1171 3886 VL]
1204 3812 1371 3884 Ergo,
1406 3813 1634 3869 Domine
1661 3814 1792 3871 Iesu
1824 3856 1836 3881 ,
1889 3813 1957 3870 ad
2011 3812 2112 3870 Ec-

514 3906 737 3963 clesium
771 3917 920 3963 tuam
945 3916 1091 3963 totus
1112 3907 1332 3975 adveni,
1370 3907 1625 3979 quoniam
1654 3908 1990 3965 Novatianus
2015 3924 2113 3964 ex-

512 4010 688 4056 cusat.
722 3999 1053 4057 Novatianus
1096 3994 1269 4057 dicit:
1312 3999 1457 4076 luga
1481 4002 1767 4075 bount_enti
1797 4003 1950 4078 (Luc.
1999 4020 2111 4070 xiv,

512 4093 604 4167 19)
628 4095 777 4166 {qui
806 4097 994 4167 jugum
1026 4096 1229 4152 Christi
1259 4112 1427 4155 suave
1464 4114 1569 4154 non
1601 4098 1860 4169 suscipit,
1891 4108 1949 4156 et
1972 4113 2112 4155 onus

516 4204 681 4260 grave
709 4190 854 4245 collo
890 4190 1124 4262 imponit
1149 4206 1250 4248 suo
1277 4232 1295 4261 ,
1329 4193 1474 4264 quod
1505 4204 1725 4264 portare
1763 4210 1872 4249 non
1924 4202 2108 4266 queat.

514 4282 845 4339 Novatianus
884 4300 1075 4341 servos
1108 4297 1230 4343 tuos
1258 4302 1287 4342 a
1316 4287 1515 4358 quibus
1542 4288 1891 4353 invitabatur.
1915 4290 2111 4355 lenuit,

514 4383 572 4431 et
593 4375 916 4432 contumelia
958 4376 1186 4433 affectos
1215 4365 1415 4435 occidit
1439 4378 1466 4418 ι’
1497 4396 1636 4451 quos
1676 4381 1853 4438 iterati
1910 4380 2112 4453 baptis-

515 4468 676 4523 matis
707 4469 826 4524 labe
850 4470 1171 4540 inquinavit.
1204 4470 1353 4530 Milte
1385 4488 1515 4547 ergo
1542 4475 1607 4530 ad
1641 4476 1818 4532 exitus
1849 4477 2059 4533 viarum
2093 4519 2107 4545 ,

513 4568 567 4618 et
596 4560 794 4633 collige
813 4561 989 4619 bonos
1009 4572 1064 4620 et
1096 4556 1266 4621 malos
1295 4564 1450 4637 (an,
1483 4582 1593 4633 xw,
1625 4566 1757 4636 21):
1791 4576 1844 4624 et
1874 4568 2106 4635 debiles,

512 4665 568 4710 ct
615 4670 791 4711 czecos
818 4696 834 4723 ,
881 4664 937 4712 et
983 4656 1206 4713 claudos
1236 4658 1487 4715 introduc
1513 4659 1567 4716 in
1603 4659 1902 4718 Ecclesiam
1938 4660 2102 4719 tuam.

511 4749 650 4807 Jube
681 4750 967 4822 impleatur
996 4752 1192 4810 domus
1222 4764 1308 4810 tua
1339 4772 1352 4809 :
1405 4754 1656 4813 introduc
1680 4766 1871 4815 omnes
1901 4760 1967 4815 ad
1996 4775 2108 4818 cte-

516 4862 639 4903 nam
674 4858 853 4918 tuam;
884 4850 1007 4921 quia
1036 4866 1196 4923 quem
1237 4861 1291 4908 tu
1326 4852 1626 4923 vocaveris,
1656 4850 1877 4927 dignum
1908 4856 2105 4927 facies,

585 4993 610 5021 ⁸
631 4984 725 5042 Sic
742 5000 936 5042 omnes
965 5001 1134 5052 mss.;
1161 4997 1215 5040 at
1235 4996 1429 5043 contra
1456 4990 1588 5045 edit.
1616 5006 1829 5057 omnes,
1860 4995 1992 5049 duos
2016 5012 2110 5049 nu—

512 5058 724 5133 meraait
768 5056 1051 5133 denarios:
1082 5058 1275 5133 eodem
1313 5074 1474 5115 sensu
1505 5079 1519 5127 ;
1557 5064 1736 5117 cuncti
1782 5056 1927 5120 enim
1960 5067 2110 5133 parvi

514 5130 908 5210 pretiinummi
939 5131 1068 5210 οΙᾸιιι
1103 5131 1229 5184 aerei
1259 5140 1436 5210 era-nt.
1456 5133 1603 5210 Hinc
1634 5135 1764 5210 dicti
1793 5130 2112 5210 ﬁlim-1&1“

513 5201 603 5268 qui
626 5201 821 5271 stipem
851 5202 920 5255 ab
951 5200 1071 5253 aliis
1110 5202 1492 5268 corrogabant.
1525 5205 1659 5260 llinc
1683 5200 1845 5262 etiain
1883 5210 1992 5264 duo
2021 5200 2111 5265 illa

511 5273 673 5345 λεπτά
702 5271 889 5345 (vidua:
931 5286 962 5345 ιι
990 5271 1212 5345 Christo
1255 5273 1485 5345 Domino
1515 5290 1627 5345 prae
1653 5278 1915 5334 divitibus
1941 5282 2111 5337 multo

514 5344 663 5410 plura
699 5343 750 5396 in
779 5343 1226 5412 gazophylacium
1256 5343 1673 5402 inmittentibus
1711 5352 2109 5407 commendata:

514 5414 747 5489 reddidit
775 5414 1290 5489 llicronytnus___dtto
1317 5429 1445 5489 tera.
1487 5417 1592 5472 Sed
1621 5419 1929 5489 huiusmodi
1960 5424 2112 5478 tom-

514 5487 717 5566 tionum
747 5484 927 5567 referti
960 5484 1086 5567 Sunt
1134 5484 1467 5567 libri..lnfra
1495 5484 1807 5567 autem_:pro
1849 5503 1905 5548 ut
1936 5488 2117 5567 'fttcids

514 5555 568 5607 in
600 5572 714 5635 eun}
746 5556 1270 5635 misericordiam,_lit
1298 5556 1353 5613 in
1384 5562 1596 5635 cunctis
1623 5555 1754 5635 edit.
1790 5572 1844 5619 et
1866 5555 2118 5635 pluribus

519 5640 654 5702 mss.
683 5626 908 5702 legitur,
940 5628 1034 5682 alii
1065 5628 1390 5698 praeferunt,
1417 5641 1472 5685 at
1502 5634 1715 5702 facilius
1741 5636 1792 5689 in
1820 5626 1932 5691 eum
1960 5646 2113 5694 ntise-

518 5699 795 5752 ricordiam
822 5698 1028 5755 habeas.

2217 3320 2363 3365 erant
2388 3310 2550 3381 ligata
2577 3309 2713 3363 etin
2754 3309 2882 3364 mia
2925 3324 2944 3363 :
2986 3317 3392 3379 utramcumque
3419 3306 3632 3362 solveris
3658 3322 3815 3376 super

2218 3414 2427 3471 terram,
2447 3414 2595 3458 erant
2622 3403 2794 3459 saluta
2821 3413 2870 3457 et
2897 3404 2951 3456 in
2969 3401 3114 3458 catis
3139 3399 3357 3471 (Matth.
3386 3416 3499 3465 svi,
3530 3400 3656 3471 i9);
3684 3412 3813 3455 cum

2216 3506 2272 3555 et
2305 3502 2419 3569 ipse
2446 3513 2539 3554 vas
2568 3497 2854 3555 electionis
2887 3496 3183 3552 Donlinicte
3223 3495 3372 3550 dicat
3401 3493 3507 3559 :.Si
3531 3494 3620 3548 cui
3641 3503 3817 3548 unum

2215 3592 2339 3663 quid
2361 3592 2614 3659 donastis,
2646 3602 2694 3647 et
2723 3607 2850 3663 ego;
2874 3606 2994 3645 nam
3015 3598 3064 3645 et
3092 3605 3184 3661 ego
3207 3588 3347 3657 quod
3367 3586 3578 3652 danai,
3604 3596 3817 3657 prapter

2217 3703 2304 3742 cos
2354 3689 2407 3742 in
2446 3702 2667 3759 persona
2703 3685 2894 3741 Christi
2938 3686 2958 3758 (
2980 3685 3023 3740 II
3069 3682 3194 3741 Cor.
3227 3698 3295 3751 ιι,
3330 3681 3396 3739 10
3417 3680 3457 3752 ).
3497 3679 3607 3737 Cur
3647 3682 3817 3750 igitur

2218 3779 2444 3835 Paulum
2484 3781 2705 3851 legunt,
2730 3780 2777 3836 si
2804 3794 2927 3834 cum
2956 3785 3066 3832 tam
3093 3775 3258 3848 impie
3284 3774 3690 3831 arbitrabantur
3714 3789 3811 3829 er-

2218 3887 2391 3940 rasse,
2424 3881 2483 3928 ut
2507 3871 2597 3943 jus
2624 3873 2727 3927 sibi
2756 3871 3065 3927 vindicaret
3102 3868 3321 3926 Dotnini
3346 3868 3470 3925 sui?
3498 3865 3605 3925 Sed
3635 3865 3817 3922 vindi-

2215 3967 2358 4021 cavit
2388 3976 2693 4036 acceptum,
2724 3980 2833 4021 nou
2862 3949 3142 4035 usurpavit
3167 3961 3487 4017 indebitum.

2804 4076 3034 4135 CAPUT
3077 4075 3207 4133 νιιι.

2216 4175 2425 4241 Quanta
2447 4172 2718 4246 discipulis
2744 4172 2854 4225 suis
2885 4168 3118 4225 Christus
3145 4167 3443 4224 contulerit.
3491 4165 3817 4222 Neratius»

2288 4270 2410 4340 dum
2442 4282 2627 4323 titanas
2654 4268 2926 4340 imponunt
2963 4280 3024 4319 ac
3049 4264 3361 4333 baptisntttm
3384 4262 3675 4332 conferant,
3701 4277 3738 4314 ο
3761 4277 3819 4315 se

2288 4364 2417 4437 ipsis
2453 4363 2728 4438 redargui;
2756 4358 2947 4432 quippe
2979 4358 3116 4429 quod
3145 4357 3323 4413 eadem
3352 4351 3659 4412 auctoritate
3684 4368 3815 4424 pec-

2284 4456 2401 4515 cata
2431 4459 2756 4514 remittantur
2784 4457 2838 4511 in
2872 4453 3172 4525 pa'nitentia
3213 4460 3362 4523 atque
3388 4451 3444 4505 in
3484 4448 3813 4522 baptimate.

2289 4553 2370 4609 Ad
2391 4562 2670 4608 extremam
2691 4562 2868 4606 eorum
2894 4558 3063 4603 tumor
3106 4547 3331 4602 tttaxinte
3352 4541 3622 4600 Derisinico
3639 4555 3818 4596 esens-

2289 4648 2377 4721 plo
2407 4649 2707 4719 castigatur.

2287 4762 2379 4820 54.
2422 4762 2602 4839 [Alias
2654 4776 2770 4834 cap.
2822 4750 2980 4830 νη]
3037 4748 3159 4813 Vult
3206 4752 3466 4811 Dominus
3515 4750 3815 4824 plurimum

2217 4874 2377 4931 posse
2406 4845 2700 4929 discipulos
2729 4866 2886 4920 suos,
2915 4854 3030 4909 Vult
3052 4862 3083 4907 a
3112 4850 3342 4907 servulis
3376 4844 3491 4905 suis
3517 4862 3579 4903 ea
3611 4842 3729 4901 ﬁeri
3760 4846 3816 4900 in

2216 4994 2566 5052 Novatianis:
2600 4992 2696 5050 sed
2723 5006 2916 5049 eorum
2946 4991 3272 5063 baptismum
3319 4987 3555 5044 vicissim
3603 4987 3817 5057 impro-

2217 5067 2367 5122 bavit
2396 5067 2535 5122 idem
2564 5064 2870 5138 Cyprianus
2899 5061 3062 5138 epist.
3096 5062 3185 5138 76.
3212 5061 3384 5138 Immo
3425 5075 3553 5138 vero
3598 5068 3819 5138 constat

2216 5151 2465 5194 sanetum
2488 5132 3110 5206 ctiam—Basilium‘epist.
3138 5136 3187 5198 1.
3220 5133 3285 5188 ad
3316 5132 3582 5203 Amphil.,
3604 5147 3727 5185 can.
3760 5133 3816 5199 1,

2215 5220 2269 5265 et
2294 5211 2454 5281 epist,
2489 5210 2553 5275 5,
2608 5225 2730 5265 can.
2762 5206 2855 5274 Π,
2880 5208 2946 5263 de
2969 5208 3065 5262 illo
3092 5206 3415 5281 dubitasse;
3457 5216 3587 5281 gum
3630 5211 3819 5281 tamen

2218 5270 2375 5337 conc.
2411 5270 2612 5336 Nicaioi
2640 5294 2766 5336 can.
2789 5281 2823 5336 8
2845 5270 2903 5334 rt
2923 5281 3153 5334 aliorum
3187 5275 3432 5332 omnium
3453 5270 3671 5330 Patrum
3694 5276 3816 5330 eai-

2220 5354 2361 5410 cu|i~
2386 5353 2547 5409 fuerit
2572 5353 2928 5423 approbatns.

2299 5434 2320 5463 ο
2356 5426 2428 5479 ita
2462 5434 2566 5479 ret.
2596 5418 2726 5481 edit.
2757 5434 2961 5479 ctmss.
3002 5423 3266 5493 plerique.
3301 5420 3406 5476 nisi
3439 5418 3585 5493 quod
3614 5420 3670 5476 in
3697 5421 3822 5489 ηυξ.

2224 5495 2448 5552 busdam
2481 5497 2829 5566 praemittitur
2848 5510 2900 5550 se
2922 5502 3048 5549 ante
3065 5492 3386 5549 Nepotianus
3408 5508 3427 5547 :
3454 5492 3610 5566 Boni.
3637 5500 3821 5566 autem

2223 5570 2356 5624 edit.
2388 5563 2515 5623 cum
2552 5569 2739 5639 paucis
2770 5583 2899 5639 mss.
2929 5609 2943 5631 ,
2972 5564 3120 5635 ‘Quos
3149 5580 3249 5620 non
3280 5575 3497 5621 excusat
3526 5563 3763 5619 Ecclesia
3790 5581 3825 5618 a

2226 5656 2373 5695 cwna
2406 5652 2516 5703 tua,
2546 5636 2775 5694 excusat.
2812 5636 3158 5694 Horatianus.

2297 5710 2323 5750 ά
2365 5710 2569 5768 Omnes
2600 5712 2729 5767 edit.
2765 5728 2827 5767 ac
2856 5720 2990 5767 mss.
3033 5709 3300 5773 nonnulli,
3329 5708 3416 5780 qui
3446 5706 3591 5763 Petri
3618 5705 3779 5777 ﬁdem
3805 5723 3823 5771 ς

599 5767 961 5856 Ppyprjanug
986 5774 1147 5856 epist.
1198 5777 1297 5856 75.
1334 5778 1603 5856 Eusebius
1641 5777 1779 5856 Iiist.
1837 5779 1982 5856 Eccl.
2009 5823 2027 5856 _,
2069 5792 2124 5838 et
2225 5783 2317 5840 alii
2345 5767 2722 5856 nniltoplnres
2750 5785 3125 5856 patioresque,
3158 5783 3244 5856 qui
3274 5767 3420 5837 Petri
3446 5767 3639 5835 sedent:

515 5841 608 5919 alii
640 5840 901 5922 eamdem
934 5840 1078 5931 hanc
1103 5840 1445 5924 baptismatis
1470 5852 1814 5947 iterationem
1858 5840 2126 5935 objiciunt

2303 5864 2327 5899 '
2364 5855 2623 5924 Nonnulli
2652 5855 2811 5927 mss,
2843 5855 3160 5950 dispersione
3176 5855 3493 5945 dispergant.
