4042 6294
216 315 327 370 477

1410 306 1499 364 DE
1541 303 1993 364 MNI’I‘BNTIA
2034 301 2162 359 LIB.
2207 299 2253 357 I.

3420 290 3527 349 478

220 432 450 488 nomine
500 438 640 497 suo,
686 440 807 501 qua:
863 430 1095 488 faciebat
1144 428 1261 499 ipse
1306 427 1516 500 positus
1559 427 1612 480 In
1664 422 1821 479 terris
1850 431 1903 489 Α
1930 419 2160 476 mundus
2204 429 2384 477 esseSt
2435 415 2537 471 hoc
2579 413 2699 468 solo
2747 411 2917 468 verbo
2961 410 3121 467 lieres
3167 407 3526 466 immundus?

221 524 412 597 (locis.
444 540 534 581 stv
559 564 575 589 ,
610 524 723 596 η).
762 522 1003 594 Denique
1030 521 1108 577 ait
1135 539 1148 576 :
1177 520 1244 576 Et
1273 520 1481 593 majora
1514 516 1595 570 Itis
1622 514 1822 587 [aciem

222 618 447 692 (Matth.
482 634 540 683 ι,
571 615 648 689 8).
682 615 836 671 Dedit
865 625 922 671 ut
948 622 1193 670 mortuos
1216 613 1568 668 suscitarent.
1601 607 1668 662 Et
1694 621 1819 662 cum

223 715 345 784 ipse
372 712 542 769 Saulo
570 710 803 767 reddere
830 715 1011 780 posset
1038 722 1191 763 usum
1218 703 1460 771 videndi,
1481 718 1606 758 eum
1640 713 1820 757 tamen

220 808 292 864 ad
342 808 609 864 Ananiam
655 804 981 875 discipulum
1027 817 1183 858 suum
1212 799 1391 866 misit;
1418 808 1480 854 ut
1507 797 1627 867 ejus
1655 796 1822 852 bette-

219 901 466 958 dictione
510 898 679 956 Saulo
716 895 1136 953 rel'undcrcntur
1162 892 1338 959 oculi,
1382 905 1520 961 quos
1562 888 1822 944 amiserat

219 997 382 1070 (Act.
412 1011 488 1060 ts,
522 994 611 1065 7).
646 993 866 1049 Petrum
915 1004 1133 1061 quoque
1178 1002 1368 1043 secum
1401 987 1453 1041 in
1485 984 1622 1040 mari
1659 981 1822 1054 jussit

216 1091 505 1148 ambulare
528 1130 543 1155 ,
570 1097 630 1144 et
666 1088 792 1159 quia
840 1085 1125 1150 titubavit,
1155 1080 1510 1153 reprehendit
1551 1079 1721 1143 illico,
1751 1093 1821 1134 eo

217 1187 367 1259 quod
391 1194 421 1222 ⁸
437 1183 570 1240 doni
589 1182 817 1254 gratiam
841 1179 963 1236 ﬁdei
982 1178 1218 1252 pusillitzt
1228 1187 1279 1233 te
1292 1176 1575 1232 minuisset
1596 1172 1816 1244 (Matth.

219 1294 335 1346 κεν,
364 1277 483 1345 29).
516 1275 674 1332 Dedit
700 1275 866 1330 etiam
896 1270 1180 1343 discipulis
1212 1279 1267 1325 ut
1295 1270 1385 1325 lux
1417 1266 1605 1325 mundi
1634 1276 1821 1323 essent

219 1386 319 1446 per
346 1370 576 1444 gratiam
602 1367 821 1440 (Matth.
851 1383 908 1434 v,
930 1364 1045 1438 14),
1073 1366 1163 1436 qui
1191 1364 1311 1421 erat
1339 1365 1456 1435 ipse
1485 1363 1576 1419 lux
1604 1361 1815 1419 mundi.

218 1448 287 1522 Et
328 1466 456 1538 quia
491 1465 856 1522 descensurus
898 1471 1046 1518 esset
1070 1476 1102 1517 e
1124 1461 1297 1527 celo;
1331 1469 1388 1517 et
1419 1460 1473 1514 in
1500 1458 1699 1516 etclam
1730 1468 1820 1514 as-

216 1575 520 1623 censurus,
556 1558 728 1613 Eliam
755 1555 823 1612 ad
862 1555 1059 1612 etclam
1090 1554 1294 1611 levavit
1324 1552 1415 1625 (IV
1447 1552 1576 1625 Reg.
1612 1567 1672 1615 ιι.
1704 1551 1815 1625 ll),

214 1653 351 1709 inde
376 1667 501 1707 eum
533 1650 587 1706 in
617 1650 779 1704 terris
817 1647 1148 1719 complacita
1190 1646 1503 1703 redditurus
1544 1655 1813 1716 tempore.

215 1746 598 1817 Baptizaturos
624 1756 838 1814 quoque
862 1741 912 1796 in
941 1741 1146 1811 Spiritu
1168 1750 1360 1796 sancto
1382 1749 1437 1795 et
1456 1738 1811 1810 igncwattlt.

1926 512 2118 570 Esaias
2144 510 2275 568 dicit
2306 528 2320 564 :
2355 508 2400 565 0
2425 510 2582 563 miser
2607 524 2726 581 ego,
2753 516 2801 562 st
2823 515 3164 577 compunctus
3193 504 3381 567 corde;
3405 504 3527 569 quia

1923 624 2040 663 cum
2075 607 2173 662 sim
2213 606 2388 672 homo,
2427 613 2474 659 et
2500 601 2766 657 immunda
2808 600 2945 657 (tibia
2985 598 3223 664 habeam,
3252 600 3307 652 in
3352 597 3526 654 medio

1922 716 2121 774 quoque
2148 701 2327 775 populi
2356 699 2625 755 immunda
2651 697 2791 753 labia
2832 695 3067 752 habeatis
3097 693 3323 750 habitem
3345 692 3519 766 (Esai.

1924 808 1996 864 Vt,
2030 795 2099 869 ὅ)
2124 797 2138 853 ι
2164 805 2220 852 et
2246 804 2301 850 tu
2327 793 2487 860 dicis,
2517 791 2752 848 mundus
2797 806 2943 856 sum,
2976 804 3099 845 cum
3147 787 3383 845 mundus
3415 802 3524 843 non

1924 890 2015 954 sit.
2046 898 2105 944 ut
2130 887 2396 958 scriptum
2425 894 2530 951 est,
2565 898 2666 940 nec
2696 884 2856 939 unius
2885 881 2995 938 diei
3027 880 3209 937 infans
3234 877 3381 952 (Job.
3412 895 3522 944 xlv,

1921 979 2020 1053 ηερ
2052 979 2221 1036 David
2264 978 2399 1035 dicit
2430 995 2444 1030 :
2481 976 2546 1033 Et
2576 995 2608 1032 a
2636 976 2826 1032 delicto
2868 991 2979 1031 meo
3018 977 3210 1030 munda
3237 989 3318 1028 me
3341 971 3518 1044 (Psal.

1924 1090 1978 1142 1.,
2006 1072 2090 1145 4),
2123 1087 2285 1144 quem
2325 1071 2510 1143 utique
2550 1068 2963 1126 misericordem
2994 1082 3143 1136 saepe
3176 1064 3388 1121 Domini
3441 1067 3527 1135 iu-

1921 1167 2180 1225 stilicavit
2206 1167 2379 1236 gratia
2415 1184 2429 1220 :
2462 1174 2516 1221 tu
2550 1164 2819 1230 mundus,
2852 1178 2975 1219 cum
3021 1172 3129 1217 tam
3161 1160 3399 1230 iniustus
3427 1159 3527 1228 sis,

1925 1271 1982 1317 ut
2020 1277 2130 1319 non
2176 1258 2525 1323 miserearis;
2575 1267 2633 1312 ut
2664 1256 2928 1311 festucam
2959 1254 3011 1308 in
3044 1253 3204 1309 oculo
3234 1250 3418 1307 fratris
3449 1251 3525 1308 tui

1924 1356 2131 1420 videas,
2166 1354 2375 1409 trabem
2418 1359 2601 1407 autem
2649 1364 2775 1419 qua:
2825 1349 2879 1403 in
2923 1345 3083 1403 oculo
3126 1356 3219 1403 tuo
3261 1353 3366 1412 est,
3410 1359 3519 1400 non

1921 1449 2241 1507 consideres
2274 1445 2488 1518 (Matth.
2541 1460 2635 1509 \u,
2680 1441 2778 1513 ‘5)?
2828 1440 3143 1497 lmmumlus
3184 1439 3330 1496 enim
3377 1437 3522 1509 apud

1921 1546 2090 1603 Deum
2139 1542 2319 1599 omnis
2365 1540 2607 1612 iniquus.
2655 1536 2794 1606 Qttid
2825 1545 3007 1594 autem
3039 1534 3326 1606 iniustius,
3358 1547 3522 1605 quam

1922 1653 1980 1699 ut
2008 1642 2146 1698 velis
2186 1640 2283 1697 tibi
2331 1637 2533 1695 dimitti
2573 1643 2795 1707 peccata
2829 1641 2957 1699 tua,
2984 1645 3109 1687 cum
3156 1628 3373 1699 roganti
3406 1628 3524 1698 ipse

1921 1754 2029 1793 non
2065 1746 2219 1805 putes
2250 1730 2620 1789 remittenda?
2663 1726 2804 1798 Quid
2854 1724 3136 1796 iniustius,
3166 1738 3327 1795 quam
3370 1731 3427 1777 ut
3468 1730 3522 1777 te

213 1854 298 1905 ιιι,
334 1836 425 1908 ll)
464 1834 631 1908 ιω
672 1850 768 1906 per
794 1833 1061 1890 Joannem
1106 1831 1450 1904 baptismatis
1477 1842 1817 1889 sacrauienta
1848 1835 1896 1896 B
1919 1833 2211 1906 iustilices,
2260 1830 2314 1885 in
2358 1843 2468 1899 quo
2510 1825 2741 1882 damnas
2783 1822 3057 1887 alterum;
3109 1835 3234 1875 cum
3275 1818 3523 1889 graviora

208 1930 499 2005 prmmisit.

285 2026 378 2081 55.
418 2024 610 2080 Omnia
652 2023 890 2094 denique
938 2022 1163 2078 donavit
1211 2023 1499 2096 discipulis
1547 2024 1695 2089 suis,
1747 2022 1815 2078 de

207 2122 412 2194 quibus
438 2120 515 2176 ait
544 2139 558 2176 :
594 2116 658 2174 In
685 2104 888 2174 nomine
918 2134 1029 2174 meo
1061 2118 1314 2175 dwmouia
1344 2116 1547 2193 ejicient
1574 2161 1588 2186 ,
1619 2117 1815 2190 linguis

207 2217 488 2286 loquentur
533 2211 707 2279 nouis,
758 2221 1022 2283 serpentes
1069 2211 1282 2277 tollent;
1313 2220 1360 2264 ct
1407 2209 1452 2265 si
1490 2209 1811 2281 mortiferum

208 2305 342 2377 quid
380 2302 616 2373 biberint,
659 2321 760 2360 non
807 2304 879 2359 eis
924 2302 1121 2359 nocebit
1155 2320 1175 2359 :
1202 2319 1359 2376 supra
1404 2319 1572 2377 wgros
1624 2318 1810 2358 manus

207 2401 496 2470 imponent,
528 2404 575 2451 et
605 2394 727 2451 bene
768 2390 1022 2451 habebunt
1054 2392 1243 2470 (Marc.
1278 2411 1386 2461 ιν»,
1416 2390 1503 2462 i7,
1540 2388 1652 2464 l8).
1681 2391 1809 2448 Om-

208 2494 300 2548 nia
329 2506 467 2562 ergo
494 2492 663 2557 dedit,
684 2489 777 2545 sed
803 2490 949 2544 nulla
982 2480 1033 2543 i'n
1063 2484 1146 2543 liis
1172 2472 1404 2546 itomiuis
1432 2499 1671 2561 pwteslas
1702 2497 1807 2553 est,

208 2585 307 2641 ubi
342 2585 517 2641 divini
547 2585 789 2641 muneris
815 2585 987 2656 gratia
1014 2585 1176 2656 viget.

285 2679 377 2738 56.
419 2678 530 2767 Cur
557 2694 686 2752 ergo
719 2694 911 2735 manus
940 2678 1217 2749 imponitis
1236 2719 1252 2747 ,
1279 2674 1309 2715 ι’
1338 2688 1393 2734 et
1421 2668 1811 2733 benedictionis

206 2790 359 2847 opus
386 2772 609 2830 creditis
631 2815 646 2840 ,
676 2774 721 2829 si
752 2775 874 2846 quis
901 2772 1042 2831 forte
1074 2773 1367 2830 revaluerit
1397 2772 1673 2846 :rgrotus'i
1701 2770 1812 2829 Cur

209 2868 552 2938 praesumitis
614 2867 827 2939 aliquos
870 2882 901 2922 a
948 2866 1256 2924 colluvione
1309 2866 1512 2922 diaboli
1568 2881 1665 2939 per
1713 2881 1812 2922 vos

205 2960 464 3018 mundari
492 2961 685 3032 posse?
711 2960 821 3016 Cur
848 2961 1161 3033 baptizatis,
1184 2962 1231 3017 si
1260 2975 1355 3032 per
1375 2960 1652 3018 hominem
1682 2974 1813 3031 pce.

203 3068 330 3116 cata
361 3055 563 3113 dimitti
606 3070 710 3112 non
762 3055 920 3113 licet?
950 3056 1008 3113 lu
1036 3056 1303 3127 baptismo
1333 3054 1518 3126 utique
1558 3054 1810 3110 remissio

206 3159 564 3221 peccatorqu
612 3149 852 3206 omnium
898 3155 982 3205 est
1010 3168 1023 3203 :
1052 3148 1179 3220 quid
1214 3149 1469 3215 interest,
1503 3156 1683 3204 utrutn
1715 3163 1810 3218 per

1920 1926 2233 1984 committas
2252 1923 2275 1977 τ
3376 1960 3383 1966 ,

1991 2020 2082 2077 59.
2126 2018 2366 2086 Denique
2416 2011 2796 2070 remissionem
2842 2009 3219 2065 celebraturus
3268 2012 3523 2075 peccato-

1920 2130 2039 2170 rum
2073 2122 2385 2170 nostrorum
2428 2106 2687 2162 Dominus
2728 2103 2888 2160 Jesus
2914 2100 3119 2157 dicenti
3152 2097 3253 2152 sibi
3281 2094 3519 2152 Joanni:

1917 2208 2034 2283 Ego
2058 2225 2092 2262 a
2119 2216 2167 2261 te
2195 2204 2350 2260 debeo
2376 2202 2634 2271 baptisart'
2657 2232 2672 2262 ο
2714 2208 2762 2253 et
2784 2206 2837 2250 tu
2867 2195 3009 2251 venis
3036 2193 3106 2248 ad
3134 2192 3255 2246 me!
3282 2203 3515 2259 respon-

1917 2304 2039 2358 dit:
2075 2299 2205 2357 Sitte
2228 2296 2420 2362 modo;
2451 2293 2525 2349 sic
2566 2291 2703 2347 enim
2747 2289 2896 2344 decet
2942 2302 3035 2340 nos
3080 2283 3291 2355 implere
3316 2295 3515 2336 omnem

1906 2396 2172 2469 justitiam
2214 2390 2431 2463 (Matth.
2463 2403 2541 2449 ut.
2577 2384 2682 2452 M,
2711 2382 2821 2452 lli).
2870 2382 2932 2437 Et
2988 2379 3249 2435 Dominus
3296 2374 3515 2469 quidem

1917 2491 2065 2545 venit
2090 2486 2159 2543 ad
2189 2494 2563 2557 peccatorcm,
2593 2492 2716 2535 cum
2750 2482 3028 2547 peccatum
3057 2473 3175 2541 ipse
3206 2484 3312 2524 non
3345 2466 3512 2522 liabe-

1916 2592 2034 2649 ret;
2066 2589 2120 2637 et
2156 2577 2423 2650 baptizari
2452 2574 2644 2640 voluit,
2694 2571 2781 2628 cui
2833 2567 3089 2624 mundari
3133 2577 3362 2621 necesse
3406 2574 3516 2617 non

1914 2686 2035 2733 erat
2063 2692 2078 2728 :
2112 2689 2208 2731 vos
2233 2673 2354 2742 quis
2376 2671 2538 2738 ferat,
2563 2666 2656 2739 qui
2687 2666 2887 2737 putatis
2913 2661 3069 2718 vobis
3094 2673 3233 2729 opus
3257 2662 3364 2713 non
3392 2666 3516 2709 esse

1917 2766 2167 2825 mundari
2216 2781 2311 2836 per
2360 2762 2773 2835 pmnitentiam;
2824 2756 2987 2830 θοι
3047 2752 3170 2824 quia
3227 2748 3518 2805 mundatos

1916 2878 2013 2920 vos
2039 2876 2162 2918 esse
2183 2859 2365 2915 dicitis
2392 2872 2487 2928 per
2511 2855 2770 2927 gratiam,
2790 2850 2941 2923 quasi
2968 2849 3081 2920 iam
3108 2858 3337 2918 peccare
3360 2839 3517 2895 vobis

1916 2956 2257 3030 impossibile
2286 2954 2397 3012 sit?

2543 3044 2773 3105 CAPUT
2813 3025 2935 3099 tX.’

1917 3170 2209 3242 Scriptura:
2238 3160 2431 3232 verbis,
2462 3154 2732 3221 Stantem
2784 3160 2836 3214 in
2887 3155 3178 3213 Dominum
3211 3149 3517 3242 peccaverit

208 3243 594 3314 pmnitentiam
614 3283 629 3308 ,
660 3256 728 3296 an
760 3256 855 3313 per
884 3242 1156 3298 lavacrum
1205 3242 1310 3296 boc
1347 3242 1438 3310 ius
1475 3241 1577 3297 sibi
1622 3241 1807 3297 datum
1836 3237 1881 3302 Ο
1987 3237 2172 3328 Μηισί
2202 3256 2326 3330 ηυδε
2356 3256 2532 3312 om,“
2553 3268 2652 3327 pro
2679 3252 2781 3309 eo?
2803 3249 3081 3305 collatione
3105 3243 3356 3299 similium
3377 3241 3519 3295 loco-

204 3336 530 3394 sacerdotcs
556 3336 872 3393 vindicent?
903 3348 924 3375 ε
951 3334 1128 3394 Unum
1157 3337 1212 3392 in
1238 3344 1466 3406 utroque
1493 3336 1808 3409 mysterium

206 3441 320 3489 est.

279 3526 373 3582 57.
415 3525 523 3582 Sed
536 3524 672 3583 dicis
685 3526 806 3597 quia
831 3526 884 3581 in
908 3525 1126 3581 lavacro
1144 3533 1403 3594 operatur
1424 3524 1808 3595 mysteriorum

199 3619 403 3691 gratia.
436 3617 576 3688 Quid
605 3620 657 3675 in
686 3618 1052 3691 paenitentia?
1082 3618 1273 3676 Nonne
1303 3619 1394 3675 Dei
1433 3634 1633 3676 nomen
1678 3633 1809 3690 ope-

202 3710 398 3766 ratur?
426 3710 563 3779 Quid
596 3711 760 3781 ergo't
803 3710 901 3767 Ubi
943 3710 1105 3766 vultis
1130 3753 1145 3780 ,
1180 3711 1469 3767 vindicatis
1514 3711 1668 3767 vobis
1711 3712 1808 3769 Dei

201 3807 438 3876 gratiast
470 3822 484 3858 :
520 3805 607 3860 ubi
654 3804 815 3861 vultis
841 3846 856 3873 ,
888 3805 1221 3877 repudiatis?
1257 3805 1362 3861 Sed
1395 3805 1495 3861 boc
1523 3805 1809 3863 insolentis

199 3898 562 3968 arrogantiae,
591 3914 700 3954 non
731 3897 905 3953 sancti
938 3897 1147 3954 timoris
1179 3907 1291 3964 est;
1326 3908 1382 3953 ut
1409 3898 1627 3954 fastidio
1655 3898 1810 3954 vobis

199 3993 340 4056 sint,
371 3992 467 4064 qui
498 3992 690 4049 volunt
719 3989 747 4030 ἀ
774 4008 935 4065 agere
963 3993 1361 4064 pteniteutiam.
1402 3994 1620 4066 Perpeti
1654 3994 1803 4052 vide-

200 4085 339 4140 licet
384 4085 631 4141 llentium
681 4087 949 4159 lacrymas
1001 4103 1108 4143 non
1156 4089 1402 4159 potestis.
1463 4088 1581 4144 Non
1628 4089 1809 4145 lerunt

199 4179 352 4237 oculi
398 4180 566 4235 vestri
599 4179 725 4236 vilia
756 4181 1204 4237 vestimentorum
1225 4218 1241 4250 ,
1291 4181 1528 4237 illuviem
1560 4182 1802 4239 sordida-

202 4284 389 4328 torum
408 4313 424 4339 ,
462 4272 701 4341 superbo
728 4272 889 4328 oculo
919 4282 974 4328 et
1004 4271 1212 4329 tumido
1237 4272 1403 4330 corde
1429 4273 1651 4331 delicati
1677 4274 1805 4342 mei,

198 4365 514 4436 indignanti
543 4379 674 4421 voce
702 4364 947 4423 dicentes
972 4364 1171 4438 singuli
1196 4384 1209 4421 :
1242 4366 1422 4424 Nolite
1450 4383 1536 4425 me
1560 4376 1803 4441 tangere,

196 4460 331 4532 quia
364 4460 596 4516 mundus
625 4477 766 4516 sum.

274 4551 370 4609 58.
414 4551 558 4607 Dicit
585 4551 803 4624 quidem
848 4548 1109 4610 Dominus
1152 4540 1221 4610 ad
1270 4550 1494 4611 Mariam
1536 4540 1806 4627 Magdale—

1983 3362 2101 3410 runt
2128 3351 2414 3408 ostenditur
2442 3362 2546 3404 non
2582 3344 2868 3417 signiﬁcari
2902 3341 3159 3395 tientinem
3187 3343 3513 3405 rogaturum,

1985 3449 2074 3505 sed
2103 3448 2319 3519 dignum
2346 3445 2729 3515 deprecatorem
2762 3436 3129 3509 inquirendum
3156 3444 3268 3485 esse
3289 3468 3305 3494 ,
3339 3428 3519 3494 quales

1985 3548 2197 3616 fueram
2239 3539 2446 3611 Moyses
2490 3552 2550 3591 ac
2594 3533 2874 3599 Jeremias,
2901 3543 3117 3598 quorum
3152 3522 3385 3599 precibus
3428 3536 3520 3590 po-

1980 3641 2105 3711 pulo
2136 3635 2427 3693 lsraelitico
2453 3630 2745 3704 pepercisse
2774 3625 2911 3681 Deus
2937 3622 3144 3697 tegitur.

1983 3805 2071 3862 40.
2106 3801 2275 3876 (Alias
2304 3815 2421 3867 cap.
2457 3793 2617 3867 Vlll.]
2647 3791 2753 3850 Sed
2797 3789 2979 3846 dicitis
3011 3806 3023 3842 :
3078 3784 3351 3855 Scriptum
3384 3790 3467 3836 est
3495 3798 3509 3876 ς

1913 3899 1975 3955 Si
2014 3874 2296 3968 peccaverit
2337 3892 2490 3946 homo
2540 3889 2591 3941 in
2636 3885 2931 3950 hominem,
2977 3879 3198 3935 orabtmt
3226 3893 3319 3950 pro
3350 3892 3406 3929 eo
3439 3874 3509 3927 ad

1909 3990 2191 4048 Dominum
2226 4004 2244 4043 :
2288 3986 2334 4040 si
2378 3994 2547 4039 autem
2586 3982 2639 4035 in
2679 3978 2960 4033 Dominum
3008 3971 3287 4047 peccaverit
3326 3969 3514 4033 homo,

1907 4084 2022 4156 quis
2044 4081 2210 4137 orabit
2238 4094 2330 4150 pro
2357 4094 2414 4132 eo
2446 4074 2493 4147 (l
2521 4072 2649 4145 Reg.
2682 4086 2718 4125 ll
2739 4111 2756 4137 ,
2788 4067 2926 4141 25)?
2957 4066 3222 4130 Primum,
3253 4071 3312 4116 ut
3351 4075 3514 4128 supra

1903 4155 2016 4250 iam
2062 4177 2212 4242 dixi,
2260 4182 2392 4230 tunc
2439 4182 2491 4227 te
2538 4171 2637 4224 ista
2688 4177 2903 4237 paterer
2950 4161 3232 4232 obiicere,
3288 4155 3331 4211 si
3379 4156 3515 4210 solis

1911 4282 1935 4311 θ
1952 4268 2431 4343 prmvaricantibus
2452 4260 2769 4331 nonjrclaxa
2779 4273 2864 4314 res
2880 4254 3287 4327 paenitentiam.
3308 4250 3514 4305 Tamen

1908 4341 2037 4437 quid
2064 4360 2311 4434 scrupuli
2358 4359 2456 4413 ista
2488 4353 2665 4427 {affert
2712 4348 2983 4422 qua-stic?
3026 4346 3143 4401 Non
3182 4343 3327 4399 enim
3371 4341 3509 4396 scri-

1909 4432 2059 4531 ptum
2084 4465 2169 4512 est
2192 4432 2418 4511 iNullus
2438 4448 2612 4507 orabit
2639 4462 2737 4517 pro
2764 4458 2830 4499 eo
2858 4460 2871 4497 :
2896 4439 3018 4503 sed.
3041 4437 3170 4505 Quis
3197 4433 3381 4500 orabit,
3410 4432 3515 4487 hoc

1907 4526 2016 4617 est,
2044 4549 2165 4620 quis
2197 4532 2288 4603 ille
2314 4546 2406 4613 sit,
2434 4542 2524 4614 qui
2554 4541 2606 4596 in
2636 4537 2732 4593 tali
2764 4550 2928 4593 causa
2952 4547 3111 4588 orare
3140 4526 3337 4599 possit,
3367 4542 3516 4599 qua--

197 4663 331 4702 nam
378 4665 392 4700 :
438 4643 566 4701 Noti
605 4664 683 4702 me
726 4656 934 4720 tangere
984 4648 1165 4722 (Joan.
1212 4664 1326 4716 3.x,
1356 4650 1485 4723 ﬂ);
1544 4652 1639 4707 sed
1696 4660 1803 4707 non
1830 4635 1883 4696 D
1910 4646 2071 4712 ritur,
2100 4654 2207 4698 non
2234 4638 2559 4697 excluditur.

195 4741 366 4808 dixit,
399 4740 526 4810 quia
551 4739 782 4825 mundus
805 4756 947 4809 sum,
971 4744 1060 4815 qui
1089 4742 1318 4801 mundus
1345 4751 1466 4800 erat
1493 4761 1506 4798 :
1532 4753 1589 4799 tu
1613 4743 1801 4813 audes,

192 4832 508 4891 Novatiane
534 4876 550 4902 ,
598 4834 862 4891 mundum
912 4844 965 4892 te
1002 4835 1188 4894 dicere
1212 4877 1228 4905 ,
1271 4835 1362 4909 qui
1401 4835 1505 4893 etsi
1548 4837 1809 4907 operibus

275 5006 300 5033 ³
344 4994 493 5051 Etlit.
542 5009 731 5051 omnes
752 5038 765 5061 ,
796 4997 935 5052 dona
983 4999 1306 5068 gratiarum:
1339 4998 1493 5067 pauci
1523 5011 1678 5065 mss.,
1711 4998 1806 5051 do-

197 5084 331 5123 num
368 5069 589 5137 gratia;
613 5068 829 5140 reliqui,
849 5069 972 5123 doni
995 5071 1235 5138 gratiam.
1274 5070 1491 5140 Optime
1514 5086 1529 5136 ;
1564 5084 1687 5125 nam
1717 5071 1803 5125 Itic

198 5148 421 5195 tantum
453 5141 632 5209 agitur
660 5138 745 5194 de
769 5141 940 5210 graiia
970 5156 1064 5195 seu
1096 5140 1280 5197 favore
1324 5138 1451 5197 doni
1504 5142 1649 5197 illius
1691 5156 1800 5211 quo

190 5211 368 5267 Petro
413 5226 582 5280 super
620 5225 788 5282 aquas
824 5213 1049 5281 pedibus
1080 5213 1334 5269 incedere
1373 5214 1793 5270 concedebatur.

192 5282 402 5339 lterum
421 5290 627 5354 autem,
651 5284 741 5339 ubi
760 5294 863 5339 vet.
893 5286 1023 5340 edit.
1048 5293 1103 5340 et
1122 5285 1307 5340 cuncti
1326 5301 1461 5340 mss.
1483 5288 1575 5341 tua:
1593 5285 1794 5354 mutasti,

193 5354 372 5426 Item:
395 5353 529 5409 edit.
565 5356 678 5409 sola
706 5355 1000 5424 adiecerat,
1036 5372 1125 5426 per
1153 5368 1414 5412 naturam.

268 5424 723 5500 bgBenedictionis
747 5444 907 5500 aptis,
943 5424 1048 5484 hoc
1093 5428 1215 5484 loco
1257 5429 1398 5482 idem
1425 5439 1505 5483 est
1536 5446 1598 5483 ac
1637 5428 1795 5483 bette-
1846 5460 1853 5461 ί

186 5495 718 5580 dictionis-electus.
766 5495 1051 5580 (ueterum.
1092 5500 1307 5580 videtur
1354 5500 1442 5555 hic
1486 5501 1686 5571 signari
1730 5516 1796 5557 ea

184 5570 535 5653 benedictio:
563 5584 662 5637 qua
690 5571 818 5653 agri
848 5586 878 5625 a
909 5571 1241 5653 presbyteris
1274 5570 1640 5644 inunguutitr,
1675 5588 1796 5642 prc-

196 5643 238 5696 τί
250 5642 465 5725 basque
491 5640 601 5725 Deo
619 5640 755 5725 opt.
772 5640 924 5697 Max;
937 5640 1502 5711 commendantium}:
1527 5640 1801 5716 praecepto,

225 5714 393 5791 περὺὶ
419 5715 676 5791 apostoli,
702 5732 863 5787 quam
906 5728 1008 5775 nos
1033 5732 1330 5779 extremam
1358 5725 1671 5781 unctionem
1700 5714 1795 5791 ap-

252 5784 669 5869 dlamus._.Nam
698 5784 1079 5869 praeterquam
1108 5796 1251 5869 quod
1275 5794 1437 5869 huius
1465 5784 1795 5852 sacramenti

253 5855 428 5939 eictus
455 5856 620 5937 etiam
668 5855 754 5918 est
792 5855 1178 5947 agri'sanita's,
1212 5868 1282 5930 de
1307 5855 1652 5944 impositione
1681 5882 1795 5929 uta-

1980 4737 2073 4794 il.
2117 4734 2359 4805 Denique
2418 4729 2591 4813 babes
2636 4726 2689 4782 iu
2743 4722 2955 4793 psalmo
3008 4718 3223 4773 decimo
3271 4721 3510 4785 quarto:

1909 4830 2155 4897 Domine,
2183 4829 2298 4897 quis
2339 4808 2590 4879 habitabit
2640 4819 2691 4873 in
2742 4811 3076 4895 tabernaculo
3109 4820 3219 4875 tuo,
3265 4816 3351 4862 aut
3397 4805 3514 4875 quis

1910 5010 2075 5051 nuum
2102 4990 2368 5063 episcopi,
2400 4979 2936 5063 seueoniirmatione
2963 4976 3074 5048 iam
3099 4972 3508 5030 observavimus

1910 5068 2045 5125 nihil
2075 5058 2310 5121 curasse
2327 5058 2677 5131 Novatianos.
3038 5119 3049 5131 ⁸
3095 5118 3106 5130 .
3144 5128 3152 5131 _
3219 5116 3231 5129 0

1982 5152 2005 5181 ο
2043 5138 2274 5206 Quidam
2302 5147 2457 5195 mss.,
2483 5143 2643 5184 unum
2664 5128 2716 5180 in
2736 5133 2955 5204 utroque
2971 5124 3324 5202 ministerium
3338 5124 3426 5196 est.

1975 5210 2002 5249 d
2484 5241 2502 5269 ,
2531 5215 2682 5272 agere
2719 5191 3090 5272 paenitendum,
3130 5187 3324 5272 perpeti
3364 5185 3507 5272 cide.

1904 5286 2020 5339 licet
2043 5259 2501 5356 Viacrgmas'
2522 5259 2840 5327 avidirs'non
2880 5262 3109 5335 potestis.
3155 5259 3329 5313 Minus
3352 5270 3504 5311 com-

1906 5356 2088 5411 mode.

1978 5398 2197 5497 ἴδηαι
2224 5423 2304 5497 ait
2333 5415 2673 5497 Ambrosius.
2697 5418 2903 5497 ,ηαιιίῖεν
2926 5418 3088 5497 ’.ΞἿἿ
3122 5398 3502 5497 Sassina:

1899 5469 2866 5571 dum:‘qnasiwltocvittz'ttvaricaiiouisl
2885 5478 3098 5571 crimct:
3121 5469 3498 5571 irteq‘iissibi-le

1896 5542 2559 5643 ἷυᾜῖἕδῖἒῖἶιλᾙιῖπτ-ιοιξ
2592 5562 2693 5643 hac
2722 5548 3099 5607 lucubratione
3141 5542 3335 5643 ρεῖιιιθι
3366 5555 3498 5643 θορ-

2184 5613 2588 5707 “(Ῑδιιὲεξᾶξι
2615 5625 2667 5707 id
2695 5634 2863 5707 unum
2884 5661 2896 5682 .
2927 5613 3293 5707 nempg‘ilnlgqs
3333 5613 3499 5707 verba

2312 5699 2665 5791 plausibiliori
2726 5691 3495 5791 quandalt‘tlaoﬁﬂtgﬁs‘

2556 5758 3015 5848 prevaricalionis
3046 5758 3246 5821 limites
3273 5770 3333 5815 se
3359 5770 3492 5829 con.

1898 5868 2153 5953 tinerent.
