4042 6294
538 286 646 345 479

1880 280 2127 340 SANCTI
2165 277 2494 339 AMBROSII
3735 283 3821 338 180

537 406 824 479 requiescet
870 405 927 460 in
965 412 1138 460 monte
1182 412 1362 459 sancto
1408 416 1502 458 suo
1534 399 1707 475 (Psat.
1737 415 1859 468 xiv,
1890 398 1986 472 1)?
2025 399 2143 456 Non
2171 402 2223 465 Α
2320 399 2411 455 43.
2453 397 2647 455 Merito
2669 411 2801 470 ergo
2831 396 3095 468 scriptum
3123 405 3208 452 est
3243 414 3257 453 :
3287 394 3415 464 Quis
3440 396 3611 451 orabit
3632 413 3720 468 pro
3739 402 3823 455 eo?

541 499 689 558 enim
734 498 943 567 nullus,
975 497 1071 554 sed
1103 496 1364 569 probatus
1405 493 1673 551 habitabit
1701 510 1715 548 :
1749 508 1853 550 nec
1880 493 1984 549 hoc
2014 492 2149 549 dicit
2250 492 2356 551 hoc
2384 502 2490 559 est,
2519 494 2642 549 talis
2683 493 2865 565 qualis
2894 491 3136 565 Moyses,
3166 491 3259 561 qui
3291 506 3353 547 se
3381 489 3576 547 oderat
3610 506 3704 562 pro
3725 507 3827 562 pec-

545 591 691 666 quod
723 606 888 649 nemo
914 591 1257 662 requiescat,
1298 588 1396 645 sed
1443 586 1752 659 requiescat
1793 587 2025 643 electus.
2075 585 2149 643 Ui
2247 594 2537 649 cantibus:
2572 590 2699 648 talis
2741 591 2921 663 qualis
2967 588 3271 646 Hieremias
3299 629 3315 655 ,
3361 596 3388 625 ι
3432 589 3522 644 cui
3578 587 3828 659 propheta

549 687 694 744 scias
724 685 829 741 hoc
855 698 979 741 esse
1004 698 1190 739 verum
1213 724 1229 749 .
1258 696 1364 737 non
1394 680 1569 737 multo
1595 688 1719 752 post
1748 680 1802 735 in
1833 679 2045 750 psalmo
2071 678 2153 734 vi—
2250 702 2375 742 cum
2413 693 2555 741 esset
2585 684 2791 740 dictum
2818 697 2848 737 a
2882 682 3120 738 Domino
3152 682 3262 735 Deo
3293 688 3483 735 nostro
3519 700 3534 736 :
3568 678 3689 734 Noli
3710 696 3829 736 orare

550 781 765 854 gesimo
793 779 959 836 tertio
982 778 1063 834 ait
1093 797 1106 834 :
1138 778 1268 845 Quis
1296 775 1536 833 ascendet
1569 776 1625 830 in
1660 785 1885 831 montem
1914 775 2148 844 Domini,

555 885 647 931 aut
671 875 788 948 quis
813 874 966 931 stabit
989 874 1044 930 in
1070 875 1181 929 loco
1210 883 1391 928 sancto
1417 873 1534 944 ejus
1562 870 1737 944 (Psal.
1773 887 1935 940 χχιιι,
1964 868 2022 943 5)
2045 871 2071 925 ‘l
2098 869 2151 925 id

472 984 480 993 ’
554 981 663 1039 est,
695 985 803 1027 non
832 970 1160 1042 quicumque
1205 966 1273 1022 de
1304 967 1489 1038 vulgo,
1521 981 1624 1022 nec
1667 964 1901 1037 plebeiae
1924 964 2155 1021 .vilitatis

554 1064 790 1136 aliquis;
822 1063 920 1121 sed
946 1062 1073 1118 vita:
1116 1061 1378 1133 egregiae,
1420 1059 1820 1132 singularisque
1849 1058 2053 1115 meriti.
2086 1057 2158 1113 Et

560 1166 620 1215 ut
643 1159 793 1214 scias
831 1156 959 1229 quia
997 1169 1121 1210 cum
1148 1155 1265 1226 quis
1303 1154 1526 1222 dicitur,
1554 1167 1663 1209 non
1694 1150 2015 1224 intelligitur
2039 1152 2160 1207 nul-

562 1252 683 1318 lus,
715 1251 811 1307 sed
860 1250 1055 1321 aliquis
1098 1247 1477 1321 signiﬁcatur,
1527 1262 1652 1304 eum
1708 1246 1938 1304 dixisset
1979 1263 1994 1301 :
2029 1245 2160 1315 Quis

559 1344 796 1403 ascendet
821 1344 878 1400 in
911 1352 1136 1399 montem
1167 1341 1416 1398 Domini?
1451 1341 1688 1412 subjecit
1718 1340 2016 1398 :Innocens
2050 1357 2162 1395 nta-

558 1438 731 1506 nibus,
759 1446 806 1492 et
832 1435 1023 1491 mundo
1049 1434 1223 1501 corde,
1248 1435 1336 1506 qui
1356 1450 1458 1489 non
1481 1434 1673 1505 accipit
1699 1433 1755 1489 in
1775 1449 1909 1489 uano
1935 1433 2163 1488 animam

558 1546 703 1587 suam
733 1528 927 1600 (lbid.,
956 1528 1037 1603 4).
1072 1529 1142 1585 Et
1174 1528 1305 1584 alibi
1340 1547 1354 1585 :
1384 1528 1514 1595 Quis
1554 1530 1791 1599 sapiens,
1818 1538 1869 1584 et
1914 1528 2165 1602 intelliget

557 1627 669 1683 [nec
698 1626 845 1702 (Use.
875 1642 997 1693 xtv,
1026 1624 1166 1697 10)?
1213 1622 1488 1696 Numquid
1528 1624 1663 1680 dicit
1702 1626 1827 1696 quia
1859 1624 2043 1680 nullus
2084 1625 2164 1681 in-

561 1722 819 1795 telliget?
856 1722 925 1778 Et
967 1719 1023 1777 in
1080 1718 1421 1791 Evangelia:
1452 1718 1583 1785 Quis
1628 1718 1800 1790 fidelis
1840 1718 2168 1792 dispensator

2253 796 2348 851 pro
2391 779 2583 850 popqu
2621 779 2721 832 isto
2759 776 2980 850 (Jerem.
3035 790 3130 841 vn,
3180 773 3305 847 1b);
3355 780 3538 829 tamen
3568 773 3821 839 oravit,ct

2257 873 2474 928 veniam
2523 869 2743 926 meruit.
2795 869 3043 939 Denique
3084 866 3479 923 intercessione
3518 865 3827 938 prepbetics,

2258 974 2315 1021 et
2355 962 2737 1019 obsecratione
2785 961 2920 1016 tanti
2968 960 3112 1016 vatis
3161 959 3397 1015 inﬂexus
3432 957 3701 1015 Dominus
3724 957 3832 1014 dicit

2257 1058 2326 1113 ad
2358 1056 2733 1121 Hierusalem;
2767 1054 2796 1094 ι)
2826 1054 3084 1126 quoniam
3125 1069 3191 1109 ea
3235 1068 3458 1125 quoque
3486 1052 3829 1124 paenitentiam

2261 1168 2360 1224 pro
2390 1153 2604 1208 delictis
2623 1161 2829 1224 egerat,
2856 1150 3047 1207 dicens
3073 1168 3089 1205 :
3115 1150 3338 1206 Domine
3362 1150 3707 1218 omnipotens,
3726 1148 3833 1205 Dat

2262 1248 2453 1317 Israel,
2485 1249 2661 1303 anima
2685 1248 2740 1301 in
2765 1248 3026 1319 angustiis
3050 1288 3066 1315 ,
3099 1257 3146 1302 et
3184 1247 3404 1319 spiritus
3445 1246 3642 1301 anxius
3677 1246 3834 1301 clamet

2262 1342 2332 1396 ad
2357 1353 2406 1397 te
2432 1356 2452 1396 :
2471 1341 2619 1406 andi,
2650 1338 2895 1402 Domine.
2931 1349 2980 1394 et
3008 1339 3253 1394 miserere
3298 1336 3558 1409 (Baruclt.
3590 1353 3674 1403 ιιι,
3702 1338 3748 1403 1,
3768 1334 3833 1407 2).

2265 1435 2334 1491 Et
2360 1434 2518 1504 jubet
2547 1434 2729 1489 luctus
2758 1433 3086 1489 vestimenta
3113 1431 3333 1503 deponi,
3361 1441 3421 1487 et
3448 1429 3618 1501 abjici
3642 1429 3836 1501 gemitus

2266 1528 2640 1601 ptenitentite;
2688 1528 2770 1584 sic
2813 1528 2958 1582 enim
3010 1526 3271 1598 scriptum
3312 1533 3398 1581 est
3442 1526 3501 1581 in
3549 1526 3660 1580 line
3693 1523 3834 1579 libri:

2270 1618 2419 1676 Exue
2446 1630 2514 1685 te,
2544 1619 2895 1685 Hierusalem,
2927 1620 3062 1674 stola
3089 1619 3258 1673 luctus
3283 1627 3332 1673 et
3351 1618 3644 1673 vexationis
3682 1626 3838 1680 arma

2269 1715 2427 1769 indue
2452 1724 2501 1769 te
2524 1714 2760 1771 decorem
2795 1714 2909 1786 ejus
2929 1754 2944 1781 ,
2972 1729 3089 1784 qute
3108 1729 3141 1768 a
3171 1713 3284 1769 Deo
3310 1713 3435 1768 data
3467 1720 3549 1768 est
3579 1710 3669 1767 tibi
3705 1709 3839 1783 gloria

555 1826 609 1873 et
638 1815 892 1887 prudens,
934 1830 1084 1886 quem
1120 1813 1392 1869 constituet
1423 1811 1679 1868 Dominus
1721 1829 1878 1884 super
1907 1813 2163 1883 familiam
2191 1812 2239 1874 Β
2264 1810 2319 1865 in
2342 1818 2590 1866 alet-num
2614 1806 2865 1879 (Baraclt.
2896 1822 2951 1875 v,
2983 1806 3058 1877 1).

556 1925 729 1975 suam,
770 1918 827 1963 ut
873 1908 958 1962 det
996 1906 1104 1963 illis
1137 1906 1190 1961 in
1222 1915 1451 1978 tempore
1489 1907 1647 1961 tritici
1684 1923 1978 1963 mensuram
2005 1907 2159 1980 (Luc.

538 2019 659 2073 ιιι,
692 2001 827 2075 42)?
852 2000 923 2057 Et
949 2010 1007 2057 ut
1048 2000 1485 2072 comprehendas
1512 2000 1639 2072 quia
1670 2000 1741 2055 de
1770 2015 1839 2058 eo
1877 1999 2041 2069 dixit,
2069 2001 2164 2072 qui

558 2097 747 2169 utique
772 2104 877 2163 est,
910 2110 1019 2151 non
1047 2095 1116 2152 de
1146 2109 1213 2151 eo
1240 2094 1333 2167 qui
1356 2109 1465 2149 non
1487 2102 1594 2160 est,
1621 2094 1907 2165 subiunxit
1933 2112 1945 2149 :
1970 2093 2165 2150 Beatus

559 2190 651 2245 ille
678 2204 854 2244 servus
875 2228 891 2253 ,
922 2203 1074 2254 quem
1104 2203 1222 2241 cum
1264 2186 1458 2242 venerit
1495 2184 1751 2240 Dominus
1772 2226 1787 2252 ,
1816 2186 2065 2241 invenerit
2090 2187 2165 2242 sic

562 2284 833 2356 facientem
879 2280 1082 2354 (Ibid.,
1108 2281 1227 2350 45).
1262 2280 1332 2336 Ει
1374 2280 1507 2337 illud
1553 2281 1624 2336 ita
1671 2281 1867 2353 opinor
1911 2280 2162 2337 dictum:

563 2373 729 2442 Deus,
763 2374 877 2445 quis
917 2373 1104 2429 similis
1138 2373 1231 2428 tibi
1259 2372 1433 2447 (Psal.
1468 2389 1681 2440 Luxu,
1714 2372 1811 2445 1)?
1839 2388 1946 2429 non
1979 2375 2166 2445 utique

564 2468 782 2535 nullus;
812 2466 939 2540 quia
965 2467 1144 2540 imago
1173 2466 1352 2524 Patris
1383 2468 1555 2526 Filius
1582 2478 1667 2526 est
1685 2467 1791 2541 (De
1820 2467 2010 2525 Paenit.
2040 2469 2166 2526 dist.

564 2563 620 2629 1,
645 2579 693 2618 c.
720 2561 783 2619 Si
807 2564 1072 2631 sacerdos,
1108 2563 1136 2636 §
1170 2561 1353 2637 Deus).

636 2656 729 2714 42.
771 2657 1039 2716 Similiter
1064 2659 1228 2732 igitur
1257 2658 1634 2731 accipiendum
1664 2674 1682 2714 τ
1716 2658 1848 2725 Quis
1875 2659 2044 2715 orabit
2073 2675 2167 2731 pro

563 2767 625 2807 eo
648 2751 837 2827 (Hebr.
867 2769 907 2820 ι,
930 2754 1023 2826 3)?
1045 2755 1147 2812 hoc
1174 2764 1279 2824 est,
1315 2755 1608 2825 singularis
1633 2755 1759 2811 vita:
1783 2755 1983 2826 aliquis
2005 2754 2169 2811 debet

561 2859 727 2902 orare
754 2860 855 2916 pro
883 2861 974 2915 eo,
1019 2848 1112 2920 qui
1143 2848 1386 2921 peccavit
1416 2848 1469 2915 in
1506 2847 1816 2903 Dominum.
1848 2847 1968 2916 Quo
1995 2847 2169 2918 major

563 2938 760 3011 culpa,
789 2956 859 2997 eo
889 2942 1098 3013 majora
1145 2952 1272 2999 sunt
1316 2941 1608 3014 quaerenda
1658 2941 1912 3014 sull'ragia
1957 2942 2000 3014 (Ι
2034 2941 2165 3013 Reg.

563 3049 624 3101 ιι,
651 3033 770 3108 25).
793 3034 910 3092 Non
938 3039 1087 3095 enim
1110 3038 1437 3109 quicumque
1458 3037 1528 3093 de
1548 3037 1712 3108 vulgo
1734 3052 1832 3106 pro
1857 3036 2168 3094 Judzeorum

567 3127 795 3199 populo,
825 3128 923 3185 sed
953 3129 1167 3204 Moyses
1197 3131 1428 3201 rogavit,
1461 3129 1680 3201 quando
1707 3129 1872 3204 402
1903 3132 2055 3188 vituli
2080 3146 2171 3187 ca-

567 3229 667 3294 put
691 3222 816 3279 lidei
847 3224 1204 3282 immemores
1225 3225 1592 3281 adoraverunt
1618 3225 1816 3299 (Exod.
1849 3242 2021 3293 χχιιι,
2051 3226 2166 3298 51).
2198 3216 2244 3279 C

564 3315 839 3390 Numquid
889 3321 1092 3375 erravit
1133 3318 1395 3394 Moyses?
1426 3318 1586 3391 Atqui
1636 3336 1742 3376 non
1790 3322 2034 3389 erravit,
2077 3322 2168 3391 qui

566 3410 712 3480 quod
751 3411 987 3483 rogavit,
1014 3421 1071 3469 et
1111 3412 1315 3469 meruit
1353 3422 1409 3469 et
1449 3414 1783 3484 impetravit.
1832 3412 1971 3481 Quid
2020 3413 2166 3469 enim

566 3503 693 3559 talis
721 3503 949 3561 affectus
978 3520 1089 3561 non
1122 3506 1480 3577 impetraret,
1510 3506 1729 3577 quando
1754 3521 1815 3564 se
1841 3507 2043 3578 objecit
2071 3522 2170 3578 pro

570 3598 801 3668 populo,
847 3597 1079 3654 dicens:
1110 3597 1179 3653 Et
1227 3615 1363 3654 nunc
1408 3600 1454 3655 si
1492 3600 1709 3655 dimittis
1733 3599 1842 3655 illis
1869 3609 2165 3670 peccatum,

567 3690 802 3757 dimitte;
828 3693 909 3747 sin
937 3701 1135 3759 autem,
1165 3692 1281 3747 dele
1306 3710 1387 3748 me
1410 3694 1475 3749 de
1508 3694 1641 3750 libro
1666 3696 1782 3750 vitta
1813 3693 2003 3768 (lbid.,
2034 3693 2169 3767 '52)?

571 3790 734 3848 Vides
760 3791 887 3863 quia
931 3807 1042 3848 non
1088 3801 1364 3864 tamquam
1403 3792 1701 3849 deliciosus
1726 3794 2078 3860 intercessor.
2112 3802 2168 3848 et

568 3885 772 3943 fastidii
805 3887 1000 3959 plenus
1032 3887 1138 3943 sibi
1166 3888 1434 3954 consulat,
1464 3902 1532 3944 ne
1561 3864 1920 3946 offensionem
1951 3897 2171 3942 eontra-

571 3979 697 4047 hat,
726 3978 872 4051 quod
902 3978 1239 4036 Novatianus
1284 3990 1530 4037 metuere
1575 3994 1635 4035 se
1672 3979 1806 4037 dicit
1829 3998 1844 4036 :
1867 3980 1963 4037 sed
2000 3978 2172 4051 magis

567 4073 810 4129 omnium
837 4087 1071 4140 memor,
1106 4072 1192 4129 sui
1223 4073 1530 4138 immemor,
1563 4071 1844 4130 offendere
1871 4087 1981 4129 non
2013 4073 2171 4129 time-

566 4165 658 4221 bat
682 4165 823 4237 ipse,
855 4175 915 4221 ut
942 4164 1163 4239 plebem
1193 4166 1264 4224 ab
1292 4165 1612 4225 oﬂ'ensiouis
1653 4165 1901 4239 periculo
1946 4175 2171 4224 exueret

563 4266 620 4315 et
647 4255 926 4316 liberaret.

638 4476 666 4504 ⁸
707 4466 836 4523 Mss.
887 4464 1159 4535 nonnulli,
1216 4466 1300 4521 cui
1334 4482 1451 4522 cum
1493 4464 1856 4538 propheticum
1902 4474 2029 4521 esset
2080 4464 2166 4520 di-

568 4549 732 4594 ctum.

641 4609 670 4649 ι’
687 4608 925 4682 Claram.
951 4609 1124 4665 codex
1147 4608 1319 4680 solus,
1350 4611 1597 4682 quoniam
1618 4624 1679 4666 ea
1697 4623 1898 4680 quoque
1920 4607 2169 4681 poeniten-

569 4682 644 4736 tia
673 4697 768 4753 pro
792 4681 995 4753 delictis
1023 4690 1153 4736 erat.
1364 4681 1372 4682 “
2029 4704 2036 4713 ο

648 4752 682 4827 f’
711 4752 939 4827 Quidam
971 4768 1128 4827 mss.,
1160 4754 1323 4809 alium
1344 4753 1753 4827 propitiatorem.

643 4822 671 4862 ιι
709 4825 933 4894 Quaeras
979 4826 1213 4881 fortasse
1255 4822 1514 4894 quidnam
1560 4826 1663 4880 hoc
1702 4825 1824 4881 loco
1856 4839 1953 4894 per
1978 4837 2165 4878 vocem

561 4901 829 4972 justorutn
851 4897 1224 4972 signiﬁcetur?
1255 4897 1327 4972 Ut
1351 4905 1539 4972 autem
1561 4897 1773 4952 lacilius
1796 4896 1847 4950 id
1862 4895 2163 4972 intelligas,

572 4967 796 5025 adverte
824 4983 929 5024 non
957 4969 1027 5024 de
1054 4968 1390 5040 quibuslibet
1413 4967 1573 5037 justis
1600 4983 1721 5024 eam
1762 4968 1933 5039 accipi
1967 4981 2163 5040 posse;

571 5058 697 5098 cum
729 5056 836 5098 non
885 5039 1111 5097 dubium
1159 5041 1230 5094 sit
1258 5042 1389 5111 quin
1436 5041 1491 5095 in
1537 5042 1735 5110 populo
1784 5041 1917 5095 tales
1954 5039 2169 5111 (fuerint

573 5114 723 5170 multi
744 5155 756 5175 ,
790 5114 986 5182 quibus
1013 5122 1197 5166 tamen
1226 5108 1359 5166 nihil
1392 5108 1551 5166 aliud
1580 5112 1683 5165 nisi
1714 5119 1772 5164 ut
1813 5126 1913 5180 pro
1952 5108 2170 5164 leviori-

574 5186 674 5240 hns
703 5184 878 5252 culpis
924 5185 1137 5238 veniam
1174 5184 1422 5238 oratione
1464 5196 1561 5237 sua
1602 5191 1789 5236 mutuo
1835 5183 2164 5252 impetrent,

572 5268 893 5312 concessum
944 5255 1111 5310 tradit
1146 5254 1335 5307 beatus
1368 5255 1590 5308 Doctor.
1622 5253 1806 5312 Itaque
1843 5252 1930 5308 vel
1972 5252 2172 5307 intelli-

573 5328 732 5399 gendi
776 5327 1002 5399 veniunt
1031 5323 1687 5399 insigniterjusti,_quales
1713 5321 1863 5399 fuere
1891 5321 2174 5399 propheta:

576 5392 641 5455 ac
684 5406 952 5470 martyres
978 5397 1029 5470 in
1060 5392 1266 5470 Moyse,
1300 5392 1530 5470 Jeremia
1553 5437 1575 5470 ,_
1593 5405 1758 5466 atque
1785 5392 2062 5470 Stephano
2088 5392 2173 5470 hic

576 5465 844 5535 designati
878 5487 892 5524 :
919 5468 1006 5524 vel
1036 5467 1230 5523 saltem
1260 5467 1361 5523 soli
1390 5467 1721 5530 sacerdotes,
1750 5466 1840 5535 qui
1866 5477 1922 5522 et
1943 5465 2046 5533 ipsi
2072 5466 2173 5523 sub

578 5535 966 5611 prophetarum
1023 5553 1255 5610 persona
1317 5535 1875 5611 adumbrariusolent.
1926 5536 2042 5611 Non
2090 5548 2174 5611 est

579 5607 709 5668 sane
736 5613 790 5667 in
819 5607 1178 5667 controverso
1223 5609 1572 5668 Ambrosium
1613 5608 1856 5664 alludere
1885 5610 1953 5666 ad
1986 5607 2172 5666 Jacobi

581 5682 761 5739 locum
791 5699 805 5736 :
838 5681 1165 5752 Conﬁtemini
1185 5683 1514 5746 alterutrum,
1544 5680 1596 5737 id
1629 5690 1734 5747 est,
1761 5680 1853 5736 alii
1883 5682 2027 5746 aliis,
2054 5698 2166 5749 pec-

583 5762 717 5826 cata
736 5763 968 5826 vestra'...
999 5756 1219 5826 multum
1245 5752 1385 5825 enim
1413 5752 1546 5825 ualet
1576 5753 1870 5826 deprecatio
1887 5753 2021 5826 justi
2041 5754 2172 5808 assi-

584 5818 724 5893 dua:
758 5824 956 5896 quibus
998 5817 1177 5883 verbis
1208 5822 1426 5897 peccata
1461 5817 1838 5882 Sacerdetibus
1877 5817 2168 5885 conﬁtendi

2895 1920 3127 1980 CAPUT
3164 1920 3235 1977 Χ.

2264 2036 2521 2095 Joannem
2562 2056 2663 2094 non
2684 2038 2916 2094 absolute
2934 2055 2995 2094 ac
3016 2036 3320 2110 simpliciter
3342 2035 3675 2107 prohibuisse
3692 2051 3748 2090 ne
3768 2050 3841 2105 pro

2337 2133 2566 2190 sontibus
2603 2134 2808 2205 peccati
2845 2132 2915 2188 ad
2945 2140 3178 2188 mortem
3219 2132 3365 2202 ﬁeret
3405 2131 3746 2196 oratio;ctnn
3769 2142 3841 2198 pro

2338 2228 2596 2284 similibus
2624 2228 2840 2303 Moysen
2866 2269 2881 2295 ,
2923 2226 3287 2282 Jeremiantac
3332 2224 3665 2297 Stephanum
3703 2237 3843 2277 orasse

2340 2339 2444 2377 non
2467 2322 2779 2395 ignoraverit
2803 2338 2822 2388 ;
2849 2330 2898 2375 et
2924 2321 3038 2392 ipse
3062 2335 3262 2392 quoque
3285 2318 3473 2375 iisdem
3497 2317 3697 2374 veniam
3714 2313 3844 2386 signi-

2340 2416 2570 2487 ﬁcaverit
2602 2430 2704 2470 non
2730 2412 3109 2488 denegandam.

2342 2578 2431 2633 44.
2476 2576 2643 2651 [Alias
2670 2593 2786 2649 cap.
2820 2574 2938 2649 lX.]
2977 2574 3140 2633 Tales
3171 2574 3338 2647 igitur
3383 2573 3769 2646 deprecatores
3799 2574 3840 2627 in

2269 2671 2487 2730 delictis
2514 2673 2770 2729 maximis
2790 2682 2918 2729 sunt
2944 2672 3290 2745 requirendi;
3324 2687 3450 2728 nam
3478 2672 3529 2729 si
3552 2672 3843 2745 quicumque

2271 2765 2340 2822 de
2364 2767 2566 2838 populo
2597 2776 2789 2833 orent,
2818 2782 2927 2822 non
2956 2766 3349 2823 cxaudiuntur.

2342 2859 2434 2916 45.
2479 2859 2635 2916 Unde
2667 2875 2766 2915 ncc
2794 2859 2883 2915 illa
2913 2861 3145 2931 quzestio
3181 2869 3366 2916 vestra
3395 2859 3695 2931 quidquam
3723 2867 3843 2929 pote-

2273 2954 2343 3009 rit
2370 2953 2566 3010 aﬂerre
2595 2953 2874 3025 ponderis,
2906 2969 3067 3025 quam
3100 2954 3317 3009 sumitis
3348 2953 3418 3010 de
3448 2954 3685 3026 epistola
3706 2952 3841 3008 Joan-

2273 3050 2359 3106 nis
2388 3048 2624 3105 dicentis
2649 3066 2662 3102 :
2691 3048 2793 3118 Qui
2826 3050 2921 3103 scit
2951 3052 3164 3120 fratrem
3193 3064 3344 3103 suum
3372 3065 3598 3119 peccare
3617 3058 3842 3121 peccatum

2272 3159 2378 3197 non
2419 3142 2488 3196 ad
2516 3151 2750 3207 mortem,
2781 3151 2951 3211 petat,
2982 3151 3031 3197 et
3062 3140 3205 3197 dabit
3247 3141 3329 3196 illi
3368 3141 3535 3196 vitam
3564 3139 3731 3206 Deus;
3750 3140 3843 3209 quia

2274 3251 2377 3290 non
2407 3244 2581 3305 peccat
2617 3236 2687 3289 ad
2724 3243 2963 3291 mortem.
2992 3233 3090 3290 Est
3120 3244 3383 3306 peccatum
3410 3233 3481 3289 ad
3511 3244 3844 3297 morlcm,nos

2275 3327 2340 3383 de
2377 3324 2473 3381 illo
2516 3325 2659 3390 dico,
2689 3333 2747 3378 ut
2794 3332 2900 3379 oret
2939 3323 2983 3397 (l
3032 3322 3193 3377 Joan.
3222 3338 3254 3377 v
3279 3365 3294 3389 ,
3325 3322 3459 3395 16);
3499 3338 3612 3380 non
3639 3323 3769 3379 enim
3792 3318 3842 3375 ad

2272 3418 2495 3491 Moysen
2523 3427 2577 3473 et
2603 3416 2933 3472 Hieremiam
2967 3416 3314 3488 loquebatur,
3345 3415 3443 3472 sed
3473 3416 3544 3471 ad
3581 3415 3841 3487 populum,

2271 3511 2361 3582 qui
2386 3524 2610 3566 suorum
2640 3516 2990 3580 peccatorum
3022 3518 3043 3547 ο
3078 3507 3249 3563 alium
3275 3516 3626 3580 precatorem
3660 3506 3846 3561 deberet

2273 3606 2533 3662 adhibere
2568 3606 2697 3661 :cui
2749 3606 2884 3660 satis
2930 3613 3015 3659 est
3056 3603 3103 3659 si
3153 3618 3254 3674 pro
3305 3602 3615 3659 levioribus
3666 3599 3843 3656 delictis

2274 3699 2445 3755 Deum
2477 3707 2749 3769 precetur,
2782 3699 3092 3769 graviorum
3122 3698 3341 3753 veniam
3377 3694 3404 3734 ἀ
3443 3697 3715 3767 iustorum
3749 3707 3845 3749 ora-

2273 3794 2511 3849 tionibus
2533 3791 2922 3849 reservaudam
2944 3802 3116 3863 putet.
3144 3792 3279 3849 Nam
3306 3789 3412 3863 (De
3442 3789 3640 3846 Paruit.
3671 3788 3782 3842 dist.
3803 3785 3842 3846 Ι,

2272 3902 2323 3943 c.
2368 3885 2431 3942 Si
2474 3886 2747 3953 sacerdos,
2783 3885 2811 3957 §
2846 3884 2986 3941 Nam
3012 3885 3293 3958 quomodo)
3337 3884 3619 3955 quomodo
3648 3882 3843 3938 Joannes

2273 3979 2484 4035 diceret
2507 3979 2670 4052 503
2693 3993 2800 4034 non
2831 3978 3096 4035 orandum
3129 3995 3228 4050 pro
3251 3977 3455 4034 delicto
3482 3977 3751 4049 graviore.
3773 3972 3843 4042 qtti

2273 4072 2498 4145 legisset
2553 4074 2776 4145 Moysen
2834 4087 3059 4143 rogasse
3111 4081 3168 4128 et
3216 4072 3583 4141 impetrasse;
3629 4068 3716 4124 ubi
3756 4072 3846 4122 erat

2274 4165 2654 4236 prmvaricatio
2677 4164 2978 4222 voluntaria
3005 4181 3018 4219 :
3047 4164 3142 4237 qui
3165 4162 3330 4220 sciret
3352 4163 3521 4220 etiam
3548 4158 3844 4220 Hieremiam

2275 4273 2500 4331 rogasse
2528 4257 2742 4332 (Jerem.
2772 4273 2886 4329 xxv,
2916 4257 3029 4331 13).

2275 4474 2611 4593 praeceptum
2636 4466 2906 4550 contineri
2939 4466 3155 4536 plurimi
3191 4482 3312 4553 cum
3345 4481 3411 4525 ex
3443 4468 3685 4541 antiquis
3709 4462 3844 4537 patri-

2316 4553 2378 4593 us
2417 4547 2528 4593 tum
2555 4553 2586 4592 c
2615 4539 3011 4593 recentioribus
3043 4540 3312 4593 theoloets
3341 4540 3567 4593 docent.
3597 4539 3844 4593 Ouaornno

2316 4553 2378 4594 us
2417 4547 2528 4593 tum
2555 4553 2586 4592 c
2615 4538 3011 4613 recentioribus
3040 4540 3312 4613 theologis
3341 4538 3844 4609 docentJQuaprnp.

2276 4617 2361 4664 ter
2408 4625 2600 4667 vocem
2655 4609 2962 4666 alterutrum
3015 4609 3365 4668 determinari
3423 4613 3733 4667 existimant
3771 4620 3845 4677 per

2276 4683 2622 4766 vocemjusti
2640 4725 2655 4749 ,
2687 4682 3036 4766 sacerdotem
3059 4683 3126 4737 ad
3157 4699 3321 4766 quem
3348 4683 3525 4739 solum
3552 4684 3841 4766 delictorum

2198 4771 2252 4832 1)
2277 4753 2551 4832 absolutio
2583 4756 2837 4832 pertinet,
2864 4753 3237 4832 signiﬁcantis.
3264 4753 3450 4832 Neque
3469 4769 3598 4810 vero
3629 4754 3677 4832 id
3701 4763 3845 4832 asen-

2277 4825 2447 4880 tentia
2484 4826 2731 4880 Doctoris
2780 4823 2953 4880 nostri
2994 4825 3062 4880 de
3105 4823 3556 4882 remittendorum
3589 4823 3843 4881 criminum

2276 4896 2601 4969 sacerdotali
2645 4906 2917 4968 potestate
2957 4897 3192 4953 alienum
3242 4906 3329 4954 est
3355 4917 3369 4952 :
3395 4898 3464 4953 de
3503 4913 3610 4969 qua
3653 4894 3845 4969 consule

2274 4967 2585 5024 Comment.
2619 4971 2671 5024 in
2701 4968 2845 5024 Psal.
2890 4983 3088 5035 cxvut,
3137 4985 3307 5026 serm.
3355 4973 3454 5036 10,
3500 4967 3650 5026 num.
3693 4968 3844 5036 17,el

2277 5039 2479 5110 Expos.
2521 5040 2573 5095 in
2612 5039 2814 5095 Lucam
2854 5040 2949 5096 lib.
2993 5056 3049 5107 v,
3078 5033 3229 5097 num.
3263 5043 3351 5097 11.
3384 5033 3543 5111 Quod
3586 5050 3756 5097 autem
3783 5033 3842 5111 ad

2277 5108 2543 5167 leviorum
2587 5113 2867 5183 culparum
2895 5113 3291 5183 expiationem.
3325 5108 3527 5184 printer
3556 5128 3648 5169 eas
3672 5108 3845 5184 oratio-

2279 5197 2378 5255 nes
2407 5199 2541 5253 quas
2568 5184 2659 5239 alii
2681 5178 2790 5255 'pro
2819 5184 2940 5239 aliis
2976 5178 3046 5240 'ex
3079 5186 3295 5239 interno
3328 5178 3557 5240 'aﬂectu‘
3585 5178 3844 5255 profunde-

2282 5250 2437 5325 bant,
2456 5257 2673 5312 recitari
2695 5250 2865 5311 etiam
2897 5265 3147 5325 poterant
3189 5258 3381 5325 psalmi
3428 5250 3655 5325 aliquot.
3696 5250 3843 5325 oratio

2278 5324 2582 5400 Dominica,
2604 5321 2933 5400 symbolum,
2961 5336 3015 5380 et
3043 5321 3280 5400 maxime
3305 5321 3579 5400 confessio
3601 5321 3843 5400 generalis

2276 5411 2399 5470 911:8
2445 5398 2601 5470 initio
2641 5398 2821 5470 sacrae
2864 5399 3096 5470 liturgiaz
3142 5399 3258 5454 fieri
3304 5399 3587 5455 consuevit
3618 5416 3632 5451 :
3663 5398 3729 5452 de
3757 5406 3841 5470 qqﬂ

2278 5467 2423 5524 hunc
2450 5468 2626 5525 locum
2660 5469 2900 5525 Morinos
2929 5464 3359 5526 de'Ptenitentia
3404 5471 3500 5525 lib.
3533 5485 3587 5535 v,
3618 5484 3736 5537 cap.
3763 5464 3841 5523 52.

2277 5549 2466 5596 censet
2509 5540 2942 5610 intelligendum.
2990 5540 3098 5596 Sed
3141 5557 3263 5596 cum
3292 5551 3350 5599 et
3378 5543 3430 5599 in
3458 5544 3566 5597 isto
3590 5536 3718 5596 etin
3742 5536 3842 5610 aliis

2277 5613 2555 5669 nonnullis
2584 5608 2721 5683 quos
2749 5613 2942 5669 eodem
2987 5614 3151 5670 modo
3179 5615 3529 5678 accipiendos
3558 5608 3825 5683 ιτεόίιδιιι

2277 5683 2515 5754 jusmodi
2554 5682 2918 5742 confessionis
2964 5686 3109 5741 nulla
3157 5684 3251 5741 liat
3302 5687 3526 5751 mentio,
3557 5682 3807 5739 credibilit‘

2278 5765 2381 5882 eslt,
2414 5756 2484 5812 de
2514 5757 2646 5840 solis
2678 5756 2920 5814 ﬁdelium
2952 5773 3057 5840 pro
3077 5772 3137 5815 se
3168 5758 3404 5815 vicissim
3433 5757 3696 5815 orantium
3738 5758 3805 5821 [ν’

2278 5842 2323 5881 Cl
2347 5842 2431 5882 HIS
2457 5845 2561 5882 θαι.

2275 5842 2431 5885 emus
2457 5845 2561 5898 agt.
