4042 6294
174 301 265 358 481

1390 301 1476 360 ἱ)Ιέ
1520 303 1965 362 PUENITENTIA
2010 302 2136 364 [.lll.
2182 303 2222 360 l.

3374 303 3481 362 48").

242 418 330 471 loti.
371 416 661 485 Quomodo
699 417 935 474 Joannes
975 416 1180 475 diceret
1218 432 1325 474 non
1367 418 1628 473 orandum
1683 435 1777 489 pro
1807 424 1852 484 Α
1886 431 2005 492 post
2035 423 2240 492 lapsum
2271 459 2284 485 ,
2329 428 2381 473 et
2414 429 2512 488 pro
2541 417 2759 472 nomine
2787 418 2880 474 Dei
2909 433 3100 489 passos
3130 434 3144 472 :
3199 435 3326 474 nnm
3359 436 3486 491 pos-

174 519 400 579 peccato
423 513 571 583 quod
597 522 741 568 esset
762 512 828 566 ad
853 520 1100 577 mortem,
1127 512 1217 582 qui
1243 512 1358 582 ipse
1379 511 1431 566 in
1458 511 1778 582 Apocalypsi

173 605 391 675 scripsit
422 607 734 662 mandatum
767 607 976 676 Angelo
1004 605 1260 662 Ecclesiae
1288 606 1534 677 Pergami
1585 605 1778 678 (Apoc.

173 714 243 763 ιι,
278 699 346 753 12
369 698 390 771 )
414 701 439 755 ?
468 700 646 756 llabes
678 697 788 756 illic
815 709 1062 755 tenentes
1089 698 1388 755 doctrinam
1417 699 1654 763 Balaam,
1687 701 1778 770 qui

173 792 405 848 docebat
431 793 628 850 Balaac
647 795 866 849 mittere
891 793 1202 849 scandalum
1231 807 1413 848 coram
1445 793 1568 847 ﬁliis
1589 791 1778 859 lsrael,

177 885 512 942 manducare
549 887 825 942 immolata
863 928 876 952 ,
909 896 964 942 et
1005 886 1259 942 fornicari
1287 901 1302 953 ;
1337 887 1407 941 ita
1439 895 1493 940 et
1527 893 1582 939 ιιι
1612 883 1780 940 habes

174 992 424 1038 tenentes
445 982 748 1038 doctrinam
772 982 1179 1046 Nicolaitarnm,
1207 981 1458 1036 similiter
1482 994 1581 1050 age
1608 979 1771 1050 pumi-

175 1075 440 1132 tcntiam:
475 1085 734 1130 caeterum
763 1074 926 1128 venio
957 1074 1051 1130 tibi
1096 1074 1226 1128 cito.
1264 1072 1425 1127 Vides
1451 1071 1594 1144 quod
1637 1071 1780 1126 Deus

174 1172 263 1239 qni
297 1170 674 1240 pmnitentiam
701 1169 890 1240 exigit,
915 1167 1128 1223 veniam
1153 1167 1506 1238 polliceatur!
1538 1165 1781 1236 Denique

173 1273 228 1319 et
272 1264 344 1319 ibi
386 1263 556 1319 dicit:
614 1263 716 1329 Qui
746 1262 892 1316 habet
930 1277 1078 1316 aures
1110 1303 1124 1326 ,
1161 1261 1339 1314 audiat
1385 1258 1509 1330 quid
1550 1257 1782 1330 Spiritus

174 1359 316 1413 dicat
345 1356 599 1413 Ecclesiis
623 1374 641 1412 :
683 1355 918 1412 Vincenti
947 1356 1079 1409 dabo
1113 1355 1428 1410 manducare
1455 1369 1642 1408 manna
1663 1352 1781 1407 abs-

173 1453 442 1508 conditum
471 1452 491 1526 (
515 1454 674 1524 Apoc.
711 1468 747 1507 ιι
772 1495 786 1519 ,
817 1453 850 1505 7
874 1451 915 1523 ).

247 1549 338 1601 t7.
395 1546 583 1602 Nonne
623 1545 738 1616 ipse
785 1544 1025 1601 Joannes
1069 1552 1397 1615 cognoverat
1444 1539 1780 1611 Stephanum

174 1656 276 1712 pro
309 1639 750 1711 persecutoribus
797 1639 910 1693 suis
936 1678 954 1705 ,
1001 1638 1090 1708 qui
1115 1636 1314 1691 Christi
1349 1650 1547 1690 nomen
1593 1632 1782 1688 audire

177 1751 287 1791 non
320 1744 608 1806 poterant,
653 1733 1050 1802 deprecatum;
1091 1746 1214 1787 cum
1247 1729 1315 1786 de
1347 1728 1478 1800 ipsis
1507 1743 1536 1782 a
1584 1726 1781 1798 quibus

1882 532 2070 570 sumus
2144 516 2227 572 his
2281 524 2576 586 martyrum
2643 512 2916 568 consortia
2987 527 3227 582 negare,
3287 515 3486 584 quibus

1885 609 2143 663 Dominus
2169 607 2328 664 Jesus
2369 624 2475 663 non
2510 606 2774 678 negavit?
2803 604 3280 679 Audemusm
3318 606 3484 679 igitur

1882 700 2069 756 dicere
2091 715 2196 755 non
2225 715 2348 756 esse
2377 699 2465 755 his
2492 699 2658 754 vitam
2686 697 2976 767 redditam,
3002 699 3202 770 quibus
3229 697 3482 755 Christus

1882 810 2142 851 coronam
2173 793 2453 850 reddidit?
2481 793 2634 850 Sicut
2659 808 2791 865 ergo
2819 801 2941 864 post
2967 793 3176 863 lapsum
3207 792 3483 863 plerisque

1882 885 1928 941 si
1961 888 2272 956 patiantur,
2323 901 2522 942 corona
2572 886 2858 951 redditur;
2914 887 2986 942 ita
3032 887 3079 942 si
3123 887 3392 953 credant,
3425 895 3482 942 et

1882 977 2016 1034 ﬁdes
2046 979 2316 1035 redditur.
2344 979 2477 1049 Quae
2504 978 2637 1035 ﬁdes
2667 978 2758 1034 Dei
2784 978 2984 1033 donum
3011 987 3126 1044 est;
3147 978 3290 1035 sicut
3313 978 3482 1037 trabes

1879 1072 2140 1142 scriptum
2177 1089 2188 1125 :
2217 1072 2355 1137 Quia
2381 1089 2412 1125 a
2431 1069 2540 1127 Deo
2581 1071 2722 1125 vobis
2751 1072 2931 1126 datum
2956 1081 3029 1126 est
3051 1114 3066 1140 ,
3099 1089 3201 1128 non
3231 1075 3398 1129 solum
3425 1085 3481 1130 ut

1881 1166 2106 1220 credatis
2156 1166 2208 1220 in
2256 1182 2402 1231 eum,
2456 1165 2546 1220 sed
2600 1165 2755 1220 etiam
2807 1175 2862 1220 ut
2918 1183 3013 1237 pro
3065 1168 3159 1224 illo
3209 1171 3482 1240 patiamini

1881 1258 1900 1330 (
1932 1257 2132 1327 Philip.
2177 1276 2234 1326 ι,
2260 1260 2332 1317 ‘29
2356 1259 2397 1330 ).
2427 1259 2696 1331 Numquid
2729 1261 2774 1317 is
2801 1262 2892 1327 qui
2923 1262 3016 1320 Dei
3048 1262 3248 1321 donum
3291 1264 3478 1335 habet,

1884 1361 2057 1422 potest
2089 1369 2196 1408 non
2229 1352 2430 1410 habere
2457 1355 2842 1427 indulgentiam
2866 1358 2890 1410 ἰ

1954 1445 2042 1502 50.
2093 1447 2210 1503 Non
2245 1464 2350 1504 una
2395 1460 2624 1514 autem,
2671 1453 2767 1506 sed
2813 1451 3009 1522 duplex
3039 1451 3210 1524 gratia
3257 1462 3340 1510 est
3369 1495 3384 1520 ,
3425 1462 3485 1510 ut

1882 1540 2058 1595 omnis
2098 1541 2190 1612 qui
2239 1542 2453 1610 credit,
2504 1551 2560 1598 et
2607 1543 2841 1613 patiatur
2886 1559 2988 1615 pro
3038 1545 3271 1602 Domino
3328 1546 3478 1602 Jesu.

1885 1631 2058 1687 llabet
2090 1633 2252 1704 igitur
2293 1635 2383 1705 qui
2410 1635 2585 1691 credit
2624 1650 2776 1691 suam
2804 1638 3034 1708 gratiam
3067 1656 3081 1693 :
3111 1638 3276 1696 habet
3299 1649 3481 1696 autem

1882 1724 2110 1780 alteram
2139 1767 2154 1792 ,
2195 1725 2240 1781 si
2269 1727 2402 1784 lides
2431 1728 2550 1798 ejus
2591 1729 2931 1799 passionibns
2955 1741 3272 1788 coronetur.
3299 1732 3484 1805 Neque

175 1827 516 1898 lapidabatur
563 1827 772 1882 diceret
800 1843 813 1880 :
868 1825 1087 1878 Domine
1110 1866 1125 1890 ,
1178 1840 1241 1877 ne
1286 1832 1484 1876 statuas
1532 1820 1637 1874 illis
1687 1818 1784 1872 hoc
1813 1816 1862 1877 B
1887 1819 2030 1875 enim
2063 1819 2379 1890 priusquam
2410 1831 2688 1891 pateretur
2719 1822 2915 1879 Petrus
2941 1865 2958 1891 ,
2990 1824 3109 1880 sine
3134 1824 3305 1897 gratia
3345 1826 3479 1883 fuit:

175 1934 446 1992 peccatum
471 1922 610 1994 (Act.
643 1937 738 1986 vn,
769 1920 902 1990 59)?
929 1927 956 1957 α
983 1917 1147 1987 Cujus
1171 1916 1506 1988 precationis
1532 1913 1780 1969 etl'cctum

176 2019 231 2072 in
267 2016 535 2088 Apostolo
564 2015 854 2081 videmus;
897 2014 1098 2070 Paulus
1125 2013 1267 2068 enim
1307 2011 1397 2082 qui
1425 2008 1782 2080 lapitlantium

177 2109 520 2179 Stephanum
591 2109 915 2164 vestimenta
973 2107 1226 2163 servabat
1263 2105 1426 2175 (Act.
1492 2119 1542 2158 ιιι
1571 2144 1587 2170 ,
1632 2101 1782 2170 15),

175 2219 286 2261 non
339 2204 510 2260 multo
564 2213 750 2276 postea
797 2218 895 2275 per
945 2203 1172 2272 gratiam
1226 2199 1432 2256 Christi
1476 2198 1651 2256 factus
1703 2206 1786 2253 est

176 2297 464 2368 apostolus
499 2337 515 2364 ,
541 2296 632 2368 qui
683 2296 860 2352 iuerat
886 2303 1015 2350 ante
1061 2301 1402 2364 persecutor.

795 2430 1022 2489 CAPUT
1083 2429 1178 2486 XI.

178 2524 447 2596 Superior
491 2522 716 2580 Joannis
755 2524 1010 2580 sententia
1059 2523 1358 2580 illustratur
1404 2524 1509 2578 alio
1558 2519 1790 2595 ejusdem

253 2620 552 2674 testimonio
577 2661 590 2684 ,
626 2635 730 2690 quo
757 2616 1082 2673 credentibus
1109 2617 1162 2671 in
1201 2617 1462 2672 Christum
1487 2615 1632 2672 salus
1663 2630 1788 2685 pro-

252 2709 498 2763 mittitur.
559 2709 707 2764 Unde
755 2719 1047 2780 arguuntur
1077 2707 1363 2763 Novatiani
1393 2717 1449 2762 ut
1494 2707 1584 2778 qui
1629 2705 1790 2776 lapsis

253 2806 413 2873 ﬁdem
467 2804 755 2870 suadeant,
808 2802 992 2876 quibus
1051 2812 1236 2873 negent
1291 2802 1515 2858 veniam.
1571 2799 1795 2854 Additur

252 2898 450 2952 multos
490 2906 776 2968 martyrum
827 2907 942 2966 post
992 2897 1198 2967 lapsum
1259 2895 1518 2966 duplicent
1575 2894 1795 2966 gratiam

255 2997 560 3044 consecutos
591 3005 741 3053 esse;
775 3004 865 3042 nec
916 3005 1018 3042 non
1045 2987 1138 3058 "pii
1186 2987 1510 3042 Satnaritaui
1561 2987 1796 3053 exemplo

255 3084 559 3136 declaratur
611 3098 695 3137 eos
740 3082 795 3136 in
834 3081 1018 3152 quibus
1068 3081 1147 3135 vel
1188 3080 1492 3134 tenuissima
1523 3077 1654 3148 ﬁdes
1691 3077 1804 3148 spi-’

259 3188 342 3232 ret
371 3218 385 3243 ,
418 3193 522 3231 non
549 3175 876 3232 deserendas.

266 3317 361 3371 48.
394 3313 558 3389 [Alias
579 3330 696 3387 cap.
724 3311 824 3386 1.]
850 3313 992 3384 Ergo
1014 3314 1138 3385 quia
1158 3313 1226 3370 de
1255 3313 1483 3370 Joannis
1511 3311 1538 3351 ι)
1555 3310 1799 3384 generali

183 3410 430 3482 cpistola
483 3425 662 3466 sermo
714 3419 840 3476 est,
895 3409 1065 3479 ipsius
1117 3409 1345 3466 Joannis
1397 3409 1451 3464 in
1509 3407 1802 3480 Evangelio

180 3506 401 3575 scripta
431 3504 830 3576 interrogemus
857 3545 871 3570 ,
902 3513 1081 3558 utrum
1113 3519 1235 3558 eum
1268 3513 1448 3558 vestra
1477 3503 1804 3573 interpreta-

181 3600 346 3654 tione
385 3597 732 3654 conveniant.
777 3595 982 3652 Scribit
1021 3597 1164 3651 enim
1215 3595 1418 3652 dixisse
1467 3596 1802 3651 Dominum:

188 3692 337 3759 Quia
382 3692 457 3746 sic
482 3692 663 3748 dilexit
696 3692 838 3748 Deus
865 3696 1003 3748 [tunc
1033 3695 1308 3760 mundum,
1341 3705 1398 3750 ut
1427 3693 1625 3750 Filium
1655 3710 1806 3748 suum

187 3786 525 3857 unigenitum
566 3786 712 3840 daret
737 3803 755 3854 ,'
784 3796 838 3841 ut
865 3787 1031 3841 omnis
1076 3786 1161 3856 qui
1185 3785 1349 3841 credit
1392 3787 1446 3840 in
1489 3803 1648 3853 eum,
1703 3802 1807 3840 non

189 3889 398 3951 pereat,
424 3880 516 3935 sed
545 3880 724 3934 habeat
748 3881 909 3936 vitam
948 3891 1194 3936 wternam
1217 3882 1235 3953 (
1256 3880 1416 3936 Joan.
1466 3897 1522 3936 ιιι
1550 3924 1566 3949 ,
1599 3878 1723 3950 16).
1751 3879 1809 3936 Si

189 3990 363 4046 quem
415 3989 547 4044 ergo
576 3973 783 4045 lapsum
816 3989 1079 4031 revocare
1108 3976 1337 4046 cupias;
1394 3987 1415 4014 ο
1475 3986 1534 4030 ιιι
1577 3974 1807 4040 credat,

191 4083 270 4122 an
320 4077 513 4122 utnon
557 4067 787 4133 credat,
839 4069 1118 4124 hortaris?
1149 4068 1348 4140 Utique
1381 4077 1437 4124 ut
1464 4067 1670 4124 credat.
1704 4067 1811 4123 Sed

192 4161 294 4232 qui
343 4160 694 4232 creditjnxta
740 4161 958 4218 Domini
999 4163 1359 4229 sententiam,
1397 4160 1617 4216 habebit
1648 4161 1811 4215 vitam

195 4264 492 4310 aeternam.
523 4253 809 4322 Quomodo
841 4268 970 4324 ergo
999 4259 1024 4299 d
1054 4252 1370 4324 prohibebis
1407 4266 1567 4308 orare
1597 4267 1693 4322 pro
1724 4265 1809 4317 eo,

197 4349 294 4405 cui
340 4357 547 4403 aeterna
590 4347 699 4402 vita
748 4346 1028 4404 debetur?
1066 4361 1191 4401 cum
1249 4346 1449 4400 divinae
1501 4345 1572 4398 sit
1625 4345 1817 4415 gratiae

201 4444 372 4510 ﬁdes,
394 4443 536 4500 sicut
552 4442 846 4514 Apostolus
865 4443 916 4498 in
941 4441 1298 4498 divisionibus
1318 4440 1612 4512 gratiarum
1635 4441 1820 4507 docet,

203 4536 338 4609 quia
370 4535 462 4592 alii
494 4535 648 4590 datur
677 4535 730 4590 in
763 4534 954 4591 eodem
993 4535 1204 4606 Spiritu
1237 4534 1373 4590 ﬁdes
1402 4533 1580 4603 (lCor.
1620 4549 1716 4602 xu,
1737 4533 1819 4602 9);

1887 1913 1982 1970 sed
2014 1913 2104 1969 ubi
2151 1929 2343 1985 passus
2383 1924 2468 1971 est
2492 1957 2508 1982 ,
2540 1915 2828 1986 acquisivit
2855 1919 3106 1974 alteram.
3143 1919 3212 1975 Et
3241 1919 3487 1992 plerique

1885 2009 1977 2078 qui
2003 2022 2109 2062 non
2142 2006 2447 2062 habuerunt
2469 2009 2719 2079 gratiam,
2751 2019 2809 2064 ut
2835 2025 2932 2080 pro
2959 2009 3090 2068 Jesu
3121 2020 3484 2083 paterentur;

1889 2100 2192 2157 habuerunt
2221 2111 2400 2158 tamen
2427 2102 2654 2173 gratiam
2681 2144 2696 2169 ,
2729 2114 2786 2158 ιιι
2813 2104 2865 2159 in
2891 2103 3076 2162 Jesum
3103 2106 3408 2164 crederent.

1962 2195 2052 2251 51.
2089 2196 2214 2252 Ideo
2261 2196 2506 2252 dicitur:
2564 2196 2634 2253 Ut
2680 2199 2847 2253 omnis
2891 2203 2981 2267 qui
3031 2202 3194 2256 credit
3221 2203 3278 2258 in
3329 2219 3486 2271 eum,

1891 2307 1993 2346 non
2026 2299 2200 2360 pereat
2247 2288 2452 2360 (Joan.
2502 2306 2570 2346 xx
2598 2332 2614 2358 ,
2659 2291 2724 2346 3t
2756 2291 2798 2363 ).
2852 2290 3074 2362 Omnis,
3136 2297 3348 2368 inquit,
3385 2295 3492 2354 hoc

1890 2393 1975 2440 est
2000 2424 2016 2450 ,
2045 2399 2110 2439 ex
2150 2397 2491 2455 quocumque
2528 2392 2671 2439 statu
2697 2425 2712 2450 ,
2742 2399 2809 2441 ex
2847 2401 3190 2460 quocumque
3217 2389 3371 2462 lapsu
3397 2431 3414 2458 ,
3443 2390 3492 2446 si

1892 2476 2121 2544 credat,
2179 2477 2360 2542 perire
2399 2491 2506 2532 non
2558 2477 2763 2534 timeat.
2823 2478 3013 2537 Potest
3059 2482 3206 2539 enim
3272 2483 3393 2541 ﬁeri
3433 2493 3496 2542 ut

1893 2570 2128 2642 aliquem
2169 2569 2238 2626 de
2288 2570 2628 2628 Hierusalem
2677 2559 3106 2632 descendentem
3154 2577 3206 2631 in
3240 2576 3498 2634 Hiericho

1897 2661 2072 2734 (Luc.
2126 2679 2158 2718 x
2185 2703 2201 2730 ,
2254 2664 2325 2721 55
2348 2665 2365 2734 )
2391 2705 2406 2730 ,
2455 2663 2558 2720 hoc
2587 2674 2671 2722 est
2699 2665 2769 2722 de
2799 2668 3042 2740 martyrii
3080 2669 3380 2727 certamine
3407 2687 3497 2728 re-

1898 2755 2107 2827 lapsum
2155 2758 2208 2812 in
2244 2758 2405 2814 istius
2434 2758 2559 2814 vitae
2589 2760 2942 2831 cupiditatem
2990 2770 3009 2809 ί
3060 2764 3496 2838 saecularcmque

1897 2852 2150 2923 gratiam,
2181 2852 2522 2910 vulneratum
2554 2868 2584 2909 a
2605 2854 2927 2921 latronibus,
2962 2856 3065 2913 hoc
3089 2867 3168 2914 est
3191 2900 3205 2926 ,
3239 2874 3271 2916 a
3315 2874 3500 2931 perse-

1898 2944 2180 3002 cutoribus
2213 2988 2228 3012 ,
2287 2955 2342 3003 et
2393 2948 2713 3004 semivivum
2764 2949 3082 3008 derelictum
3143 2954 3500 3026 Evangelicus

1901 3036 1992 3093 ille
2045 3039 2416 3095 Samaritanus
2459 3039 2746 3106 inveniat,
2802 3043 2893 3112 qui
2953 3052 3258 3100 nostrarum
3311 3054 3500 3104 custos

1903 3131 2208 3188 animarum
2239 3143 2322 3188 est
2348 3133 2755 3206 (Samaritanus
2781 3136 2927 3192 enim
2957 3147 3144 3194 custos
3169 3137 3419 3210 dicitur),
3445 3152 3504 3198 et

1826 3215 1870 3278 C
1904 3243 2013 3284 non
2048 3237 2332 3297 praetereat
2362 3244 2484 3284 eum
2510 3272 2525 3297 ,
2558 3229 2652 3285 sed
2683 3239 2836 3287 curet
2864 3241 2918 3287 et
2947 3241 3121 3288 sanet.

1975 3321 2065 3382 52,
2096 3320 2353 3376 Fortasse
2381 3321 2503 3377 ideo
2545 3337 2652 3378 non
2683 3323 2920 3394 praeterit
2947 3339 3069 3380 eum
3097 3366 3113 3393 ,
3145 3327 3269 3397 quia
3296 3326 3505 3400 aliquid

1905 3413 1958 3468 in
1982 3429 2048 3469 eo
2079 3414 2238 3468 vitale
2265 3415 2543 3485 agnoscit;
2567 3414 2710 3472 unde
2736 3416 2781 3472 is
2807 3417 2979 3488 possit
3006 3418 3170 3476 vitam
3200 3436 3502 3482 resumere.

1905 3505 2094 3562 Nonne
2143 3506 2300 3562 vobis
2331 3506 2546 3563 videtur
2581 3508 2672 3564 ille
2697 3508 2790 3580 qui
2831 3510 3019 3581 lapsus
3058 3521 3144 3569 est
3167 3555 3182 3581 ,
3211 3515 3506 3576 semivivus

1907 3615 2052 3665 esse,
2075 3599 2122 3655 si
2152 3600 2314 3656 vitale
2345 3601 2548 3672 aliquid
2583 3605 2607 3642 ε
2635 3603 2770 3660 ﬁdes
2792 3606 2998 3677 spiret?
3017 3605 3151 3664 Nam
3174 3611 3264 3682 qui
3292 3611 3508 3682 penitus

1911 3693 2078 3748 Deum
2129 3709 2193 3750 ex
2227 3708 2326 3748 suo
2356 3695 2523 3751 corde
2571 3695 2756 3768 abjicit
2782 3740 2797 3764 ,
2846 3699 2938 3756 ille
2990 3710 3238 3760 mortuus
3265 3715 3367 3762 est.
3405 3706 3511 3775 Qui

1911 3803 2042 3858 ergo
2074 3803 2182 3843 non
2223 3788 2442 3858 penitus
2469 3789 2675 3859 abjicit,
2702 3791 2797 3848 sed
2831 3807 2932 3864 per
2953 3794 3366 3868 impressionem
3397 3807 3510 3856 tor-

1913 3890 2222 3938 mentorum
2253 3882 2320 3937 ad
2361 3892 2577 3954 tempus
2625 3889 2880 3956 negavit,
2924 3889 3222 3948 semivivus
3251 3901 3352 3948 est.
3403 3896 3514 3952 Aut

1913 3975 1960 4031 si
1989 3984 2234 4032 mortuus
2261 3984 2366 4042 est,
2390 3991 2488 4031 cur
2515 3977 2564 4033 ei
2596 3977 2800 4047 dicitis,
2823 3980 3088 4050 agendam
3113 3983 3510 4056 ptenitentiam,

1915 4072 2004 4142 qni
2028 4071 2140 4141 jam
2163 4070 2344 4126 curari
2371 4085 2480 4127 non
2505 4074 2720 4142 potest?
2743 4071 2801 4130 Si
2833 4074 3127 4132 semivivus
3152 4087 3256 4146 est,
3287 4079 3516 4136 infunde

1918 4165 2096 4220 oleum
2129 4172 2186 4220 et
2215 4164 2419 4228 vinum,
2455 4180 2563 4221 non
2594 4165 2778 4222 vinum
2810 4168 2929 4225 sine
2959 4170 3102 4238 oleo,
3135 4173 3344 4230 scilicet
3370 4176 3515 4248 quod

1919 4266 1975 4314 et
2025 4259 2200 4313 foveat
2248 4267 2305 4313 et
2330 4258 2660 4315 remordeat.
2717 4261 2873 4318 Tolle
2924 4279 3048 4319 eum
3107 4265 3160 4322 in
3207 4267 3514 4337 jumentum

1923 4359 2070 4405 tuum
2102 4391 2117 4418 ,
2172 4349 2322 4406 trade
2365 4351 2662 4409 stabulario
2689 4393 2705 4422 ,
2754 4354 2864 4411 duo
2913 4370 3020 4412 aera
3067 4359 3134 4414 ad
3175 4360 3292 4431 ejus
3331 4377 3516 4421 curam

1923 4441 2176 4510 impende
2206 4483 2220 4507 ,
2279 4451 2397 4499 esto
2440 4444 2491 4500 ei
2551 4446 2832 4516 prosimus
2863 4446 3044 4520 (Ibid.
3074 4491 3090 4518 ,
3134 4467 3336 4521 xxxiv,
3380 4455 3450 4512 35
3478 4457 3518 4528 ).

1925 4535 2211 4592 Proximus
2247 4546 2428 4594 autem
2458 4552 2582 4595 esse
2619 4555 2726 4596 non
2775 4551 2930 4612 potes
2957 4584 2974 4612 ,
3019 4545 3124 4601 nisi
3155 4546 3321 4605 facias
3361 4551 3524 4608 mise-

207 4639 271 4684 et
314 4627 566 4698 discipuli
627 4627 858 4682 Domino
905 4625 1131 4682 dicant:
1207 4627 1424 4699 Adauge
1479 4626 1624 4681 nobis
1669 4625 1825 4695 ﬁdem
1855 4618 1904 4679 ι)
1932 4628 2265 4696 ricordiam;
2313 4645 2476 4687 nemo
2515 4632 2661 4689 enim
2692 4644 2876 4704 potest
2920 4636 3026 4692 dici
3060 4640 3377 4709 proximus,
3419 4643 3524 4701 nisi

205 4724 228 4796 (
255 4723 392 4778 Luc.
424 4736 552 4788 xvu,
583 4723 615 4778 5
641 4722 678 4792 ).
709 4722 809 4790 Qui
852 4737 983 4792 ergo
1008 4721 1169 4776 ﬁdem
1201 4721 1401 4786 habet,
1433 4720 1597 4776 habet
1625 4720 1819 4775 vitam:

205 4819 307 4890 qui
338 4817 506 4872 vitam
536 4815 738 4883 habet,
770 4830 878 4871 non
909 4824 994 4870 est
1031 4815 1216 4886 utique
1255 4814 1508 4871 exclusus
1557 4829 1585 4867 a
1639 4813 1820 4869 venia.

215 4912 408 4970 Omnis
431 4953 448 4978 ,
480 4911 653 4982 inquit
685 4952 701 4978 ,
743 4912 831 4980 qui
878 4910 1042 4965 credit
1068 4911 1120 4965 in
1152 4926 1269 4966 eum
1290 4951 1304 4976 ,
1333 4927 1435 4965 non
1467 4918 1660 4979 pereat.
1688 4909 1823 4964 Cutn

213 5005 404 5062 omnis
437 5002 639 5059 dicitur
665 5044 683 5072 ,
723 5003 904 5061 nullus
932 5002 1242 5060 excluditur
1267 5045 1282 5071 ,
1314 5002 1494 5058 nullus
1515 5001 1820 5072 excipitur;

210 5115 328 5156 non
373 5097 520 5154 enim
575 5095 778 5168 excipit
825 5112 948 5154 eum
997 5098 1092 5168 qui
1143 5095 1326 5169 lapsus
1374 5105 1498 5162 est,
1549 5097 1594 5151 si
1647 5104 1827 5152 tamen

211 5204 413 5266 postea
447 5192 589 5248 bene
614 5190 825 5248 credat.

291 5287 389 5345 49.
443 5285 714 5342 Plurimos
735 5284 1104 5357 comperimus
1137 5297 1158 5323 υ
1200 5299 1260 5341 se
1299 5283 1483 5342 denuo
1512 5284 1834 5342 reformasse

295 5417 324 5446 ιι
346 5406 481 5462 Mss.
510 5404 750 5477 aliquot,
773 5405 919 5477 cujus
944 5403 1224 5477 precatoris
1258 5401 1537 5470 effectum,-
1567 5402 1786 5474 quidam
1814 5445 1830 5471 ,

215 5479 656 5608 aﬂgggt‘reralis
679 5547 873 5606 dicitur
900 5548 1072 5618 prima
1099 5545 1325 5604 Joannis
1355 5545 1554 5618 Epist.,
1583 5547 1705 5618 quia
1725 5559 1831 5618 non

223 5624 507 5696 singulari
532 5620 700 5696 alicui
745 5617 1014 5696 personae,
1047 5629 1106 5675 ut
1131 5620 1368 5676 secunda
1398 5617 1453 5675 et
1495 5617 1652 5676 tertia
1677 5660 1691 5682 ,
1738 5617 1834 5673 sed

228 5693 348 5753 toti
379 5693 550 5751 simul
583 5693 836 5750 Ecclesiae
862 5693 1187 5748 destinatur.

305 5775 330 5804 ε
365 5767 502 5822 Mss.
540 5766 780 5836 aliquot,
821 5775 879 5820 ut
902 5764 1106 5826 credat,
1140 5764 1363 5820 hortaris
1384 5764 1410 5818 ?
1463 5762 1683 5833 Utique,
1726 5771 1835 5817 etc.

304 5836 333 5876 ά
374 5835 641 5896 Nonnulli
666 5852 818 5906 mss.,
853 5835 1132 5907 prohiberis
1161 5853 1326 5893 orare.

1925 4721 2013 4790 qni
2045 4723 2356 4790 curaverit,
2391 4739 2499 4780 non
2527 4725 2810 4782 occiderit.
2843 4726 2904 4784 Si
2942 4739 3121 4787 autem
3153 4732 3236 4789 vis
3265 4733 3370 4790 dici
3401 4751 3530 4806 pro-

1928 4813 2106 4867 ximus
2132 4854 2147 4880 ,
2181 4816 2312 4872 dicit
2358 4817 2454 4873 tibi
2487 4817 2737 4877 Christus
2771 4837 2785 4874 :
2826 4819 2991 4893 Vade,
3023 4833 3069 4879 et
3099 4831 3154 4881 tu
3182 4830 3268 4898 fac
3291 4829 3526 4886 similiter

1927 4907 1945 4977 (
1973 4906 2139 4976 Ibid.,
2167 4909 2236 4966 s7
2266 4911 2307 4980 ).

2534 5003 2763 5066 CAPUT
2801 5008 2920 5068 XII.

1938 5097 2090 5152 Locis
2125 5113 2190 5152 ex
2233 5096 2457 5154 Joannis
2495 5098 2781 5175 Evangelia
2799 5107 2915 5176 jam
2943 5105 3114 5164 citatis
3141 5109 3274 5165 alius
3301 5111 3530 5169 indidem

2010 5192 2336 5266 adjungitur.
2393 5192 2531 5248 Tum
2595 5198 2967 5255 servandorum
3018 5201 3118 5258 Dei
3170 5206 3534 5265 mandatorum

2014 5286 2367 5341 necessitatem
2394 5285 2756 5361 objicientibus
2796 5292 2950 5363 facile
2975 5294 3312 5365 respondetur
3350 5315 3454 5355 non
3487 5301 3538 5358 ei

2018 5401 2204 5476 f'l‘res‘
2226 5417 2360 5458 mss.
2389 5419 2444 5459 se
2480 5421 2751 5474 armasse;
2777 5423 2918 5465 unus
2944 5451 2959 5476 ,
2987 5426 3043 5465 se
3064 5426 3350 5471 renovasse.

2019 5472 2038 5510 ί
2068 5473 2304 5550 Quidam
2329 5489 2462 5531 mss.
2481 5518 2498 5544 ,
2527 5472 2768 5533 saeculari
2797 5472 2983 5550 gratia.

2017 5555 2041 5592 ις
2074 5546 2442 5624 Ms_s._aliquot
2465 5589 2482 5616 ,
2513 5546 2826 5624 βιιελδρειρει.
2867 5551 3040 5624 Minus
3077 5559 3384 5619 commode.
3426 5559 3535 5624 Sed

1940 5615 2194 5694 fortassis
2219 5615 2542 5694 legendum,
2558 5615 2856 5694 ﬁd‘e'spiret.
2891 5623 3090 5681 Eadem
3117 5615 3538 5694 autemvratiot'te

1942 5685 2248 5772 Cyprianus
2269 5685 2457 5772 repistz
2481 5685 2573 5757 52,
2607 5685 2779 5772 deus
2818 5694 2908 5763 qui
2941 5694 3101 5754 ﬁdem
3144 5685 3295 5758 intus
3318 5685 3539 5765 έόἦὲέῑτῖ

1945 5772 2138 5838 vantes
2162 5803 2177 5826 ,
2207 5761 2391 5838 _idol_is
2420 5761 2545 5817 thus
2583 5763 2654 5818 ob
2668 5761 3079 5838 tormentorum
3123 5782 3325 5830 metum
3362 5761 3534 5838 διὶῐιὶ-

1946 5832 2170 5897 lissent,
2205 5832 2441 5902 loquitur
2467 5873 2481 5899 ,
2533 5849 2636 5903 qua
2667 5832 2770 5891 hoc
2799 5834 2854 5894 in
2897 5841 3074 5915 capite
3123 5832 3461 5910 Ambrosius.
