4042 6294
575 310 681 371 485

1895 298 2140 358 SANCTI
2177 294 2501 377 Austrosu

3744 289 3825 352 iii

644 426 743 483 soti
766 427 855 499 qui
884 440 1085 497 semper
1118 465 1133 491 ,
1161 422 1253 481 sed
1301 423 1458 479 etiam
1497 421 1543 479 ei
1572 420 1662 494 qui
1704 428 1820 493 post
1848 417 2171 490 lqpsumilta
2200 417 2254 487 Α
2281 414 2491 473 Domini
2537 412 2786 475 mandata
2813 454 2830 479 ,
2885 412 3001 485 ipse
3039 420 3093 485 te
3140 411 3371 479 doceat,
3406 412 3498 485 qui
3547 412 3696 468 etiam
3742 430 3824 469 non

647 516 957 582 servaverit,
988 517 1142 571 vitam
1166 514 1422 587 promitti.
1451 511 1601 578 Quod
1626 512 1709 577 ubi
1733 527 1798 571 ea:
1828 509 2020 565 Dauide
2037 525 2173 563 com-

652 609 923 679 probatum
949 618 1024 665 est
1052 652 1065 676 ,
1093 608 1371 680 quamdam
1414 616 1576 662 tamen
1603 620 1711 667 esse
1736 605 1868 661 inter
1907 613 2178 673 utrumque

652 698 998 770 diﬂereutiam
1026 701 1341 781 declaratur.

652 840 951 913 55.?[Atias
1000 857 1116 911 cap.
1149 838 1285 913 XL]
1318 837 1475 895 Aliud
1506 836 1686 893 simile
1731 834 2172 892 consideremus:

580 935 685 1001 Qui
712 934 871 989 credit
900 936 951 988 in
985 932 1204 997 Filium,
1232 933 1378 987 habet
1405 933 1559 986 vitam
1587 941 1866 987 aeternam:
1888 929 1977 999 qui
2008 937 2176 982 autem

580 1038 604 1066 η
635 1045 738 1084 non
763 1027 929 1083 credit
954 1023 1099 1081 Filio
1126 1067 1139 1091 ,
1179 1042 1282 1080 non
1310 1025 1498 1080 videbit
1522 1024 1679 1079 vitam
1705 1065 1719 1087 ,
1750 1021 1840 1077 sed
1885 1020 1964 1074 ira
2012 1017 2176 1091 ωδ

579 1122 679 1177 Dei
716 1131 885 1176 manet
910 1136 1060 1193 super
1088 1136 1202 1174 eum
1232 1121 1250 1190 (
1278 1118 1437 1173 Jaau.
1471 1133 1527 1172 ιιι
1559 1159 1574 1184 ,
1610 1115 1743 1188 16).
1795 1113 1949 1183 Quod
1996 1122 2178 1168 manet

577 1216 763 1287 utique
788 1214 897 1286 jam
927 1213 1093 1281 erepit
1116 1253 1131 1278 ,
1160 1221 1218 1267 et
1240 1227 1311 1267 ex
1336 1211 1539 1268 delicto
1569 1210 1755 1281 aliquo
1800 1208 2000 1280 coepit;
2050 1206 2176 1277 quia

577 1320 704 1366 ante
733 1325 841 1365 non
869 1307 1119 1365 credidit.
1154 1307 1254 1364 Ubi
1285 1323 1418 1378 ergo
1438 1308 1560 1373 quis
1589 1306 1797 1371 credit.
1833 1306 1912 1361 ira
1940 1303 2037 1360 Dei
2064 1301 2179 1357 dis-

577 1404 755 1471 cedit,
790 1407 897 1458 vita
925 1412 1108 1459 autem
1131 1400 1342 1457 accedit
1369 1401 1389 1473 (
1414 1399 1550 1455 Ibid.
1575 1442 1588 1467 ,
1618 1400 1689 1456 56
1712 1396 1753 1473 )’.
1784 1396 2024 1453 Credere
2048 1412 2178 1468 ergo

575 1497 628 1552 in
675 1495 952 1552 Christum
979 1537 994 1563 ,
1044 1494 1251 1550 lucrum
1282 1493 1409 1548 vita:
1439 1502 1559 1559 est;
1592 1493 1682 1564 qui
1731 1492 1876 1547 enim
1919 1488 2091 1545 credit
2124 1490 2174 1544 in

576 1604 698 1645 eum
730 1631 746 1657 ,
780 1605 887 1643 non
924 1588 1221 1659 iudicatur.

642 1683 737 1739 54.
769 1682 876 1740 Sed
904 1681 1147 1737 referunt
1178 1681 1278 1737 hoc
1316 1680 1434 1734 loco
1458 1678 1713 1750 quaniam
1745 1679 1790 1734 is
1820 1674 2099 1749 quicredit
2122 1675 2177 1729 in

574 1775 875 1842 Christum,
907 1774 1186 1831 custodire
1201 1773 1397 1829 debeat
1415 1787 1725 1828 sermonem
1749 1770 1898 1842 ejus;
1930 1770 2009 1824 sic
2030 1767 2174 1823 enim

572 1872 724 1925 aiunt
768 1869 1030 1940 scriptum
1061 1910 1077 1936 ,
1112 1868 1328 1925 dicente
1370 1867 1600 1923 Domino
1629 1884 1642 1920 :
1677 1865 1787 1939 Ego
1816 1866 1909 1919 tua:
1951 1864 2005 1918 in
2042 1862 2179 1916 hunc

574 1964 830 2021 mundum
859 1967 972 2020 ueni
998 2008 1012 2032 ,
1047 1978 1100 2019 ut
1130 1964 1296 2019 omnis
1324 1963 1414 2028 qui
1444 1963 1603 2018 credit
1633 1964 1686 2016 in
1731 1978 1840 2029 me,
1871 1963 1925 2015 iu
1956 1958 2177 2015 tenebris

574 2074 678 2115 non
707 2066 952 2113 maneat:
980 2068 1026 2114 et
1054 2058 1100 2112 si
1134 2057 1246 2127 quis
1294 2056 1515 2111 audierit
1555 2070 1839 2110 sermonem
1870 2069 2039 2109 meum
2064 2095 2078 2120 ,
2132 2060 2177 2106 et

577 2152 881 2208 custodierit
925 2167 1062 2217 eum,
1106 2167 1199 2223 ego
1249 2165 1352 2205 non
1370 2150 1553 2221 judico
1582 2164 1699 2204 eum
1723 2147 1904 2221 (Joan.
1939 2163 2035 2213 xu,
2064 2143 2135 2201 46
2158 2188 2171 2211 ,

580 2243 700 2314 47).
734 2243 832 2298 Ille
861 2258 969 2298 non
995 2242 1240 2312 judicat,
1287 2250 1342 2298 et
1372 2251 1427 2296 tu
1469 2239 1714 2312 judicast
1753 2239 1847 2295 Ille
1889 2238 2062 2295 dicit:
2109 2238 2177 2293 Ut

582 2336 671 2404 qui
702 2336 866 2391 credit
912 2337 966 2390 in
1001 2352 1082 2391 me
1110 2379 1125 2404 ,
1167 2336 1222 2390 in
1255 2336 1473 2390 tenebris
1512 2351 1614 2390 non
1642 2344 1869 2401 maneat,
1923 2333 2025 2387 hoc
2053 2340 2139 2387 est
2162 2374 2177 2400 ,

580 2442 637 2488 et
682 2431 729 2487 si
760 2430 923 2489 fuerit
947 2430 1001 2487 in
1040 2430 1279 2487 tenebris
1307 2472 1321 2496 ,
1355 2446 1461 2486 non
1495 2438 1810 2501 permaneat
1836 2429 1889 2485 in
1922 2428 2001 2483 eis
2032 2470 2046 2495 ρ
2094 2443 2182 2482 er-

579 2539 759 2580 rorem
781 2524 1065 2591 emendet,
1095 2524 1306 2594 culpam
1328 2524 1563 2592 corrigat
1590 2564 1605 2590 ,
1630 2522 1900 2578 custodiat
1930 2520 2179 2577 mandata

582 2634 699 2674 mea
733 2635 748 2683 ;
790 2617 901 2673 dixi
932 2618 1076 2673 enim
1108 2634 1123 2672 :
1174 2616 1314 2671 Nolo
1340 2625 1553 2671 mortem
1576 2615 1873 2687 'peccatoris
1895 2656 1911 2681 ,
1939 2614 2032 2669 sed
2069 2628 2184 2667 cor-

582 2711 857 2765 rectionem
884 2710 905 2782 (
925 2707 1116 2763 Ezech.
1163 2723 1354 2773 ιιιιιι,
1387 2706 1513 2779 11).
1537 2707 1658 2762 Dixi
1686 2722 1888 2777 supra:
1922 2704 2182 2771 Quoniam

582 2805 672 2874 qui
693 2804 749 2857 in
769 2818 851 2857 me
878 2801 1061 2869 credit,
1096 2817 1197 2855 non
1211 2800 1507 2869 judicatur;
1534 2809 1587 2853 et
1616 2799 1719 2855 hoc
1738 2798 1987 2853 custodio
2012 2812 2026 2850 :
2061 2794 2183 2850 Non

583 2897 719 2951 enim
763 2894 877 2949 veni
903 2937 917 2961 ,
967 2904 1024 2948 ut
1068 2893 1299 2963 judicent
1363 2892 1652 2959 mundum,
1718 2891 1808 2945 sed
1858 2900 1912 2945 ut
1957 2889 2184 2945 salvetur

582 2991 806 3055 mundus
832 3006 924 3061 per
946 3005 1026 3043 me
1052 2987 1245 3062 (Joan.
1275 3004 1353 3044 ιιι.
1387 2986 1516 3061 17).
1548 2988 1805 3043 Libenter
1836 2988 2057 3059 ignosco
2078 2982 2184 3056 (De

582 3083 800 3150 Ptznitq
830 3084 951 3138 dist.
984 3085 1037 3148 1,
1065 3098 1183 3155 cap.
1217 3080 1527 3154 Libenter),
1580 3090 1828 3152 prompte
1882 3079 2137 3150 indulgeo
2164 3092 2178 3130 :

580 3176 607 3217 ι)
636 3176 1052 3233 Misericordia»:
1081 3176 1240 3242 malo,
1270 3190 1426 3247 quam
1449 3176 1764 3246 sacriﬁcium
1794 3172 1942 3245 (Ose.
1974 3188 2055 3240 vt,
2080 3172 2176 3243 6);

576 3274 703 3343 quia
736 3287 831 3343 per
854 3271 1180 3327 sacriﬁcium
1204 3271 1390 3342 justus
1426 3270 1863 3334 commendatur,
1896 3284 1992 3340 per
2021 3269 2183 3322 mise-
2218 3269 2229 3301 ῖ

575 3365 869 3423 ricordiam
894 3377 1151 3437 peccator
1180 3365 1486 3421 redimitur.
1515 3364 1636 3419 Non
1658 3366 1770 3419 ueni
1790 3368 2178 3437 oocarejustos,

578 3462 668 3517 sed
691 3471 988 3532 peccatores
1018 3459 1247 3532 (Matth.
1280 3476 1360 3525 ιι,
1396 3459 1523 3530 15).
1554 3458 1611 3513 ln
1642 3459 1784 3528 Lege
1810 3458 2136 3512 sacrilicium
2162 3500 2176 3523 ,

581 3552 635 3606 in
668 3552 962 3623 Evangelio
983 3551 1358 3609 misericordia
1389 3562 1471 3606 est
1497 3569 1510 3604 :
1551 3550 1661 3606 Lex
1692 3565 1786 3622 per
1810 3549 2027 3620 Moysen
2055 3547 2179 3602 data

581 3655 705 3710 est,
742 3659 838 3715 per
879 3660 967 3701 me
1007 3645 1181 3716 gratia
1216 3644 1417 3718 (toan.
1450 3661 1488 3712 I,
1533 3642 1667 3715 17).
1721 3641 1860 3711 Quid
1914 3640 2016 3696 hoc
2066 3640 2183 3696 evi-

581 3740 800 3803 dentius
828 3740 852 3793 ‘t

650 3835 741 3890 55.
775 3834 1019 3903 Denique
1043 3842 1099 3890 et
1126 3832 1312 3889 subter
1340 3832 1446 3887 ait:
1479 3831 1584 3899 Qui
1629 3830 1821 3902 spernit
1852 3847 1967 3895 me,
2000 3840 2047 3884 et
2076 3845 2180 3885 non

578 3927 768 3997 accipit
791 3926 944 3981 verba
967 3942 1081 3981 mea
1106 3968 1122 3993 ,
1156 3924 1304 3980 habet
1343 3926 1432 3997 qui
1465 3925 1667 3996 judicet
1689 3941 1806 3980 eum
1838 3924 2029 3995 (Joan.
2080 3939 2173 3992 xu,

577 4022 649 4078 48
674 4020 712 4093 ).
762 4020 901 4077 Num
942 4021 1038 4078 tibi
1070 4020 1284 4078 videtur
1330 4021 1580 4089 accipere
1612 4020 1776 4075 verba
1811 4017 2056 4086 Christi,
2087 4018 2178 4089 qui

577 4131 771 4172 senon
802 4114 1143 4172 correxerit?
1187 4115 1435 4170 Proiecto
1484 4130 1591 4170 non
1622 4114 1856 4170 videtur.
1900 4113 2003 4182 Qui
2049 4128 2179 4184 ergo

575 4211 801 4281 corrigit
826 4225 885 4266 se
907 4253 923 4277 ,
953 4209 1154 4281 accipit
1183 4209 1409 4265 verbum
1437 4209 1581 4280 ejus,
1615 4209 1719 4265 hoc
1759 4219 1842 4264 est
1882 4209 2025 4264 enim
2058 4223 2178 4264 vero

577 4304 706 4361 bum
733 4305 872 4376 ejus,
923 4315 981 4360 ut
1007 4319 1068 4361 se
1097 4306 1469 4378 unusquisque
1517 4311 1739 4361 revocet
1777 4320 1807 4359 a
1857 4305 2033 4376 Cltlpl.
2073 4305 2181 4359 Aut

530 4388 537 4393 ’
582 4397 837 4455 excludas
887 4399 1049 4470 igitur
1093 4412 1318 4456 necesse
1364 4409 1448 4455 est
1476 4399 1617 4453 hanc
1661 4397 1779 4467 ejus
1810 4398 2174 4453 sententiam:

573 4504 668 4559 aut
691 4494 735 4549 si
767 4508 967 4564 negare
1000 4510 1104 4550 non
1138 4503 1322 4563 potes,
1360 4494 1696 4566 acquiescas.

2279 508 2712 577 custodientibus
2741 506 2993 583 mandata
3029 520 3125 571 sua
3178 508 3391 579 ueniam
3425 522 3529 563 non
3565 507 3823 579 denegavit,

2279 602 2420 679 sicut
2463 600 2630 673 babes
2678 600 2733 679 ip
2799 600 2991 677 pastini
3040 615 3316 674 corpore:
3352 599 3414 657 Si
3451 601 3677 674 justitias
3721 618 3829 659 metu

2281 694 2712 769 profanaverint,
2769 704 2818 751 et
2869 694 3115 771 mandati;
3177 710 3291 755 utea
3345 710 3451 763 non
3501 695 3829 762 custodieriat;

2279 788 2494 867 visitqbp
2520 788 2572 861 in
2598 787 2744 865 pirga
2770 786 3067 851 iniquitates
3090 802 3289 855 eorum,
3306 796 3355 843 et
3376 788 3430 863 in
3447 788 3661 863 ﬂagellis
3679 787 3830 843 delicta

2278 896 2453 955 eorum
2486 896 2503 935 :
2532 879 2940 957 misericordiam
2965 890 3140 951 autem
3164 896 3328 935 meam
3354 896 3460 941 non
3489 879 3760 953 disperdqm
3782 881 3830 934 ei

2278 976 2351 1029 eis
2382 973 2553 1046 (Psal.
2580 989 2848 1051 uuvtu,
2869 974 2962 1043 52,
2990 974 3104 1047 55).
3130 975 3394 1053 tinnitibus
3427 975 3588 1053 igitur
3611 975 3833 1049 promittit

2282 1066 2733 1137 misericordiam.

2353 1160 2441 1229 58.
2496 1159 2602 1231 Sed
2649 1175 2716 1221 ne
2754 1159 2875 1218 sine
2893 1160 3100 1233 judicio
3130 1159 3268 1223 banc
3294 1174 3418 1217 esse
3450 1157 3831 1223 misericordiam

2280 1253 2483 1331 putetis
2508 1293 2526 1333 ρ
2556 1262 2641 1317 est
2686 1252 2943 1311 discretio
2993 1254 3134 1313 inter
3160 1268 3256 1317 eos
3278 1252 3373 1323 qui
3390 1262 3695 1324 perpetuam
3714 1253 3833 1309 detu-

2283 1346 2451 1403 lerint
2475 1346 2842 1413 obedientiam
2870 1347 3139 1411 mandatis
3165 1348 3506 1417 cmleStibus,
3532 1358 3589 1409 et
3613 1349 3739 1407 inter
3760 1362 3832 1405 eos

2280 1440 2372 1509 qui
2403 1440 2694 1512 aliquando
2726 1442 2808 1498 vel
2838 1457 3026 1499 errore
3049 1484 3065 1507 .
3097 1442 3185 1497 vel
3218 1442 3547 1519 necessitate
3585 1442 3707 1517 lapsi
3733 1440 3834 1503 sint.

2280 1531 2351 1599 Et
2409 1547 2477 1601 uc
2547 1545 2736 1593 nostro
2785 1536 3157 1597 circumscribi
3214 1547 3267 1593 te
3307 1548 3627 1613 argumento
3682 1541 3833 1605 potes.

2281 1622 2307 1663 δ
2325 1626 2529 1687 Christi
2555 1626 2816 1699 judicium
2835 1628 3023 1699 accipe
3049 1628 3284 1697 ;eteuitu
3307 1628 3386 1685 ait
3408 1628 3504 1697 :Si
3530 1628 3687 1685 sciens
3700 1641 3837 1683 mss

2282 1719 2597 1793 voluntatem
2623 1720 2821 1787 domini
2850 1721 2929 1775 sui
2969 1738 3071 1776 non
3099 1723 3247 1792 fecit,
3276 1720 3545 1792 vapulabit
3574 1719 3768 1776 multis:
3805 1718 3838 1771 si

2209 1819 2256 1895 β
2281 1824 2456 1879 autem
2483 1815 2693 1870 nescivit
2716 1856 2731 1882 ,
2758 1814 2925 1893 ιω
2949 1816 3210 1888 vapulabit
3236 1818 3416 1889 paucis
3446 1815 3620 1889 (Luc.
3642 1831 3711 1872 ιιι
3729 1856 3744 1883 ,
3767 1814 3836 1877 i7,

2285 1912 2357 1983 48
2385 1911 2427 1980 l-
2464 1908 2704 1981 Uterque
2733 1910 2896 1985 igitur
2950 1911 2995 1973 si
3027 1911 3215 1971 credat
3245 1954 3261 1983 ,
3295 1910 3585 1985 recipitur,
3635 1911 3745 1985 quia
3771 1924 3836 1963 ca-

2281 2004 2438 2078 stigat
2482 2019 2686 2067 omnem
2741 2002 3103 2075 ﬁtiumDeus,
3150 2022 3300 2087 quem
3326 2005 3515 2077 recipit
3543 2002 3740 2077 (Hebr.
3768 2016 3839 2064 xu,

2282 2093 2355 2168 θ)
2383 2114 2394 2147 ί
2425 2103 2479 2155 ει
2502 2110 2663 2171 quin]
2690 2096 2919 2171 castigat
2942 2139 2959 2164 .
2987 2100 3145 2157 morti
3168 2098 3352 2170 utique
3382 2114 3491 2161 non
3519 2097 3712 2171 tradit;
3743 2096 3840 2166 quia

2280 2190 2541 2261 scriptum
2579 2200 2700 2249 est:
2732 2190 3003 2267 castigans
3047 2193 3313 2264 castigavit
3347 2209 3428 2249 me
3482 2190 3761 2261 Dominus,
3805 2198 3839 2244 et

2282 2281 2436 2336 morti
2467 2299 2569 2336 non
2608 2284 2821 2345 tradidit
2864 2301 2944 2361 me
2965 2283 2988 2360 (
3013 2284 3162 2361 Psgl.
3193 2300 3363 2355 cxvtt,
3400 2283 3532 2357 18).

2792 2470 2807 2479 I
2872 2398 3100 2467 caput
3138 2398 3275 2467 XIII.

2286 2486 2387 2555 Qui
2426 2499 2705 2558 peccatum
2751 2490 2816 2547 sd
2850 2501 3078 2575 mortem
3108 2494 3324 2571 fecerint
3353 2534 3368 2560 ,
3398 2509 3503 2549 non
3532 2491 3840 2571 deserendas,

2354 2574 2444 2641 sed
2477 2590 2788 2658 pmnitentia:
2810 2574 3155 2665 subjiciendos
3181 2608 3245 2669 ea:
3269 2590 3442 2647 Paulo
3467 2591 3699 2647 docetur.
3737 2585 3845 2657 Quid

2354 2683 2422 2735 sit
2468 2683 2603 2761 tradi
2631 2683 2845 2741 Satanae
2876 2687 2928 2742 in
2961 2687 3240 2761 interitum
3271 2687 3451 2755 carnis
3483 2728 3498 2753 ,
3534 2698 3583 2742 et
3610 2701 3749 2758 quant
3772 2680 3845 2735 hoc

2356 2779 2660 2849 optandum.
2714 2780 2965 2847 Satanam
3007 2786 3211 2857 corpori
3234 2782 3524 2838 debilitates
3546 2778 3844 2857 inferre,“

2356 2888 2440 2926 eas
2466 2872 2521 2926 in
2549 2874 2763 2942 spiritus
2791 2875 3065 2935 utilitatem
3088 2878 3314 2957 coquerti
3334 2895 3355 2946 ;
3406 2877 3548 2945 unde
3574 2891 3746 2959 inagna
3770 2870 3842 2927 Dei

2356 2964 2517 3019 elucet
2539 2967 2766 3039 potentia
2792 3009 2806 3035 ,
2838 2985 2939 3038 qua
2969 2969 3119 3024 illum
3163 2980 3219 3026 ut
3248 2970 3345 3045 sibi
3373 2981 3599 3043 noceat,
3649 2979 3694 3025 ει
3730 2965 3843 3035 ηρθίε

2357 3057 2519 3127 prosit
2544 3100 2558 3124 ,
2607 3060 2742 3145 cogit
2778 3061 3019 3117 invitum.

2356 3171 2446 3227 59.
2480 3172 2723 3244 Denique
2753 3174 2952 3230 Paulus
2971 3175 3130 3232 docet
3158 3193 3266 3247 non
3287 3176 3624 3243 deserendas
3650 3190 3739 3234 eos
3774 3172 3843 3244 qui

2285 3276 2564 3336 peccatum
2591 3267 2657 3322 ad
2681 3278 2911 3324 mortem
2935 3270 3180 3338 fecerint,
3204 3271 3301 3349 sed
3322 3272 3499 3345 potius
3524 3272 3841 3349 lacrymsntm

2285 3361 2516 3432 panibus
2549 3404 2564 3427 ,
2598 3370 2654 3418 et
2704 3372 2831 3434 potu
2881 3366 3216 3422 coercendos
3261 3366 3470 3433 tlcbili;
3514 3366 3591 3422 ita
3622 3376 3782 3422 tamen
3803 3371 3845 3418 ut

2287 3454 2401 3523 ipsa
2443 3454 2719 3512 moderata
2749 3466 2896 3513 esset
2946 3460 3189 3514 tristitia.
3241 3459 3355 3516 Hoc
3400 3462 3550 3518 enim
3579 3460 3842 3533 signiﬁcat:

2286 3544 2475 3602 Polum
2499 3547 2650 3633 dabis
2672 3550 2745 3603 eis
2773 3550 2824 3603 in
2849 3550 3093 3629 tacrymis
3113 3551 3165 3606 in
3185 3569 3425 3609 mensura
3472 3553 3647 3627 (Psat.
3679 3568 3810 3610 um
3833 3593 3844 3616 ,

2287 3642 2380 3713 6);
2413 3650 2471 3697 ut
2511 3644 2629 3712 ipsa
2653 3644 2907 3699 mmstitia
2942 3654 2967 3681 ε
3001 3660 3308 3702 mensuram
3356 3646 3599 3719 habeat,
3641 3663 3704 3703 ne
3738 3645 3843 3700 torte

2283 3736 2683 3793 sbundantiore
2697 3738 2910 3793 tristitia
2929 3740 3288 3797 absorbeatur
3303 3740 3371 3813 (11
3390 3741 3512 3797 Cor.
3540 3759 3601 3809 ιι,
3618 3744 3702 3799 5e!
3721 3738 3843 3809 seq),

2282 3831 2374 3902 qui
2403 3833 2513 3903 agit
2540 3832 2911 3903 pmuitentiam
2951 3876 2963 3897 .
3003 3835 3142 3890 sicut
3171 3835 3388 3908 scripsit
3426 3837 3492 3892 ad
3525 3836 3843 3893 Corinthios:

2287 3923 2426 3992 Quid
2446 3926 2601 3980 uultis
2631 3927 2656 3981 ?
2687 3924 2753 3980 In
2798 3928 2941 3999 virga
2970 3929 3169 3983 veniam
3200 3930 3269 3983 ad
3297 3945 3404 3995 vos,
3433 3947 3500 3985 an
3528 3932 3583 3985 in
3613 3930 3843 3989 cliaritate,

2283 4020 2570 4090 spirituque
2618 4023 3032 4078 mansuetudinis
3061 4021 3083 4097 (
3109 4024 3128 4080 I
3155 4023 3277 4079 Cor.
3309 4040 3387 4093 tv,
3435 4027 3502 4081 ‘tl
3530 4025 3551 4099 )
3576 4027 3601 4080 ἲ
3644 4024 3743 4081 Sed
3771 4034 3845 4076 nec

2283 4113 2432 4184 virga
2459 4115 2639 4186 gravis
2666 4124 2781 4181 est,
2812 4117 3067 4187 quoniam
3106 4117 3350 4188 legerat:
3385 4118 3464 4173 Tu
3509 4119 3713 4189 quidem
3753 4131 3843 4187 pcr-

2283 4209 2444 4264 cuties
2474 4225 2590 4265 eum
2615 4211 2780 4285 virga,
2812 4210 3039 4265 animant
3063 4221 3234 4267 autem
3258 4215 3370 4287 ejus
3396 4230 3427 4267 a
3454 4224 3619 4269 morte
3644 4210 3845 4268 liberabis

2285 4304 2304 4379 (
2339 4304 2490 4362 Prov.
2535 4307 2702 4374 χχιιι,
2732 4306 2799 4363 14
2825 4309 2870 4380 ).

2353 4400 2441 4456 60.
2472 4400 2611 4470 Quid
2642 4412 2786 4457 esset
2814 4401 2868 4457 in
2898 4402 3045 4475 virga
3067 4403 3254 4459 venire
3280 4446 3295 4471 ,
3322 4403 3485 4481 docet
3515 4405 3737 4461 invectio
3757 4402 3841 4455 toro

2282 4493 2568 4549 nicationis
2593 4535 2609 4563 ,
2643 4496 2920 4571 accusatio
2942 4497 3156 4564 incesti,
3190 4498 3209 4537 τ
3243 4498 3599 4572 reprehensio
3632 4494 3839 4557 tumoris.

650 4587 741 4644 56.
786 4587 1017 4659 Oportet
1059 4604 1182 4645 eum
1211 4604 1426 4661 quoque
1470 4588 1721 4645 mandata
1767 4589 2039 4647 custodire
2068 4590 2176 4647 Do-
2201 4591 2422 4675 unod
2452 4590 2618 4667 innati
2648 4602 2830 4648 essent
2856 4634 2870 4660 ,
2926 4608 3065 4664 quos
3103 4594 3274 4666 magis
3326 4594 3516 4673 lugere
3564 4601 3838 4667 Oportercl;

578 4682 776 4740 minica
810 4724 825 4749 ,
883 4695 904 4724 τ
952 4683 1042 4754 qui
1081 4698 1306 4755 peccare
1352 4683 1603 4750 desinat,
1639 4682 1854 4739 delictis
1881 4686 2175 4741 renuntiet.
2220 4692 2231 4703 ‘
2283 4696 2558 4759 postremo
2587 4686 2970 4743 condemnatio
3000 4688 3076 4743 rei
3108 4730 3123 4754 ,
3154 4698 3212 4743 ut
3242 4686 3525 4759 tolleretur
3547 4705 3578 4745 a
3602 4683 3842 4745 consortio

576 4780 695 4839 Non
747 4795 874 4853 ergo
925 4781 994 4837 de
1043 4795 1111 4836 eo
1164 4779 1331 4837 debes
1380 4779 1732 4852 interpretari
1784 4780 2026 4845 dictum,
2083 4779 2179 4851 qui
2281 4754 2722 4847 communionis,
2768 4790 2822 4836 et
2851 4780 3160 4838 traderetur
3190 4754 3523 4852 adversario,
3556 4800 3662 4840 non
3688 4782 3750 4840 ad
3779 4780 3840 4833 in-

576 4887 795 4945 semper
832 4872 1191 4940 custodierit;
1245 4874 1289 4929 si
1346 4874 1489 4929 enim
1542 4874 1654 4930 hoc
1696 4875 1990 4942 sensisset,
2024 4874 2178 4930 addi-
2279 4873 2496 4930 teritum
2527 4874 2742 4943 animm,
2760 4874 2856 4931 sed
2885 4877 3103 4949 carnis(
3127 4876 3148 4932 1
3174 4874 3296 4932 Cor.
3328 4894 3381 4945 v,
3409 4879 3432 4933 1
3460 4888 3510 4934 et
3533 4878 3686 4950 αφ).
3716 4874 3839 4931 Sicut

575 4968 767 5036 disset,
797 4982 1012 5039 semper
1038 4984 1052 5022 :
1103 4983 1208 5023 non
1240 4967 1489 5024 addendo
1516 4975 1719 5035 autem,
1750 4967 1817 5023 de
1838 4984 1905 5025 eo
1930 4984 2170 5040 pronun-
2277 4968 2421 5024 enim
2446 4969 2705 5025 Dominus
2733 4969 2785 5024 in
2816 4970 3050 5025 animam
3084 4971 3257 5026 sancti
3278 4970 3382 5028 Job
3411 4980 3730 5044 potestatem
3754 4981 3838 5024 non

578 5064 729 5119 tiavit
758 5105 772 5129 ,
811 5062 905 5133 qui
934 5061 1078 5134 quod
1111 5061 1336 5130 audivit,
1359 5062 1717 5119 custodierit:
1747 5063 1950 5145 audivit
1986 5071 2169 5141 autem
2274 5061 2445 5128 dedit,
2480 5062 2573 5117 sed
2596 5062 2649 5118 in
2671 5078 2889 5119 carnem
2924 5064 3043 5134 ejus
3071 5066 3317 5151 permisit
3349 5065 3619 5149 licentiam
3656 5064 3768 5141 (Job
3792 5078 3835 5126 ιι,

573 5166 633 5213 ιιι
655 5157 958 5229 corrigeret
978 5171 1217 5212 errorem
1245 5172 1259 5211 :
1284 5157 1755 5235 custodivitigitttr
1775 5158 1916 5233 quod
1944 5158 2168 5214 audivit.
2274 5154 2348 5227 6)
2375 5171 2389 5221 ;
2438 5155 2511 5211 ita
2544 5164 2599 5212 et
2632 5156 2719 5212 hic
2747 5156 2976 5211 traditur
3003 5158 3219 5215 Satanae
3252 5159 3304 5214 in
3337 5161 3614 5239 ipteritum
3647 5156 3836 5215 carnis.

641 5250 934 5325 57.3[Atias
978 5266 1097 5321 cap.
1125 5249 1266 5317 XIIJ
1312 5250 1484 5320 Quam
1517 5266 1646 5331 vero
1676 5232 1881 5306 durum
1908 5252 1981 5335 sit
2015 5259 2073 5307 ut
2102 5250 2168 5307 ad
2274 5258 2333 5305 ut
2361 5265 2584 5322 serpens
2616 5260 2815 5337 terram
2845 5252 2963 5324 ejus
2995 5252 3259 5339 lingeret,
3515 5272 3617 5335 μοη
3650 5256 3839 5317 noceret

568 5357 783 5414 “mm
814 5351 1039 5400 νθθειιιν
1071 5344 1425 5415 Perpetuam,
1465 5328 1671 5415 qui-vel
1704 5350 1888 5414 postea
1933 5334 2172 5401 custodit
2273 5343 2487 5417 (κίονι.
2519 5361 2616 5415 vn,
2666 5332 2785 5419 t7).
3412 5326 3435 5333 "

642 5516 668 5545 ⁸
711 5507 858 5592 Edit.
880 5506 1076 5592 μορ...
1096 5506 1392 5567 incredulus
1430 5515 1508 5562 est
1537 5503 1852 5583 Filio;rns.
1882 5504 2121 5587 Clarum.
2148 5550 2163 5574 ,

571 5592 673 5651 ttat:
700 5579 859 5643 credit
885 5582 938 5637 in
964 5577 1187 5641 Filium.

641 5646 676 5737 ξδ’
692 5650 808 5737 Ξιξ.Δ
830 5651 923 5709 Cla
931 5668 1046 5734 rom
1058 5693 1071 5706 .
1082 5693 1097 5720 ,
1126 5649 1529 5737 misericordiam
1540 5651 1685 5737 potio.

644 5733 663 5795 ς
692 5722 979 5795 Ειιὶιηᾼηιιὶ
1009 5739 1222 5795 peccare
1247 5722 1439 5788 desiit,
1469 5722 1670 5781 deliciis
1707 5722 2037 5783 renuntiavit.

640 5791 662 5829 "
706 5794 817 5849 Cod
856 5791 1119 5860 Clarum,
1175 5792 1369 5867 Christi
1404 5795 1698 5867 judicatum
1747 5796 2038 5864 accipe.....
2078 5798 2166 5865 qui

569 5874 732 5920 autem
770 5867 980 5925 nescivit
1003 5908 1017 5934 ,
1062 5866 1267 5935 paucis.

2348 5509 2783 5617 fMCod.,
2937 5533 3201 5586 mensura,
3247 5528 3305 5599 at
3355 5536 3418 5601 ne
3627 5512 3837 5581 medii“

2186 5639 2190 5643 .
2274 5580 2651 5659 absorbeatur:
2770 5580 2776 5582 ⁷
2842 5590 2865 5659 ’ί
3132 5580 3137 5581 “
3188 5580 3199 5586 ’
3272 5592 3277 5599 ’
3362 5580 3405 5601 ’⁵
3470 5580 3503 5617 ’τ
3568 5588 3577 5603 ¹

2349 5652 2370 5737 ξ
2403 5654 2584 5711 Codex
2612 5656 2797 5737 Germ.
2822 5658 2978 5737 alter,
3009 5663 3276 5737 responsio
3301 5665 3534 5737 tutttpris.
3562 5661 3704 5737 inira

2268 5724 2363 5803 tibi
2385 5737 2592 5797 cunctae
2622 5730 2751 5803 edit.
2780 5745 2845 5786 ac
2874 5724 3217 5801 plu'res'm‘Ss.
3252 5724 3602 5801 condéinnatio
3632 5734 3735 5795 rei:
3762 5727 3836 5803 {Im

2274 5791 2715 5895 Efk‘fﬂffal‘liﬁt'.
2748 5791 3102 5889 condemnatio
3122 5806 3307 5863 erroris
3332 5849 3346 5875 ,
3373 5798 3582 5895 partito,
3615 5791 3831 5861 conde}!-

2273 5874 2415 5923 natio
2439 5874 2740 5929 communis.
3082 5884 3087 5889 '
3334 5874 3337 5875 ⁷
3374 5874 3421 5895 "
3478 5874 3487 5891 '
