4042 6294
552 331 656 390 ι87
1778 321 1790 368 ι
1901 320 2148 382 SANCTI
2187 322 2513 383 AMBROSII
3718 323 3800 383 438

620 444 768 500 docet
790 442 924 513 ﬁeri,
957 441 1001 497 si
1024 441 1203 498 animo
1226 441 1526 499 carnalibus
1555 440 1931 512 cupiditatibus
1963 440 2149 497 libere-
2180 448 2232 510 Α
2255 448 2445 498 noster
2470 445 2724 511 aspectus
2750 438 3035 506 vanescit;
3065 438 3139 496 ita
3191 438 3316 510 plus
3353 437 3592 495 videmus
3618 439 3799 506 animo,

629 548 730 593 tur.
761 536 1105 605 Quamobrem
1120 536 1288 592 multa
1306 537 1542 610 prtecipit
1569 535 1639 590 ad
1660 533 2152 590 oculorummeutis-
2258 548 2418 605 quam
2448 547 2698 605 corpore.

628 650 727 707 que
778 633 1071 688 custodiam
1128 631 1420 688 necessaria
1452 646 1471 687 :
1521 646 1638 703 quae
1688 629 1967 687 castissimi
2006 625 2157 683 Jose—
2331 630 2421 685 7i.
2451 628 2519 684 Et
2548 628 2595 684 si
2626 626 2823 685 viderit
2843 642 2973 686 caro
3001 626 3205 700 ignem,
3236 641 3345 683 non
3374 626 3803 699 alligemusignem

627 728 716 800 phi
760 726 998 797 exemplo
1033 727 1207 796 ﬁrmat
1229 742 1249 782 :
1277 725 1464 781 dehinc
1488 740 1663 780 omnes
1690 724 1761 779 ad
1816 723 1946 779 retia
1974 721 2157 794 quibus
2260 722 2313 778 in
2343 721 2488 789 sinu,
2521 720 2624 778 hoc
2644 730 2751 789 est,
2783 721 2835 777 in
2867 728 3082 778 secreto
3109 720 3312 778 mentis
3337 764 3351 788 ,
3384 719 3651 790 animique
3682 735 3805 775 arca-

631 819 689 874 in
716 819 994 890 voluptatis
1036 817 1209 892 ignem
1239 819 1511 885 trahimur,
1541 816 1853 873 declinanda
1880 816 2114 871 Itortatus
2138 828 2158 879 ;
2260 830 2353 873 no.
2381 814 2501 872 Non
2533 814 2876 886 implicemus
2899 814 3078 887 ignem
3128 815 3273 870 hunc
3302 812 3518 870 ossibus
3541 854 3556 878 ,
3606 828 3701 868 non
3727 812 3807 883 ipsi

633 926 699 966 ne
726 911 1001 966 timeamus
1024 910 1301 983 quominus
1327 928 1359 966 a
1385 919 1623 980 serpente
1652 925 1777 965 caro
1806 916 1984 963 nostra
2031 907 2160 962 eda-
2262 908 2420 964 nobis
2448 906 2624 963 nodos
2652 906 2993 977 injiciamus;
3051 919 3158 961 non
3188 905 3517 961 misceamus
3545 919 3807 961 sermonem

636 1016 747 1072 tur,
773 1005 980 1060 suadet.
2262 1000 2495 1072 aliquem
2543 1015 2666 1055 cum
2699 998 3011 1070 hujusmodi
3037 1040 3052 1066 ,
3084 998 3226 1055 unde
3246 1004 3512 1055 exaestuet
3538 996 3669 1069 ignis
3691 996 3812 1053 adol-

632 1100 722 1156 68.
758 1099 907 1155 llanc
935 1109 1133 1156 terram
1180 1113 1407 1172 serpens
1439 1097 1781 1163 'manducat,
1822 1096 1869 1154 si
1898 1095 2165 1170 prOpitius
2264 1094 2493 1151 terinus.
2527 1094 2723 1151 Sermo
2749 1093 3052 1165 jnvencula:
3083 1092 3257 1149 nodus
3284 1089 3699 1148 adolescentium
3722 1100 3809 1147 est:

566 1203 651 1253 est
673 1194 832 1251 nobis
862 1193 1124 1250 Dominus
1144 1192 1326 1263 Jesus,
1360 1203 1383 1230 ο
1415 1202 1475 1249 ιιι
1504 1208 1611 1248 non
1639 1191 2003 1262 compatiatur
2048 1189 2167 1245 ani-
2266 1189 2431 1246 verba
2462 1188 2828 1245 adolescentis
2850 1188 3064 1244 vincula
3091 1196 3219 1244 sunt
3239 1188 3463 1244 amoris.

566 1305 653 1345 ma
679 1289 863 1346 carnis
891 1288 1182 1354 debilitati,
1209 1303 1316 1344 non
1346 1287 1681 1345 accendatur
1710 1300 1913 1357 vapore
1952 1284 2162 1352 carnis,
2338 1283 2431 1339 7'2.
2462 1282 2613 1340 Vidit
2635 1282 2782 1340 hunc
2806 1282 2987 1355 ignem
3008 1281 3235 1355 Ioseph,
3262 1282 3481 1356 quando
3501 1298 3623 1339 eum
3651 1281 3818 1337 adulto-

562 1392 619 1440 et
637 1382 818 1440 calore
848 1381 1244 1438 membrorum.
1269 1379 1477 1436 Bonum
1503 1390 1575 1436 est
1606 1379 1795 1435 nubere
1822 1381 1988 1450 magis
2013 1393 2168 1449 quam
2268 1377 2337 1435 rii
2363 1377 2560 1450 cupida
2592 1377 2788 1433 mulier
2814 1376 3046 1433 allocuta
3083 1387 3165 1433 est
3193 1375 3351 1451 (Gen.
3385 1392 3581 1443 xxxix,
3621 1375 3705 1447 7);
3746 1391 3817 1430 vo-

564 1477 691 1548 uri(
721 1477 741 1532 l
768 1476 893 1531 Cor.
914 1490 1011 1546 vn,
1033 1474 1118 1547 9);
1151 1483 1237 1531 est
1260 1474 1408 1531 enim
1439 1471 1654 1529 ﬂamma
1676 1487 1796 1544 qua:
1818 1472 2034 1527 interna
2065 1468 2171 1526 urit

569 1569 757 1643 (Prov.
782 1586 858 1637 vt,
888 1568 1009 1642 27).
1049 1569 1209 1627 Unde
1241 1567 1389 1629 hunc
1419 1569 1599 1640 ignem
1629 1582 1737 1622 nun
1780 1565 2065 1638 alligemus
2114 1563 2172 1619 in
2271 1578 2529 1632 suorum,
2558 1563 2654 1620 sed
2683 1563 2938 1636 pudicum
2970 1564 3147 1620 virum
3179 1564 3347 1637 ligare
3375 1580 3484 1620 non
3509 1564 3698 1636 potuit.
3725 1563 3821 1620 Sol-

562 1667 686 1724 sinu
712 1665 935 1734 mentis,
960 1674 1017 1722 et
1040 1678 1265 1722 recessu
1288 1662 1526 1735 pectoris
1545 1704 1562 1729 ,
1594 1676 1663 1719 ne
1688 1659 1968 1717 interioris
1999 1655 2172 1715 nostri
2272 1660 2351 1714 vit
2377 1659 2522 1715 enim
2549 1658 2768 1715 vincula
2790 1658 3036 1714 mulieris
3060 1675 3166 1714 vox
3197 1659 3455 1730 pudoris,
3486 1672 3663 1715 sermo
3682 1656 3823 1730 grati-

567 1778 794 1821 uramus
828 1763 1078 1830 exuvias,
1100 1770 1158 1818 et
1183 1760 1403 1818 forense
1431 1758 1539 1815 hoc
1560 1767 1765 1814 nostra:
1784 1756 1981 1814 animae
2009 1754 2176 1811 vesti-
2274 1753 2431 1818 tatis,
2480 1751 2688 1809 habena
2738 1751 2991 1818 cautelae,
3024 1750 3148 1807 ﬁdei
3193 1751 3441 1808 custodia
3464 1793 3480 1819 ,
3533 1751 3823 1807 castimonia

565 1867 832 1926 mentum,
864 1856 1227 1928 velamenque
1255 1854 1477 1912 carnale
1509 1851 1649 1923 edax
1680 1849 1927 1907 libidinis
1953 1848 2171 1905 damma
2202 1862 2251 1923 Β
2275 1846 2582 1918 disciplina.
2607 1845 2817 1916 Capere
2843 1843 3007 1917 igitur
3050 1860 3174 1901 eum
3206 1843 3416 1900 retibus
3454 1844 3571 1899 suis
3599 1843 3823 1913 impudica

564 1961 874 2021 consumat,
906 1951 1003 2009 sed
1026 1960 1369 2008 transeamus
1403 1962 1500 2021 per
1522 1948 1699 2020 ignem
1716 1943 1888 2018 (Esai.
1920 1941 2168 2013 sutt,2).
2274 1955 2381 1997 non
2410 1939 2624 2012 potuit:
2675 1939 2827 1995 misit
2865 1954 3117 2005 manum,
3164 1948 3219 1995 et
3257 1936 3625 2010 apprehendit
3660 1945 3825 1992 vestem

566 2047 638 2105 Et
666 2048 711 2104 si
740 2046 866 2120 quis
911 2044 1106 2103 incidit
1150 2044 1358 2101 amoris
1404 2040 1755 2107 incendium,
1788 2038 2085 2104 transiliat,
2118 2044 2176 2092 et
2273 2033 2414 2103 ejus,
2443 2042 2502 2089 ut
2549 2032 2693 2089 nodo
2718 2031 3036 2104 stringeret.
3067 2031 3243 2088 Verba
3290 2031 3589 2104 petulantia
3626 2031 3827 2086 mulieris

569 2148 848 2198 transeat:
880 2154 987 2196 non
1010 2137 1201 2211 alliget
1228 2136 1590 2194 adulterinam
1612 2133 1964 2205 cupiditatem
1980 2131 2175 2187 vincu-
2272 2127 2626 2199 cupiditatum
2655 2127 2791 2184 retia
2820 2135 2969 2194 sunt,
2999 2141 3193 2181 manus
3219 2127 3337 2196 ejus
3361 2126 3570 2182 amoris
3601 2125 3752 2180 nodus
3765 2134 3828 2178 e-t

571 2234 641 2291 lis
660 2233 1055 2306 cogitationum
1079 2274 1094 2300 ,
1145 2231 1328 2287 nullos
1356 2230 1462 2287 sibi
1507 2229 1682 2286 nodos
1738 2226 1974 2283 assidua:
2028 2241 2174 2283 nexu
2274 2222 2455 2297 (Prov.
2479 2224 2575 2290 vti,
2604 2221 2733 2295 21):
2763 2220 2861 2279 sed
2886 2236 2986 2277 nec
3007 2219 3214 2278 retibus
3239 2220 3360 2292 capi
3384 2220 3566 2292 potuit
3596 2234 3736 2274 mens
3754 2232 3827 2288 plt-

573 2324 953 2383 meditationis
980 2323 1283 2395 astringat;
1315 2337 1425 2379 non
1453 2320 1705 2379 intendat
1739 2320 1939 2391 saepius
1968 2319 2022 2375 in
2063 2318 2174 2375 for-
2275 2318 2421 2386 dica,
2449 2331 2552 2374 nec
2580 2316 2763 2373 nodo:
2791 2313 2819 2354 ἀ
2841 2330 3070 2373 excussa
3097 2314 3287 2379 vestis,
3311 2315 3527 2371 solutus
3548 2321 3634 2369 est
3659 2310 3828 2375 nodus;

572 2432 720 2475 mam
745 2415 995 2474 mulieris
1033 2414 1363 2483 meretricis,
1395 2429 1499 2472 nec
1519 2411 1925 2481 adolescentula
1952 2410 2020 2467 ad
2051 2410 2171 2466 vul-
2275 2421 2332 2471 et
2354 2411 2480 2470 ideo
2508 2413 2636 2483 quia
2675 2426 2783 2467 non
2812 2409 3055 2483 alligavit
3074 2410 3253 2482 ignem
3279 2410 3331 2466 in
3360 2408 3484 2467 sinu
3510 2407 3703 2465 mentis
3722 2420 3828 2469 suae,

573 2519 687 2568 tum
711 2510 936 2582 juvenis
964 2508 1157 2566 oculos
1182 2509 1348 2566 levet.
1379 2507 1511 2564 Etsi
1535 2507 1760 2564 fortuitu
1814 2503 2073 2575 aspexit,
2119 2509 2177 2559 et
2278 2521 2386 2562 non
2416 2495 2720 2562 combussit
2745 2519 2945 2577 corpus
2970 2520 3151 2561 suum.

567 2611 728 2675 capta
775 2610 909 2672 est;
959 2610 1168 2676 quanto
1228 2601 1402 2674 magis
1439 2600 1703 2673 capietur,
1762 2597 1808 2654 si
1835 2597 2050 2654 curiosa
2088 2609 2175 2653 as—
2349 2600 2439 2656 75.
2475 2594 2957 2674 [Alias'cap.XlV.}
2984 2597 3150 2655 Vides
3173 2612 3328 2671 ergo,
3358 2597 3487 2670 quia
3531 2595 3734 2653 animus
3756 2606 3831 2649 no-

575 2694 763 2767 Ρειίῑῑ
2275 2705 2390 2753 ster
2414 2694 2591 2766 culpa:
2619 2702 2706 2750 est
2728 2693 2951 2752 auctor?
2971 2694 3159 2766 Itaque
3180 2691 3444 2748 innocens
3464 2705 3616 2758 caro,
3642 2688 3728 2745 sed
3746 2686 3832 2760 plc-

644 2789 735 2847 69.
767 2787 867 2846 Vel
893 2786 1234 2846 consuetudo
1261 2801 1362 2845 nos
1381 2785 1596 2844 doceat.
1632 2784 1759 2842 ideo
1785 2783 2054 2842 velamine
2078 2781 2176 2840 ob-
2275 2804 2509 2863 rumque
2537 2790 2746 2862 peccati
2779 2788 3049 2845 ministra.
3094 2789 3236 2857 Ergo
3265 2795 3289 2824 θ
3321 2800 3430 2841 non
3464 2795 3520 2842 te
3546 2783 3721 2840 vincat
3743 2783 3830 2837 lur-

574 2882 725 2941 nnbit
743 2891 909 2955 caput
933 2896 1091 2939 suum
1115 2881 1332 2951 mulier,
1360 2882 1602 2937 utetiam
1627 2880 1679 2935 in
1701 2878 1921 2951 publico
1942 2884 2057 2933 tuta
2080 2891 2175 2934 ve-

2281 2900 2383 2941 mte
2408 2884 2873 2957 concupiscentia.
2903 2883 3067 2939 Multa
3089 2881 3225 2938 retia
3254 2879 3555 2937 tenduntur
3578 2895 3609 2935 a
3634 2875 3832 2938 diabolo,

573 2976 832 3035 recundia
861 2976 972 3033 sit:
1002 2990 1111 3032 non
1135 2974 1296 3033 facile
1324 2974 1509 3031 vultus
1530 2973 1648 3046 ejus
1668 2972 2032 3031 adolescentis
2044 2985 2177 3028 ocu-
2279 2980 2438 3038 multi
2467 2980 2668 3052 laquei.
2697 2977 2903 3035 oculus
2920 2975 3226 3034 meretricis
3243 2975 3470 3047 laqueus
3490 2971 3739 3030 amatoris
3754 2979 3830 3025 est.

572 3069 642 3127 lis
669 3077 962 3138 occurrat,
994 3068 1226 3142 nuptiali
1250 3068 1522 3126 velamine
1537 3076 1679 3124 tecta
1708 3067 1815 3134 sit;
1846 3081 1918 3124 ne
1950 3066 2041 3123 vel
2065 3065 2175 3123 for-
2278 3072 2386 3145 Ipsi
2415 3072 2575 3128 nobis
2597 3071 2741 3126 oeuli
2773 3070 2944 3127 nostri
2965 3069 3104 3126 retia
3132 3076 3295 3135 sunt;
3339 3077 3395 3125 et
3435 3067 3566 3125 ideo
3616 3066 3833 3135 scriptum

574 3163 725 3221 luitis
749 3163 1068 3221 occursibus
1110 3171 1292 3234 pateat
1329 3161 1398 3218 ad
1424 3162 1623 3218 vulnus
1647 3161 1735 3218 vel
1779 3161 2018 3218 alienum
2041 3202 2057 3227 ,
2089 3160 2175 3216 vel

2281 3177 2402 3225 est:
2453 3165 2636 3238 Neque
2663 3165 2892 3237 capiaris
2920 3165 3087 3221 oculis
3111 3164 3216 3219 tuis
3263 3161 3456 3234 (Prov.
3487 3179 3567 3231 vi,
3618 3160 3726 3234 25).
3753 3156 3833 3229 Ipsi

570 3272 766 3314 suum:
795 3255 893 3313 sed
921 3264 1215 3327 utrumque
1235 3268 1393 3311 suum
1419 3254 1620 3312 vulnus
1645 3261 1751 3312 est.
1778 3252 1935 3321 Quod
1980 3252 2027 3309 si
2056 3259 2173 3325 ωε-
2196 3262 2242 3326 c
2277 3260 2434 3318 nobis
2462 3274 2595 3332 ergo
2624 3258 2900 3315 tendimus
2928 3257 3089 3322 retia,
3112 3256 3308 3327 quibus
3339 3253 3673 3311 involvimur
3693 3259 3744 3307 et
3761 3249 3835 3304 im-

571 3349 720 3407 mine
746 3356 914 3421 caput
940 3348 1086 3406 velat
1105 3347 1159 3423 (Ι
1187 3346 1307 3404 Cor.
1335 3363 1417 3415 χι,
1441 3348 1476 3405 5
1502 3357 1552 3404 et
1572 3348 1724 3421 seq.),
1751 3362 1822 3404 ne
1852 3356 2060 3404 temere
2084 3354 2178 3401 aut
2277 3352 2567 3425 plicamur.
2586 3349 2694 3423 Ipsi
2712 3349 2869 3406 nobis
2890 3348 3104 3405 vincula
3128 3347 3417 3417 nectimus,
3438 3345 3832 3419 sicutlegimus:

573 3443 846 3511 videatur,
878 3452 976 3500 aut
1012 3442 1200 3500 videat
1227 3442 1379 3516 (dum
1411 3443 1557 3499 enim
1591 3452 1757 3514 caput
1785 3426 2027 3509 velatur,
2054 3441 2173 3497 vul-
2277 3445 2414 3515 Quia
2444 3444 2680 3502 vinculis
2708 3452 3057 3515 peccatorum
3078 3456 3301 3499 suorum
3329 3442 3701 3515 unusquisque
3732 3452 3837 3495 oon-

577 3545 664 3595 tus
678 3535 1075 3610 absconditur),
1096 3547 1304 3610 quanto
1325 3537 1499 3609 magis
1520 3536 1705 3593 velare
1729 3551 1793 3594 se
1816 3535 1982 3594 debet
2008 3534 2179 3609 pudo-
2276 3539 2564 3612 stringitur
2590 3537 2775 3612 (Prov.
2798 3554 2875 3605 vr,
2905 3536 2986 3610 2).

578 3630 655 3688 ris
681 3631 926 3703 tegmine
944 3674 960 3699 ,
999 3631 1253 3688 utetiam
1299 3630 1354 3686 in
1383 3631 1604 3701 publico
1626 3629 1825 3687 habeat
1849 3644 2009 3687 suum
2060 3629 2176 3698 ipsa
2351 3634 2441 3690 74.
2472 3633 2543 3689 Et
2573 3632 2698 3689 ideo
2724 3641 3065 3690 transeamus
3097 3630 3277 3702 ignem
3324 3627 3706 3688 adolescentiae
3728 3668 3744 3695 ,
3770 3640 3837 3681 ar-

579 3724 893 3791 secretum!
2279 3726 2576 3798 doremque
2598 3725 2856 3797 juvenilis
2906 3726 3120 3782 astatis:
3161 3733 3505 3782 transeamus
3524 3738 3732 3795 aquam,
3755 3733 3837 3776 non

653 3818 743 3875 70.
779 3816 983 3875 Verum
1012 3824 1155 3886 esto,
1185 3816 1440 3875 inciderit
1464 3818 1657 3875 oculus
1681 3860 1697 3887 ,
1734 3817 1831 3876 sed
1859 3831 1970 3875 non
2000 3818 2180 3874 inten-
2279 3834 2664 3878 remaneamus
2693 3819 2746 3875 in
2777 3834 2949 3890 aqua;
2986 3832 3054 3875 ne
3078 3816 3304 3873 ﬂumina
3333 3831 3439 3873 nos
3462 3814 3722 3888 profunda
3739 3827 3839 3868 con-

579 3913 675 3971 dat
700 3912 950 3971 atfectus.
983 3911 1104 3971 Non
1129 3913 1278 3970 enim
1323 3912 1527 3970 vidisse
1550 3912 1758 3970 crimen
1784 3925 1906 3982 est,
1963 3912 2060 3969 sed
2088 3926 2180 3968 ca-
2279 3913 2525 3971 cludant.
2575 3911 2941 3969 Transeamus
2968 3910 3139 3982 magis
3163 3951 3179 3976 ,
3215 3919 3292 3965 ιιι
3334 3920 3389 3965 et
3444 3923 3549 3966 nos
3591 3907 3835 3965 dicamus:

580 4006 815 4064 vendam
843 4022 914 4065 ne
937 4007 1093 4080 origo
1119 4005 1191 4063 sit
1219 4007 1489 4064 criminis.
1522 4006 1682 4064 Videt
1708 4006 1943 4063 carnalis
1964 4006 2175 4074 oculus,
2282 4006 2582 4063 Torrentem
2594 4004 2923 4077 pertransioit
2940 3997 3759 4072 animanostra(Psal.cxxtn,5);
3772 3994 3839 4066 qui

580 4098 612 4141 ιι
641 4101 738 4159 sed
763 4111 976 4173 premat
1001 4100 1184 4158 cordis
1211 4101 1424 4168 oculos,
1451 4110 1673 4158 maneat
1702 4101 1901 4159 mentis
1922 4116 2181 4158 verecnn-
2282 4101 2425 4157 enim
2456 4099 2689 4165 transit,
2717 4098 2901 4154 salvus
2925 4108 3029 4155 est.
3066 4097 3310 4168 Denique
3338 4097 3606 4152 Dominus
3647 4096 3722 4150 sic
3755 4090 3837 4146 ait:

581 4192 694 4252 dia.
728 4193 1005 4251 Habemus
1051 4194 1315 4252 moralem
1347 4202 1405 4251 et
1439 4193 1813 4266 indulgentem
1846 4195 2176 4262 Dominum;
2284 4196 2346 4252 Si
2388 4205 2625 4250 transeas
2655 4210 2748 4265 per
2776 4208 2997 4266 aquam,
3038 4202 3205 4248 tecum
3241 4208 3357 4248 sum
3383 4235 3399 4259 ,
3431 4193 3654 4263 ﬂumina
3695 4197 3738 4243 te
3761 4201 3837 4241 non

582 4287 728 4346 dixit
753 4287 974 4358 quidem
1003 4288 1304 4361 propheta:
1331 4286 1473 4344 Nolo
1485 4288 1724 4344 intendas
1747 4289 1801 4344 in
1823 4291 2045 4360 formam
2065 4305 2181 4344 mu-
2283 4288 2590 4346 concludent
2620 4288 2795 4360 (Esai.
2847 4303 2993 4356 mn,
3037 4287 3133 4358 2);
3162 4296 3219 4344 et
3245 4286 3521 4357 Propheta
3563 4285 3723 4344 dicit:
3746 4278 3839 4359 Υἱᾱὶ

585 4380 727 4437 lieris
755 4380 1055 4452 fornicaria:
1078 4397 1097 4447 ;
1127 4380 1225 4436 sed
1249 4389 1430 4437 tamen
1460 4381 1727 4437 Dominus
1750 4381 1916 4437 dixit:
1952 4381 2054 4448 Qui
2101 4383 2180 4437 υἱ·-
2281 4385 2501 4457 impium
2524 4382 2971 4455 superestaltatum
2996 4382 3135 4437 ultra
3160 4380 3341 4436 cedros
3376 4379 3571 4437 Libani
3596 4397 3615 4437 :
3639 4390 3685 4437 et
3706 4386 3839 4432 trans-

586 4473 721 4528 derit
750 4472 1017 4529 mulierem
1041 4472 1111 4527 ad
1139 4473 1607 4544 concupiscendum
1634 4490 1780 4541 eam,
1818 4478 1934 4548 jam
1988 4475 2181 4532 adulte—
2280 4479 2373 4546 ivi,
2404 4487 2452 4534 et
2479 4494 2596 4534 ecce
2624 4494 2730 4533 non
2755 4486 2867 4534 erat
2895 4476 3079 4550 (Psal.
3133 4493 3301 4533 xxxvi
3324 4519 3340 4547 ,
3371 4476 3466 4544 35,
3516 4477 3634 4549 ‘56).
3683 4470 3837 4531 Transi

586 4566 720 4621 tavit
761 4581 876 4621 eam
903 4566 957 4620 in
989 4565 1141 4621 corde
1180 4582 1275 4622 suo
1304 4565 1487 4639 (Prov.
1531 4583 1582 4635 v,
1638 4567 1723 4640 ‘2).
1770 4567 1887 4624 Non
1917 4569 2057 4626 dixit
2084 4588 2097 4624 :
2124 4570 2180 4628 Si
2284 4571 2589 4638 surcularis,
2628 4569 2647 4609 τ
2677 4578 2734 4627 et
2758 4570 3027 4650 cecidisse
3060 4571 3296 4641 aspicies
3325 4570 3647 4628 altitudines
3686 4566 3840 4637 impio-

587 4660 711 4732 quis
738 4658 956 4727 viderit,
985 4658 1153 4734 509
1176 4660 1531 4729 adulteravit;
1557 4662 1690 4718 sed:
1720 4663 1783 4719 Si
1807 4663 1921 4733 quis
1960 4664 2030 4719 ad
2058 4681 2178 4721 con-
2205 4660 2260 4722 D
2284 4681 2426 4721 rum.
2460 4666 2676 4738 Moyses
2701 4679 2919 4737 quoque
2968 4664 3239 4721 transiens
3288 4664 3573 4721 smcularia
3620 4661 3836 4722 numina.

582 4752 953 4825 cupiscendum
972 4752 1178 4822 viderit,
1201 4765 1225 4793 ο
1243 4770 1351 4810 non
1373 4764 1654 4826 aspectum
1676 4754 1958 4827 obligavit,
1979 4756 2075 4812 sed
2101 4757 2179 4812 af-
2288 4757 2426 4814 vidit
2451 4757 2626 4814 visum
2653 4773 2929 4830 magnum,
2958 4765 3013 4813 et
3034 4756 3112 4813 ait
3134 4774 3147 4811 :
3169 4754 3450 4813 Trausiens
3478 4755 3657 4814 uidebo
3684 4755 3767 4811 hoc
3788 4750 3840 4806 ri-

2270 1470 2368 1527 luit
2414 1486 2539 1527 eum
2590 1485 2787 1542 capere
2814 1486 3068 1527 sermone
3090 1512 3104 1538 ,
3139 1470 3287 1526 misit
3323 1463 3575 1541 laqueos'
3598 1469 3819 1524 labiorum

586 4847 785 4904 fectum
800 4846 1066 4918 quaesivit.
1099 4845 1283 4904 Bonus
1314 4856 1496 4903 tamen
1523 4847 1697 4919 pudor
1716 4889 1731 4915 ,
1760 4848 1851 4920 qui
1878 4849 2024 4921 ipsos
2049 4865 2175 4906 cor-

586 4941 736 5014 poris
761 4941 950 4999 oculos
972 4940 1055 4998 sic
1082 4955 1334 5013 premere
1356 4943 1675 5011 consuevit,
1706 4952 1766 5000 ut
1788 4959 1934 5017 saepe
1963 4960 2070 5001 non
2097 4945 2179 5002 vi-

585 5034 813 5093 deamus
837 5034 1004 5091 etiam
1021 5033 1168 5106 quod
1189 5033 1461 5091 videmus.
1481 5035 1692 5092 Etenim
1723 5038 1906 5108 specie
1933 5038 2177 5110 aspicere

582 5132 864 5201 videmur,
894 5128 1156 5204 quidquid
1177 5126 1479 5187 occurrerit
1499 5130 1636 5212 ;sed
1664 5131 1710 5187 si
1739 5147 1847 5188 non
1888 5134 2179 5190 misceatur

2286 4868 2399 4907 sum
2432 4848 2630 4925 (Exod.
2687 4867 2767 4920 ιιι,
2794 4851 2889 4922 '5);
2919 4851 2966 4906 si
2985 4850 3130 4906 enim
3158 4849 3353 4908 fuisset
3379 4851 3435 4907 in
3472 4842 3839 4924 corporisviliis

2287 4955 2343 5003 et
2371 4946 2555 5002 saeculi
2584 4945 2740 5002 istius
2763 4944 2984 5002 lubricis
3004 4944 3376 5016 voluptatibus
3395 4985 3410 5014 ,
3474 4953 3618 5003 tanta
3648 4959 3746 5002 non
3777 4938 3841 4994 vi-

2288 5040 2460 5099 disset
2485 5042 2767 5114 mysteria.
3726 5028 3735 5033 ’

2360 5137 2450 5193 75.
2472 5135 2840 5193 Transeamus
2860 5150 2993 5209 ergo
3014 5143 3073 5194 et
3101 5149 3203 5192 nos
3221 5134 3404 5209 ignem
3438 5134 3582 5193 hunc
3617 5129 3839 5191 libidinis,

587 5226 756 5286 animi
785 5225 1037 5295 intentio,
1069 5224 1160 5281 hic
1186 5237 1406 5297 quoque
1425 5226 1722 5282 secundum
1744 5228 1926 5284 carnis
1945 5227 2185 5286 officium
2293 5244 2456 5301 quem
2479 5229 2681 5287 timens
2700 5228 2923 5317 Paulus,
2949 5229 3048 5286 sed
3072 5229 3230 5286 nobis
3257 5228 3479 5298 timens,
3497 5228 3587 5302 qui
3609 5224 3843 5297 castigan-

655 5371 685 5438 ξ
721 5359 842 5419 Non
868 5359 1027 5432 pauci
1052 5372 1186 5417 mss.
1220 5369 1286 5438 ut_
1305 5373 1410 5414 non
1441 5358 1671 5438 patiatur
1697 5362 1872 5438 anima
1901 5356 2072 5438 carnis
2093 5365 2186 5421 de-
2293 5364 2711 5438 mss.omittunt
2731 5366 3010 5438 obligavit;
3041 5364 3183 5423 forte
3208 5380 3317 5423 non
3354 5380 3521 5424 sensu
3546 5363 3813 5438 deteriore.

585 5433 835 5490 bilicum
858 5429 887 5502 ,⁷
930 5448 1037 5489 non
1093 5429 1407 5487 accendatur
1457 5430 1633 5487 calore
1666 5434 1920 5504 corporis.
1978 5435 2181 5491 Bonum

589 5515 688 5616 m1"
716 5514 943 5633 ﬂgvet.
976 5574 1128 5647 edit.
1159 5588 1224 5630 ac
1254 5588 1387 5631 mss.
1417 5574 1668 5647 aliquot,
1724 5590 1753 5630 a
1810 5576 2006 5647 quibus
2046 5578 2178 5634 edit.

2358 5434 2387 5475 ἀ
2409 5437 2555 5564 [Mss
2585 5439 2766 5508 pauci,
2797 5431 3014 5494 eicussa
3036 5447 3213 5506 veste;
3241 5438 3452 5510 quidam
3477 5452 3687 5496 excusso
3721 5431 3843 5489 testi.

2358 5524 2404 5564 ιιι
2430 5525 2482 5564 ο.

2288 5524 2482 5565 mento.

2359 5592 2383 5620 θ
2422 5580 2551 5638 Mss.
2582 5582 2790 5653 aliquot
2814 5583 2952 5640 satis
2982 5583 3226 5655 probatas
3246 5596 3442 5640 manus
3464 5626 3481 5651 ,
3512 5598 3612 5638 non
3632 5591 3680 5636 te
3704 5577 3843 5633 υἱιιιαι

590 5646 752 5732 Rom.
773 5645 1028 5732 solo
1055 5645 1361 5732 discrepat,
1395 5645 1546 5730 quod.
1585 5647 1814 5732 verbum
1830 5645 2044 5704 inaneat
2072 5666 2182 5732 non
2285 5656 2454 5732 forma
2470 5645 3239 5732 concupiscentiis,etc.lterum
3255 5670 3386 5712 vero
3402 5645 3500 5726 pro
3511 5655 3713 5726 laqueus
3726 5660 3843 5701 θηται

589 5718 943 5801 retinuit;_alii
956 5732 1113 5801 mss.,
1123 5723 1327 5801 prensat
1343 5719 1573 5790 corporis
1588 5719 1985 5801 oculosmanens
2000 5723 2184 5778 utentis
2285 5718 2411 5801 toris
2432 5741 2600 5801 Ζ,ιιοιι
2634 5718 2796 5801 pauci
2824 5718 3008 5800 legunt
3029 5729 3241 5797 laqueus
3275 5718 3488 5801 amoris.

589 5788 904 5860 verecundia
921 5804 941 5844 :
967 5790 1023 5845 in
1047 5787 1369 5860 quibusdam
1391 5787 1571 5846 autem
1598 5789 1726 5845 nihil
1759 5792 1898 5846 sani.

2362 5799 2381 5834 τ
2417 5788 2687 5873 ΔΝοιιιιιιΙἸί
2714 5788 2907 5867 ιιιεε.,”
2929 5810 2978 5855 et
2999 5788 3199 5857 omnem
3231 5799 3451 5873 gloriam
3467 5797 3704 5855 cecidisse
3727 5788 3840 5860 αρε-

666 5872 687 5901 ε
729 5857 951 5917 Atnerb.
980 5870 1036 5917 et
1063 5857 1214 5917 Erus.
1241 5874 1366 5916 cum
1391 5861 1577 5919 multis
1604 5876 1704 5920 nec
1735 5862 2010 5925 inferioris
2037 5873 2181 5922 notae
2284 5868 2386 5924 cies
2410 5869 2710 5939 impiorum.
