4042 6294
204 226 302 283 589

1422 231 1507 286 DE
1548 229 1996 287 ΜΕΝΙΤΕΝῚἸΑ
2036 230 2164 288 LIB.
2208 231 2245 286 I.

3398 238 3504 295 490

204 345 271 401 do
295 359 499 415 corpus
527 361 710 413 suum,
741 348 942 404 fecerat
974 356 1030 402 ut
1052 346 1166 417 jam
1208 346 1374 420 ‘10
1417 363 1524 402 non
1584 346 1801 403 timeret
1828 347 1879 412 Α
1975 347 2169 418 spiritu
2201 345 2634 402 mansuetudinis
2664 347 2831 401 dOCt-l.
2867 347 3306 417 Sequestrandum
3335 355 3507 424 gravi-

205 439 328 505 sibi,
360 440 495 496 dicit
525 441 712 497 nobis:
739 439 930 514 Fugite
951 440 1344 513 fornicationem
1369 440 1423 512 (l
1444 439 1566 495 Cor.
1587 441 1798 510 v1,l8).

206 534 498 606 Fugiamus
527 550 660 607 ergo
691 545 962 606 tamquam
986 543 1336 606 sequentem,
1387 551 1508 606 qua:
1539 550 1646 590 non
1681 542 1803 604 post

206 646 323 696 nos,
357 629 456 684 sed
488 629 543 685 in
571 629 724 686 nobis
745 629 989 700 sequitur
1012 629 1398 700 nosmetipsos.
1449 629 1595 700 Ergo
1617 628 1802 684 videa-

207 737 328 778 mus
364 721 691 794 diligenter,
734 738 802 778 ne
828 724 956 777 dum
991 721 1136 777 illam
1192 721 1465 792 fugimus,
1520 721 1801 778 nobiscum

208 833 324 872 eam
357 826 663 888 portemus.
719 817 986 874 Volumus
1018 819 1162 874 enim
1206 818 1529 889 plerumque
1572 818 1759 889 fugere
1784 859 1799 882 ,

207 912 302 971 sed
333 913 380 969 si
409 927 516 970 non
545 913 760 983 penitus
789 928 908 969 eam
956 912 1024 968 de
1057 922 1244 968 nostro
1270 912 1575 968 excutimus
1596 911 1799 976 animo,

210 1007 447 1062 tollimus
481 1020 600 1061 eam
628 1005 830 1076 magis,
877 1020 1036 1076 quam
1079 1005 1456 1076 relinquimus.
1511 1003 1808 1060 'l‘ransilia-

209 1116 330 1156 mus
352 1115 483 1170 ergo
499 1114 645 1166 eam,
679 1114 747 1155 ne
777 1097 936 1154 nobis
963 1097 1212 1154 dicatur:
1264 1098 1540 1154 Ambulate
1592 1099 1644 1152 in
1691 1099 1809 1170 igne

208 1195 436 1264 flamma:
464 1202 668 1261 vestrm,
705 1209 853 1264 quem
878 1193 1190 1248 accendistis
1227 1195 1367 1248 vobis
1400 1192 1570 1264 (Esai.
1605 1210 1656 1255 ι..
1691 1193 1802 1263 ll).

210 1285 478 1355 Quoniam
511 1286 653 1341 sicut
671 1285 764 1342 ille
793 1285 882 1355 qui
911 1286 1092 1357 alligat
1116 1286 1286 1358 ignem
1312 1287 1365 1340 in
1392 1286 1809 1349 sinu,vestimen-

211 1389 264 1434 ta
292 1378 549 1434 comburit
596 1377 784 1453 (Prov.
815 1393 890 1445 vi,
946 1377 1179 1448 27);sic
1221 1378 1314 1450 qui
1348 1377 1591 1433 ambulat
1646 1392 1811 1447 super

207 1470 418 1544 ignem,
451 1470 617 1542 pedes
645 1470 930 1527 comburat
963 1486 1191 1526 necesse
1232 1480 1347 1536 est;
1381 1471 1634 1542 quoniam
1677 1470 1811 1525 scri-

211 1572 363 1638 ptum
391 1574 505 1621 (εδει
540 1565 834 1620 Ambulabit
857 1564 972 1635 quis
998 1580 1152 1633 super
1181 1563 1425 1618 carbones
1472 1563 1626 1636 ignis,
1659 1563 1811 1634 pedes

213 1667 384 1714 autem
408 1675 511 1713 non
535 1656 791 1712 comburet
821 1653 1004 1727 (Prov.
1036 1672 1076 1720 ι,
1105 1653 1240 1726 28)?

1977 451 2054 493 ter
2080 442 2308 512 lapsum,
2331 439 2423 496 sed
2447 454 2566 494 eum
2588 439 2825 512 Apostoli
2848 439 3084 510 exemplo
3102 442 3264 496 sacris
3286 445 3507 497 redden-

1976 533 2121 598 dum,
2159 531 2242 585 ubi
2267 532 2368 601 pice
2396 531 2557 604 plebis
2602 532 2836 587 oratione
2863 541 3019 603 atque
3066 532 3312 606 lacrymis
3348 537 3506 606 fuerit

1973 624 2228 690 expiatus.
2254 622 2553 698 Expurgari
2591 633 2731 678 vetus
2783 625 3130 694 fermentum,
3162 641 3281 680 cum
3321 627 3509 684 littera

1976 717 2189 772 durities
2235 717 2488 772 mollioris
2539 716 2903 785 explicationis
2947 719 3122 789 farina
3166 727 3504 789 temperatur.

1982 806 2255 874 Quomodo
2302 805 2556 862 Ecclesia:
2578 807 2756 877 farina
2785 823 2960 862 omnes
2985 813 3256 883 conspergi
3291 829 3354 866 ac
3393 812 3509 867 cibo

1979 897 2245 953 charitatis
2296 899 2440 965 pasci
2472 899 2729 964 debeant;
2781 915 2843 952 ne
2869 899 3061 954 similes
3101 902 3321 956 evadant
3347 903 3513 958 invidi

1980 991 2123 1046 illius
2147 991 2346 1062 fratris,
2373 1009 2520 1064 quem
2537 993 2851 1047 cumulantur
2873 991 2926 1046 Ν
2931 995 3176 1061 ovatiani,
3190 1013 3411 1068 quorum
3433 1009 3516 1053 tu-

1983 1103 2092 1140 mor
2113 1087 2150 1140 il
2157 1087 2221 1140 lic
2250 1096 2479 1141 notatur.

1984 1201 2071 1257 78.
2100 1201 2281 1256 Bonus
2310 1202 2489 1272 itaque
2510 1201 2704 1256 doctor
2731 1202 2856 1256 dum
2894 1205 3162 1274 promittit
3188 1204 3420 1260 alterum
3445 1207 3514 1262 de

1911 1296 2121 1352 duobus
2149 1337 2165 1363 ,
2200 1306 2491 1364 utrumque
2526 1295 2767 1350 donavit.
2806 1295 2965 1351 Venit
3010 1297 3060 1350 in
3092 1297 3278 1368 virga,
3329 1299 3455 1370 quia
3485 1316 3514 1351 τι

1913 1389 2302 1445 communione
2329 1403 2481 1443 sacra
2513 1390 2822 1444 convictum
2871 1391 3119 1445 removit.
3167 1392 3232 1446 Et
3267 1392 3405 1448 bene
3433 1393 3516 1448 tli-

1914 1484 2053 1539 citur
2075 1482 2214 1538 tradi
2245 1492 2469 1547 satanas,
2502 1482 2595 1553 qui
2623 1496 2910 1552 separatur
2939 1500 2967 1536 a
3017 1481 3224 1540 Christi
3257 1499 3510 1556 carpore.

1919 1577 2080 1633 Venit
2111 1576 2272 1651 ιιι
2302 1577 2466 1632 etiam
2493 1578 2546 1632 in
2573 1577 2861 1643 cliarilate,
2884 1578 3186 1650 spirituque
3204 1591 3520 1636 mansuetu-

1916 1672 2080 1736 dinis,
2112 1679 2199 1726 vet
2229 1673 2353 1742 quia
2379 1671 2459 1726 sic
2487 1670 2731 1740 tradidit,
2766 1685 2823 1726 ut
2850 1672 3099 1741 spiritum
3138 1673 3259 1743 ejus
3305 1674 3519 1730 salvum

287 1751 376 1806 76.
409 1749 602 1807 Gravis
633 1749 775 1820 ignis
801 1757 916 1815 est,
941 1758 996 1804 et
1027 1749 1149 1804 ideo
1203 1765 1311 1804 non
1344 1748 1538 1804 demus
1585 1749 1661 1804 illi
1708 1749 1806 1804 ali-

1951 1773 2134 1831 iceret,
2162 1764 2249 1820 vel
2273 1765 2396 1836 quia
2416 1780 2540 1819 eum
2556 1781 2716 1834 quem
2734 1775 2860 1820 ante
2877 1775 3313 1835 sequestraverat
3331 1777 3525 1838 postea

216 1855 404 1900 menta
446 1841 695 1898 luxuriae.
725 1840 978 1896 Pascitur
1031 1839 1202 1896 libido
1225 1841 1524 1906 conviviis,
1579 1841 1817 1896 nutritur

213 1939 451 2003 deliciis,
474 1937 600 1992 vino
629 1935 968 2000 accenditur,
985 1933 1254 1991 ebrietate
1280 1934 1665 1990 inﬂammatur.
1685 1932 1818 1990 Gra-

211 2034 366 2088 viora
396 2031 481 2086 his
509 2039 637 2087 sunt
659 2030 896 2086 fomenta
930 2029 1244 2097 verborum,
1278 2045 1400 2101 quae
1431 2031 1560 2084 vino
1581 2028 1816 2100 quodam

213 2125 596 2184 Sodomitanie
617 2123 742 2180 vitis
772 2132 1010 2180 mentem
1034 2123 1326 2178 inebriant.
1385 2123 1686 2179 Caveamns
1737 2130 1819 2176 ta-

216 2235 344 2276 men
371 2229 428 2274 et
453 2215 1013 2288 hujusabundantiam
1046 2215 1156 2270 vini
1183 2233 1198 2282 ;
1231 2214 1322 2272 ubi
1369 2218 1514 2272 enim
1546 2230 1676 2271 caro
1703 2215 1818 2271 ine-

213 2312 450 2380 briatur,
487 2326 640 2367 mens
669 2309 894 2378 titubat,
921 2309 1135 2365 animus
1164 2309 1418 2379 vacillat,
1455 2324 1551 2366 cor
1571 2309 1815 2366 ﬂuctuat.

217 2405 286 2461 Et
313 2405 438 2462 ideo
466 2403 532 2459 ad
557 2414 846 2475 utrumque
877 2400 1004 2457 utile
1035 2411 1368 2474 praeceptum
1390 2413 1510 2468 est,
1543 2419 1650 2474 quo
1697 2418 1816 2458 mo-

213 2513 382 2559 netur
408 2499 764 2557 Timotheus:
795 2500 912 2554 vino
938 2498 1140 2554 modico
1167 2508 1312 2553 utere
1331 2509 1548 2570 prapter
1578 2502 1821 2570 frequen-

214 2607 294 2653 tes
317 2608 432 2650 tuas
455 2596 777 2665 inﬁrmitates
800 2592 856 2667 (l
877 2592 1014 2648 Tim.
1036 2609 1093 2658 v,
1124 2591 1242 2664 25).
1271 2591 1408 2649 Cum
1434 2593 1573 2649 calet
1599 2607 1818 2664 corpus,

214 2689 389 2746 trahit
409 2704 699 2758 vaporem:
723 2702 845 2742 cum
875 2687 1020 2758 alget
1051 2685 1228 2742 morbi
1260 2687 1460 2758 frigore
1485 2703 1637 2754 caro,
1665 2687 1824 2744 refri-

211 2793 439 2858 geratur
462 2781 640 2837 anima
663 2789 783 2836 tua:
809 2796 931 2836 cum
953 2778 1107 2836 dolet
1132 2796 1332 2852 corpus
1350 2791 1522 2850 tuum,
1553 2782 1724 2838 tristis
1740 2791 1825 2839 est

212 2894 377 2935 mens
395 2889 507 2946 tua,
524 2876 618 2933 sed
638 2876 858 2932 tristitia
883 2885 970 2932 tua
993 2876 1046 2932 in
1065 2876 1320 2948 gaudium
1360 2877 1563 2933 veniet.

295 2993 514 3049 77.Noli
542 3009 676 3066 ergo
706 2993 901 3050 timere
920 2993 969 3050 si
994 2992 1351 3050 manducetur
1377 3009 1510 3050 caro
1532 2995 1824 3063 tua,anima

215 3097 311 3142 tua
354 3101 462 3142 non
487 3085 802 3141 devoratur.
835 3084 966 3141 Ideo
989 3083 1159 3141 David
1190 3099 1300 3141 non
1327 3085 1526 3143 timere
1553 3100 1614 3142 se
1647 3083 1779 3141 dicit
1807 3102 1822 3151 ;

217 3182 356 3250 quia
383 3193 601 3234 carnem
633 3177 890 3248 ejus,non
920 3177 1158 3232 animam
1178 3177 1384 3234 inimici
1405 3176 1662 3262 edebant,
1686 3178 1827 3234 sicut
1852 3162 1894 3221 ί)

219 3270 489 3342 legimus:
515 3269 655 3325 Dum
679 3269 1102 3343 appropinquant
1123 3286 1281 3342 super
1311 3287 1389 3326 me
1440 3280 1678 3326 nocentes
1706 3312 1720 3337 ,
1768 3279 1826 3325 ut

221 3364 388 3420 edant
411 3379 586 3418 carnes
613 3378 795 3418 meas:
841 3363 928 3431 qui
956 3361 1208 3417 tribulant
1231 3378 1313 3417 me
1333 3362 1529 3417 inimici
1550 3363 1652 3418 mei
1678 3403 1693 3430 ,
1727 3363 1827 3432 ipsi

216 3458 484 3527 infirmati
507 3467 644 3524 sunt,
677 3465 726 3512 et
748 3455 1042 3512 ceciderunt
1065 3454 1242 3521 (Psal.
1275 3471 1426 3517 xum,
1457 3454 1538 3526 2).
1593 3455 1826 3510 Ruinam

217 3554 396 3625 igitur
423 3552 596 3608 solam
627 3548 760 3606 facit
786 3550 890 3606 sibi
920 3564 1191 3620 serpens;
1224 3548 1348 3606 ideo
1378 3549 1622 3620 serpenti
1659 3548 1826 3604 tradi-

217 3658 341 3714 tur,
367 3648 461 3719 qui
491 3663 520 3702 a
542 3657 794 3719 serpente
814 3645 980 3702 elisus
1000 3655 1123 3710 est;
1153 3654 1212 3700 ut
1237 3660 1396 3714 quem
1432 3643 1654 3715 dejecit,
1689 3643 1832 3700 hunc

221 3744 446 3814 erigat:
485 3749 541 3797 et
570 3740 664 3795 ﬁat
694 3740 846 3796 ruina
875 3739 1147 3809 serpentis
1192 3737 1430 3794 hominis
1477 3737 1826 3794 resurrectio.

219 3839 486 3896 Satanam
508 3849 687 3892 autem
727 3835 1026 3906 corporalis
1055 3834 1216 3906 hujus
1245 3835 1592 3892 contritionis
1629 3845 1686 3892 et
1716 3849 1832 3890 car-

220 3934 377 3992 nalis
406 3940 688 3988 auctorem
719 3930 1018 3987 debilitatis
1047 3930 1331 4002 Scriptura
1358 3930 1634 3997 ostendit,
1667 3931 1836 3986 Paulo

223 4029 489 4086 dicente:
526 4025 690 4082 Datus
726 4034 800 4081 est
827 4023 954 4079 mihi
978 4024 1219 4080 stimulus
1241 4025 1413 4080 carnis
1453 4039 1579 4080 meat
1619 4026 1837 4098 angelus

229 4122 474 4186 Saturne,
496 4119 585 4190 qui
633 4135 712 4171 me
750 4117 1065 4188 colapliizet,
1116 4127 1170 4171 ut
1220 4133 1323 4172 non
1347 4117 1571 4172 extollar
1605 4115 1689 4187 (ll
1714 4115 1835 4172 Cor.

223 4233 308 4274 xu
331 4258 344 4281 ,
379 4216 458 4284 7).
493 4213 585 4270 Sic
613 4226 744 4283 ergo
770 4226 964 4268 curare
1007 4209 1212 4266 Paulus
1239 4209 1452 4278 didicit,
1483 4211 1838 4282 quemadmo-

224 4309 366 4365 dum
402 4308 521 4377 ipse
559 4312 782 4362 sanatus
809 4314 914 4361 est.

843 4439 1073 4498 CAPUT
1113 4438 1230 4496 XV.

1920 1861 2280 1917 sacramentis
2309 1859 2566 1916 reddidit.

1995 1955 2083 2010 79.
2127 1954 2260 2010 Nam
2297 1963 2354 2010 et
2399 1954 2732 2024 sequestrari
2771 1963 2986 2024 oportet
3024 1957 3264 2026 graviter
3289 1956 3524 2028 lapsum,

1921 2067 1990 2106 ne
2029 2049 2311 2106 modicum
2341 2048 2665 2106 fermentum
2696 2057 2866 2104 totam
2896 2064 3130 2104 massam
3167 2063 3482 2121 corrumpat
3511 2069 3525 2106 :

1921 2157 1976 2202 et
2005 2144 2416 2218 expurgandum
2449 2157 2531 2201 εει
2559 2154 2717 2198 vetus
2743 2143 3107 2208 fermentum,
3139 2145 3223 2200 vel
3257 2146 3311 2200 in
3343 2147 3531 2218 singu-

1923 2239 1990 2295 lis
2015 2251 2170 2294 vetus
2194 2238 2378 2302 homo,
2410 2237 2514 2293 hoc
2536 2247 2618 2291 est
2649 2278 2662 2301 ,
2711 2236 2953 2292 exterior
2975 2235 3139 2292 homo
3162 2253 3284 2293 cum
3316 2238 3530 2296 aetibus

1921 2334 2056 2396 suis,
2089 2333 2173 2388 Vel
2221 2333 2274 2387 itt
2319 2331 2519 2401 pupulo
2566 2332 2905 2387 inveteratus
2939 2332 3220 2401 peccatis,
3270 2333 3532 2404 vitiisque

1923 2439 2236 2484 concretus.
2275 2425 2343 2481 Et
2385 2427 2521 2482 bene
2547 2424 2688 2481 dixit
2725 2426 3166 2497 expurgandum,
3226 2445 3330 2483 non
3362 2430 3534 2500 proji-

1923 2521 2206 2578 ciendum:
2229 2518 2377 2591 quod
2399 2519 2542 2576 enim
2562 2530 2916 2590 expurgatur,
2937 2535 3042 2574 non
3069 2529 3236 2576 totum
3255 2522 3534 2591 judicatur

1923 2615 2150 2680 inutile;
2197 2613 2321 2670 ideo
2338 2614 2480 2669 enim
2515 2623 2796 2684 purgatur,
2823 2625 2877 2668 ut
2903 2614 3038 2669 utile
3077 2615 3145 2667 ab
3168 2614 3345 2670 inutili
3370 2632 3533 2686 διερει-

1924 2715 2101 2762 retur:
2127 2705 2271 2778 quod
2296 2712 2476 2761 autem
2508 2705 2814 2776 projicitur,
2841 2705 2974 2760 nihil
3005 2707 3055 2760 in
3087 2721 3146 2763 se
3165 2708 3298 2764 utile
3330 2707 3536 2766 habere

1927 2800 2187 2858 creditur.

2001 2897 2091 2954 80.
2136 2895 2306 2970 [Alias
2333 2912 2453 2966 cap.
2482 2894 2624 2968 ΧΨ]
2658 2895 2776 2952 lam
2826 2905 2951 2951 tunc
2981 2895 3145 2967 igitur
3183 2895 3480 2968 Apostolus
3509 2909 3530 2937 ⁸

1931 2987 2268 3044 reddendum
2301 2987 2658 3044 sacramentis
2684 2988 2953 3057 judicavit
2973 2989 3310 3054 caelestibus,
3336 2991 3380 3045 si
3412 3008 3537 3061 pur-

1932 3081 2048 3153 gari
2073 3096 2130 3136 se
2163 3081 2279 3151 ipse
2323 3081 2511 3136 vellet.
2561 3079 2629 3134 Et
2679 3080 2822 3136 bene
2861 3081 2938 3134 ait
2969 3099 2982 3135 :
3014 3081 3348 3153 Expurgote;
3386 3085 3538 3138 velut

1928 3173 2074 3230 enim
2101 3173 2357 3244 nperibus
2379 3172 2698 3244 quibusdam
2741 3174 2908 3228 totius
2939 3175 3123 3244 populi
3153 3184 3416 3247 pllt‘gulur
3436 3219 3448 3240 ,
3485 3189 3542 3234 et

1933 3269 2104 3340 plebis
2130 3268 2382 3341 Iacryinis
2410 3268 2679 3330 abluitur.
2713 3268 3176 3338 quiorationibus
3216 3280 3270 3326 et
3317 3269 3539 3327 ﬂetibus

1933 3361 2109 3432 plebis
2140 3361 2425 3419 redimitur
2453 3377 2480 3415 a
2530 3371 2753 3430 peccato
2774 3402 2790 3427 ,
2821 3371 2874 3416 et
2904 3362 2957 3416 in
2991 3355 3212 3418 homine
3247 3365 3544 3421 mundatur

1933 3457 2214 3514 interiore.
2251 3457 2482 3513 Donavit
2512 3458 2660 3511 enim
2711 3454 2964 3513 Christus
3003 3458 3262 3516 Ecclesiae
3293 3476 3426 3530 sum,
3482 3472 3544 3519 ut

1934 3567 2101 3608 unum
2135 3567 2229 3623 per
2258 3567 2452 3607 omnes
2484 3551 2818 3620 redimeret,
2855 3568 2976 3624 quae
3003 3553 3218 3610 Damini
3251 3555 3380 3613 .lesu
3429 3575 3543 3616 me-

1937 3645 2046 3702 ruit
2069 3645 2388 3712 adventum,
2422 3654 2481 3702 ut
2508 3661 2608 3718 per
2629 3663 2794 3701 unum
2819 3663 3010 3704 omnes
3038 3649 3463 3709 redimerentur.

2008 3740 2100 3796 81.
2135 3738 2234 3794 llic
2256 3755 2452 3796 sensus
2475 3740 2624 3796 Pauli
2651 3753 2757 3806 est,
2785 3757 2944 3813 quem
2980 3743 3142 3799 verba
3169 3746 3541 3804 ob~cnriorem

1940 3832 2162 3888 faciunt.
2191 3829 2620 3888 Consideremus
2666 3834 2842 3904 ipsum
2900 3837 3146 3906 Apostoli
3189 3854 3540 3897 sermonem:

1943 3923 2284 3998 Expurgate,
2323 3925 2528 3995 inquit.
2586 3935 2727 3981 vetus
2768 3930 3111 3998 fermentum;
3153 3939 3207 3983 ut
3260 3932 3371 3987 sitis
3416 3950 3547 3988 nora

1943 4021 2264 4094 conspersio,
2315 4020 2447 4076 sicut
2493 4021 2613 4076 estis
2633 4022 2806 4093 azgmi
2837 4021 2889 4091 (l
2913 4020 3108 4089 Conv,
3143 4024 3217 4094 7).
3251 4026 3376 4082 Sive
3401 4029 3544 4097 quod

1946 4120 2054 4169 tota
2088 4112 2330 4169 Ecclesia
2360 4111 2622 4183 suscipiat
2660 4128 2798 4168 onus
2829 4115 3152 4184 peccatoris,
3191 4115 3278 4171 cui
3326 4133 3549 4188 compa-

1946 4205 2188 4261 tiendum
2216 4215 2272 4261 et
2293 4206 2444 4272 fletu,
2469 4216 2524 4262 et
2550 4206 2824 4272 oratione,
2863 4215 2920 4262 et
2945 4205 3138 4264 dolore
3166 4219 3252 4265 est
3279 4227 3292 4265 :
3317 4221 3371 4266 et
3392 4216 3546 4283 quasi

1946 4298 2216 4356 fermento
2241 4298 2364 4370 ejus
2389 4313 2449 4355 se
2476 4308 2644 4355 totam
2674 4309 3030 4372 conspergat;
3055 4309 3115 4357 ut
3152 4317 3247 4371 per
3271 4304 3554 4365 universos

1947 4407 2012 4448 ea
2028 4407 2150 4461 quae
2174 4390 2448 4462 superﬂua
2475 4389 2641 4447 suntb
2665 4391 2718 4446 in
2734 4391 2920 4461 aliquo
2939 4393 3311 4462 ptenitentiam
3333 4408 3549 4468 agente,

1956 4497 1978 4526 ο
2011 4485 2186 4542 virilis
2217 4485 2608 4542 misericordia:
2639 4494 2731 4541 aut
2771 4487 3169 4556 compassionis
3205 4490 3350 4546 velut
3389 4493 3554 4550 colla-

229 4577 472 4638 Rediens
500 4594 531 4632 a
556 4577 894 4651 digressione,
917 4574 1044 4646 quid
1081 4573 1149 4630 sit
1174 4574 1346 4628 venire
1373 4573 1428 4628 iu
1474 4573 1622 4644 virga
1673 4573 1755 4630 vel
1787 4573 1841 4630 in
1867 4565 1920 4626 D
1949 4577 2055 4634 tiva
2085 4576 2317 4649 quadam
2335 4577 2696 4646 admixtione,
2729 4589 3049 4650 purgentur.
3081 4579 3208 4638 Sive
3233 4592 3293 4637 ut
3317 4583 3406 4640 illa
3436 4603 3554 4642 titti-

316 4728 339 4752 εί
365 4715 442 4771 lia
468 4713 627 4768 Rom.
655 4710 789 4766 edit.
816 4724 882 4764 ac
904 4709 1036 4763 mss.
1061 4720 1255 4762 omnes
1284 4722 1298 4758 :
1327 4714 1382 4758 at
1411 4712 1522 4759 vet.
1547 4702 1680 4759 edit.
1706 4703 1850 4761 male

225 4787 652 4862 praeferebant,
676 4780 971 4862 addendum
995 4777 1360 4862 sacramentis;
1381 4783 1442 4862 et
1460 4774 1630 4862 iii-hilo
1656 4776 1850 4862 melius

223 4846 347 4917 alt.
397 4857 570 4914 Paris.
629 4846 940 4910 credendum
994 4849 1358 4905 sacramentis.
1406 4847 1676 4901 Cieterum
1723 4846 1852 4901 Λιιι-

224 4932 471 4990 brosius
510 4943 632 4982 cum
679 4929 730 4981 in
764 4926 886 4980 aliis
922 4923 1038 4978 suis
1068 4923 1258 4986 libris,
1285 4929 1394 4974 tum
1431 4921 1483 4974 in
1510 4918 1597 4974 his
1627 4918 1852 4990 p0tissi¢

222 4989 394 5062 im...
427 4997 1038 5072 graviorumcriminum
1058 5009 1182 5072 [eos
1211 5003 1318 5072 tam
1349 4991 1667 5062 frequenter
1695 5000 1750 5044 ut
1782 4989 1850 5044 ad

225 5064 514 5135 Ecclesia:
540 5073 1030 5138 universorumque
1051 5064 1482 5138 Christianorum
1505 5076 1692 5132 preces
1721 5077 1852 5138 coii-

218 5132 791 5218 i’iigiantuliortatur,
841 5151 901 5196 ut
936 5132 1256 5218 ambiguum
1279 5134 1468 5217 haberi
1516 5149 1622 5188 non
1635 5132 1848 5218 possit,

218 5203 381 5292 ἦιῖἶιι
413 5203 668 5292 Siiﬂragia
710 5203 806 5292 illa
835 5227 941 5266 non
962 5203 1160 5292 fecerit
1185 5208 1415 5292 minoris
1445 5203 1851 5292 quatitn'l‘ertul:

213 5276 460 5351 ﬁnitus:
495 5276 651 5356 cujus
681 5301 742 5340 ea
776 5283 934 5356 dere
962 5283 1058 5336 lib.
1092 5281 1162 5336 de
1185 5280 1386 5334 Ptenil.
1420 5277 1658 5356 eap.__l0,
1684 5276 1853 5356 verba

219 5347 340 5422 illa
370 5372 502 5415 sunt
534 5347 698 5411 {Cum
722 5367 768 5410 te
794 5355 862 5408 ad
895 5358 1116 5424 fratrum
1143 5368 1311 5422 genua
1338 5351 1628 5424 proterritis,
1676 5347 1855 5403 Chris-

216 5421 362 5495 tum
383 5439 690 5493 contrectas,
719 5421 980 5482 Christum
1007 5421 1190 5480 exoras
1223 5439 1240 5478 :
1281 5421 1423 5493 atque
1443 5421 1674 5495 illicunt
1703 5436 1856 5488 super

359 5509 622 5572 lacrymas
666 5491 1146 5572 agunt,_r(.'ltristus
1168 5491 1386 5567 patitur,
1430 5491 1664 5572 Christus
1692 5507 1786 5572 pro
1812 5501 1859 5545 te

217 5562 582 5639 bitumini,
634 5562 740 5627 etc.
788 5562 994 5637 Quibus
1041 5562 1222 5623 autem
1273 5563 1615 5639 ceremnniis
1633 5562 1866 5634 publica:

215 5635 361 5713 illa:
386 5635 582 5718 preces
600 5659 664 5699 ac
686 5635 936 5715 lacrima:
961 5656 1056 5712 pro
1069 5639 1468 5718 paenitentibus
1491 5635 1865 5718 funderentur,

217 5707 439 5784 hiscat
492 5717 716 5771 istarum
747 5707 928 5770 rerum
957 5707 1240 5768 studiosus
1285 5711 1605 5784 abauctore
1632 5707 1868 5784 Constit.

222 5776 505 5869 ;postol.
539 5785 630 5842 lib.
661 5804 717 5855 ιι,
740 5801 864 5858 cap.
895 5786 994 5855 l8,
1018 5796 1074 5842 et
1099 5785 1335 5840 maxime
1361 5781 1458 5839 lib.
1487 5794 1580 5837 vui
1602 5821 1619 5851 ,
1651 5794 1772 5849 cap.
1796 5776 1830 5832 9
1855 5795 1869 5844 ;

676 5882 951 5946 ΡΑτιιοι..
1001 5877 1173 5942 XVI.

1952 4705 2086 4763 item
2111 4723 2142 4761 e
2179 4704 2347 4761 Cone.
2404 4703 2628 4759 Laodic.
2681 4705 2989 4774 canonl9;
3021 4707 3220 4774 quibus
3271 4709 3316 4766 si
3345 4711 3561 4773 libuerit

1952 4777 2194 4845 adjicere
2217 4775 2662 4849 quredebocrjtu
2683 4779 2823 4844 apud
2845 4773 3292 4849 Ctirysostumutn
3315 4789 3462 4840 ltum.
3488 4788 3558 4842 72

1955 4852 2007 4903 in
2038 4846 2258 4913 M:ittli.,
2287 4859 2341 4903 et
2361 4848 2510 4920 litin
2541 4846 2664 4903 ιιςιιι
2689 4849 2934 4902 Corinth.
2962 4846 3145 4920 legere
3173 4862 3276 4917 est,
3305 4858 3554 4912 eumdem

1955 4920 2008 4976 in
2036 4920 2290 4977 orientali
2333 4919 2576 4990 Ecclesia
2609 4928 2890 4990 receptum
2921 4931 2974 4975 et
3012 4919 3356 4978 cottnnunrtn
3390 4923 3558 4984 fuisse

1952 5002 2291 5065 compertum
2321 4990 2448 5065 ﬁet.
2483 4989 2591 5065 sed
2643 4993 2693 5042 in
2745 4989 3069 5065 ocridettlali
3115 5009 3332 5065 quoque
3377 4997 3553 5064 ipsum

1956 5079 2065 5119 non
2119 5063 2300 5118 minus
2344 5063 2650 5116 obtinuisse
2689 5074 2889 5129 printer
2927 5063 3153 5118 citatum
3209 5063 3558 5125 Ambrosium

1957 5135 2124 5191 variis
2155 5137 2312 5199 locis,
2345 5133 2636 5207 PaCi-‘tlllllll
2663 5133 2889 5188 Exltort.
2922 5139 2986 5188 ad
3011 5135 3208 5191 PtBllil.
3245 5148 3301 5192 et
3332 5143 3495 5207 epist.
3530 5144 3552 5196 l

1958 5207 2025 5261 ad
2056 5211 2350 5278 Sympron.
2383 5215 2440 5260 et
2463 5205 2622 5278 alios,
2679 5214 2844 5278 testes
2873 5208 3037 5260 etiam
3067 5215 3196 5260 sunt
3222 5205 3563 5267 Sc-ztnnenus

1959 5278 2055 5334 lib.
2089 5275 2165 5333 vn
2194 5275 2332 5351 llist.
2355 5292 2489 5351 cap.
2517 5275 2604 5351 ιϐ.
2661 5286 2716 5330 et
2739 5277 2890 5351 Ordo
2915 5277 3194 5333 Ronianus
3233 5293 3300 5351 eo
3327 5282 3429 5335 loci
3457 5302 3566 5351 quo

1962 5350 2326 5406 abSqutionis
2346 5349 2492 5404 feria.-
2510 5349 2544 5404 5
2568 5351 2622 5402 in
2638 5362 2792 5402 caena
2823 5349 3035 5403 Domini
3055 5359 3195 5403 ratio
3213 5349 3360 5404 desci
3380 5349 3564 5412 ibitur.

2033 5421 2060 5459 ι)
2101 5420 2330 5490 Quidam
2365 5436 2522 5486 mss.,
2556 5420 2608 5473 in
2632 5420 2806 5490 aliquo
2834 5422 3132 5490 patientiam
3160 5433 3361 5491 agente.

2044 5505 2063 5531 ο
2109 5493 2371 5547 Erasmus
2398 5501 2454 5546 et
2475 5507 2590 5558 seq.
2617 5491 2777 5567 edit.,
2803 5491 2993 5567 viritim
3021 5491 3567 5567 miserit'ordite.0pti.

1969 5580 2059 5621 me
2088 5580 2220 5618 sane
2262 5576 2317 5618 et
2344 5562 2759 5617 accommodate
2801 5562 2866 5614 ad
2902 5562 3024 5616 illas
3083 5577 3283 5631 voces,
3324 5562 3568 5628 collativo

1972 5638 2197 5706 quadam
2235 5635 2584 5698 admixtione;
2624 5633 2707 5686 his
2740 5635 2884 5686 enim
2919 5647 3026 5687 non
3054 5633 3279 5690 dubium
3311 5643 3570 5700 estaliud

1975 5707 2063 5782 ad
2099 5707 2535 5782 laudatissimum
2570 5706 2712 5758 hunc
2760 5716 3002 5782 veterum
3056 5722 3285 5782 morem,
3316 5728 3567 5782 quocum

1978 5779 2242 5850 quispiam
2267 5777 2567 5833 amicorum
2591 5787 2719 5830 casu
2746 5774 2927 5844 aliquo
2955 5777 3109 5831 lltmis
3133 5774 3354 5839 eversus
3375 5784 3576 5858 finem,

3056 5871 3130 5934 16
