4042 6294
514 332 624 393 695

1885 309 2133 371 SANCTI
2169 304 2492 367 AMBROSII

3693 281 3784 340 ιθθ

587 448 1070 520 astruitur.Quibus
1095 445 1310 501 additur
1327 457 1432 497 non
1451 436 1864 497 destructionem,
1884 433 1976 489 sed
2003 447 2121 487 cas-
2152 431 2204 492 Α
2227 428 2386 485 coriis
2411 425 2569 498 hujus
2594 419 2810 492 mundi(
2834 419 2857 476 l
2880 418 3003 475 Cor.
3019 429 3076 481 v,
3104 413 3201 486 9).
3238 411 3309 469 Et
3337 409 3474 466 infra
3494 401 3784 474 subiunxit:

591 547 892 624 tigationem
923 543 1126 610 carnis,
1153 557 1246 612 per
1277 553 1449 596 vocem
1475 533 1755 591 interitum
1803 528 2121 602 signiﬁcari,

595 642 730 714 quod
761 640 914 706 etiam
942 638 1091 696 térra:
1109 633 1450 692 similitudine
1477 628 1832 700 conﬁrmatur.

593 762 684 820 9'2.
724 759 865 832 Quid
902 767 1290 828 exspectamus
1327 761 1387 808 ut
1417 749 1616 808 mortui
1662 751 1979 804 mereantur
2027 757 2121 799 ve-

528 857 672 914 niam
695 896 712 923 ,
739 852 834 924 qui
857 859 1092 909 mortem
1129 848 1228 904 sibi
1258 845 1590 909 intulerunt,
1639 839 1802 915 415
1829 853 1952 894 cum
1972 837 2125 891 vive-

527 951 684 1010 rent?
725 947 874 1008 Satis
897 957 984 1004 est
1006 989 1021 1013 ,
1045 944 1219 1014 inquit
1241 983 1256 1008 ,
1303 941 1352 997 ei
1383 939 1478 1010 qui
1511 936 1636 994 talis
1662 943 1746 992 est
1767 976 1784 1002 ,
1821 930 2128 1005 obiurgatio

528 1049 647 1104 haec
675 1059 798 1118 qua:
829 1043 889 1099 lit
934 1057 965 1098 a
995 1038 1274 1112 pluribus;
1326 1035 1403 1092 ita
1439 1042 1500 1090 ut
1545 1047 1576 1088 e
1622 1029 1902 1088 contrario
1957 1025 2128 1097 magis

524 1117 744 1202 donatis
769 1147 825 1196 et
849 1132 1241 1198 consolemini;
1273 1145 1344 1186 ne
1369 1127 1514 1184 forte
1537 1119 1948 1182 abundantioré
1969 1117 2133 1174 tristi-

525 1239 596 1296 tia
617 1233 982 1294 absorbeatur
1012 1227 1078 1297 (ll
1105 1225 1224 1282 Cor.
1251 1239 1324 1289 ιι,
1357 1219 1434 1296 6).
1463 1220 1522 1278 Si
1545 1217 1682 1274 satis
1707 1215 1776 1272 ad
1798 1212 2130 1270 condemna-

441 1367 448 1373 -
523 1332 726 1390 tionem
769 1333 855 1384 est
898 1319 1240 1395 objurgatio,
1270 1331 1392 1387 qum
1432 1315 1547 1369 lita
1587 1307 1856 1381 pluribus,
1890 1303 2023 1361 satis
2046 1309 2131 1358 est

526 1437 746 1498 quoque
783 1419 850 1475 ad
885 1415 1268 1474 remissionem
1314 1405 1528 1481 peccati
1557 1400 1890 1466 obsecratio,
1921 1413 2043 1470 quat
2074 1395 2133 1451 lit

525 1492 562 1576 ί
602 1492 872 1590 pluribus.
909 1509 1133 1569 Muralis
1165 1505 1427 1577 magister
1481 1507 1539 1557 et
1584 1507 1790 1555 nostra:
1822 1492 2130 1566 fragilitatis

523 1609 806 1671 conscius,
834 1614 892 1664 et
929 1601 1149 1678 pietatis
1199 1597 1400 1654 divina:
1450 1594 1748 1661 interpres,
1779 1589 1899 1643 vult
1935 1583 2131 1642 donari

524 1700 974 1776 peccatum,vult
1016 1693 1456 1754 consolationem
1493 1685 1771 1750 adhiberi;
1819 1697 1889 1738 ne
1914 1679 2131 1736 tristitia

525 1801 886 1874 pmnitentem
925 1791 1090 1849 ttedio
1118 1790 1298 1859 longae
1325 1782 1610 1842 dilationis
1637 1775 1949 1835 absorbeat.

598 1897 687 1954 95.
735 1893 866 1952 ldeo
895 1904 1026 1961 ergo
1048 1884 1271 1944 donavit
1295 1878 1594 1952 apostolus,

523 1992 624 2056 vit,
651 1987 750 2046 sed
789 1957 1311 2042 etiam-conﬁrmari
1340 1973 1395 2029 in
1421 1987 1550 2028 eum
1575 1966 1894 2023 cbaritatem
1934 1957 2128 2015 voluit.

524 2049 630 2152 Qui
657 2080 858 2138 cbarus
883 2084 989 2142 est,
1009 2088 1118 2130 non
1149 2069 1314 2125 habet
1335 2065 1612 2128 duritiam,
1635 2057 1731 2115 sed
1757 2049 2130 2111 mansuetudi-

526 2193 678 2235 nem.
712 2173 822 2230 Nec
848 2169 1027 2226 solum
1070 2160 1456 2230 donavitipse,
1503 2153 1597 2211 sed
1625 2150 1797 2208 voluit
1826 2148 1991 2204 etiam
2015 2159 2132 2200 om-

529 2287 630 2328 nes
659 2267 890 2325 donare.
932 2271 988 2318 et
1027 2274 1087 2315 se
1127 2263 1350 2330 propter
1403 2252 1541 2306 alios
1577 2247 1814 2303 donasse
1857 2239 2021 2306 dixit;
2066 2254 2134 2294 ne

527 2359 689 2420 multi
721 2365 945 2430 prepter
966 2367 1130 2410 unum
1161 2346 1367 2404 diutius
1406 2343 1889 2399 contristarentur.
1936 2333 1998 2389 Si
2026 2331 2132 2398 cui,

532 2428 736 2528 inquit,
763 2449 1016 2514 donastis,
1045 2456 1090 2502 et
1118 2460 1246 2515 ego;
1275 2455 1395 2496 nam
1409 2447 1456 2494 et
1474 2452 1566 2508 ego
1595 2442 1803 2507 propter
1823 2446 1910 2484 vos
1935 2428 1989 2482 in
2019 2442 2136 2496 per-

533 2565 662 2606 sona
673 2544 887 2610 Christi,
901 2551 958 2596 ut
986 2555 1088 2595 non
1109 2531 1614 2593 circumveniamura
1633 2524 1834 2582 Satana
1852 2537 1872 2589 ,°
1895 2535 1985 2574 nec
2001 2516 2136 2574 enim

530 2638 782 2700 versutias
813 2608 924 2706 ejus
967 2631 1268 2702 ignoramus
1316 2621 1531 2696 (Ibid.,
1577 2616 1702 2690 l0).
1747 2608 2139 2682 Rectepotest

535 2737 841 2805 serpentem
859 2738 1075 2788 cavere,
1097 2721 1187 2794 qui
1209 2719 1331 2790 ejus
1352 2721 1532 2788 potest
1559 2709 1829 2768 ve'rsutias
1849 2720 1960 2762 non
1985 2705 2138 2775 igno-

535 2799 683 2892 rare,
717 2837 838 2895 qua:
875 2817 1062 2876 multa;
1110 2813 1179 2869 ad
1218 2807 1524 2868 nocendum
1566 2813 1712 2861 sunt.
1747 2799 1873 2856 Vult
1917 2811 2138 2867 semper

534 2935 757 2986 nocere,
781 2929 1002 2988 semper
1037 2909 1471 2974 circumvenire;
1521 2913 1579 2960 ut
1627 2908 1857 2960 mortem
1899 2895 2135 2952 inferat:

533 3016 630 3076 sed
657 3015 924 3073 debemus
941 3024 1138 3068 cavere
1164 3022 1233 3063 ne
1277 3001 1580 3062 remedium
1627 3005 1872 3054 nostrum
1906 2990 1998 3048 flat
2019 2988 2139 3060 ejus

535 3111 874 3182 triumphus;
905 3099 1370 3162 circumvenimur
1400 3095 1546 3152 enim
1577 3091 1646 3146 ab
1689 3105 1779 3156 eo,
1806 3087 1851 3144 si
1880 3099 1977 3156 per
1997 3092 2021 3120 ι
2051 3080 2138 3136 ni-

534 3173 1006 3261 miam-tristitiam
1032 3202 1245 3269 pereat,
1267 3191 1363 3264 qui
1390 3196 1570 3262 potest
1594 3181 1824 3241 liberari
1840 3194 1938 3252 per
1956 3173 2138 3233 indul-
2162 3231 2209 3294 Ο

607 3310 799 3352 ntlam.

607 3313 638 3352 n
672 3305 799 3350 iam.

534 3305 697 3448 “9:.
739 3387 811 3446 Et
836 3395 896 3444 ut
921 3385 1187 3443 sciremus
1214 3380 1340 3454 quia
1369 3377 1439 3435 de
1480 3372 1758 3448 baptizato
1802 3367 1950 3433 dicit,
1981 3362 2136 3420 addi-

537 3487 620 3543 dit
647 3503 661 3539 :
693 3483 896 3555 Scripsi
915 3480 1058 3537 vobis
1080 3479 1136 3534 in
1163 3474 1403 3550 epistola,
1434 3487 1498 3528 ne
1523 3459 1952 3524 commisceantini
1975 3455 2143 3532 forni-

611 3635 636 3662 ⁸
677 3623 868 3682 Germ.
891 3619 1016 3676 cod.
1043 3614 1340 3678 antiquior,
1371 3609 1587 3682 nimiam
1612 3600 2028 3682 obstinationem.

610 3697 637 3734 δ
678 3671 920 3765 ᾰῦἶιῖᾆῇι
932 3671 1105 3756 illis;
1128 3671 1666 3744 Christi-invocatione
1692 3671 2032 3742 suﬂ'ragatur.

2231 520 2284 576 Ν
2290 535 2389 574 unc
2417 527 2588 574 autem
2615 513 2805 586 scripsi
2820 511 2982 578 vobis,
3007 526 3108 566 non
3136 503 3472 571 commisceri,
3493 502 3537 556 si
3561 499 3668 572 quis
3693 503 3786 570 {mo

2227 627 2305 672 ter
2348 613 2645 670 nominatur
2667 609 2972 683 fornicator,
3001 603 3166 678 διο
3197 609 3285 657 aut
3311 613 3518 662 auarus,
3549 602 3636 648 aut
3661 590 3791 646 idolis

2227 707 2454 764 serviens
2495 703 2705 779 (lbid.,
2739 696 2851 773 ii).
2896 699 3044 768 Quos
3067 694 3229 753 simul
3255 689 3442 764 junsit
3477 687 3542 744 ad
3583 699 3790 758 penam,

2227 797 2390 855 simul
2420 776 2590 850 voluit
2627 793 2792 849 etiam
2819 789 2886 846 ad
2915 787 3127 842 veniam
3155 783 3456 856 pertinere.
3500 777 3562 835 Si
3588 776 3694 846 quis
3715 791 3794 827 au-

2228 899 2328 948 tem
2345 889 2466 946 talis
2481 896 2578 950 est.
2602 883 2803 958 inquit,
2829 899 2945 938 cum
2963 881 3060 936 hoc
3079 895 3171 934 nec
3201 876 3372 932 cibum
3389 886 3563 928 sumas
3591 868 3610 939 (
3629 866 3793 936 lbid.).

2229 985 2402 1056 Quam
2430 995 2655 1038 severus
2674 974 3067 1051 pertinacibus,
3089 985 3251 1043 quam
3274 965 3562 1038 indulgens
3589 959 3798 1032 roganti-

2231 1051 2364 1136 bus!
2399 1077 2700 1133 Adversum
2741 1071 2867 1128 illos
2895 1067 3100 1126 Christi
3137 1072 3382 1140 arguatur
3440 1057 3632 1130 injuria
3663 1095 3677 1120 ,
3729 1051 3798 1108 his

2235 1171 2264 1212 ιι
2293 1170 2496 1230 Christi
2527 1163 2804 1224 invocatio
2829 1161 3182 1232 suffragatur.

2303 1288 2396 1346 95.
2438 1285 2507 1340 At
2535 1297 2604 1339 ne
2627 1280 2750 1353 quis
2785 1277 2930 1334 forte
2965 1289 3036 1330 eo
3075 1279 3379 1338 moveatur,
3409 1267 3538 1339 quia
3573 1271 3800 1334 scriptum

2233 1391 2319 1441 est
2345 1396 2362 1436 :
2393 1375 2612 1435 Tradidi
2635 1370 2940 1450 ltujusmodi
2965 1367 3222 1424 hominem
3251 1363 3466 1422 Satanae
3492 1361 3550 1415 in
3575 1357 3801 1414 interitum

2234 1475 2443 1545 carnis(
2469 1469 2636 1535 Ibid.,
2667 1449 2768 1540 57),
2803 1473 2860 1522 et
2876 1463 3061 1520 dicat:
3091 1455 3383 1530 Quomodo
3428 1452 3611 1524 potuit
3639 1449 3701 1504 ad
3725 1462 3804 1504 ve-

2234 1568 2378 1624 niam
2412 1563 2707 1636 pertinere,
2737 1558 2894 1629 cujus
2940 1555 3118 1610 omnis
3167 1548 3458 1607 interierat
3503 1557 3665 1608 caro;
3703 1555 3804 1596 cum

2235 1635 2586 1718 manifestum
2609 1657 2682 1712 sit
2709 1655 2763 1710 in
2792 1661 3024 1723 utroque
3070 1647 3414 1716 redemptum
3447 1641 3732 1704 hominem,
3761 1635 3806 1691 in

2236 1765 2468 1828 utroque
2505 1749 2705 1808 salvari
2735 1767 2749 1803 :
2775 1761 2950 1818 neque
2989 1743 3223 1800 animam
3257 1739 3381 1796 sine
3422 1749 3617 1798 carne,
3659 1743 3806 1801 neque

1624 1888 1728 1930 nec
1747 1871 1927 1928 solum
1956 1865 2128 1923 dona-
2160 1839 2209 1899 Β
2234 1863 2455 1907 carnem
2494 1845 2612 1902 sine
2648 1841 2852 1904 anima,
2885 1852 3009 1894 cum
3047 1834 3149 1890 sibi
3191 1833 3301 1889 sint
3327 1840 3612 1902 gestorum
3645 1836 3668 1864 ε
3701 1837 3809 1894 ope-

2233 1964 2352 2006 rum
2392 1942 2689 2004 consortiis
2731 1936 3031 2010 copulata),
3063 1931 3182 1990 sine
3227 1927 3508 1986 consortio
3537 1923 3628 1980 vel
3661 1935 3811 1992 poena:

2233 2057 2360 2100 esse
2404 2039 2488 2096 vel
2535 2034 2784 2107 praemii?
2837 2031 2891 2088 ls
2941 2027 3045 2084 sibi
3095 2037 3420 2093 responsant
3461 2019 3572 2075 hoc
3618 2015 3810 2079 habeat,

2233 2134 2381 2209 quod
2440 2131 2699 2188 interitus
2749 2140 2859 2184 non
2908 2128 3347 2180 consummatam
3396 2111 3810 2182 absumptionetn

2234 2229 2415 2288 carnis
2442 2224 2734 2296 signiticet,
2764 2219 2861 2278 sed
2885 2215 3324 2288 castigationem.
3350 2211 3506 2267 Sicut
3525 2207 3669 2263 enim
3693 2217 3814 2259 mor-

2237 2335 2363 2381 tuus
2389 2330 2643 2394 peccato,
2692 2315 2808 2372 Deo
2833 2312 2964 2368 vivit
2998 2329 3011 2365 :
3043 2309 3116 2364 ita
3148 2304 3421 2362 illecebra:
3449 2299 3637 2357 carnis
3672 2298 3814 2352 inter-

2235 2388 2407 2483 eunt,-
2430 2423 2486 2471 et
2516 2408 2904 2483 cupiditatibus
2925 2403 3040 2460 suis
3059 2401 3294 2458 moritur
3320 2413 3481 2455 caro:
3509 2406 3572 2451 ut
3608 2388 3814 2451 castitati

2235 2509 2564 2580 ueterisque
2583 2503 2746 2562 bonis
2775 2499 3035 2570 operibus
3065 2495 3377 2552 reviviscat.

2307 2604 2400 2663 96.
2445 2603 2510 2658 Et
2547 2595 2924 2672 quodaptius
2974 2589 3308 2662 exemplum,
3357 2600 3523 2659 quam
3551 2584 3622 2642 de
3671 2586 3816 2637 matre

2237 2695 2560 2756 sumamus?
2603 2691 2848 2761 Namque
2892 2686 3010 2756 ipsa
3056 2683 3128 2740 de
3171 2696 3277 2754 qua
3329 2677 3602 2748 assumpti
3633 2687 3817 2736 sumus.

2239 2801 2408 2858 terra,
2427 2785 2742 2843 intermisso
2762 2777 3027 2837 exercitio
3047 2775 3330 2846 cultuque,
3351 2770 3574 2828 videtur
3587 2768 3784 2824 deserta
3805 2781 3816 2815 :

2238 2898 2294 2944 et
2315 2894 2411 2941 aut
2436 2881 2640 2938 vinetis
2669 2879 2868 2952 quibus
2891 2873 3136 2932 consitus
3160 2879 3245 2926 est
3269 2883 3425 2940 ager,
3443 2874 3540 2922 aut
3564 2862 3701 2920 oleis
3724 2873 3821 2915 mo-

2238 2981 2410 3042 ritur;
2440 2989 2661 3032 succum
2688 2949 2887 3026 tamen
2933 2963 3211 3038 proprium
3251 2961 3402 3018 velut
3445 2956 3732 3029 quamdam
3753 2949 3821 3008 sui

2239 3073 2478 3128 animam
2522 3081 2630 3122 non
2663 3063 2883 3120 amittit.
2926 3057 3173 3130 Denique
3219 3051 3452 3124 repetita
3501 3047 3754 3112 cultione,
3779 3051 3823 3100 et

2239 3163 2470 3225 creditis
2491 3159 2815 3223 seminibus,
2863 3153 3063 3228 quibus
3111 3149 3310 3206 habilis
3351 3147 3678 3211 aestimatur,
3705 3141 3823 3197 lera-

2240 3261 2359 3318 cior
2379 3253 2616 3326 assurgit
2666 3248 2955 3308 fructibus.
2998 3243 3118 3302 Non
3147 3257 3280 3314 ergo
3318 3239 3563 3296 alienum
3605 3237 3651 3293 si
3683 3234 3822 3292 etiam

2243 3361 2427 3412 nostra
2453 3363 2583 3407 caro
2622 3345 2850 3403 interire
2870 3342 2952 3400 sic
2980 3337 3214 3402 dicitur;
3261 3345 3321 3392 ut
3357 3349 3616 3404 repressa
3660 3327 3824 3401 magis.

2244 3463 2408 3521 quam
2435 3445 2726 3513 absumpta
2757 3436 3032 3496 credatur.

2325 3598 2346 3624 ε
2387 3582 2514 3712 ris.
2559 3593 2668 3636 non
2715 3575 2898 3650 pauci,
2943 3580 3203 3647 gestorum
3251 3583 3572 3641 operumque
3599 3568 3828 3620 consortes

2325 3674 2388 3712 ou
2414 3671 2446 3710 a
2471 3669 2535 3710 te.

2251 3669 2535 3730 copulatio.

613 3723 637 3734 ¹¹
678 3723 913 3765 ςιιιιυΰιιι
941 3723 1101 3756 Iliaco,
1130 3723 1323 3744 unum"
1345 3723 1664 3738 ...νων-...νη
1693 3723 1809 3742 --Ἰν
1830 3723 1920 3742 ήδη
2317 3723 2328 3730 _
3429 3723 3434 3727 ι

1432 3929 1435 3931 ·
1659 3917 2012 4008 LIBER
2085 3901 2777 4012 SECUNDUS.

2040 4044 2356 4080 _______....

969 4197 1135 4272 415
1171 4189 1403 4252 CAPUT
1442 4183 1740 4246 PRIMUM.

549 4331 852 4391 Ambrosius
880 4325 998 4382 libri
1027 4319 1309 4394 superioris
1344 4312 1614 4388 praeceptis
1653 4322 1782 4364 nova
1819 4302 2150 4360 subtexurus,

625 4420 975 4479 necessitatem
1015 4389 1217 4469 mature
1253 4407 1439 4484 agendi
1492 4400 1841 4476 patuitentiam
1881 4389 2157 4468 allegorice

622 4516 854 4571 insinuat
885 4552 902 4579 ,
931 4523 1085 4582 quam
1131 4516 1179 4560 et
1226 4501 1410 4560 suadet
1455 4497 1750 4571 agendam:
1779 4489 1966 4547 deinde
2007 4485 2154 4540 illius

628 4611 797 4679 [arma
823 4577 1153 4673 inVA'postolo
1180 4593 1456 4651 imitationi
1493 4586 1780 4663 proposita,
1821 4581 1990 4638 uarios
2017 4577 2155 4650 ejus-

627 4703 744 4756 dem
771 4701 972 4771 fructus
991 4691 1210 4748 strictim
1237 4685 1499 4760 proponit.

2259 4165 2404 4224 nerit
2429 4207 2444 4234 ,
2479 4163 2624 4221 dicat
2666 4162 2862 4221 cultori
2894 4163 3110 4220 vinem:
3146 4160 3372 4219 Succide
3407 4161 3582 4218 illam.
3629 4159 3697 4219 Ut
3733 4156 3834 4231 quid

2257 4259 2412 4317 etiam
2456 4268 2646 4314 terram
2692 4255 2954 4328 occupat(
2974 4253 3102 4311 Luc.
3153 4270 3272 4321 sm,
3303 4251 3415 4326 7)?
3455 4253 3528 4310 Et
3551 4253 3659 4311 nisi
3686 4250 3835 4308 cultor

2261 4353 2438 4408 vinea:
2470 4350 2795 4408 interveniat
2813 4349 3032 4407 dicens:
3058 4347 3300 4418 Domine,
3323 4349 3526 4406 remitte
3543 4347 3688 4403 illam
3706 4355 3749 4401 et
3760 4344 3836 4398 bac

2262 4462 2422 4514 anno,
2438 4461 2598 4515 usque
2611 4443 2736 4499 dum
2753 4443 2950 4514 fodiam
2960 4443 3101 4499 circa
3119 4441 3289 4510 illam;
3317 4451 3362 4497 et
3377 4441 3578 4497 mittam
3591 4438 3834 4514 cophinus!

2256 4539 2496 4598 stercoris
2529 4555 2547 4593 :
2579 4547 2627 4594 et
2654 4536 3084 4611 siﬁlsquidem
3104 4537 3282 4608 fecerit
3301 4535 3558 4607 fructum;
3571 4537 3652 4594 sin
3671 4543 3832 4597 autem,

2259 4633 2536 4691 excidatur
2566 4631 2791 4702 ﬁculnea
2819 4634 2838 4701 (
2869 4630 3038 4696 lbid.,
3066 4631 3122 4701 8,
3154 4628 3245 4701 9).

2329 4728 2383 4783 ’5.
2427 4725 2810 4782 Stercorcmus
2865 4739 2999 4796 ergo
3047 4734 3104 4780 et
3151 4738 3250 4781 nos
3296 4738 3489 4797 agrum
3529 4724 3676 4782 hunc
3703 4735 3836 4796 quem

626 4839 677 4894 Ι.
722 4834 838 4893 Etsi
872 4848 979 4890 non
1020 4843 1193 4903 pauca
1224 4841 1347 4898 quae
1386 4823 1454 4880 ad
1493 4819 1928 4887 cohortationem
1975 4812 2150 4887 pmui-
2177 4822 2234 4883 1)
2259 4817 2626 4892 possidemus,
2671 4826 2726 4873 et
2762 4817 3041 4874 imitemur
3078 4815 3387 4873 laboriosos
3411 4817 3840 4892 agricolas,un

555 4931 742 4990 tentia:
765 4925 1073 5001 proﬁciant,
1104 4921 1309 4991 scripta
1332 4915 1443 4972 sint
1482 4914 1536 4970 in
1565 4913 1706 4969 libro
1727 4909 2045 4983 superiore;
2077 4916 2157 4962 ta-

553 5041 680 5084 men
705 5037 828 5082 cum
853 5017 1018 5090 adjici
1044 5013 1258 5090 possint
1295 5007 1600 5078 complura,
1633 5021 1701 5060 ne
1725 5002 1873 5059 velut
1917 5014 2160 5056 semesas

553 5119 849 5178 verborum
877 5119 1194 5168 nostrorum
1219 5103 1408 5176 epulas
1431 5099 1718 5170 reliquisse
1747 5097 2054 5162 videamur,
2083 5093 2164 5148 in-

555 5225 775 5287 ceptum
803 5217 1202 5281 persequamur
1225 5195 1562 5255 convivium.

629 5281 686 5363 ὲ.
717 5299 956 5375 ‘Agenda
983 5305 1070 5353 est
1094 5294 1240 5350 enim
1287 5287 1607 5362 poenitentia
1651 5301 1759 5342 non
1799 5285 1976 5340 solum
2009 5281 2164 5338 solli-

563 5401 691 5466 cite,
723 5374 820 5454 sed
851 5393 1016 5450 etiam
1061 5394 1320 5444 mature:
1375 5396 1443 5436 ne
1491 5379 1632 5435 torte
1687 5374 2165 5448 Evangelicusille

561 5488 957 5564 paterfamilias
997 5482 1088 5556 qui
1119 5478 1376 5535 arborem
1420 5473 1582 5530 ticum
1631 5470 1896 5543 plantavit
1925 5471 1978 5526 in
2007 5470 2163 5526 vinea

565 5581 685 5651 sua,
717 5581 934 5646 veniat;
966 5587 1020 5634 et
1049 5586 1304 5648 quaerens
1329 5569 1562 5626 fructum
1597 5567 1650 5622 in
1680 5581 1767 5634 ea,
1800 5567 1844 5620 si
1878 5581 1984 5621 non
2013 5565 2166 5620 inve-

641 5707 667 5734 ⁸
703 5695 936 5752 lmitatio
965 5695 1184 5750 illorum
1211 5698 1464 5743 versuum
1493 5697 1524 5739 e
1545 5681 1642 5738 lib.
1665 5697 1680 5736 I
1706 5681 1908 5754 Georg.
1937 5698 1949 5734 :

725 5781 802 5832 Ne
824 5789 1048 5832 saturare
1069 5777 1190 5840 timo,
1207 5773 1394 5840 pingui-_
1407 5769 1596 5840 pudeat
1615 5768 1744 5832 sola,
1766 5781 1898 5821 neve

725 5841 916 5894 Ἐπειοί
935 5843 1154 5895 cinerem
1177 5833 1480 5922 immundum
1496 5833 1687 5897 jactare
1709 5844 1801 5897 per
1822 5842 1984 5897 agros.

2260 4921 2425 5020 “.nou
2459 4909 2628 4982 pudet
2657 4909 2785 4966 llmo
2812 4909 3002 4982 pingui
3021 4908 3226 4967 satiare
3251 4917 3479 4978 terram,
3505 4918 3565 4966 et
3591 4904 3840 4966 immundo

2261 5005 2448 5063 cinere
2475 5019 2665 5077 agrum
2705 5019 3022 5076 aspergere,
3049 5013 3111 5059 ut
3145 5004 3355 5060 lructus
3384 5004 3674 5062 uberiores
3706 4997 3840 5058 colli-

2267 5108 2421 5172 gant.

2341 5191 2399 5247 4.
2427 5191 2497 5248 Et
2517 5191 2983 5264 quemadmodum
3006 5202 3413 5262 stercoremus,
3446 5192 3608 5250 docet
3637 5192 3842 5261 Aposto-

2271 5286 2359 5343 lus
2390 5286 2580 5343 dicens
2611 5303 2626 5341 :
2657 5285 2686 5324 ιι
2717 5284 2787 5340 Et
2813 5287 3013 5341 astimo
3041 5287 3220 5342 omnia
3244 5296 3302 5340 ut
3327 5295 3578 5352 stercora,
3604 5293 3662 5340 ut
3688 5280 3843 5339 Chris-

2272 5392 2380 5437 tum
2403 5378 2764 5451 lucrifaciam(
2791 5377 2994 5452 Philip.
3021 5395 3103 5446 ιιι,
3137 5380 3236 5452 8);
3267 5379 3359 5450 qui
3389 5393 3487 5450 per
3513 5376 3778 5434 infamiam
3801 5379 3844 5428 et

2271 5475 2469 5532 bonam
2503 5473 2702 5529 famam
2734 5473 2938 5530 meruit
2959 5472 3182 5531 Christo
3201 5473 3438 5546 placere.
3466 5471 3698 5544 Legerat
3717 5467 3842 5526 enim

2273 5567 2421 5640 quod
2448 5566 2723 5624 Abraham
2755 5566 2888 5624 dum
2911 5581 2990 5624 -se
3035 5577 3248 5624 stercus
3267 5574 3323 5622 et
3361 5566 3605 5622 cinerem
3644 5549 3845 5620 fatetur.

2347 5680 2376 5722 ι)
2424 5681 2542 5738 Vet.
2581 5681 2715 5738 edit.
2767 5690 2827 5738 et
2865 5681 3022 5754 pauci
3054 5696 3216 5754 mss"
3263 5679 3336 5754 Et
3373 5679 3570 5736 testium
3609 5683 3846 5754 stercora;

2275 5753 2434 5812 Rom.
2598 5764 2653 5838 et
2665 5754 2757 5838 alii
2773 5742 3083 5838 pauciores,
3103 5742 3408 5838 Etmstimpr
3417 5761 3662 5838 stercora;
3676 5742 3848 5830 relin!i

2275 5840 2408 5884 mss.
2435 5826 2570 5884 utin
2604 5814 2900 5896 textu,'nisi
2925 5814 3334 5894 quod'nonuulli
3353 5822 3578 5885 habent,
3603 5814 3843 5877 aestimari.
