4042 6294
244 312 352 366 497

1473 307 1558 362 DE
1587 303 2039 363 PCENITENTIA
2085 304 2212 360 LIB.
2263 305 2323 360 ll.

3457 310 3477 360 -ί
3487 304 3558 360 98

247 439 464 479 summa
492 425 796 481 humilitate
816 426 1019 480 invenit
1045 425 1132 479 1ὶυὶ
1152 425 1380 495 gratiam
1408 424 1576 496 (Gen.
1597 437 1747 487 xvut,
1767 423 1844 492 5).
1877 424 1928 483 Α
1952 420 2160 478 dixisse
2185 437 2331 488 eum,
2380 423 2474 476 sed
2504 421 2782 476 diversum
2814 421 3178 476 advertimus.
3225 421 3382 488 Quod
3413 421 3558 477 enim

251 517 648 588 Legeratquod
670 518 772 573 .lob
801 520 852 572 in
881 528 1124 572 stercore
1147 516 1555 587 scdensgomnia
1579 530 1697 583 qua:
1723 514 1856 569 alni-

251 621 422 678 serat,
462 612 806 682 recuperavit
847 610 989 682 (Job.
1021 611 1202 681 xxiv).
1236 611 1465 680 Legerat
1497 607 1856 680 pr0pbetante

251 704 446 770 David,
489 704 636 776 quod
681 704 823 758 Deus
872 704 941 758 de
991 714 1131 758 terra
1157 704 1384 757 suscitat
1421 702 1659 771 inopem,
1696 709 1751 757 et
1787 699 1855 755 de

248 808 498 852 Stercore
521 797 682 868 erigit
709 811 1008 868 pauperem
1037 797 1054 867 (
1087 794 1237 849 Psal.
1269 810 1398 859 cxu,
1430 794 1508 864 7).

320 894 377 946 5.
421 892 492 946 Et
516 907 616 946 nos
658 902 834 963 ergo=|
868 907 972 946 non
1001 891 1389 946 erubescamus
1429 890 1585 944 fateri
1625 890 1856 944 Domino

247 993 470 1057 peccata
505 985 726 1040 nostra?
757 983 939 1039 Pudor
983 992 1067 1038 est
1119 995 1177 1038 ut
1209 984 1581 1054 unusquisque
1624 983 1856 1038 crimina

244 1092 343 1132 sua
374 1076 571 1148 prodat
602 1092 614 1128 :
641 1075 738 1130 sed
768 1076 860 1132 ille
879 1076 1055 1148 pudor
1082 1075 1108 1114 δ
1143 1092 1332 1146 agrum
1368 1092 1524 1131 suum
1568 1085 1708 1139 arat,
1739 1077 1852 1146 spi-

245 1185 347 1227 nas
371 1168 515 1224 tollit
548 1179 858 1238 perpetuas,
881 1177 1068 1223 sentcs
1105 1175 1371 1238 amputat,
1415 1167 1624 1222 fructus
1649 1167 1851 1232 adolet,

241 1277 388 1334 quos
418 1263 562 1318 inter
586 1270 828 1318 mortuos
858 1263 1020 1336 417
1052 1276 1175 1318 esse
1202 1261 1481 1318 credebat.
1516 1261 1760 1332 Sequere
1792 1262 1853 1316 il—

245 1356 359 1410 lum
388 1357 481 1428 qui
508 1355 650 1411 bene
677 1355 883 1410 arando
914 1372 1103 1426 agrum
1131 1371 1312 1421 suum,
1356 1354 1566 1410 fructus
1605 1355 1854 1426 qua-sivit

245 1461 506 1506 :eternos.
533 1448 916 1517 Maledicimur,
944 1449 1143 1521 inquit,
1178 1460 1223 1504 et
1255 1451 1600 1504 benedicimus
1627 1466 1640 1503 :
1674 1466 1849 1516 perse-

244 1544 506 1597 cutionem
561 1543 809 1614 patimur,
861 1552 909 1598 et
952 1544 1264 1597 sustinemus
1294 1561 1312 1597 :
1345 1543 1778 1614 blasphemamur,
1807 1552 1854 1597 et

242 1636 575 1692 obsecramus
604 1652 622 1691 :
655 1647 915 1708 tamquam
940 1648 1281 1711 purgamenta
1321 1637 1479 1710 hujus
1507 1638 1687 1692 mundi
1729 1639 1853 1709 facti

242 1749 426 1788 sumus
456 1733 514 1806 (l
547 1731 778 1802 Cor._tv,
814 1733 904 1796 12,
936 1735 1003 1788 15
1036 1735 1076 1803 ).
1103 1733 1163 1789 Si
1193 1745 1247 1789 et
1277 1743 1332 1788 tu
1365 1736 1444 1788 sic
1474 1734 1740 1798 araveris,
1771 1748 1854 1787 se-

1957 518 2294 571 contrarinm
2325 527 2432 581 est,
2457 530 2516 570 se
2546 515 2719 586 ipsum
2752 515 3031 585 impugnat
3066 532 3079 568 :
3109 511 3255 583 quod
3281 513 3560 568 diversum

1959 621 2064 677 est,
2121 612 2440 666 distinctam
2490 611 2630 664 solet
2679 609 2883 663 habere
2924 605 3324 662 rationem.lta
3378 615 3564 660 autem

1957 703 2290 758 contrarium
2335 719 2442 758 non
2474 712 2594 767 est,
2629 711 2686 756 ut
2727 701 2956 756 alterum
2996 699 3328 770 suffragetur
3373 697 3559 755 alteri.

1961 797 2172 852 Etenim
2221 797 2344 869 quia
2377 797 2446 851 de
2498 795 2822 852 remittenda
2854 794 3171 866 praedicarit
3214 792 3560 864 paenitentia,

1956 891 2148 946 debuit
2173 901 2229 948 et
2269 893 2334 947 de
2382 891 2450 947 iis
2490 891 2582 962 qui
2638 890 2942 945 iterandum
2975 898 3166 960 putant
3207 888 3558 958 baptismum,

1958 1001 2066 1040 non
2116 986 2278 1040 silere
2322 1002 2334 1037 :
2381 994 2436 1039 et
2487 985 2638 1054 prius
2687 982 3109 1038 sollicitudinem
3156 980 3316 1036 nobis
3357 977 3562 1035 auferri

1955 1079 2216 1149 Oportuit,
2253 1089 2308 1132 ut
2333 1079 2598 1132 sciremus
2645 1078 2809 1132 etiam
2852 1087 2971 1147 post
3002 1076 3356 1145 baptismum,
3387 1075 3431 1128 si
3464 1074 3556 1142 qui

1957 1182 2267 1245 peccarent,
2301 1172 2493 1227 donari
2523 1174 2605 1228 eis
2631 1187 2793 1244 posse
2814 1181 3127 1244 peccatum;
3159 1186 3227 1226 ue
3256 1186 3352 1241 spe
3385 1169 3559 1226 veni-.e

1955 1265 2250 1319 destitutos
2281 1263 2516 1318 iterandi
2539 1263 2880 1333 baptismatis
2903 1263 3091 1333 Opinio
3116 1277 3253 1316 vana
3286 1272 3562 1332 perverteo

1955 1365 2040 1411 ret
2068 1373 2080 1408 :
2110 1355 2312 1412 deinde
2339 1353 2646 1409 iterandum
2698 1370 2807 1409 non
2853 1368 2979 1410 esse
3026 1337 3291 1422 baptisma
3323 1359 3566 1408 rationa-

1956 1447 2047 1503 bili
2078 1447 2446 1517 disputatione
2476 1445 2811 1502 suadendum
2846 1446 2962 1500 fuit.

2026 1542 2079 1596 8.
2127 1543 2200 1597 De
2231 1542 2560 1612 baptismate
2587 1551 2768 1596 autem
2794 1540 2999 1595 dictum
3031 1540 3197 1595 verba
3228 1539 3341 1609 ipsa
3371 1539 3560 1594 decla-

1955 1647 2098 1704 rant,
2130 1638 2330 1706 quibus
2361 1637 2687 1708 signiﬁcavit
2718 1636 3052 1707 impossibile
3096 1651 3220 1693 esse
3260 1638 3441 1707 lapsos
3469 1652 3558 1692 re-

1955 1733 2141 1787 novari
2167 1733 2218 1786 in
2243 1731 2653 1802 paenitentiam;
2689 1747 2785 1801 per
2829 1731 3107 1786 lavacrum
3139 1731 3283 1785 enim
3326 1745 3562 1786 renova-

242 1828 484 1884 tuinabis
514 1827 806 1897 spiritalia.
839 1828 972 1893 Ara,
1014 1839 1073 1882 ut
1109 1839 1390 1900 peccatum
1430 1826 1670 1890 auferas,
1707 1825 1849 1880 fruc-
1880 1821 1926 1881 Β
1955 1841 2098 1890 mur,
2131 1841 2228 1896 per
2253 1824 2397 1896 quod
2419 1825 2781 1891 renascimur,
2811 1826 2956 1879 sicut
3007 1826 3123 1895 ipse
3152 1823 3354 1879 Paulus
3381 1823 3512 1880 dicit
3544 1843 3555 1875 :

242 1934 358 1978 tum
400 1923 672 1992 acquiras.
722 1921 813 1976 Ille
854 1923 1054 1989 ararit,
1113 1932 1171 1977 ut
1219 1921 1592 1992 persecutoris
1626 1932 1648 1957 ιτ
1685 1922 1736 1975 in
1787 1937 1848 1976 se

239 2016 550 2071 eradicatet
571 2015 846 2072 allectum.
879 2016 1019 2084 Quid
1063 2017 1184 2088 plus
1217 2017 1390 2088 potuit
1411 2016 1569 2072 nobis
1598 2015 1848 2071 conferre

239 2111 495 2166 Christus
514 2109 582 2167 ad
605 2111 842 2167 studium
869 2113 1247 2177 correctionis,
1277 2127 1436 2179 quam
1470 2120 1528 2166 ut
1565 2123 1846 2167 converte-

238 2216 352 2270 ret,
373 2215 429 2262 et
456 2207 608 2263 daret
635 2206 792 2262 nobis
814 2223 881 2264 ex
915 2217 1264 2279 persecutore
1294 2206 1611 2262 doctorem?

874 2320 1102 2377 CAPUT
1149 2320 1210 2376 ΙΙ.

235 2440 601 2508 Apostolicum
649 2441 819 2493 locum
869 2438 932 2492 ab
968 2438 1222 2492 ltwreticis
1272 2446 1454 2490 contra
1501 2419 1846 2504 paenitentiam

315 2531 573 2605 objectum
597 2531 768 2596 solvit,
796 2547 1008 2600 eumque
1037 2532 1100 2584 de
1125 2529 1446 2600 baptismatis
1479 2529 1750 2582 iteratione
1769 2529 1849 2580 in-

314 2623 650 2696 telligendum
678 2639 795 2678 cum
827 2625 1152 2694 singularum
1192 2623 1336 2678 illius
1385 2623 1607 2691 partium
1635 2623 1846 2690 exposi-

315 2719 475 2780 tione,
531 2727 635 2771 tum
666 2719 933 2788 prmmissa
981 2716 1167 2771 ibidem
1196 2715 1440 2789 legalium
1481 2716 1849 2786 baptismatum

315 2815 575 2867 mentione
599 2813 850 2878 ostendit;
890 2814 1120 2883 quamvis
1151 2812 1430 2885 subjungat
1460 2827 1516 2863 eo
1544 2825 1739 2880 quoque
1784 2808 1849 2862 il-

314 2908 426 2960 lum
454 2922 604 2977 posse
623 2906 832 2977 referri,
856 2915 912 2958 ut
941 2905 1078 2972 quod
1105 2905 1422 2975 impossibile
1450 2905 1514 2958 sit
1536 2904 1846 2966 hominibus,

321 2996 431 3053 Deo
455 2997 775 3070 impossibile
800 3015 1118 3069 nequaquam
1150 2997 1417 3051 habeatur.

319 3138 373 3191 6.
418 3136 550 3190 Cum
583 3136 743 3207 igitur
771 3146 876 3191 tam
917 3135 1153 3191 evidenti
1195 3145 1250 3191 et
1301 3136 1469 3202 ipsius
1494 3135 1760 3202 Apostoli,
1796 3147 1850 3190 et

242 3230 580 3300 scriptorum
603 3229 720 3300 ejus
747 3231 1000 3298 exemplo
1032 3229 1449 3299 redarguantnr,
1468 3239 1646 3283 tamen
1671 3229 1847 3284 adhuc
1874 3213 1918 3272 C

247 3324 426 3379 obniti
450 3324 660 3390 volunt,
680 3334 735 3379 et
757 3325 1138 3379 auctoritatem
1158 3324 1310 3379 aiunt
1332 3321 1356 3359 ά
1388 3322 1715 3393 Apostolicze
1744 3323 1849 3378 sibi

248 3419 536 3492 suffragari
551 3423 864 3487 sententiae,
879 3423 1180 3493 allegantes
1197 3423 1460 3492 scriptum
1476 3422 1546 3476 ad
1564 3421 1845 3477 llebrteos:

243 3512 579 3586 lmpossibile
607 3526 680 3570 est
725 3516 861 3570 enim
888 3516 981 3569 hos
1009 3517 1098 3586 qui
1125 3517 1278 3570 semel
1317 3515 1596 3570 illaminati
1626 3525 1765 3582 sunt,
1804 3525 1852 3570 et

245 3619 581 3682 gnstauerunt
604 3611 794 3665 donum
815 3611 1035 3675 caeleste,
1068 3621 1112 3664 et
1134 3611 1414 3680 participes
1431 3610 1555 3680 [acti
1580 3619 1699 3663 sunt
1728 3609 1854 3679 Spi-

246 3703 384 3757 ritus
405 3707 571 3758 sancti
595 3747 610 3769 ,
641 3716 688 3758 et
716 3704 902 3759 bonum
932 3713 1263 3776 gustavernnt
1300 3703 1394 3756 Dei
1436 3703 1663 3770 verbum,
1694 3705 1852 3758 virtu-

252 3805 432 3866 tesque
454 3797 617 3868 futuri
643 3796 846 3862 sa'culi,
902 3798 1074 3866 lapsos
1115 3800 1298 3850 iterum
1343 3796 1577 3850 renovari
1612 3795 1664 3848 in
1693 3797 1853 3866 paeni-

249 3890 488 3954 tentiam,
531 3906 714 3944 rursus
741 3890 1094 3963 cruciﬁgentes
1127 3887 1322 3943 Filium
1367 3888 1484 3954 Dei,
1533 3900 1582 3942 et
1625 3898 1853 3943 ostenta-

249 3985 392 4038 tione
421 3984 827 4057 triumphantes(
867 3983 994 4040 lleb.
1028 4000 1102 4050 νι,
1133 3984 1164 4037 4
1185 3993 1233 4037 et
1267 3999 1373 4053 seq.
1400 3992 1440 4053 ).

324 4078 379 4132 7.
411 4077 678 4150 Numquid
713 4077 910 4133 Paulus
939 4077 1204 4134 adversus
1234 4077 1436 4134 factum
1469 4093 1625 4132 snttm
1657 4077 1855 4147 praedi-

250 4189 384 4229 care
418 4174 626 4243 potuit?
671 4173 898 4228 Donavit
924 4173 1212 4228 Corinthio
1241 4184 1522 4243 peccatum
1557 4189 1653 4244 per
1686 4173 1859 4242 paeni-

252 4267 482 4322 tentiam
525 4272 540 4337 (
575 4266 614 4322 Il
643 4267 762 4322 Cor.
799 4282 857 4334 tt,
895 4267 1020 4338 10);
1071 4266 1347 4338 quomodo
1387 4266 1475 4322 hic
1512 4267 1685 4337 potuit
1737 4283 1860 4319 scn—

253 4362 488 4417 tentiam
540 4375 691 4416 suam
746 4363 860 4432 ipse
908 4361 1346 4432 reprehendere?
1394 4360 1538 4429 Ergo
1573 4362 1699 4430 quia
1751 4375 1858 4414 non

254 4456 596 4526 potuitqnod
627 4453 989 4511 mditlcaverat
1035 4455 1345 4520 deetruere,
1380 4470 1485 4510 non
1525 4455 1860 4512 contrarium

1953 1917 2251 1988 Consepalti
2305 1919 2439 1972 enim
2477 1935 2654 1973 sumus
2693 1936 2810 1972 cum
2862 1920 2953 1973 illo
3009 1935 3098 1987 per
3147 1918 3456 1989 baptismum
3507 1919 3562 1972 in

1951 2023 2186 2076 mortem,
2217 2024 2272 2066 ut
2299 2013 2732 2080 quemadmodum
2777 2014 3003 2066 surrexit
3049 2011 3288 2066 Christus
3325 2027 3389 2065 ea:
3417 2027 3556 2064 mor—

1951 2109 2050 2161 tuis
2073 2124 2162 2179 per
2188 2108 2406 2180 gloriam
2465 2107 2663 2172 Patris,
2712 2109 2786 2160 ita
2842 2117 2888 2160 et
2915 2105 3082 2179 ‘18
3135 2121 3229 2160 nos
3260 2107 3313 2160 in
3337 2106 3560 2160 viduitate

1950 2203 2066 2257 vitre
2108 2201 2429 2266 ambulemus
2490 2201 2509 2272 (
2545 2200 2694 2255 Rom.
2738 2217 2809 2265 ιι,
2854 2200 2888 2253 4
2917 2199 2960 2272 ).
3009 2200 3074 2254 Et
3111 2198 3284 2254 alibi:
3325 2198 3561 2253 Renova-

1951 2298 2080 2352 miui
2101 2297 2288 2366 spiritu
2316 2297 2497 2352 mentis
2526 2305 2728 2361 vestrae,
2764 2306 2809 2349 et
2838 2295 3037 2348 induite
3062 2308 3246 2348 nouunt
3275 2292 3557 2352 hominem,

1949 2390 2039 2458 qui
2063 2389 2344 2444 secundum
2373 2387 2538 2440 Deum
2583 2397 2786 2442 creatus
2811 2389 2923 2455 est(
2957 2385 3150 2457 Ephes.
3184 2401 3259 2451 tv,
3289 2385 3384 2450 25,
3414 2384 3486 2440 24
3513 2383 3555 2456 ).

1953 2483 2020 2539 Et
2051 2483 2179 2538 alibi
2216 2501 2228 2537 :
2264 2481 2612 2537 Iienovabitur
2634 2482 2764 2535 sicut
2788 2480 2976 2551 aquila:
2996 2481 3245 2552 juventus
3261 2489 3350 2534 tua
3371 2477 3558 2552 (Psal.

1951 2595 2044 2647 cu,
2077 2577 2183 2649 3):
2227 2589 2250 2615 ε
2280 2577 2423 2648 quod
2474 2576 2642 2632 etiam
2685 2576 2893 2646 aquila,
2928 2591 3052 2630 cum
3108 2573 3274 2629 fuerit
3318 2582 3557 2638 mortua,

1951 2688 2016 2727 es
2046 2673 2160 2727 suis
2189 2671 2436 2742 reliquiis
2464 2670 2796 2734 renascitur,
2823 2667 2959 2724 sicut
2987 2683 3084 2739 per
3108 2667 3452 2737 baptismatis
3473 2681 3561 2721 sa-

1949 2774 2312 2832 cramentum,
2345 2780 2467 2819 cum
2497 2763 2762 2819 fuerimus
2793 2771 3019 2833 peccato
3058 2763 3282 2827 mortui,
3317 2761 3564 2816 renasci-

1952 2876 2073 2914 mur
2104 2860 2234 2924 Den,
2268 2874 2332 2912 ac
2373 2859 2757 2914 reformamur.
2791 2855 2967 2912 Unum
2997 2869 3129 2924 ergo
3161 2854 3430 2924 baptisma
3462 2853 3557 2908 do-

1951 2962 2060 3017 cet,
2090 2951 2232 3007 sicut
2258 2951 2434 3006 alibi:
2481 2949 2598 3006 Una
2644 2951 2796 3018 ﬁdes;
2827 2966 3009 3014 unum,
3058 2947 3253 3019 inquit,
3305 2948 3558 3018 baptisma

1953 3049 1969 3116 (
2003 3043 2197 3116 Ephes.
2227 3061 2298 3108 Iv,
2330 3043 2420 3114 5).

2026 3142 2079 3196 9.
2123 3140 2257 3196 Illud
2285 3154 2497 3211 quoque
2520 3139 2767 3202 evidens,
2807 3135 2951 3207 quod
3001 3136 3054 3191 in
3085 3150 3150 3189 eo
3180 3137 3270 3206 qui
3312 3133 3560 3204 baptiza-

1955 3245 2062 3299 tur,
2108 3233 2441 3302 crucillgitur
2490 3231 2658 3286 Filius
2717 3231 2842 3293 Dei;
2873 3228 2999 3299 quia
3050 3243 3155 3282 non
3199 3225 3374 3296 potuit
3425 3240 3557 3280 caro

1955 3340 2140 3384 noSIra
2192 3326 2414 3380 abolere
2464 3334 2771 3394 peccatum,
2827 3321 2930 3376 nisi
2987 3318 3248 3375 crucitisa
3302 3327 3449 3374 esset
3502 3317 3556 3374 in

1953 3421 2174 3478 Christo
2213 3420 2360 3474 Jesu.
2395 3419 2638 3488 Denique
2665 3417 2928 3487 scriptum
2959 3423 3064 3481 est,
3096 3415 3220 3485 quia
3251 3414 3560 3484 quicumque

1957 3515 2198 3586 baptismi
2230 3530 2409 3567 sumus
2460 3513 2512 3566 in
2533 3510 2738 3566 Christo
2757 3508 2788 3564 J
2796 3527 2906 3575 esu,
2931 3511 2984 3563 in
3015 3519 3228 3564 mortem
3249 3508 3411 3580 ipsius
3431 3508 3562 3576 bap-

1956 3609 2101 3664 tisati
2143 3624 2321 3662 sumus
2357 3607 2376 3679 (
2405 3605 2554 3659 Rom.
2591 3619 2666 3667 νι,
2696 3605 2728 3656 5
2755 3604 2796 3675 ).
2828 3605 2892 3657 Et
2923 3602 3059 3657 infra
3105 3621 3117 3656 :
3150 3601 3212 3658 Si
3252 3602 3386 3655 enim
3411 3616 3557 3656 com-

1959 3702 2179 3774 plantati
2229 3716 2404 3755 sumus
2445 3697 2774 3752 similitudini
2810 3697 2989 3752 mortis
3032 3701 3166 3768 ejus,
3202 3697 3357 3750 simul
3393 3705 3440 3750 et
3477 3712 3560 3749 re-

1957 3795 2290 3850 surrectionis
2349 3793 2558 3858 erimus,
2592 3791 2810 3844 scientes
2855 3791 2978 3860 quia
3006 3799 3149 3844 cetus
3189 3791 3340 3845 homo
3388 3800 3562 3845 noster

1957 3889 2114 3942 simul
2148 3887 2386 3957 confixus
2424 3896 2496 3940 est
2525 3887 2667 3940 cruci
2697 3889 2714 3958 (
2744 3886 2909 3950 lbid.,
2939 3885 2994 3951 5,
3023 3883 3077 3940 6.
3106 3883 3148 3953 ).
3183 3885 3248 3938 Et
3282 3883 3347 3938 ad
3372 3884 3561 3939 Colos-

1959 4002 2150 4041 senses
2172 3988 2249 4041 ait
2275 3984 2609 4055 :Consepulti
2631 3986 2675 4039 ei
2705 4002 2794 4056 per
2819 3986 3149 4056 baptismum,
3170 3985 3222 4037 in
3244 4000 3344 4054 quo
3360 3992 3408 4038 et
3437 4001 3559 4037 con-

1961 4081 2296 4147 surrexistis(
2331 4077 2528 4134 Coloss.
2565 4095 2622 4143 ιι,
2657 4079 2722 4134 12
2744 4080 2784 4150 ).
2817 4080 2971 4146 Quod
3006 4079 3127 4134 ideo
3161 4079 3424 4150 scriptum
3453 4088 3560 4142 est,

1964 4183 2022 4230 ut
2049 4173 2339 4230 credamus
2384 4175 2508 4242 quia
2543 4174 2657 4242 ipse
2678 4173 3013 4243 cruciﬁgitur
3051 4173 3103 4227 in
3145 4171 3330 4238 nobis;
3365 4179 3423 4227 ut
3466 4187 3565 4242 per

1963 4266 2115 4322 illum
2157 4275 2377 4336 peccata
2410 4275 2594 4321 nostra
2637 4264 2992 4331 mundentur,
3044 4274 3098 4320 nt
3146 4266 3263 4335 ipse
3287 4265 3567 4336 chirogra-

1965 4361 2132 4432 phum
2159 4371 2402 4417 n0strum
2432 4361 2616 4431 aftlgat
2645 4363 2816 4428 cruci,
2848 4362 2936 4432 qui
2970 4361 3120 4416 solus
3155 4369 3333 4430 patest
3359 4360 3567 4417 donare

1965 4453 2185 4510 delicta.
2209 4453 2329 4526 Ipse
2351 4454 2401 4508 in
2429 4453 2584 4510 nobis
2603 4453 2944 4525 principatus
2970 4463 3026 4510 et
3055 4463 3357 4526 potestates
3375 4454 3566 4510 trium-

332 4663 359 4687 ει
404 4649 499 4705 llic
525 4649 690 4719 agide
713 4649 1057 4724 confessione
1081 4665 1203 4724 qutt‘.
1227 4651 1338 4705 Deo
1359 4651 1498 4717 apud
1526 4650 1865 4724 sacerdotem
1893 4655 1948 4716 1)
1978 4651 2042 4705 Et
2071 4651 2174 4724 hoc
2203 4652 2422 4724 quidem
2456 4653 2508 4707 in
2536 4667 2694 4706 causa
2729 4653 2850 4717 fuit,
2876 4667 2974 4708 cur
2998 4654 3176 4710 serius
3200 4654 3318 4710 haec
3336 4655 3567 4724 epistola

257 4724 410 4778 illius
439 4738 499 4778 ea
541 4724 592 4776 in
643 4732 794 4792 parte
833 4723 1092 4777 vicarium
1121 4723 1322 4786 editur,
1353 4732 1690 4791 compertum
1735 4723 1864 4777 facit

254 4796 406 4864 quod
437 4796 616 4848 statim
640 4795 884 4864 sequitur
918 4813 931 4849 :
989 4792 1170 4848 Pudor
1210 4805 1306 4856 est,
1357 4805 1464 4847 etc.
1505 4793 1679 4861 Quem
1716 4795 1860 4850 enim

257 4867 467 4935 pudeat
507 4865 645 4934 apud
682 4883 803 4920 eum
845 4865 1019 4919 solum
1057 4875 1272 4933 peccata
1306 4867 1458 4920 fateri
1487 4881 1605 4929 sua,
1634 4866 1718 4920 cui
1768 4882 1862 4920 ea-

256 4940 388 4994 dem
418 4939 620 4991 clarius
659 4953 819 5008 quam
850 4937 953 4990 sibi
986 4937 1087 5002 ipsi
1115 4937 1329 5006 cognita
1353 4951 1478 4992 esse
1522 4948 1864 5008 perspectum

259 5011 500 5067 habeat?
541 5009 701 5065 Certe
743 5009 796 5064 in
829 5023 896 5064 eo
937 5010 1078 5079 quod
1112 5009 1197 5064 illa
1233 5009 1650 5078 perpetraverit,
1696 5010 1868 5075 ptulor

257 5098 387 5137 esse
417 5083 635 5151 poterit,
657 5099 762 5136 non
792 5088 971 5134 autem
1008 5079 1058 5134 in
1088 5081 1305 5134 illorum
1333 5081 1699 5136 confessione.
1725 5080 1865 5135 Rur-

256 5169 358 5209 sus
382 5168 509 5208 vero
540 5153 681 5223 quod
715 5152 1091 5218 unusquismle
1120 5151 1321 5206 dicitur
1361 5153 1591 5223 prodere
1639 5153 1867 5206 crimina

258 5241 386 5292 sua,
417 5222 566 5279 inde
593 5226 724 5279 satis
772 5225 1092 5294 intelligitur
1133 5239 1241 5277 non
1284 5223 1354 5278 de
1399 5222 1632 5290 publicis
1663 5234 1869 5277 tantum

256 5297 586 5354 criminibus
613 5306 666 5351 et
696 5297 949 5352 seandalo
971 5295 1276 5365 conjunctis
1311 5296 1421 5364 agi,
1459 5294 1555 5350 sed
1591 5294 1753 5350 etiam
1801 5297 1868 5350 de

258 5370 498 5424 occultis
521 5378 579 5425 et
603 5368 922 5441 reconditis,
946 5384 1065 5441 «pne
1096 5368 1164 5421 ab
1192 5369 1376 5441 aliquo
1405 5378 1601 5441 sponte
1628 5366 1872 5441 deferan-

258 5454 358 5497 tur
383 5441 450 5496 ad
473 5441 834 5496 sacerdotem.
855 5438 1094 5493 Consule
1108 5455 1228 5509 qua:
1253 5438 1320 5494 de
1341 5454 1434 5493 reo
1455 5438 1680 5493 minoris
1696 5439 1869 5508 culpa:

257 5514 528 5570 dicuntur
552 5511 690 5567 infra
721 5527 843 5581 cap.
867 5509 922 5575 4,
953 5526 1104 5566 num.
1132 5511 1223 5564 27.

345 5584 370 5622 δ
417 5585 545 5640 Mss.
579 5584 808 5655 aliqum,
839 5599 1021 5653 agrum
1067 5599 1216 5636 suum
1263 5592 1534 5649 stercorat,
1575 5585 1750 5651 spinas
1779 5599 1866 5635 co-

262 5660 355 5724 lit,
385 5669 495 5712 etc.
1402 5723 1407 5724 ί
1492 5704 1497 5709 .

347 5742 370 5768 ε
417 5729 548 5784 Mss.
583 5726 848 5792 nonnulli,
879 5727 934 5779 in
959 5742 1014 5779 se
1031 5723 1595 5791 eradicareteﬂectum.

343 5801 372 5840 ἀ
417 5800 533 5856 Νοιι
570 5801 736 5855 alium
777 5800 957 5853 locum
986 5799 1076 5867 qui
1115 5799 1284 5865 magis
1319 5799 1513 5853 haeresi
1549 5814 1661 5853 sum
1695 5807 1874 5866 patro-

266 5875 449 5933 ciuari
475 5871 772 5935 videretur,
809 5883 966 5941 quam
1002 5869 1164 5924 istum
1190 5867 1535 5940 proferebant
1568 5867 1870 5924 Novatiani.

1972 4724 2111 4792 apud
2142 4723 2362 4795 Latinos
2389 4723 2569 4779 habita
2597 4725 2757 4779 fuerit
2798 4740 2894 4782 pro
2916 4726 3197 4792 canonica,
3216 4725 3569 4795 quemadmo-

1968 4795 2094 4869 dum
2142 4811 2205 4850 ex
2253 4794 2487 4869 Eusebio
2544 4795 2743 4869 lilium
2797 4796 2933 4850 llist.
2971 4797 3191 4869 Eccles.
3239 4794 3360 4869 Cap.
3403 4799 3458 4869 5,
3511 4808 3569 4851 et

1969 4865 2063 4921 lib.
2096 4883 2147 4920 vt
2197 4882 2317 4937 cap.
2349 4867 2421 4923 20
2451 4883 2515 4922 ex
2565 4867 2878 4932 Philastrin,
2925 4868 3017 4922 lib.
3051 4867 3120 4922 de
3153 4865 3357 4923 lla-res.
3402 4868 3465 4922 Η
3497 4883 3563 4921 ex

1972 4939 2306 5010 Hieronymo
2348 4939 2514 4993 variis
2543 4939 2678 4993 locis
2722 4953 3054 5006 cognoscere
3082 4949 3183 4994 est.
3233 4937 3567 5010 Epiphanius

1971 5008 2194 5079 quoque
2243 5013 2575 5082 praecipuum
2609 5011 2972 5065 Catharorum
3005 5012 3057 5065 in
3107 5025 3176 5064 eo
3226 5010 3346 5064 loco
3387 5008 3569 5062 firma-

1972 5092 2215 5136 mentum
2248 5082 2434 5146 fuisse,
2463 5083 2590 5138 dum
2619 5086 2688 5138 de
2709 5082 2898 5138 eadem
2925 5082 3117 5137 haeresi
3152 5082 3418 5148 loquitur,
3459 5088 3568 5134 tra-

1969 5153 2068 5208 dit.
2100 5151 2372 5208 Cmterutu
2418 5155 2777 5209 AmbrOSiana
2810 5155 3092 5220 responsio
3129 5152 3413 5208 verissima
3459 5159 3566 5207 est.

1970 5241 2200 5296 eamque
2227 5225 2555 5281 nobilissimi
2585 5226 2785 5296 quique
2815 5227 3109 5293 scriptores
3144 5225 3353 5279 doctori
3381 5232 3570 5277 nostro

1970 5312 2232 5376 suppares
2263 5309 2350 5376 aut
2376 5298 2716 5376 posteriores
2743 5297 3207 5376 amplesatisunt;
3239 5309 3567 5376 quamquam

1973 5369 2221 5424 nonnulli
2249 5372 2316 5425 de
2357 5366 2675 5438 ptenitentia
2705 5370 2883 5424 locum
2924 5366 3568 5436 interpretati,moralem

1975 5437 2474 5510 impossibilitatem
2529 5441 2600 5495 ibi
2654 5437 3354 5510 significatammaluerunt
3393 5453 3406 5490 ι
3448 5452 3568 5508 quae

1975 5508 2262 5581 responsio
2291 5513 2453 5568 etiam
2486 5513 2540 5568 in
2565 5512 2672 5566 flne
2703 5508 2898 5579 capitis
2927 5508 3214 5581 indicatur.

2054 5579 2081 5619 ei
2119 5583 2277 5638 Rom.
2303 5584 2434 5639 edit.
2477 5585 2614 5647 sola,
2647 5582 2784 5652 quod
2814 5590 2887 5636 est
2919 5580 3087 5652 :sicut
3107 5579 3281 5652 aquila
3306 5595 3421 5633 cum
3460 5579 3572 5650 fue-

1973 5656 2062 5708 rit.
2106 5693 2123 5712 .
2168 5696 2180 5709 .
2230 5697 2242 5708 .
2284 5657 2359 5710 sic
2387 5673 2475 5726 per
2506 5650 2863 5726 baptismatis,
2893 5650 3219 5726 etc._0b_ite_r
3248 5662 3432 5726 autem
3475 5653 3569 5726 oh-

1975 5726 2306 5781 servandum
2354 5722 2459 5791 est,
2493 5725 2688 5793 aquila-
2737 5723 2865 5778 illud
2900 5722 3121 5776 attribui
3152 5724 3219 5777 ab
3261 5723 3572 5786 Ambrosio,

1975 5799 2122 5868 quod
2164 5800 2327 5866 vulgo
2374 5801 2442 5854 de
2498 5795 2748 5868 phoenice
2790 5796 3008 5868 dicitur,
3041 5810 3201 5862 quem
3231 5811 3298 5851 ex
3343 5795 3573 5868 propriis

1977 5864 2252 5924 cineribus
2265 5864 2486 5922 renasci
2519 5866 2829 5921 fabulantur
2860 5864 3010 5921 uutlti
3036 5864 3352 5936 scriptores;
