4042 6294
526 302 637 363 499

1893 287 2149 346 SANC'I‘I
2179 285 2505 345 suum

3698 280 3787 336 500

524 428 686 500 pltat;
722 423 987 496 quoniam
1009 420 1078 477 de
1121 419 1243 490 ipso
1269 417 1531 487 scriptum
1569 421 1651 469 est
1675 429 1689 464 :
1720 407 2059 478 Principatus
2079 414 2128 461 et
2154 414 2209 479 Α
2305 404 2389 458 nia
2406 418 2516 470 reo,
2545 401 2795 473 siquidem
2816 399 2969 473 digne
2998 400 3326 471 prenituerit,
3359 396 3788 453 reconciliationem

526 499 807 594 potestates
848 515 1121 572 ostentavit
1147 554 1163 579 ,
1219 509 1546 582 triumphans
1600 519 1687 560 eos
1732 503 1789 557 in
1813 521 1818 527 ’
1846 499 2123 571 semetipso

532 614 555 688 (
587 612 783 669 Coloss.
812 624 873 679 rt,
897 608 1025 680 ib).

602 706 691 764 l0.
736 707 882 777 Ergo
925 702 1071 776 quod
1108 701 1184 756 ait
1213 699 1269 755 in
1314 697 1416 753 hac
1436 694 1667 767 epistola
1694 706 1818 762 quas
1862 687 2125 745 scribitur

529 802 599 859 ad
629 799 915 865 Hebraeos,
944 792 1283 868 impossibile
1311 804 1439 846 esse
1477 788 1648 860 lapsos
1674 783 1912 841 renovari
1936 782 1990 836 in
2020 794 2127 852 pte-

529 895 820 958 nitentiam,
862 904 1043 946 rursus
1068 886 1421 956 cruciﬁgentes
1461 880 1658 937 Filium
1678 878 1800 944 Dei,
1829 886 1874 932 et
1900 882 2127 931 ostenta-

528 992 668 1047 tione
696 985 1068 1057 triumphantes
1103 978 1306 1051 (Hebr.
1328 991 1408 1045 vt,
1434 975 1467 1032 ii
1494 973 1514 1047 )
1545 1014 1559 1040 ,
1588 989 1656 1029 eo
1701 977 1936 1043 spectat,
1967 977 2029 1023 ut
2059 966 2128 1024 de

432 1060 445 1069 ’
530 1082 804 1153 baptismo
831 1078 1037 1134 dictum
1060 1073 1380 1135 credamus,
1411 1071 1464 1125 in
1498 1083 1607 1140 quo
1628 1065 1997 1136 crnciﬁgimus
2041 1059 2130 1116 Fi~

527 1178 662 1233 lium
689 1174 783 1230 Dei
815 1174 869 1227 in
895 1170 1080 1235 nobis;
1115 1177 1173 1222 ut
1195 1181 1291 1239 per
1320 1165 1472 1220 illum
1504 1162 1661 1219 nobis
1688 1159 1928 1216 mundus
1950 1156 2128 1213 cruci-

530 1270 749 1342 ﬁgatur,
778 1266 870 1339 qui
898 1263 1128 1336 quadam
1186 1257 1592 1331 triumphamus
1636 1253 1839 1327 specie,
1881 1251 2011 1307 dum
2053 1248 2131 1304 si-

531 1360 892 1419 militudinem
919 1358 1114 1413 mortis
1140 1355 1261 1426 ejus
1290 1352 1641 1415 assumimus,
1669 1348 1762 1421 qui
1793 1345 2130 1419 principatus

527 1468 582 1514 et
608 1464 906 1529 potestates
945 1454 1000 1509 in
1044 1466 1142 1507 sua
1182 1458 1346 1505 cruce
1385 1445 1686 1503 ostentavit
1722 1457 1787 1500 ac
1830 1439 2132 1511 triumwa-

528 1551 639 1616 vit;
668 1559 724 1604 ut
770 1549 823 1603 in
852 1546 1048 1602 mortis
1073 1545 1194 1615 ejus
1234 1540 1650 1598 similitudinem
1682 1549 1785 1594 nos
1819 1548 2039 1608 quoque
2064 1534 2133 1589 de

526 1639 923 1714 principatibus
968 1648 1202 1711 quorum
1222 1636 1415 1707 jugum
1446 1633 1793 1704 deponimus,
1836 1629 2135 1701 triumphos

525 1748 673 1792 mus.
702 1734 885 1792 Semel
934 1740 1117 1788 autem
1163 1728 1461 1786 cruciﬁxus
1504 1735 1590 1783 est
1633 1720 1907 1789 Christus,
1961 1722 2133 1778 semel

2299 516 2405 554 non
2435 496 2819 569 denegandam.

2298 615 2385 671 15.
2419 614 2601 685 Neque
2620 614 2767 669 enim
2781 612 3077 683 Apostolus
3092 620 3283 668 contra
3303 609 3605 667 evidentem
3623 607 3793 664 Christi

2227 708 2529 765 doctrinam
2577 708 2823 774 veniret,
2875 707 2968 778 qui
3012 706 3080 761 de
3120 712 3411 775 peccatore
3453 704 3793 777 paenitentiam

2226 812 2422 874 agente
2441 800 2903 871 comparationem
2928 795 2955 836 ἀ
2987 800 3170 869 posuit
3191 814 3259 854 eo
3284 797 3433 869 quod
3458 810 3676 867 peregre
3697 810 3796 866 pro-

2225 892 2400 950 lectus
2430 894 2705 961 acceptam
2729 906 2758 946 a
2790 900 2945 962 patre
2969 904 3188 946 omnem
3215 890 3576 944 substantiam
3605 888 3797 943 devors-

2230 987 2368 1043 verit
2396 985 2630 1041 vivendo
2660 985 3030 1051 luxuriose,et
3059 994 3246 1054 postea
3276 996 3472 1053 panem
3501 981 3663 1051 patris
3684 980 3800 1035 desi-

2229 1079 2502 1135 deraverit
2522 1118 2538 1145 ,
2564 1092 2687 1134 cum
2713 1075 3246 1145 vesceretursiliqois
3270 1091 3285 1130 :
3314 1086 3371 1130 et
3396 1075 3595 1129 meruit
3612 1072 3799 1139 stolam,

2228 1172 2492 1228 annulum
2516 1214 2528 1238 ,
2562 1172 2994 1227 calceamentum
3019 1212 3033 1235 ,
3059 1170 3488 1224 immolationem
3511 1183 3712 1240 quoque
3736 1167 3799 1222 vi-

2232 1266 2365 1329 tuli,
2410 1280 2532 1336 qua:
2580 1264 2823 1335 speciem
2872 1262 3038 1318 habet
3072 1258 3344 1333 passionis
3387 1260 3703 1325 Dominicze,
3732 1274 3805 1331 per

2228 1372 2392 1432 quam
2420 1360 2641 1415 caeleste
2669 1367 3067 1413 sacramentum
3092 1356 3250 1412 nobis
3279 1356 3516 1412 donatur
3543 1354 3562 1428 (
3586 1353 3702 1409 Lac.
3727 1368 3797 1420 xv,

2236 1454 2306 1509 15
2334 1462 2384 1509 et
2405 1454 2562 1525 seq.).

2308 1548 2397 1603 14.
2439 1547 2586 1603 Bene
2631 1546 2836 1603 dicitur
2880 1546 3005 1615 quia
3037 1558 3251 1615 peregre
3297 1547 3563 1617 profectas
3602 1550 3708 1610 est,
3733 1541 3807 1613 qui

2234 1649 2355 1698 erat
2393 1652 2422 1697 a
2450 1643 2625 1698 sacris
2664 1639 2929 1696 altaribus
2970 1646 3290 1710 separatus;
3342 1638 3448 1694 hoc
3477 1646 3565 1694 est
3601 1637 3732 1694 enim
3756 1636 3808 1691 sit

2230 1734 2537 1791 Jerusalem
2560 1734 2651 1789 illa
2678 1746 2801 1803 qua
2833 1734 2886 1787 in
2908 1732 3049 1790 casio
3071 1738 3178 1800 est,
3207 1732 3383 1787 civico
3404 1730 3643 1801 quodam
3666 1737 3717 1786 et
3733 1729 3809 1785 do-

523 1839 754 1903 peccato
780 1834 1062 1891 mortuus;
1103 1832 1157 1881 et
1189 1822 1314 1879 ideo
1363 1834 1550 1887 unum,
1576 1833 1683 1874 non
1726 1818 1881 1889 plura
1927 1816 2133 1887 baptis-

2237 1831 2464 1886 mestico
2487 1840 2796 1885 sanctorum
2820 1827 3061 1899 separari
3092 1827 3393 1883 domicilio.
3426 1825 3585 1883 Unde
3611 1834 3662 1881 et
3706 1839 3809 1896 apo-

524 1934 691 2075 ἠπ
731 2014 896 2087 Quid,
936 2012 1082 2085 quod
1120 2019 1175 2067 et
1205 2023 1371 2082 supra
1388 2008 1693 2064 doctrinam
1737 2004 2133 2076 baptismorum

524 2102 828 2184 praemisit?
863 2108 930 2163 Et
967 2104 1094 2178 quia
1143 2103 1313 2160 multa
1350 2109 1511 2158 erant
1530 2098 1858 2169 baptismata
1890 2096 1944 2150 in
1991 2096 2131 2165 lege,

525 2205 730 2262 merito
768 2197 1118 2273 reprehendit
1162 2194 1287 2253 illos
1303 2195 1393 2266 qui
1425 2191 1664 2264 perlecta
1693 2188 2045 2255 {‘dimittant,
2078 2196 2136 2242 et

529 2294 857 2369 principium
897 2290 1048 2347 verbi
1090 2287 1392 2359 requirant.
1440 2284 1612 2339 Docet
1635 2297 1737 2338 nos
1780 2281 1923 2336 scire
1969 2290 2135 2349 opor-

527 2401 647 2447 tere
669 2388 947 2444 destructa
973 2396 1096 2441 esse
1115 2376 1517 2449 nniversalegis
1544 2375 1891 2446 baptismate,
1914 2371 1944 2411 1)
1961 2387 2135 2428 unum

524 2478 798 2553 baptisma
823 2492 947 2534 esse
974 2479 1028 2532 in
1058 2474 1318 2531 Ecclesiae
1346 2470 1729 2527 sacramentis:
1756 2467 2013 2523 Hortatur
2039 2474 2136 2521 aue

526 2590 635 2634 tem
657 2590 780 2644 nos,
804 2580 861 2631 ut
887 2573 1264 2645 relinquentes
1288 2569 1505 2625 initium
1537 2566 1713 2633 verbi,
1741 2564 1809 2621 ad
1834 2562 2133 2634 perfeCtum

526 2670 817 2731 tendamus
848 2685 863 2722 :
896 2666 963 2723 Et
990 2668 1087 2722 Itoc
1116 2665 1391 2739 facimus,
1414 2660 1614 2734 inquit,
1644 2660 1691 2716 si
1709 2659 1917 2731 quidem
1942 2657 2136 2731 permi-

522 2766 647 2821 serit
671 2762 811 2819 Dess
842 2764 861 2835 ί
895 2760 1056 2816 Hebr.
1090 2773 1165 2829 vt,
1199 2759 1234 2815 3
1261 2756 1305 2829 );
1356 2770 1464 2811 non
1508 2763 1686 2826 potest
1730 2753 1879 2808 enim
1908 2756 2026 2808 sine
2057 2751 2138 2805 l'a-

535 2874 670 2915 vore
700 2857 794 2913 Dei
821 2854 1018 2927 aliquis
1045 2868 1170 2910 esse
1200 2854 1497 2924 perfectus.

598 2952 690 3008 12.
733 2950 959 3006 Possem
988 2947 1210 3019 quidem
1253 2948 1417 3003 etiam
1445 2940 1578 2999 illud
1600 2943 1785 2999 dicere
1810 2943 1885 3007 ei,
1919 2942 2006 3014 qui
2032 2941 2136 2998 hoc

529 3046 597 3100 dc
623 3042 939 3115 ptenitentia
982 3040 1186 3097 dictum
1236 3048 1417 3110 putat;
1447 3040 1573 3110 quia
1605 3043 1727 3108 quas
1776 3034 2135 3106 impossibilsa

529 3148 655 3196 sunt
686 3138 826 3209 apud
858 3137 1126 3203 homines,
1160 3135 1440 3206 possibilia
1485 3142 1614 3188 sunt
1643 3132 1998 3204 apud'Deum
2033 3148 2047 3188 :
2080 3142 2136 3188 et

2236 1926 2409 1981 stoius
2439 1925 2518 1979 ait
2535 1940 2550 1977 :
2570 1922 2714 1997 Ergo
2725 1926 2842 1996 jam
2874 1937 2979 1977 non
3001 1922 3122 1977 estis
3143 1921 3355 1976 aduente
3384 1930 3547 1991 atque
3564 1919 3809 1993 peregrini,

2239 2018 2330 2073 sed
2351 2019 2486 2072 cit-es
2508 2025 2805 2071 sanctorum
2835 2023 2882 2069 et
2909 2012 3179 2069 domestici
3200 2012 3300 2068 Dei
3328 2013 3349 2085 (
3376 2012 3576 2084 Ephes.
3602 2028 3638 2068 ιι
3660 2055 3673 2074 .
3690 2012 3756 2082 9).

2311 2111 2403 2166 15.
2450 2109 2517 2163 Et
2544 2109 2897 2179 consumpsit,
2926 2107 3133 2177 inquit,
3164 2105 3513 2160 substantiam
3538 2120 3693 2160 suam.
3720 2102 3809 2159 ﬂe-

2238 2202 2347 2258 rito
2369 2201 2709 2272 consumpsit
2731 2215 2877 2268 eam,
2912 2199 3067 2271 cujus
3095 2199 3233 2255 ﬁdes
3265 2200 3318 2253 in
3347 2198 3612 2269 operibus
3636 2196 3810 2253 claudi-

2237 2296 2433 2352 cabat:
2462 2294 2622 2352 Fides
2648 2296 2795 2351 enim
2839 2310 3017 2349 eorum
3059 2309 3177 2364 quin
3210 2303 3520 2363 sperantur,
3562 2294 3813 2348 substantia

2237 2397 2337 2453 est,
2368 2404 2541 2443 rerum
2563 2396 2927 2459 argumentum
2954 2403 3057 2441 non
3077 2386 3450 2460 apparentiunt
3471 2385 3636 2459 (Heb.
3660 2402 3728 2453 at,
3754 2384 3810 2456 l).

2238 2481 2303 2537 Et
2326 2480 2466 2537 bona
2518 2481 2822 2537 substantia
2871 2480 3040 2547 ﬁdes,
3084 2482 3138 2536 in
3183 2496 3286 2553 qua
3329 2490 3353 2518 ε
3381 2481 3503 2553 spei
3537 2490 3814 2537 estnostra

2240 2576 2653 2645 patrimonium.

2312 2668 2398 2725 t6.
2440 2668 2551 2725 Nec
2575 2667 2773 2723 mirum
2797 2668 2841 2723 si
2875 2667 3018 2724 fame
3041 2667 3280 2739 peribat,
3301 2667 3396 2739 qui
3412 2668 3600 2724 divino
3618 2666 3843 2721 alimen-~

2240 2770 2296 2819 to
2319 2762 2543 2833 egebat;
2574 2762 2733 2833 cujus
2761 2761 3032 2817 desiderio
3060 2762 3380 2834 compulsus
3412 2779 3426 2814 :
3460 2760 3710 2834 Surgam,
3746 2758 3814 2815 in-

2238 2855 2376 2925 quit,
2405 2863 2452 2908 et
2471 2854 2554 2909 ibo
2577 2855 2646 2909 ad
2666 2862 2863 2926 patrem
2888 2870 3075 2919 meum,
3099 2863 3147 2909 et
3169 2854 3340 2909 dicam
3367 2852 3447 2908 illi
3471 2870 3490 2907 :
3521 2852 3698 2920 Pater,
3722 2866 3816 2923 pec-

2239 2949 2351 3002 cavi
2395 2949 2450 3002 in
2494 2947 2704 3014 coetum,
2744 2956 2795 3003 et
2824 2963 3000 3002 coram
3031 2955 3080 3002 te
3104 2946 3362 3015 (Luc.xv,
3392 2944 3510 3018 18.)
3542 2946 3718 3001 Nonne
3741 2943 3815 2997 ad-

2240 3042 2451 3099 vertitis
2472 3042 2520 3096 id
2541 3041 2826 3097 evidenter
2847 3041 3004 3095 nobis
3024 3041 3359 3109 expositum,
3384 3039 3533 3110 quod
3571 3036 3814 3094 emerendi

2241 3135 2413 3205 gratia
2440 3133 2769 3189 sacramenti
2801 3133 2867 3187 ad
2899 3133 3231 3203 precandum
3275 3131 3642 3203 impellimur;
3664 3140 3713 3186 et
3736 3131 3815 3184 hoc

527 3243 723 3305 potens
751 3239 840 3287 est
871 3232 1013 3286 Deus
1039 3228 1279 3301 quando
1310 3228 1423 3282 vult
1466 3224 1674 3283 donare
1701 3225 1859 3283 nobis
1891 3234 2131 3297 peccata,
2161 3227 2206 3290 C
2239 3227 2456 3281 auferre
2506 3222 2669 3280 vultis
2696 3265 2710 3289 ,
2760 3231 2981 3296 propter
3042 3225 3186 3296 quoii
3255 3225 3436 3295 agitur
3492 3219 3813 3294 pauitemiai

494 3340 497 3343 ‘
528 3331 693 3386 etiam
716 3340 833 3399 qua:
861 3328 1119 3399 putamus
1147 3334 1252 3379 non
1282 3334 1441 3393 posse
1464 3323 1713 3378 concedi.
1748 3322 1813 3376 Et
1842 3320 1968 3377 ideo
1987 3320 2135 3391 quod

529 3421 686 3477 nobis
720 3418 1059 3489 impossibile
1083 3414 1250 3489 419
1298 3415 1587 3485 impetretut
1627 3414 1863 3477 videtur,
1891 3412 2006 3468 Deo
2040 3413 2137 3468 do-

532 3526 663 3570 nare
691 3511 950 3583 possibile
978 3520 1082 3567 est.
1118 3507 1252 3564 Nam
1285 3518 1339 3564 et
1370 3507 1707 3578 impossibile
1737 3506 2046 3573 videbatur,
2076 3514 2137 3561 ut

435 3599 441 3605 ’
532 3615 815 3678 peccatum
864 3604 1113 3659 ablueret
1157 3610 1345 3672 aqua:
1396 3601 1634 3671 denique
1677 3598 1917 3657 Naaman
1966 3600 2136 3672 Syrus

533 3702 744 3770 lopram
771 3706 926 3753 suam
958 3693 1213 3750 mundari
1259 3704 1355 3764 per
1401 3702 1595 3763 aquam
1625 3707 1786 3763 posse
1816 3707 1924 3747 non
1957 3692 2135 3748 credi‘

531 3794 633 3851 dit.
666 3791 774 3850 Sed
805 3789 948 3862 quod
976 3787 1319 3859 impossibile
1348 3796 1488 3854 erat,
1526 3787 1653 3842 fecit
1682 3787 1825 3842 Deus
1852 3800 1973 3841 esse
2011 3799 2137 3857 pos-

530 3885 711 3951 sibile,
743 3883 834 3956 qui
865 3890 1073 3939 tantam
1107 3881 1267 3937 nobis
1286 3880 1509 3937 donavit
1537 3880 1770 3951 gratiam
1799 3879 1891 3951 (IV
1916 3880 2045 3954 Reg.
2080 3894 2131 3947 v,

535 3980 667 4051 11).
716 3976 982 4033 Similiter
1019 3973 1361 4045 impossibile
1402 3972 1685 4029 videbatur
1731 3978 1829 4044 per
1860 3974 2133 4044 peniteno

532 4077 662 4129 tiam
695 4080 918 4143 peccata
962 4068 1206 4125 dimitti:
1251 4068 1527 4125 concessit
1570 4067 1675 4124 hoc
1713 4068 1964 4124 Christus
2002 4083 2136 4138 spo-

533 4164 693 4222 stolis
719 4164 835 4220 suis
854 4198 870 4228 ,
914 4160 1062 4235 quod
1087 4161 1155 4218 ab
1181 4160 1445 4233 apostolis
1469 4161 1537 4217 ad
1565 4162 1910 4217 sacerdotum
1948 4161 2135 4218 ofﬁcia

534 4260 914 4316 transmissum
943 4268 1030 4315 est
1060 4256 1261 4332 (Joan.
1288 4273 1356 4313 xx
1385 4297 1399 4325 ,
1426 4257 1500 4312 2'2
1523 4257 1564 4329 ).
1597 4257 1821 4313 Factum
1851 4267 1934 4312 est
1973 4258 2137 4328 igitur

531 4352 796 4423 possibile
822 4350 969 4423 quod
999 4351 1339 4422 impossibile
1365 4350 1673 4408 videbatur.
1715 4352 1823 4408 Sed
1857 4362 2039 4407 tamen
2063 4353 2136 4409 de

535 4446 809 4518 baptismo
838 4445 1082 4516 dictum,
1124 4459 1195 4502 ne
1217 4446 1342 4516 quis
1367 4446 1590 4503 iterat-et
1617 4484 1632 4515 ,
1686 4458 1707 4485 α
1741 4459 1868 4504 vers
1919 4449 2136 4508 ratione

534 4536 848 4611 persuadet.

1163 4645 1389 4713 CAPUT
1427 4655 1516 4712 III.

534 4810 869 4884 Superiorem
889 4808 1195 4868 solutionem
1222 4814 1497 4885 conﬁrmat
1525 4814 1789 4887 proposita
1818 4822 1881 4871 ea:
1898 4810 2135 4891 Evange-

528 4944 531 4947 η
604 4905 677 4961 lio
700 4902 907 4978 prodigi
930 4905 1201 4977 parabole,
1223 4910 1374 4982 cujus
1395 4906 1630 4979 singulas
1645 4920 1818 4980 partes
1837 4927 2102 4981 exponens
2117 4950 2132 4981 ,

600 4999 810 5055 easdem
844 5008 1026 5053 contra
1070 4996 1396 5054 Narrationes
1423 5001 1728 5058 a'ssertiones
1768 5003 1841 5056 ita
1867 5007 2135 5073 convertit,

606 5103 663 5149 nt
703 5092 827 5148 inde
856 5092 1146 5148 necessario
1171 5092 1396 5148 deducat
1426 5095 1582 5150 etiam
1619 5096 1916 5169 gravissimi
1957 5101 2136 5157 crimi—

604 5284 654 5361 ‘_
672 5275 802 5333 Mss.
831 5277 1075 5361 aliqua”.
1105 5270 1441 5361 dirui-ltiti“
1469 5278 1727 5361 principia
1770 5280 1925 5361 Verbi
1960 5287 2134 5361 “qui-

535 5355 687 5413 rant;
720 5349 990 5415 nonnulli,
1010 5349 1305 5415 dimittant,
1336 5358 1386 5403 et
1426 5350 1742 5420 principalia
1778 5353 1928 5408 verba
1961 5349 2134 5429 requis

537 5429 805 5561 “viles.
841 5488 1021 5561 Aliqui
1042 5499 1097 5547 et
1126 5491 1290 5557 edin,
1330 5508 1490 5547 unum
1517 5490 1777 5561 baptisma
1805 5511 1913 5551 esse
1940 5498 1996 5552 in
2029 5498 2131 5553 Ec-

537 5560 713 5613 clesia.
742 5559 1019 5626 Hortatur,
1043 5575 1151 5620 etc.

615 5640 636 5669 ο
665 5629 808 5704 Edit.
830 5633 991 5704 linat.
1019 5648 1142 5691 eum
1172 5634 1387 5691 duobus
1408 5634 1638 5694 omnino
1668 5652 1826 5704 mss...
1855 5655 1977 5694 uera
2004 5643 2138 5699 ratio

543 5700 832 5769 persuadet.
864 5702 1088 5763 Minime
1117 5707 1279 5762 male.
1311 5706 1512 5763 Verum
1561 5724 1687 5766 cum
1731 5700 1895 5766 aliam
1938 5712 2135 5769 lectica

479 5840 483 5845 θ
544 5781 799 5857 nemyet.
818 5776 955 5857 edit.
981 5792 1102 5834 cum
1125 5781 1510 5857 reliquismss.
1542 5784 1717 5856 iisque
1740 5786 1910 5840 multo
1940 5786 2137 5857 probeo

545 5844 776 5915 tioribus
817 5848 1052 5908 habeant
1072 5891 1090 5925 ,
1117 5844 1467 5925 reiciendum
1500 5860 1585 5931 est
1613 5844 1834 5933 iet-bum
1860 5844 2131 5939 persuadet

2247 3314 2444 3376 ‘Tolle
2474 3319 2829 3391 gubernatori
2882 3318 3234 3390 perveniendi
3261 3330 3444 3391 spem,
3487 3320 3625 3376 etin
3655 3315 3816 3373 mediis

2237 3415 2489 3471 ﬂuctibus
2526 3416 2766 3471 incertus
2808 3416 3031 3471 errabit.
3073 3414 3230 3471 Tolle
3262 3416 3523 3472 luctaturi
3555 3426 3811 3473 coronam,

2239 3508 2423 3563 lentus
2444 3507 2652 3578 jacebit
2674 3508 2727 3562 in
2755 3508 2954 3562 stadio.
2985 3504 3141 3564 Tolle
3170 3509 3425 3577 piscatori
3454 3507 3696 3580 Cupietidi
3720 3503 3817 3559 uilio

2240 3599 2691 3666 escium,desinit
2727 3600 2936 3670 jactare
2957 3601 3113 3656 retia.
3162 3600 3450 3667 Quomodo
3493 3615 3633 3671 ergo
3669 3604 3815 3669 potest

2237 3694 2327 3762 qui
2358 3694 2531 3748 latnen
2563 3693 2768 3762 patitur
2814 3695 3012 3749 animus
3039 3708 3174 3760 sum,
3202 3694 3507 3750 studiosius
3538 3694 3696 3750 Deum
3716 3706 3812 3762 pre-

2238 3785 2376 3851 cari,
2395 3787 2438 3839 si
2467 3799 2679 3840 sacram
2705 3784 2968 3856 desperet
2997 3765 3343 3840 alimoniam?

2311 3879 2398 3933 l7.
2451 3877 2686 3945 Peccavi,
2738 3880 2932 3951 inquit,
2975 3880 3030 3934 in
3052 3880 3236 3935 emtum
3259 3889 3306 3934 et
3355 3892 3534 3935 coram
3582 3891 3647 3936 te.
3681 3876 3816 3952 ‘20

2238 3973 2461 4030 Fatetur
2486 3975 2673 4046 utique
2717 3984 3009 4044 peccatum
3047 3975 3115 4031 ad
3159 3982 3413 4041 mortem,
3462 3988 3535 4032 ne
3567 3988 3719 4046 quem
3740 3986 3814 4023 vos

2235 4074 2486 4139 agentem
2515 4067 2808 4138 cujuslibet
2828 4068 3073 4124 criminis
3094 4068 3468 4139 paenitentiam
3486 4068 3618 4139 jure
3629 4062 3808 4123 excludi

2240 4163 2534 4230 putaretis;
2581 4163 2802 4234 quando
2842 4164 2888 4219 is
2926 4164 3017 4236 qui
3050 4164 3104 4219 in
3132 4164 3331 4222 corium
3370 4165 3638 4236 peccavit,
3670 4161 3745 4217 vel
3772 4160 3812 4214 in

2238 4272 2463 4330 regnum
2494 4259 2739 4325 calcate,
2767 4260 2851 4315 vel
2876 4259 2929 4315 in
2953 4257 3189 4315 animam
3211 4274 3364 4314 suam
3383 4301 3398 4324 ,
3429 4259 3573 4328 quod
3598 4266 3679 4314 est
3709 4269 3812 4328 pec-

2239 4360 2418 4406 catum
2459 4350 2525 4406 ad
2564 4359 2827 4419 mortem;
2856 4358 2914 4408 et
2960 4352 3205 4422 peccavit
3235 4366 3420 4407 eoram
3463 4351 3599 4419 Deo,
3628 4350 3706 4406 cui
3732 4346 3812 4403 soli

2237 4444 2479 4501 dicitur:
2530 4444 2649 4500 Tibi
2688 4446 2790 4502 soli
2821 4446 3024 4517 peccari
3071 4456 3119 4501 et
3171 4446 3368 4501 malum
3421 4461 3599 4501 coram
3646 4453 3691 4499 te
3734 4438 3814 4514 [eri

2239 4536 2416 4609 (Psal.
2437 4554 2492 4605 ι,
2516 4537 2591 4610 6).

2159 4641 2214 4703 Β
2308 4635 2399 4693 18.
2440 4635 2575 4691 Tam
2602 4636 2714 4692 cito
2737 4636 2951 4691 veniam
2983 4643 3247 4700 meretur,
3296 4644 3354 4689 ut
3401 4634 3639 4691 venienti
3668 4642 3715 4689 et
3736 4630 3812 4685 ad-

2241 4726 2346 4783 huc
2401 4728 2560 4799 longe
2602 4729 2781 4798 posito
2824 4735 3076 4785 occurrat
3120 4736 3292 4798 pater,
3320 4727 3569 4783 osculum
3616 4727 3807 4790 tribuat,

2240 4823 2384 4896 quod
2414 4824 2626 4897 insigne
2653 4834 2739 4881 est
2759 4840 2930 4880 sacrm
2953 4822 3102 4895 pacis
3127 4842 3139 4877 :
3165 4822 3359 4879 stolam
3385 4822 3614 4893 proferri
3633 4820 3807 4893 jubeat,

2242 4933 2366 4989 quae
2392 4919 2561 4974 vestis
2591 4927 2677 4973 est
2699 4918 2978 4989 nuptialis,
3009 4931 3172 4988 quam
3202 4916 3251 4970 si
3279 4916 3403 4986 quis
3434 4931 3544 4973 non
3569 4911 3806 4973 habuerit.

2243 5026 2274 5068 a
2301 5012 2548 5068 convivio
2574 5011 2796 5084 nuptiali
2819 5010 3127 5067 excluditur
3154 5027 3168 5065 :
3200 5008 3290 5064 det
3313 5010 3572 5065 annulum
3596 5011 3645 5063 in
3673 5017 3808 5062 manu

2245 5102 2384 5178 ejus,
2417 5104 2562 5178 quod
2589 5108 2668 5162 esi
2704 5094 2832 5162 ﬁdei
2859 5106 3074 5176 pignus,
3103 5110 3159 5161 et
3186 5102 3360 5159 sancti
3400 5102 3620 5175 Spiritus
3649 5102 3808 5173 signa-

2240 5286 2307 5344 ad
2336 5289 2510 5359 ipsum
2546 5286 2770 5344 Paulum
2797 5304 2812 5354 ;
2846 5289 2894 5342 is
2913 5288 3058 5359 enim
3091 5288 3272 5343 locum
3304 5287 3529 5342 citatum
3555 5288 3625 5341 ita
3652 5282 3809 5359 exprie

2242 5354 2370 5423 mit,
2395 5368 2454 5414 ut
2481 5360 2630 5414 illum
2664 5375 2777 5416 non
2807 5360 2908 5415 nisi
2942 5357 3010 5417 de
3043 5359 3295 5432 baptismi
3318 5360 3645 5431 repetitione
3672 5354 3808 5412 inte-l-

2241 5430 2519 5486 liaendum
2545 5436 2890 5486 persuadeat.

2281 5436 2519 5503 gendum
2545 5436 2890 5502 persuadeat.

2313 5502 2340 5540 ά
2368 5503 2529 5579 130m.
2555 5504 2686 5559 edit.
2713 5505 2857 5579 sola,
2875 5504 3047 5574 posuit
3071 5505 3125 5559 in
3155 5521 3235 5571 eo,
3259 5504 3344 5577 qui
3364 5518 3593 5579 peregre,
3615 5506 3713 5558 etc.

2318 5574 2536 5649 ffanci
2567 5588 2725 5649 mss.,
2750 5577 2858 5649 spei
2880 5584 2953 5630 est
2982 5585 3169 5631 nostris
3190 5574 3554 5649 patrocinium.

2315 5643 2335 5683 ί
2360 5647 2622 5718 Exempla
2646 5643 2868 5718 prorsus
2900 5649 3128 5703 istorum
3169 5647 3365 5702 similia
3398 5645 3648 5715 proponit
3663 5643 3798 5713 epist.

2238 5716 2329 5791 55,
2350 5718 2416 5773 ad
2434 5712 2658 5783 Alli-00.,
2679 5712 2987 5791 Cyprianus
3014 5737 3028 5776 :
3055 5720 3197 5791 unde
3220 5712 3409 5791 isthmc
3423 5712 3679 5791 imitatum
3699 5718 3801 5770 etse

2242 5790 2527 5852 boctorem
2553 5787 2798 5848 nostrum
2822 5789 2981 5849 facile
3007 5790 3276 5866 quispiam
3302 5787 3641 5857 existimarit.
