4042 6294
273 275 404 331 501·

271 392 458 446 culum
509 408 525 448 :

275 478 788 551 ll);celebraturus
807 485 953 542 enim
978 483 1171 554 pascha
1198 484 1435 554 Domini,
1452 486 1771 557 epulaturus
1789 502 1885 560 ag-

273 588 427 637 num,
461 581 671 631 tectum
698 575 865 635 debet
891 577 1150 633 adversus
1179 592 1375 634 omnes
1403 578 1652 635 incursus
1678 579 1883 637 bestia-

274 682 392 724 rum
431 669 792 739 spiritalium,
823 686 1146 743 morsusque
1185 672 1460 740 serpentis
1485 672 1687 729 habere
1715 675 1882 732 vesti.

270 762 459 832 gium:
512 764 747 820 vitulum
789 764 1071 836 praecipiat
1107 764 1316 830 occidi;
1357 767 1482 837 quia
1519 764 1731 822 Pascha
1760 784 1882 824 nos-

271 864 409 911 trum
455 856 760 914 immolatus
787 869 862 915 est
912 858 1150 916 Christus
1195 857 1397 931 (lCor.
1446 877 1499 927 v,
1533 862 1614 930 7).
1660 862 1878 919 Etenim

267 951 725 1023 quotiescumque
745 954 1067 1022 sanguinem
1094 953 1312 1011 Domini
1333 955 1620 1023 sumimus,
1641 967 1877 1014 mortem

268 1042 484 1100 Domini
539 1047 926 1103 aununtiamus
980 1046 1190 1121 (lCor.
1238 1065 1313 1116 st,
1355 1049 1426 1105 εδ
1454 1050 1496 1122 ).
1550 1049 1704 1107 Sicut
1744 1068 1877 1125 ergo

266 1137 440 1194 semel
465 1152 564 1208 pro
587 1139 839 1197 omnibus
857 1140 1177 1197 immolatus
1195 1150 1301 1208 est,
1330 1142 1403 1196 ita
1425 1144 1875 1217 quotiescumque

268 1242 491 1301 peccata
533 1232 831 1302 donantur,
861 1237 1108 1308 corporis
1129 1237 1251 1308 ejus
1279 1249 1680 1294 sacramentum
1709 1241 1877 1297 sumi-

266 1343 390 1394 mss,
426 1338 485 1384 ut
527 1344 623 1401 per
651 1333 971 1403 sanguinem
1020 1332 1139 1404 ejus
1169 1332 1266 1389 ﬁat
1296 1343 1639 1403 peccatorum
1679 1336 1873 1391 remis-

264 1422 348 1477 sio
375 1419 484 1494 (De
511 1422 732 1492 Potuit,
762 1426 884 1481 dist.
913 1442 953 1493 ι,
981 1443 1030 1481 c.
1065 1425 1243 1482 Potest
1264 1428 1403 1498 ﬁeri,
1436 1428 1465 1500 §
1496 1428 1644 1484 Sicut
1667 1428 1868 1501 semel).

337 1516 428 1573 l9.
472 1518 619 1591 Ergo
639 1519 1051 1577 evidentissime
1080 1521 1293 1577 Domini
1314 1523 1701 1593 praedicatione
1719 1539 1871 1580 man-

259 1612 447 1667 datum
476 1622 560 1668 est
582 1614 747 1670 etiam
784 1615 1094 1684 gravissimi
1130 1617 1375 1672 criminis
1408 1617 1553 1682 reis,
1585 1618 1630 1672 si
1657 1631 1723 1673 es
1756 1627 1870 1675 toto

258 1707 427 1763 corde
448 1748 463 1773 ,
492 1716 549 1763 et
576 1707 863 1765 manifesta
890 1708 1235 1765 confessione
1261 1710 1469 1779 peccati
1488 1712 1867 1782 pmoitentiam

1518 278 1608 336 DE
1646 277 2093 339 MNITENTIA
2135 280 2266 340 UB.
2309 282 2376 341 ll.

578 393 952 451 calceamenta
1003 393 1204 451 deferri
1249 395 1532 469 pmipiat
1556 394 1758 472 (Exod.
1783 412 1883 465 xu,
1912 400 1964 465 Α
1989 408 2163 456 auum
2214 401 2548 474 blasphemia
2586 417 2688 459 non
2715 403 3008 461 remittetur
3037 402 3352 463 huiiriibus.
3383 404 3447 463 Et
3476 408 3589 478 qui-

3482 287 3597 348 502

1987 509 2206 564 cumque
2241 494 2434 550 dixerit
2460 495 2668 551 uerbum
2694 506 2875 553 contra
2902 494 2952 550 Ρ
2955 497 3103 555 ilium
3126 498 3371 567 hominis,
3401 501 3587 556 remit-

1983 597 2123 643 tetur
2143 590 2191 644 ei
2235 606 2254 645 :
2277 591 2366 661 qui
2406 601 2580 647 autem
2606 592 2801 648 dixerit
2828 603 3012 649 contra
3038 591 3300 666 Spiritum
3324 605 3582 660 unctum,

1981 698 2083 737 nou
2102 683 2388 740 remittetur
2412 685 2478 752 ei,
2510 702 2671 757 neque
2698 687 2753 741 in
2778 686 2874 742 hoc
2897 688 3110 751 seculo,
3136 702 3302 758 neque
3323 687 3377 743 in
3398 688 3583 758 futuro

1981 772 2323 845 (Mantuan,
2353 777 2418 833 51
2445 786 2493 834 et
2515 795 2602 848 seq
2625 780 2667 846 j.
2699 779 2820 849 Quo
2840 780 3099 850 exemplo
3119 780 3301 836 omnis
3344 782 3580 838 assertio

1981 876 2162 924 vestra
2189 879 2211 909 ο
2236 869 2540 927 destruitur
2559 881 2615 929 et
2640 873 2976 940 absolvitur;
2995 873 3262 945 scripturn
3282 885 3371 932 est
3388 876 3533 932 enim
3561 895 3577 931 :

1982 960 2148 1016 Omne
2174 973 2441 1033 peccatum
2477 974 2527 1021 et
2563 965 2889 1039 blasphemia
2920 968 3207 1023 remittetur
3258 968 3574 1026 horninibus.

1976 1056 2087 1113 Cur
2115 1056 2280 1129 igitur
2305 1075 2419 1115 non
2458 1061 2768 1116 remittitis?
2792 1059 2904 1117 Cur
2928 1062 3164 1135 alligatis
3192 1064 3430 1129 vincula,
3450 1080 3576 1136 quin

1977 1168 2083 1208 non
2111 1153 2366 1210 solvitis?
2386 1153 2496 1211 Cur
2524 1154 2701 1211 nodos
2728 1155 2968 1224 nectitis,
2986 1170 3124 1228 quos
3149 1172 3258 1212 non
3282 1156 3580 1214 relaxatis?

1975 1245 2256 1303 Remittite
2276 1248 2522 1304 caeteris:
2546 1250 2693 1319 agite
2710 1248 2779 1306 de
2797 1249 2885 1317 iis,
2912 1264 3048 1322 quos
3071 1261 3357 1320 peccantes
3375 1252 3427 1306 in
3454 1250 3580 1322 Spi-

1972 1340 2137 1395 ritum
2173 1349 2420 1397 sanctum
2454 1340 2781 1413 Evangelica
2810 1341 3137 1399 auctoritate
3162 1342 3217 1397 in
3249 1352 3573 1416 perpetuum

1972 1434 2206 1505 astringi
2238 1436 2464 1504 putatis.

2040 1524 2202 1599 521
2224 1525 2315 1580 2t.
2344 1525 2411 1581 Et
2431 1535 2607 1583 tamen
2629 1523 2807 1598 quosd
2824 1527 3112 1597 astringat,
3131 1526 3570 1595 consideremus,

1970 1630 2281 1689 repetentes
2311 1620 2596 1691 superiora
2639 1619 2891 1676 lectionis
2938 1619 3131 1692 ipsius,
3177 1632 3235 1677 ut
3266 1622 3574 1682 evidentius

1968 1711 2520 1782 comprehendamus.
2575 1713 2838 1770 Dicebant
2876 1711 3049 1769 Judaei
3092 1733 3107 1767 :
3146 1714 3252 1771 Hie
3295 1732 3397 1772 non
3433 1717 3577 1792 ejicit

255 1809 477 1871 gerant,
512 1802 841 1858 sacramenti
862 1804 1102 1859 cmlestis
1130 1813 1158 1843 ι
1187 1804 1582 1885 retundendam
1608 1808 1857 1877 gratiam.
1894 1797 1941 1857 Β
1967 1807 2225 1862 dmonia
2241 1809 2342 1864 nisi
2371 1810 2425 1864 in
2456 1807 2743 1864 Beelzebub
2765 1809 3003 1882 principe
3045 1811 3444 1869 demoniorum.
3472 1812 3579 1871 Be-

256 1893 285 1931 δ
310 1893 473 1952 Unde
503 1896 640 1952 nihil
665 1896 824 1952 vobis
835 1896 901 1953 ad
916 1898 1328 1956 excusationem
1355 1901 1625 1958 resedisse
1649 1914 1857 1959 certum

254 1995 364 2043 est.

880 2083 1110 2143 CAPUT
1150 2085 1239 2143 IV.

250 2195 429 2252 Aliam
457 2196 798 2272 objectionem
820 2215 884 2255 es
908 2200 1232 2273 blasphemia
1256 2203 1313 2257 in
1339 2203 1599 2276 Spiritum
1620 2215 1859 2262 sanctum

324 2293 547 2364 petitam
572 2304 831 2365 retorquet
861 2295 914 2351 in
944 2300 1088 2365 ipsas
1124 2295 1445 2355 Horatianos
1471 2316 1494 2366 ,°
1539 2300 1860 2371 ostenditque

322 2402 418 2453 per
441 2402 559 2459 eant
581 2387 951 2457 blasphemiam
977 2389 1201 2460 intelligi
1229 2390 1414 2446 debere
1433 2390 1592 2461 [idem
1619 2409 1723 2447 non
1748 2410 1860 2450 rec-

320 2490 431 2543 tam
464 2498 483 2535 :
524 2483 662 2552 quod
703 2482 792 2537 ubi
834 2481 982 2538 Petri
1038 2485 1287 2541 adversus
1334 2484 1603 2541 Simonem
1647 2503 1859 2559 magum

321 2574 602 2639 sententia,
629 2591 720 2629 nec
737 2591 841 2631 non
864 2575 1175 2648 Evangelico
1198 2578 1488 2635 testimonio
1511 2580 1853 2648 conﬁrmavit,

324 2668 534 2724 eosdem
545 2666 816 2725 hereticos
836 2670 906 2725 ad
922 2672 1146 2726 reditum
1161 2672 1213 2727 in
1230 2669 1517 2728 Ecclesium
1532 2672 1856 2743 cohortatur,

319 2778 384 2816 ac
414 2770 614 2816 tantam
642 2760 853 2818 Domini
877 2764 1203 2819 clementiam
1232 2781 1342 2821 esse
1372 2766 1589 2831 asserit,
1614 2779 1669 2823 ut
1699 2766 1859 2824 Judre

324 2854 571 2910 traditori
596 2856 798 2927 veniam
822 2857 867 2910 si
891 2856 1038 2926 apud
1069 2856 1334 2913 Christum
1360 2860 1679 2929 pcnituisset
1702 2900 1720 2929 ,
1753 2877 1857 2918 non

320 2950 513 3022 juisset
541 2948 912 3023 denegaturus.

318 3109 417 3167 20.
458 3108 732 3166 Periatum
760 3118 845 3165 est
871 3119 1048 3166 tamen
1080 3109 1146 3166 ad
1170 3110 1459 3181 nos,etiam
1486 3110 1615 3167 illud
1641 3129 1735 3169 vos
1759 3112 1855 3169 oh-

1964 1899 2184 1969 spondit
2227 1900 2389 1957 lesus
2423 1917 2444 1959 :
2491 1899 2656 1956 Omne
2690 1917 2903 1973 regnum
2935 1901 3156 1957 divisum
3188 1912 3368 1959 contra
3405 1920 3462 1960 se
3487 1905 3580 1961 de-

1963 2001 2210 2058 struetur,
2237 2002 2283 2048 et
2306 1993 2474 2051 omnis
2517 1992 2699 2049 civitas
2746 1994 2823 2049 vel
2852 1993 3036 2048 domus
3079 1993 3244 2050 diuisa
3271 2004 3452 2052 contra
3492 2013 3569 2062 se,

1964 2102 2067 2140 non
2095 2085 2281 2152 stabit;
2320 2086 2365 2143 si
2390 2086 2529 2147 enim
2564 2085 2795 2142 Satanas
2824 2086 3077 2143 Satanam
3103 2087 3265 2161 ejicit,
3297 2088 3571 2147 adversum

1961 2194 2014 2234 se
2036 2179 2233 2234 divisus
2251 2188 2365 2235 est:
2395 2178 2656 2250 quomodo
2682 2193 2808 2251 ergo
2823 2177 2973 2234 stabit
2995 2195 3211 2249 regnum
3233 2181 3343 2250 ejus
3359 2181 3386 2235 2
3415 2179 3566 2246 Quod

1959 2272 2006 2326 si
2035 2287 2129 2342 ego
2158 2273 2213 2326 in
2243 2271 2523 2338 Beelzebub
2572 2272 2728 2345 ejicio
2758 2272 3041 2339 daemonia,
3070 2273 3170 2343 ﬁlii
3203 2276 3354 2331 nstri
3384 2276 3437 2329 in
3463 2291 3568 2347 quo

1961 2367 2171 2439 ejiciunt
2196 2365 2374 2439 (.llatt.
2403 2382 2500 2430 stt,
2528 2365 2595 2421 Si
2616 2377 2663 2420 et
2689 2364 2847 2437 «9.)?

2032 2459 2123 2514 22.
2188 2458 2267 2515 De
2318 2459 2404 2516 his
2462 2458 2648 2532 utique
2681 2474 3005 2532 expressum
3034 2460 3303 2529 videmus,
3334 2461 3426 2533 qui
3460 2463 3569 2519 Do-

1961 2557 2164 2611 minum
2205 2555 2392 2612 Iesum
2447 2557 2499 2611 in
2545 2555 2850 2612 Beelzebub
2905 2557 3109 2627 ejicere
3171 2556 3441 2613 daemonia
3486 2559 3567 2614 lo-

1959 2649 2285 2719 quebantur,
2333 2649 2531 2721 quibus
2579 2649 2660 2705 sic
2712 2649 2999 2721 respondit
3063 2650 3359 2716 Dominus,
3417 2651 3567 2720 quod

1961 2744 2177 2800 Satanae
2219 2744 2516 2800 hereditas
2562 2744 2615 2800 in
2668 2744 2734 2801 iis
2764 2752 2933 2811 esset,
2966 2744 3058 2815 qui
3087 2743 3306 2801 Satanae
3344 2758 3568 2815 compa-

1960 2851 2148 2895 rarent
2192 2838 2536 2896 Salvatorem
2582 2839 2874 2905 omnium,
2925 2848 2982 2894 et
3033 2839 3087 2893 in
3137 2838 3311 2910 regno
3359 2837 3568 2896 diaboli

1957 2934 2356 2989 constituerent
2392 2935 2620 3004 gratiam
2649 2932 2872 2989 Christi.
2906 2932 2973 2988 Et
3004 2941 3061 2987 ut
3094 2945 3562 3001 cognosceremus

1958 3027 2083 3098 quia
2126 3027 2195 3082 de
2236 3027 2337 3082 hac
2377 3026 2515 3083 dixit
2551 3026 2923 3097 blasphemia,
2958 3024 3205 3095 adjunxit
3236 3041 3249 3079 :
3283 3023 3564 3097 Progenies

1957 3122 2288 3190 viperarum,
2335 3118 2595 3191 quomodo
2645 3120 2855 3191 potestis
2904 3119 3039 3174 bona
3076 3117 3240 3190 loqui,
3285 3133 3401 3173 curn
3448 3118 3565 3173 sitis

242 3204 424 3275 jicere
449 3206 649 3271 solere,
676 3205 820 3276 quod
845 3204 1042 3261 dicatis
1068 3207 1329 3277 scriptum
1356 3223 1479 3264 esse
1513 3226 1526 3262 :
1555 3206 1720 3263 Omne
1742 3226 1859 3280 pec-
1886 3197 1931 3263 C
1963 3216 2088 3279 muti
2109 3218 2134 3270 γ
2181 3216 2289 3271 llos
2334 3230 2467 3287 ergo
2513 3215 2605 3287 qui
2647 3213 2762 3270 hinc
2796 3215 3118 3285 loquuntur,
3168 3220 3330 3283 negat
3367 3211 3434 3268 ad
3470 3226 3562 3267 ve-

250 3312 432 3357 catum
469 3312 517 3357 et
567 3302 890 3376 blasphemia
932 3304 1226 3359 remittetur
1256 3303 1550 3359 hominibus
1583 3321 1601 3359 :
1630 3304 1862 3375 Spiritus

326 3476 355 3505 ι
379 3463 610 3533 Quidam
650 3479 808 3525 mss..
841 3464 1229 3537 reformandam
1257 3465 1599 3535 gratiam.....
1640 3467 1856 3525 rediisse

247 3548 451 3594 certum
480 3547 576 3592 εει.

321 3608 351 3648 ιι
391 3611 566 3680 Quam
594 3608 834 3664 validum
853 3616 1041 3663 contra
1077 3607 1408 3663 Novatianos
1432 3608 1575 3664 hunc
1605 3608 1855 3680 Evange-

245 3681 303 3737 lii
333 3683 517 3737 locum
538 3682 923 3746 arbitraretur,
954 3696 1061 3735 non
1088 3694 1231 3750 aegre
1253 3680 1454 3741 disces.
1472 3683 1517 3736 si
1541 3682 1704 3737 modo
1727 3699 1850 3739 cum

245 3753 493 3824 ejusdem
514 3756 859 3824 expositione
877 3753 930 3808 in
944 3750 1253 3807 Comment.
1275 3752 1655 3822 superLucam
1677 3763 1851 3812 totum

248 3826 355 3882 hoc
377 3834 539 3896 caput
565 3825 818 3883 conferre
848 3841 953 3880 non
991 3826 1187 3894 pigeat.

320 3909 346 3939 ε
376 3894 505 3953 Mss.
532 3897 803 3963 nonnulli,
827 3896 1110 3951 destruitur
1136 3905 1183 3949 et
1206 3894 1476 3951 resolvitur
1498 3913 1517 3964 ;
1541 3895 1776 3966 quidam,
1803 3909 1852 3954 et

244 3969 573 4025 absorbetur.

318 4040 346 4079 ἀ
378 4042 517 4097 Huic
552 4041 847 4110 objectioni
897 4054 1030 4095 sane
1074 4055 1235 4109 quam
1275 4039 1615 4110 gravissimae
1653 4041 1847 4099 iisdem

244 4114 463 4172 duobus
493 4113 925 4185 responsisquaa
955 4110 1042 4168 hic
1071 4110 1399 4185 adhibentur
1427 4113 1496 4185 ab
1519 4112 1811 4185 Ambrosio
1830 4157 1847 4185 ,

243 4185 514 4257 satisfacin
558 4182 717 4257 etiam
773 4182 1245 4257 Pacianusepist.
1295 4184 1373 4257 5,
1401 4182 1466 4238 ad
1517 4182 1846 4257 Sympron.,

243 4259 348 4313 sub
374 4256 635 4311 inedium.
659 4256 829 4312 Porro
857 4255 940 4311 his
961 4255 1097 4324 ipsis
1126 4255 1256 4309 locis
1274 4255 1538 4312 adduetus
1561 4255 1773 4314 est‘lib.
1793 4274 1845 4313 ix

243 4329 314 4386 de
343 4329 552 4384 admin.
587 4329 785 4387 Posuit.
816 4344 936 4397 cap.
985 4327 1079 4393 98,
1125 4326 1395 4392 Morinos,
1430 4340 1485 4382 ut
1516 4332 1729 4399 utrique
1766 4330 1848 4387 illi

246 4400 395 4457 Patri
427 4417 551 4458 eam
582 4402 887 4458 doctrinam
920 4400 1268 4464 attribueret,
1293 4415 1395 4469 qua
1431 4412 1709 4469 pecctum
1740 4403 1847 4458 ali-

284 4472 391 4529 uod
441 4488 568 4528 vere
619 4471 995 4529 irremissihile
1032 4471 1451 4526 constituerent.
1486 4472 1533 4526 ls
1559 4484 1736 4529 tamen
1777 4475 1846 4531 de

287 4546 485 4600 aciano
510 4546 724 4617 cogitur
752 4543 1002 4617 conﬁteri
1030 4557 1154 4617 etim
1188 4553 1425 4598 mentem
1467 4558 1618 4598 suam
1649 4545 1720 4600 ita
1753 4546 1847 4601 de-

242 4617 511 4681 clarasse,
541 4614 605 4671 ut
631 4617 761 4671 nihil
795 4631 890 4684 per
922 4614 1086 4668 hosce
1118 4615 1267 4670 locus
1296 4625 1569 4685 tamquam
1603 4617 1841 4672 irremis-

243 4688 409 4746 sihile
435 4688 735 4759 signiﬁcari
777 4698 1078 4759 autumaret
1104 4727 1120 4753 ,
1156 4687 1259 4742 nisi
1291 4690 1758 4757 perseverantiam
1789 4690 1844 4746 in

242 4761 606 4859 crimineseu
645 4760 862 4859 ﬁnaloin
909 4758 1387 4859 ’ἰμιιιιωιιίξςιὶιιῑειιι.ιὲ
1430 4760 1744 4859 Quod‘t'c'ro
1773 4762 1840 4817 ad
1869 4798 1919 4859 Β

244 4832 665 4887 Ambrosianum
709 4831 1058 4897 sententiam,
1112 4832 1197 4884 uhi
1248 4831 1474 4884 dixisset
1529 4849 1541 4885 :
1588 4828 1834 4899 Fatetur,

243 4905 575 4960 Ambrosius
608 4905 883 4967 nimirum,
914 4903 979 4955 iis
1008 4902 1095 4971 qui
1119 4904 1327 4963 directe,
1362 4911 1419 4956 ut
1447 4902 1528 4957 illi
1559 4902 1839 4971 Phariuci,

240 4975 628 5041 blasphemant,
649 4977 853 5031 veniam
882 4990 986 5031 non
1034 4991 1142 5029 esse
1166 4974 1477 5041 sperandam
1493 4991 1512 5038 ;
1544 4978 1729 5042 paucis
1760 4978 1845 5033 ill-

243 5048 493 5119 terjectis
521 5047 796 5119 sulijungit
826 5064 839 5099 :
874 5046 941 5101 Ut
969 5059 1137 5119 tamen
1169 5047 1458 5119 argumenti
1480 5050 1637 5101 robur
1665 5050 1839 5117 elevet,

241 5130 515 5189 peccatum
544 5120 676 5176 illud
706 5118 932 5174 attendit
972 5118 1039 5171 ad
1070 5118 1335 5172 htcrcticos
1379 5128 1423 5170 et
1469 5118 1840 5188 scliismaticos,

238 5191 430 5264 quibus
458 5193 815 5260 pmoitentibus
848 5190 1017 5264 gratia
1048 5207 1151 5244 non
1184 5191 1498 5261 denegatur;
1531 5202 1584 5264 ut
1616 5194 1843 5247 insinuet

240 5261 401 5318 etiam
430 5265 552 5319 aliis
576 5305 592 5329 ,
621 5265 664 5318 si
698 5261 1047 5336 paenitentiam
1083 5279 1235 5336 agere
1267 5271 1496 5327 possent,
1520 5261 1618 5317 Dei
1646 5265 1846 5319 miseri-

239 5336 480 5390 cordiam
510 5352 610 5389 non
638 5337 955 5406 defuturam.
989 5335 1113 5388 lla>c
1136 5335 1399 5400 Marinus,
1427 5336 1511 5388 cui
1545 5345 1696 5389 certe
1721 5336 1844 5406 qui-

240 5408 372 5463 dem
400 5406 736 5473 probaudum
766 5416 884 5463 erat
911 5406 1194 5460 doctorem
1226 5415 1477 5460 sanctum
1504 5408 1849 5464 existimasse

236 5480 779 5549 blasphemntorihus
821 5476 1198 5547 hujuscemodi
1227 5478 1538 5547 possibilem
1569 5493 1675 5534 non
1726 5494 1849 5535 esse

237 5552 647 5623 pmiiitcntiam,
670 5550 816 5620 quod
845 5551 913 5604 ah
940 5549 1030 5604 illo
1061 5550 1281 5623 minimc
1311 5551 1609 5623 praestitum
1632 5560 1736 5606 est.
1763 5552 1846 5623 Ad

232 5621 544 5678 clariorem
571 5637 700 5678 tero
740 5623 897 5692 hujus
924 5622 1245 5690 «praestionis
1287 5621 1706 5689 intelligentiam
1747 5622 1846 5677 ad-

235 5703 401 5751 verte
430 5694 566 5749 lucis
603 5695 670 5750 de
699 5694 1030 5761 blasphemia
1066 5694 1120 5747 in
1142 5692 1402 5763 Spiritum
1433 5693 1611 5748 allatis
1639 5695 1706 5748 ah
1736 5694 1850 5748 hm-

236 5766 555 5831 reticis,hic
588 5766 928 5835 respondi-ri,
959 5766 1018 5820 l0
1052 5781 1147 5835 per
1174 5766 1585 5821 concessionem
1615 5766 1849 5821 rhetori-

237 5856 367 5917 cam
413 5852 517 5917 qua
570 5839 786 5897 illorum
830 5846 1211 5913 argumentum
1263 5845 1614 5907 retorquetur
1652 5839 1705 5892 iu
1750 5851 1847 5893 eos

1964 3309 2108 3363 niam
2139 3308 2434 3380 pertinere.

1957 3470 2109 3539 ipsos
2135 3487 2147 3523 :
2179 3467 2242 3523 2ο
2276 3468 2519 3540 pressius
2547 3466 2768 3523 eosdem
2800 3465 2951 3522 locos
2970 3465 3299 3540 examinari,
3331 3465 3559 3540 inquiri-

1994 3558 2061 3613 ue
2088 3536 2358 3613 quodnam
2385 3536 2702 3613 tandemAsit
2725 3536 3164 3613 peccatumillud
3191 3538 3243 3593 in
3263 3536 3554 3613 Spiritum.

1981 3606 2124 3685 gito}
2149 3621 2206 3666 ut
2233 3612 2497 3681 exemplis
2529 3606 2972 3685 re§illustretur,
3009 3611 3170 3685 hujus
3194 3606 3448 3685 c_rimiuis
3478 3611 3557 3668 rei

1956 3680 2376 3755 pronuntiantur
2400 3680 2599 3739 omnes
2630 3683 2709 3738 illi
2736 3725 2751 3747 ,
2793 3683 3049 3755 nimirum
3082 3683 3173 3755 qui
3201 3680 3478 3739 Christum
3502 3685 3557 3741 in

1957 3753 2252 3813 Beelzebut
2275 3756 2554 3811 daemones
2581 3756 2783 3825 ejicere
2808 3753 3306 3825 calntnniabantur,
3332 3755 3483 3810 Simo
3504 3766 3562 3813 et

1952 3830 2041 3900 qui
2075 3843 2198 3882 cum
2230 3843 2297 3883 eo
2320 3827 2531 3900 venalia
2557 3823 2843 3900 crederent
2870 3825 3060 3900 gratia}
3081 3823 3244 3900 dona,
3277 3837 3557 3900 postremo

1954 3895 2194 3977 [heretici
2220 3911 2273 3956 et
2296 3898 2647 3977 scltistnatici.
2672 3897 2804 3977 Cum
2833 3895 3011 3977 autem
3046 3895 3131 3951 bis
3153 3895 3441 3977 postremis
3471 3912 3561 3953 ve-

1952 3973 2097 4027 niam
2144 3968 2573 4030 revertentibus.
2602 3971 2687 4026 vel
2717 3969 2835 4038 ipso
2862 3968 3076 4024 Morino
3105 3968 3214 4022 non
3247 3969 3554 4036 inliciente,

1951 4044 2154 4113 passim
2183 4043 2452 4115 spondeat
2475 4041 2819 4115 Ambrosius,
2856 4040 3061 4095 Simoni
3091 4040 3404 4115 quoque._si
3429 4041 3557 4115 resi-

1953 4108 2178 4193 puissi-t,
2203 4108 2434 4193 gratiam
2460 4129 2589 4193 vere
2618 4108 3349 4193 promissamtotosequenti
3374 4111 3553 4193 capite

1950 4180 2324 4251 demonstret;
2360 4184 2492 4240 nihil
2532 4180 2739 4240 est'cur
2761 4198 2865 4237 non
2898 4181 3039 4237 idem
3069 4180 3137 4237 de
3168 4180 3356 4253 primis
3386 4180 3550 4237 etiam

1950 4275 2071 4315 eum
2103 4259 2341 4315 sensisse
2368 4258 2742 4312 existimemus
2776 4271 2789 4308 :
2824 4255 3056 4309 maxime
3079 4269 3203 4308 cum
3231 4254 3328 4309 lib.
3357 4267 3395 4313 ι.
3426 4268 3549 4324 cap.

1948 4332 2016 4398 2,
2060 4332 2366 4402 generatim
2415 4329 2730 4402 pronuntiet
2771 4344 2786 4382 :
2831 4324 3085 4402 Dominus
3120 4324 3326 4402 nullum
3354 4325 3553 4402 crimen

1949 4395 2159 4477 excipit,
2182 4403 2271 4474 qui
2302 4395 2739 4477 peccatadonapit
2764 4398 2975 4477 omnia;
3000 4397 3143 4477 quod
3171 4397 3315 4452 enim
3350 4395 3552 4477 regula:

1950 4468 2110 4546 hujus
2148 4468 2477 4530 universalis
2508 4469 2900 4545 blasphemiam
2928 4470 2995 4523 ab
3021 4468 3211 4546 eodem
3242 4478 3430 4523 sancto
3457 4468 3552 4523 ha-

1949 4540 2112 4602 bitam
2146 4547 2481 4618 exceptionis
2505 4540 2985 4618 loco'memoratus
3009 4540 3297 4618 theologus
3319 4549 3554 4618 conten-

1947 4620 2058 4684 dit,
2090 4611 2299 4673 nullum
2333 4618 2587 4673 idoneum
2614 4616 2774 4686 hujus
2801 4630 2912 4669 sua:
2935 4611 3442 4686 opinionis‘prol'ert
3462 4628 3553 4686 ar-

1946 4699 2284 4761 gumentum.
2321 4691 2531 4745 Maneat
2561 4684 2699 4760 ergo
2717 4687 2922 4745 nullum
2950 4695 3229 4761 peccatum
3263 4684 3553 4761 Ambrosio

1946 4755 2266 4830 simpliciter
2289 4763 2455 4817 fuisse
2476 4755 2709 4821 alienum
2736 4774 2765 4813 a
2790 4773 2886 4833 spe
2916 4755 3312 4833 veni_a~,prmter
3334 4755 3550 4833 ﬁnalem

1949 4829 2419 4904 impmnitcntiam.
2446 4832 2778 4902 Augustinus
2800 4829 3085 4904 q'uoque_in
3109 4836 3206 4904 hac
3222 4829 3553 4904 quaestione,

1944 4898 2104 4976 quam
2127 4906 2503 4961 difﬁcillimam
2529 4898 2769 4959 omnium
2792 4898 2987 4976 essein
3010 4899 3332 4976 Enchiridip
3344 4913 3464 4966 cap.
3489 4898 3547 4976 ξ,

1944 4967 1997 5032 ἐι
2023 4980 2095 5032 De
2118 4979 2299 5034 verhis
2334 4980 2486 5033 llom.
2519 4992 2684 5032 scrin.
2740 4989 2883 5029 nunc
2912 4974 2973 5031 Ti
3004 5014 3018 5037 ,
3051 4988 3199 5029 num.
3245 4970 3346 5035 58,
3381 4967 3546 5040 ντυιιτ

1948 5060 2112 5115 tetur,
2156 5051 2403 5105 eamdem
2438 5050 2765 5105 sententiam
2806 5045 2902 5101 lib.
2951 5061 2987 5100 ι.
3032 5042 3294 5115 Retract.
3323 5055 3441 5115 cap.
3479 5039 3547 5097 19

1946 5110 2165 5178 secutus
2187 5133 2290 5197 est.
2318 5122 2373 5176 Si
2392 5121 2512 5190 quis
2534 5117 2937 5197 :tttlcnt_tl_i_xcrit
2957 5115 3144 5197 eodem
3173 5113 3336 5197 modo
3356 5110 3548 5197 culpas

1947 5208 2139 5248 omnes
2155 5192 2263 5248 dici
2285 5182 2443 5260 posse
2467 5190 2892 5254 irremissibilos,
2914 5184 3269 5241 iatehimurid
3293 5182 3546 5265 quidem;

1947 5267 2043 5323 sed
2074 5252 2431 5336 adjungemus
2452 5264 2842 5337 blasphemiam
2863 5252 3149 5337 prop-terea
3168 5254 3311 5337 quod
3333 5254 3407 5335 illi
3424 5252 3551 5337 plus

1950 5339 2078 5392 insit
2101 5323 2319 5392 nialiiia:
2347 5353 2411 5412 ac
2438 5323 2705 5412 superbia:
2728 5323 2886 5412 quam
2917 5323 3269 5412 inﬁrmitatis,
3293 5323 3550 5412 proinde-

1948 5426 2054 5479 que
2082 5412 2251 5464 multo
2295 5397 2571 5463 difﬁcilius
2616 5397 2962 5480 remittatur,
3003 5398 3263 5479 singulari
3306 5397 3548 5480 quadarn

1949 5464 2161 5537 ratione
2177 5483 2257 5537 sic
2286 5480 2633 5551 appellatam.
2667 5477 2799 5551 Vide
2828 5464 3192 5551 Maldonatum
3225 5470 3276 5551 in
3305 5464 3552 5551 htatthltgi

1953 5554 2131 5608 locum
2146 5536 2223 5608 de
2240 5536 2347 5623 quo
2361 5536 2544 5620 'agitur
2564 5568 2577 5604 :
2598 5559 2657 5623 et
2671 5542 3042 5623 Alexandrum
3066 5539 3447 5623 diesertatione
3467 5536 3552 5623 Δ22

1954 5606 2686 5679 ἰιιτιινίειᾶιι-.Ἐροιῖξε.εωθιιῆ
2717 5633 2794 5678 nt;
2823 5624 2877 5669 ct
2904 5614 3042 5675 alios
3073 5620 3184 5666 tum
3215 5606 3548 5681 interpretes

1953 5698 2003 5751 in
2031 5706 2387 5751 memoratum
2423 5692 2659 5747 Matthwi
2686 5691 3045 5749 textum,tum
3066 5683 3396 5739 scholaticos
3418 5683 3471 5738 in
3512 5698 3554 5743 ιι

1952 5768 2127 5836 Sent.,
2160 5767 2288 5823 dist.
2319 5765 2412 5833 b5,
2444 5761 2615 5821 eti—ﬁ
2640 5761 2701 5817 Β.
2734 5758 2981 5825 Τιιοιιιω,
3010 5763 3206 5828 quast.
3235 5754 3323 5823 14.
3353 5764 3457 5812 art.
3488 5755 3543 5817 5.
