4042 6294
488 216 593 273 505

1863 216 2108 273 SANCTI
2145 217 2475 275 AMBROSII
3666 222 3749 277 5M

557 335 652 393 23.
682 335 926 409 Denique
957 336 1141 410 (Decr.
1166 354 1249 393 ca.
1269 354 1307 404 ι,
1339 357 1390 411 q.
1420 341 1470 407 1,
1503 355 1620 410 cap.
1656 338 1883 405 Petrus)
1906 338 2098 396 Petrus
2125 341 2179 403 Α
2200 338 2488 411 diﬁ'erant,
2520 342 2611 415 qui
2645 357 2673 396 a
2701 341 2857 398 vobis
2887 339 3264 412 paenitentiam
3298 347 3505 411 petunt.
3537 336 3755 396 Arbitror

485 428 703 485 Simoni
727 472 742 496 ,
773 430 866 502 qui
892 430 1119 502 magicae
1147 433 1282 487 artis
1312 431 1712 489 consuetudine
1740 432 2091 503 deprsvatus,

487 534 733 594 putasset
759 524 903 596 quod
933 526 1166 597 gratiam
1187 526 1395 583 Christi
1426 542 1521 598 per
1550 527 1952 596 impositionetn
1982 541 2095 582 ma-

484 632 612 688 nus,
642 626 806 690 atque
863 619 1194 677 inlusionem
1249 621 1487 693 Spiritus
1516 621 1696 678 sancti
1753 631 2097 693 compararet

485 713 741 782 pecunia,
772 714 847 768 ait
873 730 886 766 :
920 712 1045 769 Non
1073 725 1146 770 est
1166 715 1256 770 tibi
1276 732 1418 787 pars,
1448 732 1611 788 neque
1628 733 1740 771 sors
1758 716 1814 771 in
1835 715 1933 771 hac
1954 716 2095 785 ﬁde;

487 809 611 876 quia
637 823 727 861 cor
756 815 903 861 tuum
951 824 1053 862 non
1097 818 1171 863 est
1206 818 1396 864 rectum
1426 811 1569 876 apud
1598 806 1789 863 Deum.
1834 808 2098 864 Paeniten-

488 900 615 953 tiam
644 900 818 969 itaque
845 916 942 971 age
970 909 996 936 ἰ
1032 899 1095 954 ab
1124 901 1222 955 hac
1250 902 1479 971 nequitia
1517 910 1605 956 tua
1624 944 1638 967 ,
1671 911 1718 957 et
1746 919 1957 974 precare
1986 901 2097 958 Do-

490 992 710 1055 minum,
744 993 790 1047 si
837 995 969 1063 forte
1008 994 1295 1048 remittatur
1325 994 1415 1048 tibi
1445 994 1556 1049 haec
1599 996 1896 1049 recordatio
1926 997 2097 1052 cordis

494 1087 574 1143 tui
590 1104 605 1152 ;
622 1089 674 1142 in
699 1088 1009 1159 obligatione
1032 1089 1165 1143 enim
1179 1089 1489 1159 iniquitatis,
1510 1099 1557 1144 et
1583 1091 1932 1145 amaritudine
1961 1091 2098 1161 fellis

488 1180 641 1236 video
672 1192 719 1236 te
744 1197 852 1235 esse
881 1181 901 1250 (
928 1183 1041 1235 Act.
1070 1197 1186 1247 vm,
1208 1182 1272 1236 2|
1301 1193 1345 1236 et
1372 1172 1481 1254 seq.
1505 1187 1541 1252 ).
1578 1183 1743 1240 Vides
1775 1183 1917 1253 quod
1952 1183 2099 1241 hunc

487 1274 697 1346 magica
747 1275 988 1330 vanitate
1034 1274 1509 1347 blasphemantem
1558 1277 1609 1331 in
1653 1276 1861 1347 Spiritu
1907 1288 2099 1333 sancto

487 1367 804 1437 Apostolica
833 1367 1165 1424 auctoritate
1195 1369 1559 1437 condemnet;
1587 1381 1641 1425 ct
1662 1386 1729 1427 eo
1770 1373 1944 1443 magis
1973 1373 2095 1443 quia

488 1477 679 1532 puram
718 1464 1115 1519 conscientiam
1148 1463 1416 1535 ﬁdeitnon
1466 1464 1705 1522 habt-bat
1748 1484 1762 1521 :
1813 1476 1867 1523 et
1914 1476 2097 1523 tamen

487 1572 597 1612 non
649 1556 967 1613 interclusit
1014 1558 1064 1614 ei
1122 1573 1278 1630 spem
1307 1560 1487 1615 venite
1510 1602 1523 1628 ,
1549 1575 1710 1633 quem
1745 1561 1990 1617 invitavit
2030 1561 2095 1617 ad

489 1652 874 1723 paenitentiam
895 1653 920 1708 ?

2197 433 2346 489 enim
2377 435 2521 506 quod
2549 436 2713 491 etiam
2742 434 2912 491 ludas
2944 434 3209 504 potuisset
3255 441 3401 487 tanta
3434 431 3534 487 Dei
3560 433 3757 487 misera.

2198 528 2346 583 tione
2375 545 2482 584 non
2515 529 2729 586 excludi
2760 544 2789 584 a
2824 528 3006 597 venia,
3031 528 3077 585 si
3109 527 3489 600 pmnitentiam
3513 542 3617 582 non
3641 527 3758 597 apud

2195 617 2438 689 Judaeos,
2466 621 2560 678 sed
2592 622 2732 692 apud
2765 618 3043 676 Christum
3070 621 3295 692 egisset.
3328 617 3565 687 Peccavi,
3592 620 3759 690 inquit,

2197 715 2333 785 quod
2362 716 2670 771 tradiderim
2694 715 2997 784 sanguinem
3010 715 3213 785 justum
3238 712 3458 786 (Matth.
3486 728 3647 779 ιιι-ιι,
3668 712 3760 787 5i).

2200 808 2654 879 Responderunt:
2683 808 2826 876 Quid
2842 809 2911 863 ad
2931 809 3063 863 nos?
3081 806 3164 863 Tu
3185 807 3398 862 videris.
3412 806 3547 876 Quae
3571 821 3664 860 vox
3677 806 3761 861 alia

2198 912 2376 958 vestra
2404 914 2512 971 est,
2533 918 2655 959 cum
2683 903 2847 958 etiam
2863 903 3092 957 minoris
3120 901 3329 973 peccati
3354 914 3484 957 reus
3508 898 3657 955 vobis
3675 899 3764 954 iae-

2200 1004 2314 1050 tum
2339 995 2618 1065 proprium
2642 994 2932 1050 conﬁtetur
2945 994 2969 1046 1’
2984 992 3125 1061 Quid
3148 991 3498 1064 respondetis
3513 990 3668 1056 aliud,
3683 991 3765 1045 nisi

2201 1087 2334 1144 hoc:
2361 1087 2503 1155 Quid
2518 1088 2587 1143 ad
2604 1088 2727 1144 nos?
2754 1088 2831 1143 Tu
2845 1086 3055 1142 uideris.
3071 1085 3231 1142 Hunc
3243 1101 3558 1143 sermonem
3577 1086 3765 1157 laqueos

2199 1180 2451 1250 sequitur
2482 1198 2496 1234 :
2530 1195 2600 1236 eo
2630 1180 2882 1236 feraliore
2911 1194 3105 1250 poena,
3146 1194 3256 1251 quo
3280 1181 3443 1250 culpa
3474 1187 3561 1235 est
3594 1178 3763 1235 minor.

2268 1272 2361 1327 28.
2402 1270 2513 1329 Sed
2544 1270 2593 1328 si
2635 1272 2726 1329 isti
2749 1287 2857 1328 non
2885 1278 3303 1336 convertuntur,
3332 1271 3423 1328 vel
3452 1285 3551 1327 vos
3570 1272 3766 1327 reverti-

2197 1363 2328 1419 mini
2355 1406 2371 1432 ,
2404 1363 2498 1435 qui
2543 1365 2699 1435 lapsu
2728 1365 2883 1420 vario
2908 1364 2979 1421 de
3004 1364 3338 1421 innocentiae
3377 1363 3616 1435 ﬁdeique
3650 1379 3767 1434 prte-

2198 1457 2346 1512 celsu
2376 1455 2593 1528 fastigio
2618 1457 2924 1514 decidistis.
2951 1457 3164 1514 Bonum
3182 1458 3470 1514 dominum
3501 1459 3767 1524 habemus,

2199 1550 2288 1620 qui
2319 1550 2447 1606 velit
2473 1549 2680 1607 donare
2704 1551 2959 1607 omnibus
2980 1592 2996 1617 ,
3026 1551 3120 1623 qui
3149 1560 3203 1607 te
3227 1567 3326 1622 per
3349 1552 3663 1622 prophetam
3691 1566 3769 1606 ro-

2198 1643 2343 1698 cavit
2369 1642 2560 1701 dicens
2583 1662 2597 1699 :
2624 1643 2737 1717 Ego
2763 1662 2899 1713 sum,
2927 1662 3020 1717 ego
3044 1663 3158 1701 sum
3178 1647 3270 1718 qui
3295 1647 3447 1702 deleo
3474 1647 3772 1717 iniquitates;

558 1744 651 1801 25.
696 1744 1043 1817 Responsum
1074 1756 1161 1802 est
1206 1748 1370 1819 igitur
1404 1762 1435 1802 a
1479 1746 1710 1803 Domino
1737 1746 2094 1818 blasphemia;
2125 1738 2173 1798 B
2198 1744 2244 1790 et
2264 1752 2460 1791 memor
2479 1754 2583 1793 non
2611 1754 2696 1793 ero
2718 1754 2739 1793 :
2768 1749 2823 1792 tu
2843 1749 3015 1794 autem
3038 1755 3229 1795 ntemor
3255 1751 3385 1807 esto,
3419 1750 3471 1794 et
3508 1740 3772 1812 judiceatur

424 1846 425 1849 ‘
480 1835 983 1902 Pliaris:rorum;et
1013 1838 1139 1894 ideo
1166 1837 1270 1913 (De
1296 1838 1514 1908 Potuit,
1539 1840 1660 1895 dist.
1690 1855 1731 1908 ι,
1753 1857 1800 1895 c.
1832 1840 1909 1897 lis
1929 1852 2098 1910 potes-

486 1929 635 2000 tatis)
675 1929 760 1985 bis
787 1932 1078 2003 potestatis
1108 1946 1221 1987 sua!
1251 1933 1479 2004 gratiam
1525 1941 1722 2003 negat.
1768 1948 1892 2004 quas
1924 1934 1976 1989 in
2007 1948 2099 1989 re-

490 2024 759 2079 missione
788 2032 1134 2092 peccatorum
1158 2025 1372 2095 est,qui
1395 2023 1677 2081 caelestem
1706 2024 1826 2095 ejus
1857 2034 2098 2095 potesta-

488 2125 601 2172 tem
658 2115 936 2171 diabolico
1000 2114 1512 2188 fultam‘suﬂ'ragio
1573 2117 1938 2175 vindicarent.
1996 2118 2102 2173 Eos

489 2221 710 2278 quoque
753 2207 953 2262 asserit
988 2207 1260 2264 diabolica
1292 2209 1367 2263 uti
1394 2208 1627 2281 spiritu,
1661 2211 1753 2281 qui
1783 2221 2104 2281 separarent

486 2287 794 2359 Ecclesiam
829 2302 1081 2368 Domini;
1114 2312 1171 2359 ut
1198 2305 1440 2360 omnium
1470 2315 1777 2374 temporum
1810 2305 2100 2361 lia-reticos

486 2396 937 2452 etschismaticos
953 2397 1470 2467 comprehenderet.
1490 2397 1693 2469 quibus
1708 2398 2097 2469 indulgentiam

482 2496 650 2560 “negat
676 2531 690 2555 ,
724 2490 868 2558 quod
902 2504 1067 2545 omne
1099 2499 1384 2559 peccatum
1416 2492 1563 2545 circa
1586 2490 1831 2562 singulos
1858 2503 1960 2551 est.
1999 2492 2100 2549 hoc

396 2606 401 2610 δ
482 2582 540 2637 in
572 2581 1428 2653 universos.Solienimsuntqui
1451 2584 1642 2637 Volunt
1664 2584 1879 2639 SOIVl'l’C
1895 2583 2099 2640 Christi

480 2673 748 2746 gratiam,
802 2674 896 2747 qui
934 2675 1194 2732 Ecclesia:
1236 2673 1400 2749 422
1457 2676 1703 2732 membra
1744 2676 2093 2748 discerpunt,

485 2778 713 2841 propter
732 2784 893 2839 quam
919 2768 1115 2840 passus
1135 2780 1221 2825 est
1245 2770 1507 2826 Dominus
1527 2768 1686 2826 Jesus
1704 2815 1719 2837 ,
1751 2769 2099 2844 Spiritusqne

491 2874 720 2920 sanctus
752 2864 913 2919 datus
933 2875 1020 2921 est
1052 2864 1230 2921 nobis.

564 2956 657 3012 25.
708 2957 949 3027 Denique
978 2966 1035 3014 ut
1065 2958 1252 3014 sciatis
1272 2957 1397 3029 quia
1429 2957 1496 3014 de
1518 2957 1927 3029 dispersoribus
1941 2959 2096 3029 dicit,

434 3042 445 3053 ’
485 3049 865 3115 sichabemns
897 3050 1161 3121 scriptum
1203 3068 1216 3102 :
1251 3050 1352 3119 Qui
1383 3067 1484 3106 non
1525 3062 1598 3105 est
1641 3068 1871 3118 mecum,
1915 3062 2095 3108 contra

483 3160 569 3199 me
612 3155 686 3199 est
716 3160 736 3201 :
758 3153 806 3199 et
842 3145 929 3215 qui
958 3161 1059 3199 non
1100 3142 1297 3215 colligit
1334 3159 1565 3210 mecum,
1615 3143 1865 3218 dispergit
1896 3143 2093 3219 (Matt.
2124 3124 2171 3190 ο

482 3252 585 3304 xu,
615 3236 687 3293 '50
714 3235 829 3308 ).Et
857 3247 913 3291 ut
935 3238 1209 3292 sciremus
1253 3236 1321 3291 de
1350 3234 1435 3292 his
1463 3235 1665 3290 dictum
1689 3275 1704 3301 ,
1744 3238 1927 3291 statim
1969 3237 2099 3291 Sub—

482 3333 703 3404 iunxit:
731 3329 862 3386 Idea
875 3331 990 3385 dico
1017 3330 1195 3386 vobis:
1224 3346 1374 3386 omne
1405 3340 1670 3401 peccatum
1698 3339 1744 3383 et
1775 3330 2097 3403 blasphemia

481 3427 774 3482 remittetur
804 3425 1122 3488 hominibus.
1168 3424 1399 3496 Spiritus
1435 3435 1606 3480 autent
1636 3422 1969 3495 blasphemia:
1994 3440 2095 3479 non

485 3519 778 3573 remittetur
800 3515 1093 3571 hominibus
1117 3513 1306 3587 (lbid.,
1332 3513 1608 3588 5|)pCuin
1631 3514 1767 3571 dicit
1795 3534 1807 3569 :
1834 3513 1962 3570 Ideo
1981 3516 2098 3570 dico

489 3610 636 3668 vobis
657 3629 671 3665 :
692 3625 871 3666 nonne
896 3610 1181 3666 evidenter
1203 3609 1305 3665 hoc
1328 3626 1439 3679 pra:
1456 3610 1674 3665 ctetcris
1698 3625 1727 3664 a
1757 3610 1914 3667 nobis
1939 3609 2100 3665 intel-

481 3705 579 3777 ligi
605 3703 824 3760 voluit?
871 3704 1174 3776 Meritoque
1219 3703 1473 3775 adjunxit
1522 3706 1736 3764 :Arbor
1766 3704 1900 3760 bona
1938 3704 2100 3759 bonos

490 3801 692 3871 fructus
717 3786 878 3868 facit,
910 3795 1051 3852 mala
1097 3805 1268 3852 autem
1312 3797 1467 3852 arbor
1510 3799 1676 3853 malos
1728 3797 1927 3868 fructus
1975 3797 2101 3867 facit

491 3889 713 3965 (Matth.
731 3906 826 3957 vn,
854 3889 967 3963 l7);
991 3890 1344 3963 congregatio
1365 3892 1509 3947 enim
1535 3892 1675 3947 mala
1698 3890 1897 3947 bonum
1921 3892 2101 3948 facere

486 3989 729 4047 fructum
787 4006 894 4046 non
943 3998 1143 4060 potest.
1178 3988 1358 4046 Arbor
1387 3989 1572 4059 itaque
1601 3989 1950 4060 congregatio
1981 3998 2098 4054 est,

489 4086 700 4143 fructus
732 4085 889 4141 bonae
918 4086 1132 4142 arboris
1160 4083 1254 4139 ﬁlii
1289 4084 1549 4141 Ecclesiae
1578 4092 1727 4139 sunt.

561 4178 655 4233 26.
699 4177 769 4233 Et
797 4178 921 4233 ideo
951 4177 1289 4235 revertimini
1327 4175 1394 4233 ad
1438 4177 1738 4233 Ecclesiam
1760 4218 1774 4243 ,
1804 4177 1850 4230 si
1878 4175 1969 4247 qui
2005 4192 2101 4231 vos

487 4271 790 4341 separastis
813 4271 1003 4343 impie.
1034 4272 1304 4327 Omnibus
1332 4272 1479 4328 enim
1504 4273 1791 4328 conversis
1817 4271 2101 4342 pollicetur

496 4363 751 4429 veniam;
779 4364 905 4434 quia
938 4363 1199 4433 scriptum
1238 4372 1321 4419 est
1353 4383 1365 4417 :
1411 4364 1591 4419 Onmis
1618 4363 1918 4435 quicumque
1956 4363 2101 4418 inuo-

488 4455 680 4511 caoerit
709 4471 890 4510 nomen
925 4454 1151 4519 Domini,
1175 4456 1348 4512 salvus
1374 4457 1469 4512 erit
1516 4455 1659 4527 (Joel
1694 4472 1752 4523 ll,
1784 4456 1899 4527 '52).
1932 4456 2100 4513 Deni-

2203 1827 2372 1902 (Esai.
2408 1847 2561 1899 sun,
2585 1833 2701 1904 25).

2717 1950 2881 2025 433
2923 1952 3156 2010 CAPUT
3199 1953 3263 2008 v.

2203 2062 2353 2129 Quod
2383 2062 2587 2119 Simoni
2614 2080 2763 2136 mago
2794 2066 2995 2120 veniant
3022 2082 3052 2119 a
3080 2064 3239 2121 Petro
3283 2036 3553 2138 afﬁrmate
3576 2067 3771 2139 promis-

2270 2174 2382 2212 sam
2410 2168 2636 2230 negant,
2670 2158 2898 2229 refertur
2919 2160 3087 2230 primo
3116 2176 3234 2215 eum
3274 2161 3574 2234 apostolum
3597 2170 3776 2230 propter

2274 2253 2534 2326 cognitam
2579 2255 2718 2327 magi
2747 2254 2891 2308 illius
2934 2253 3210 2325 perﬁdiam
3239 2254 3404 2309 dubia
3445 2254 3697 2310 locutione
3717 2255 3775 2308 uti

2274 2348 2503 2419 potuisse
2523 2362 2543 2401 :
2568 2346 2795 2402 secundo
2821 2357 2993 2403 autem
3030 2358 3154 2419 apte
3181 2348 3250 2402 ad
3277 2364 3495 2403 causam
3515 2364 3606 2420 per
3623 2347 3775 2400 adser-

2272 2439 2414 2495 bium
2439 2439 2582 2495 forte
2607 2441 3017 2511 afﬁrmationern
3046 2441 3200 2495 etiam
3226 2440 3524 2513 signiﬁcari
3552 2456 3615 2495 ea:
3640 2439 3777 2512 pluri-

2276 2535 2370 2588 bus
2402 2532 2587 2588 ueteris
2613 2530 2928 2587 Testamenti
2949 2533 3078 2587 locis
3099 2574 3114 2600 ,
3144 2549 3208 2587 ea:
3240 2536 3589 2605 profanorum
3626 2541 3776 2585 aucto-

2272 2640 2387 2677 rum
2416 2638 2514 2677 usu
2537 2664 2551 2681 .
2582 2621 2801 2693 denique
2821 2638 2886 2677 ea:
2913 2622 3043 2695 ipsis
3085 2623 3412 2695 evangelistis
3437 2622 3773 2693 conﬁrmatur.

2275 2715 2480 2771 Deinde
2507 2716 2655 2770 addit
2678 2716 2941 2787 apostolos
2975 2716 3331 2789 penitentiam
3358 2720 3519 2790 cujus
3544 2732 3576 2769 a
3612 2713 3775 2769 Doride

2272 2814 2470 2883 fructus
2496 2809 2857 2874 ostenduntur,
2900 2809 2969 2863 ad
3002 2824 3094 2864 nos
3131 2808 3507 2864 transmisisse.
3538 2807 3774 2863 Postremo

2269 2902 2565 2972 exemplum
2612 2901 2829 2956 adducit
2861 2899 3332 2971 Ephremitarum,
3367 2901 3436 2955 ad
3469 2917 3681 2974 quorum
3710 2900 3773 2952 iu-

2267 3008 2376 3055 star
2393 2998 2744 3068 paenitentiam
2765 3007 2993 3053 nostram
3011 2998 3265 3072 agendam
3284 2998 3472 3066 tradit,
3488 3007 3544 3053 ut
3565 3000 3609 3053 ei
3629 2995 3773 3051 diviso

2274 3090 2627 3149 misericordia
2656 3099 2705 3145 et
2733 3102 3056 3147 sacramenta
3085 3090 3463 3147 concedantur.

2271 3228 2361 3285 29.
2400 3226 2667 3284 Referunt
2694 3240 2875 3284 tamen
2918 3228 3276 3300 quaestionem
3332 3227 3405 3285 de
3448 3228 3628 3285 verbis
3664 3240 3771 3297 apo-

2201 3323 2328 3381 stoli
2375 3322 2539 3379 Petri.
2588 3322 2727 3392 Quia
2774 3322 2945 3378 dixit:
2986 3320 3013 3361 ἀ
3050 3321 3134 3378 Ne
3152 3322 3463 3395 forte(Act.
3507 3338 3627 3388 vm,
3656 3319 3773 3391 22),

2203 3429 2397 3492 putant
2431 3435 2539 3475 non
2579 3420 2936 3475 conﬁrmasse
2964 3419 3207 3485 Petrum,
3234 3428 3294 3474 ut
3322 3420 3508 3489 agenti
3538 3417 3776 3490 poeniteno

2205 3513 2335 3569 tiam
2363 3521 2646 3584 peccatum
2672 3513 3066 3570 remitteretur.
3092 3511 3201 3572 Sed
3230 3512 3587 3569 considerent
3609 3512 3775 3582 dequo

2202 3607 2481 3679 loquatur,
2504 3605 2608 3662 hoc
2630 3617 2714 3663 est
2739 3648 2755 3675 ,
2781 3607 2851 3661 dc
2881 3606 3105 3662 Simone
3149 3648 3164 3674 ,
3195 3606 3288 3678 qui
3316 3620 3425 3661 non
3454 3620 3526 3661 ex
3554 3604 3654 3660 ﬁde
3677 3617 3773 3658 cre-

2202 3700 2387 3767 deret,
2417 3702 2514 3758 sed
2536 3701 2722 3756 dolum
2754 3701 3041 3771 cogitaret.
3080 3700 3326 3772 Denique
3347 3710 3415 3755 et.
3436 3700 3694 3757 Dominus
3711 3694 3774 3749 di-

2204 3797 2352 3854 centi
2375 3797 2449 3864 ei,
2474 3799 2630 3866 cujus
2661 3812 2769 3852 non
2802 3796 3015 3866 plenam
3039 3794 3409 3851 sinceritatem
3436 3794 3673 3850 videret:
3696 3788 3774 3845 Se-

2202 3909 2337 3965 quar
2358 3902 2406 3948 te
2424 3934 2439 3957 .
2481 3893 2590 3948 ait:
2637 3890 2826 3961 Vulpes
2853 3890 3028 3961 foveas
3059 3890 3246 3946 habent
3274 3889 3508 3964 (Matth.
3534 3906 3642 3956 vtn,
3668 3885 3769 3955 20)-

2203 3990 2378 4056 Quem
2406 4001 2541 4058 ergo
2589 3985 2852 4041 Dominus
2878 3994 3006 4040 ante
3037 3984 3367 4057 baptismum
3394 3983 3672 4056 prohibuit
3703 3993 3771 4035 se-

2203 4081 2294 4153 qui
2314 4124 2329 4147 ,
2358 4081 2614 4152 quoniam
2644 4079 3048 4135 fraudulentum
3075 4079 3327 4146 videbat;
3360 4079 3580 4135 miraris
3604 4078 3646 4134 si
3675 4085 3774 4148 post

2207 4176 2535 4248 baptismum
2584 4173 3033 4245 praevaricantem
3076 4190 3184 4229 non
3224 4174 3460 4229 absolvit
3501 4171 3770 4245 apostolus.

2204 4284 2364 4341 quem
2393 4270 2446 4324 in
2470 4268 2809 4339 obligatione
2835 4267 3137 4339 iniquitatis
3166 4282 3389 4323 manere
3408 4261 3772 4339 pronuntiavit?

2277 4361 2365 4419 ΞΟ.
2399 4360 2506 4419 Sed
2553 4361 2656 4417 hoc
2693 4360 2804 4416 illis
2832 4375 3157 4431 responsum
3197 4362 3285 4415 sit.
3336 4360 3450 4433 Ego
3490 4372 3667 4416 autem
3691 4370 3771 4413 nec

2206 4455 2428 4511 Petrum
2479 4453 2760 4510 dubitasse
2790 4453 2948 4523 dico,
2983 4467 3084 4510 nec
3110 4453 3261 4509 verbi
3298 4456 3460 4510 unius
3487 4448 3772 4524 pra-judicio

491 4562 602 4620 que
624 4549 787 4604 etiam
817 4548 1127 4604 .ludseorum
1156 4542 1386 4620 populus
1409 4551 1500 4621 qui
1532 4550 1748 4606 dicebat
1772 4550 1840 4605 de
1863 4549 2093 4605 Domino
2121 4533 2173 4593 D
2200 4558 2404 4604 tantam
2434 4563 2655 4604 causam
2687 4548 3133 4620 strangulandam
3163 4548 3420 4605 arbitror.
3455 4548 3590 4605 Nam
3619 4547 3662 4604 si
3691 4560 3768 4615 pu-

483 4641 617 4698 .lesu
643 4658 657 4695 :
692 4638 1014 4697 Damonium
1030 4642 1178 4698 habet
1200 4640 1384 4716 (Joan.
1410 4657 1527 4710 vm,
1555 4642 1649 4714 48)
1670 4658 1685 4709 ;
1710 4645 1799 4714 qni
1831 4641 2051 4698 dicebat
2077 4661 2090 4698 :

490 4735 561 4793 In
588 4735 873 4792 Beelzebub
901 4739 1042 4811 ejicit
1080 4736 1335 4793 damonia
1355 4736 1512 4809 (Luc.
1538 4752 1619 4801 ut,
1647 4736 1772 4809 15);
1800 4734 1829 4776 δ
1854 4739 1945 4810 qui
1972 4752 2099 4793 cru-

491 4831 665 4888 ciﬁxit
698 4832 981 4887 Dominum
1012 4830 1198 4887 .lcsum
1223 4872 1241 4899 ,
1270 4830 1420 4887 Petri
1455 4829 1845 4900 praedicatione
1874 4842 2098 4886 vocatur

480 4924 550 4980 ad
590 4924 944 4995 baptismum,
976 4934 1034 4978 ut
1062 4924 1292 4980 sceleris
1324 4924 1461 4977 tanti
1496 4922 1695 4978 merita
1726 4922 1983 4995 deponat.

562 5015 655 5072 27.
700 5013 865 5086 [Alias
916 5032 1035 5086 cap.
1074 5014 1171 5088 V.]
1218 5014 1331 5071 Sed
1372 5016 1502 5088 quid
1535 5010 1731 5070 mirum
1761 5014 1865 5089 (De
1885 5014 2097 5082 Pteuit.,

488 5108 611 5164 dist.
641 5125 681 5176 ι,
713 5126 761 5164 c.
790 5108 869 5164 lis
897 5110 1187 5181 potestatis,
1218 5107 1395 5180 §quid
1412 5107 1649 5180 mirum).
1681 5109 1724 5163 si
1748 5109 1978 5165 Salutem
2004 5126 2099 5165 ne-

484 5201 626 5270 gatis
662 5201 817 5266 aliis,
849 5200 943 5272 qui
984 5211 1221 5256 vestram
1253 5200 1522 5254 recusatis
1546 5241 1560 5266 ,
1607 5209 1629 5237 ε
1673 5200 1803 5255 licet
1840 5200 1918 5255 illi
1962 5200 2096 5257 nihil

563 5349 588 5374 ἰ
614 5336 1090 5403 Clarom.cod.,ab
1114 5340 1213 5390 hac
1227 5337 1449 5392 stultitia
1466 5347 1576 5390 tua.
1602 5335 1810 5390 Rursus
1834 5352 1967 5392 vero
1995 5340 2082 5396 ubi

488 5423 678 5465 omnes
701 5424 834 5464 mss.
866 5421 920 5462 et
949 5419 1057 5464 vet.
1090 5407 1244 5477 edit.,
1268 5409 1554 5462 recordatio
1580 5406 1753 5462 cordis
1783 5408 1892 5476 tui;
1923 5407 2081 5465 Rom.

495 5479 842 5551 Solaposuit,
873 5480 1116 5551 cogitatio
1144 5478 1318 5534 cordis
1345 5484 1445 5533 tui.

569 5546 597 5586 δ
627 5549 754 5604 Mss.
803 5546 1048 5620 aliquot,
1082 5552 1168 5620 qui
1189 5550 1451 5618 cruciﬁxit
1481 5548 1759 5604 Dominum
1781 5565 1998 5608 suum...
2032 5564 2089 5608 ut

497 5620 702 5693 κριθεὶς
733 5622 859 5673 tanti
884 5621 1103 5693 crimina
1130 5622 1374 5693 deponat.

526 5710 535 5719 -
567 5698 589 5726 ο
621 5686 821 5756 Omnes
847 5690 977 5745 edit;
1004 5707 1066 5746 ac
1090 5686 1221 5764 tnss'.
1252 5707 1360 5747 non
1391 5693 1567 5764 pauci,
1598 5691 1818 5755 licetilli
1839 5692 1969 5752 nihil
1996 5696 2089 5761 der.

493 5757 665 5827 [erant
706 5774 723 5811 :
769 5774 998 5827 quorum
1030 5763 1317 5819 verborum
1350 5757 1460 5820 nbn
1506 5757 1725 5820 sensum
1758 5764 1927 5820 ullum
1967 5757 2093 5824 esse

2198 4650 2315 4697 tant
2350 4639 2633 4695 dubitasse
2665 4640 2915 4705 Petrum,
2947 4639 3209 4712 numquid
3234 4651 3289 4697 et
3318 4639 3465 4697 Deus
3501 4634 3770 4696 dubitavit!

2201 4734 2292 4803 qui
2323 4734 2402 4789 ait
2430 4732 2495 4787 ad
2519 4732 2812 4789 Jeremiam
2845 4733 3210 4804 Prophetam:
3238 4733 3335 4790 Sta
3381 4735 3434 4788 in
3454 4734 3587 4789 atrio
3613 4732 3769 4788 domus

2202 4827 2411 4883 Domini
2430 4869 2447 4895 ,
2479 4837 2527 4883 et
2566 4844 2870 4897 responsum
2895 4828 3045 4883 dabis
3089 4829 3230 4884 omni
3257 4826 3418 4883 Judte
3444 4870 3459 4895 ,
3490 4829 3555 4884 iis
3583 4826 3667 4899 qui
3703 4838 3768 4878 re.

2202 4923 2353 4976 uiunt
2382 4922 2606 4977 adorare
2627 4923 2682 4976 in
2708 4921 2863 4977 domo
2894 4920 3134 4988 Domini,
3161 4922 3336 4977 omnia
3362 4922 3514 4977 verba
3534 4934 3646 4991 quis
3676 4930 3770 4971 cott-

2201 5017 2347 5072 stitui
2371 5016 2465 5071 tibi
2484 5015 2799 5086 respondere
2820 5015 2961 5083 illis,
2992 5015 3102 5070 noli
3138 5015 3348 5087 auferre
3376 5016 3618 5071 verbum:
3635 5008 3767 5083 {orsi-

2200 5118 2289 5164 ton
2314 5109 2559 5175 audient,
2584 5119 2632 5163 et
2655 5118 2948 5164 avertantur
2975 5108 3207 5182 (Jerem.
3235 5124 3390 5177 xxvi,
3413 5108 3471 5175 2,
3494 5108 3579 5180 3).
3603 5105 3770 5161 Dicant

2199 5219 2332 5277 ergo
2371 5214 2429 5260 et
2459 5205 2632 5262 Deum
2661 5205 2946 5275 ignorasse
2965 5205 3095 5277 quid
3124 5213 3272 5261 esset
3299 5204 3561 5262 futurum.

2189 5349 2460 5413 putamus.
2491 5339 2678 5396 Melius
2707 5355 2838 5411 ergo
2865 5341 3056 5411 reliqui
3078 5355 3282 5413 lllSS...,
3304 5340 3437 5396 nihil
3458 5339 3703 5409 diﬁcrant,
3724 5332 3764 5387 id

2190 5412 2306 5493 est,
2356 5427 2511 5482 :oque
2558 5421 2875 5482 peccatores
2922 5413 3111 5469 haberi
3155 5412 3433 5481 debeant,
3482 5429 3544 5468 ac
3587 5412 3765 5465 vosmet

2216 5497 2457 5610 psdl.Vet.
2491 5554 2646 5621 edit.,
2683 5554 2745 5611 Si
2774 5558 2927 5626 forte,
2959 5566 3008 5611 et
3051 5567 3275 5626 putant;
3323 5555 3509 5618 Rom..
3557 5554 3615 5611 Si
3635 5551 3765 5626 Δ[ίθζίθ

2196 5626 2495 5700 remittatur
2520 5615 2643 5694 tibi,
2662 5615 2795 5693 etcf,
2830 5638 2877 5682 ct
2906 5615 3129 5700 putant?
3157 5615 3289 5683 mss.
3318 5644 3451 5685 vero
3476 5615 3764 5700 cuncti—LM.

2195 5701 2375 5771 forte;
2405 5698 2501 5752 sed
2550 5692 2646 5766 1³1⁸0
2678 5692 2917 5771 putant;
2943 5700 3110 5769 aliqui
3152 5700 3337 5771 legunt
3383 5708 3592 5770 putent,
3623 5692 3762 5762 aliqui

2195 5767 2383 5834 etiam,
2413 5778 2465 5822 ut
2484 5767 2688 5840 putant.
2724 5769 2840 5827 Non
2876 5782 2985 5827 tam
3013 5767 3381 5829 incommode.
