4042 6294
502 302 605 358 507

1828 304 2074 364 SANCTI
2113 305 2440 364 LIBROS“
3681 304 3766 360 508

499 420 544 475 Α
564 424 840 495 jurentute
869 434 982 475 mea
1003 418 1223 489 dilectus
1248 419 1375 477 mihi
1401 429 1474 476 est
1499 419 1641 489 ﬁlius
1670 418 1938 490 Ephrem,
1969 436 2097 491 pater
2124 424 2179 488 Α
2202 435 2310 477 non
2352 421 2654 491 acceperis.
2689 418 2855 476 Vides
2884 434 2988 491 qua
3031 418 3375 477 remissionis
3413 419 3768 490 pollicitatione

498 514 555 568 in
576 512 814 579 deliciis;
835 513 1079 580 quoniam
1100 527 1158 567 eo
1178 512 1320 582 quod
1348 526 1606 568 sermones
1623 513 1723 570 mei
1742 513 1796 568 in
1819 514 1935 584 ipsa
1955 523 2099 581 sunt,

503 609 756 664 memoria
794 624 991 663 memor
1035 622 1123 664 ero
1170 609 1317 681 ejus;
1357 618 1630 680 promeres
1667 612 1907 681 festinari
1947 622 2104 684 super

504 702 687 771 illum,
712 701 1071 757 misericordia
1099 702 1373 759 miserebor
1403 703 1535 769 eius,
1558 702 1687 759 dicit
1706 701 1962 761 Dominus
1991 704 2106 778 (le-

508 810 636 851 rem.
665 809 817 863 aut,
846 794 965 865 £0).

578 888 668 945 '59.
710 889 885 956 Quam
913 898 1097 946 autem
1120 887 1551 946 misericordiam
1577 890 1734 947 nobis
1761 890 2104 963 polliceatur,

507 981 649 1039 infra
670 982 915 1039 ostendit
935 982 1120 1039 dicens
1145 1001 1158 1036 :
1188 980 1447 1039 Inebriaei
1468 1000 1671 1040 omnem
1687 987 1917 1041 animum
1936 988 2108 1043 sitien-

508 1087 641 1145 tem,
672 1086 722 1131 et
761 1093 961 1132 omnem
986 1077 1215 1131 animant
1266 1083 1572 1132 esurientem
1610 1079 1817 1134 satiari.
1856 1078 1987 1135 Ideo
2017 1095 2110 1136 ea-

505 1173 730 1237 sttrrexi,
762 1182 810 1227 et
833 1173 956 1239 nidi,
983 1181 1035 1228 et
1062 1187 1272 1227 somnus
1296 1190 1441 1230 meus
1462 1175 1589 1230 mihi
1614 1174 1784 1230 dulcis
1806 1185 1885 1232 est
1913 1175 2105 1246 (Ibid.,

505 1266 607 1333 25,
655 1266 770 1337 26).
820 1266 1166 1323 Advenimus
1196 1276 1224 1305 ιι
1256 1268 1400 1338 quod
1443 1270 1799 1339 peccantibus
1844 1272 2109 1330 Dominus

507 1368 848 1415 sacramenta
880 1358 1168 1430 promittat
1198 1376 1325 1429 sua;
1360 1370 1414 1418 et
1448 1363 1572 1419 ideo
1600 1379 1796 1421 omnes
1820 1375 2107 1424 converta-

510 1466 630 1507 mur
654 1451 722 1508 ad
747 1452 1058 1510 Dominum.

1124 1571 1355 1630 CAPUT
1406 1573 1493 1629 Vl.

506 1686 546 1741 Α
574 1687 677 1757 [ide
702 1688 779 1742 vel
796 1687 1091 1743 innocentia
1116 1689 1294 1758 lapsos
1324 1689 1494 1745 denuo
1518 1688 1819 1749 hortaturns
1845 1695 1913 1749 ad
1942 1695 2106 1765 pleni-

576 1780 812 1849 tendunt,
842 1798 907 1836 ea:
933 1778 1098 1837 Esaia
1124 1783 1250 1851 quid
1272 1799 1359 1841 eos
1386 1800 1417 1837 a
1442 1781 1552 1838 Deo
1574 1796 1867 1857 exspectare
1884 1829 1897 1854 ,
1926 1788 2109 1859 quidve

575 1876 820 1947 ipsosmet
871 1887 1117 1944 prastare
1162 1886 1427 1948 oporteat,
1460 1876 1627 1935 docet.
1666 1878 1807 1935 Hinc
1828 1893 2114 1938 memorata

576 1971 771 2029 Christi
810 1970 1055 2027 adversus
1096 1969 1312 2028 Iudaeos
1345 1973 1654 2045 proverbiali
1683 1975 2111 2048 reprehensione,

574 2082 667 2138 per
694 2068 809 2139 ejus
841 2066 1158 2121 occasionem
1189 2066 1492 2123 saltationes
1538 2076 1584 2122 et
1618 2069 1831 2125 choreas
1868 2071 2114 2140 perstrin-

577 2174 726 2231 gens,
759 2157 895 2213 idem
940 2157 1259 2231 proverbium
1301 2159 1368 2214 ad
1398 2160 1681 2231 spiritalem
1705 2161 1934 2217 traducit
1962 2164 2115 2221 intel-

582 2253 789 2309 lectum.
823 2251 1025 2309 Deinde
1068 2271 1130 2310 ex
1155 2252 1384 2311 Ieremia
1423 2258 1777 2329 paenitentiam
1801 2259 2114 2330 suscipiente

582 2364 679 2420 pro
715 2347 1033 2417 Jerusalem,
1074 2367 1200 2420 quas
1228 2351 1548 2406 conditiones
1579 2367 1638 2409 ea
1669 2353 1831 2409 uirtus
1862 2354 2109 2423 requirat,

579 2441 770 2511 aperit.
804 2439 1037 2511 Denique
1063 2452 1116 2497 ut
1147 2453 1351 2514 quanta:
1376 2443 1443 2499 sit
1471 2444 1720 2517 efﬁcacia:
1748 2445 1857 2500 haec
1882 2446 1976 2501 illa
2009 2463 2114 2503 me-

578 2533 774 2599 dicina,
802 2533 998 2589 clarius
1026 2535 1283 2602 exhibeat,
1301 2537 1389 2609 qui
1409 2536 1586 2592 eadem
1607 2537 1687 2593 vel
1712 2555 1807 2610 pro
1836 2555 1890 2594 se
1916 2539 1997 2595 vel
2015 2557 2112 2613 pro

578 2630 700 2686 aliis
727 2628 805 2684 uti
832 2630 1109 2698 voluerint,
1141 2632 1333 2689 multos
1362 2641 1621 2690 numerat.

578 2766 673 2823 40.
714 2766 822 2824 Sed
857 2766 902 2823 si
942 2767 1032 2822 isti
1067 2782 1176 2825 non
1205 2777 1620 2837 convertuntur,
1644 2769 1730 2827 vel
1761 2783 1858 2827 vos
1882 2773 2114 2829 reverti—
2164 2818 2171 2829 .

508 2862 678 2928 mini,
714 2864 805 2931 qui
848 2862 1003 2933 lapsu
1033 2863 1190 2919 vario
1231 2863 1300 2919 de
1329 2863 1651 2921 innocentia
1699 2864 1933 2937 fideique
1974 2883 2114 2937 prai-

507 2955 654 3011 relso
691 2955 906 3027 fastigio
928 2955 1244 3028 .‘decidistis.
1280 2956 1488 3015 Bonum
1527 2956 1819 3015 Dominum
1848 2957 2112 3018 habemus

509 3048 600 3120 qui
633 3048 764 3104 velit
786 3048 991 3105 donare
1019 3049 1293 3116 omnibus,
1322 3050 1415 3122 qui
1447 3059 1499 3107 te
1528 3066 1626 3121 per
1655 3052 1979 3123 prophetam
2010 3066 2111 3109 vo-

2209 525 2262 571 te
2308 522 2565 585 tuovocet
2606 514 2673 570 ad
2711 512 3085 570 conﬁtendum
3126 532 3142 567 ς
3193 511 3318 569 vide
3374 528 3441 569 ne
3484 514 3771 570 reluctando

2207 609 2481 666 mandatis
2503 609 2817 666 ctelestibus
2834 650 2849 675 ,
2880 609 2933 663 in
2960 607 3362 664 indevotienetn
3390 606 3683 664 iudicarunt
3705 607 3773 664 in-

2205 701 2403 770 ciditis,
2442 703 2637 774 quibus
2666 703 2795 758 dicit
2836 701 3099 759 Dominus
3126 702 3286 759 Jesus
3313 720 3327 756 :
3360 702 3676 759 Cantuittttts
3700 719 3775 760 es-

2206 798 2318 866 bis,
2349 808 2399 855 et
2444 815 2547 854 non
2581 798 2812 854 saltastis
2838 812 2858 853 :
2887 797 3313 865 lamentasimus,
3346 808 3397 854 et
3435 814 3537 853 non
3563 797 3775 870 pluralis

2208 892 2363 963 (Luc.
2393 908 2486 961 vn,
2516 891 2632 964 ss).

2278 988 2373 1043 42.
2411 986 2555 1043 Vilis
2584 1002 2797 1055 sermo,
2827 986 2925 1043 sed
2952 1002 3061 1044 nou
3092 986 3197 1043 vile
3226 987 3565 1059 mysterium.
3594 987 3653 1043 Et
3677 986 3780 1044 ideo

2208 1080 2509 1137 cavendum
2553 1095 2622 1136 ne
2659 1080 2782 1152 quis
2828 1081 3037 1151 vulgari
3082 1080 3317 1152 quadam
3343 1082 3615 1137 sermonis
3643 1080 3781 1150 huius

2208 1174 2468 1246 deceptus
2515 1174 2966 1245 interpretatione
2989 1216 3006 1238 .
3061 1184 3221 1246 putet
3261 1175 3420 1231 nobis
3449 1186 3471 1213 ε
3505 1174 3783 1231 saltationis

2208 1270 2432 1325 lubrica:
2477 1267 2830 1323 hislrionicos
2877 1278 3089 1335 motus,
3129 1277 3185 1325 et
3227 1281 3410 1324 scena:
3455 1266 3783 1323 deliramenta

2211 1363 2493 1428 mandari;
2525 1363 2642 1419 lite
2670 1365 2839 1418 etiam
2882 1363 2934 1418 itt
2964 1362 3371 1418 adulescentula
3416 1371 3575 1417 atate
3615 1363 3782 1417 vitiosa

2210 1466 2340 1513 sunt
2365 1474 2377 1511 :
2405 1456 2499 1513 sed
2525 1455 2875 1513 saltationem
2898 1456 3194 1523 mandavit,
3217 1470 3379 1527 quam
3403 1456 3624 1511 saltavit
3641 1454 3786 1513 David

2211 1559 2339 1606 ante
2383 1564 2564 1606 aream
2614 1548 2849 1604 Domini.
2884 1548 3079 1605 Tutum
3127 1551 3273 1605 enim
3321 1547 3505 1613 decet,
3553 1547 3787 1620 quidquid

2212 1643 2458 1701 defertur
2486 1643 2770 1714 religioni;
2809 1651 2870 1699 ut
2897 1642 3109 1698 nullum
3145 1642 3474 1712 obsequium
3506 1641 3648 1712 quod
3685 1656 3789 1712 pro-

2215 1736 2438 1809 iiciafad
2451 1737 2660 1795 cultum
2670 1747 2726 1797 et
2743 1737 3145 1797 observantiam
3161 1734 3390 1803 Christi,
3405 1736 3787 1793 erubescamus.

2144 1835 2191 1896 B
2284 1833 2379 1890 45.
2409 1832 2527 1890 Νοιι
2548 1848 2680 1904 ergo
2707 1832 2799 1891 illa
2821 1832 3146 1893 deliciarum
3169 1846 3378 1896 eomes,
3402 1840 3568 1903 atque
3595 1831 3793 1886 luxuria

2218 1927 2548 1998 prmdicatur
2590 1926 2847 1992 saltatio,
2899 1925 2997 1982 sed
3047 1940 3153 1997 qua
3204 1925 3585 1996 unusquisque
3625 1936 3793 1995 corpus

2217 2020 2427 2076 attollat
2470 2019 2761 2091 impigrum
2785 2059 2803 2086 ,
2835 2033 2937 2075 nec
2968 2019 3119 2075 humi
3148 2018 3297 2089 pigra
3339 2018 3531 2087 jacere
3558 2016 3794 2081 membra,

2217 2116 2302 2171 vel
2333 2114 2504 2170 tardis
2525 2114 2669 2170 sinat
2696 2121 2918 2183 torpere
2942 2112 3207 2183 vestigiis.
3237 2110 3488 2169 Saltabat
3509 2108 3796 2180 spiritaliter

2218 2209 2441 2275 Paulus,
2473 2223 2597 2264 cum
2640 2223 2701 2264 se
2731 2224 2830 2279 pro
2857 2208 3016 2265 nobis
3044 2206 3393 2274 extenderet,
3434 2216 3489 2262 et
3524 2205 3795 2276 posteriora

2215 2303 2568 2370 obliviscens,
2622 2303 2801 2373 priora
2842 2313 3143 2374 appetens,
3178 2300 3545 2358 contenderet
3587 2299 3651 2354 ad
3695 2298 3797 2353 bra-

2219 2398 2368 2453 vium
2399 2396 2627 2453 Christi.
2656 2396 2739 2453 Tu
2765 2411 2983 2467 quoque
3019 2411 3142 2451 eum
3172 2394 3242 2449 ad
3282 2394 3618 2466 baptismum
3649 2392 3796 2456 venis,

2216 2505 2409 2547 manus
2437 2490 2688 2555 elevare,
2718 2488 2885 2561 pedes
2911 2488 3110 2561 quibus
3129 2489 3196 2544 ad
3222 2505 3257 2542 tr
3275 2499 3428 2545 terna
3457 2484 3797 2549 conscendas,

2216 2582 2523 2639 velociores
2552 2581 2755 2638 habere
2785 2581 3030 2637 moneris
3062 2579 3234 2652 (Phil.
3270 2595 3328 2634 ut
3349 2621 3363 2644 ,
3414 2580 3485 2634 i5
3507 2618 3523 2644 ,
3560 2576 3665 2649 id).
3695 2576 3798 2637 Hec

2217 2677 2438 2734 saltatio
2465 2675 2589 2733 fidei
2616 2676 2764 2732 socia
2786 2716 2802 2743 ,
2832 2675 3021 2746 gratia:
3049 2688 3259 2730 comes.

2287 2773 2377 2828 44.
2420 2769 2536 2829 Hoc
2578 2779 2661 2827 est
2705 2784 2840 2841 ergo
2879 2767 3202 2841 mysterium
3232 2785 3247 2821 :
3276 2765 3618 2823 Cantarintus
3658 2763 3798 2830 vobis,

2216 2865 2343 2921 novi
2374 2866 2560 2936 utique
2605 2864 2880 2922 canticum
2925 2861 3260 2921 Testamenti
3295 2878 3308 2915 :
3339 2869 3389 2916 et
3430 2877 3539 2919 non
3580 2858 3800 2921 “hastu.

2216 2958 2320 3015 hoc
2348 2968 2454 3025 est,
2505 2973 2610 3015 non
2640 2959 2894 3015 elevastis
2949 2957 3183 3014 animam
3222 2955 3291 3011 ad
3349 2955 3656 3025 spiritalem
3698 2967 3801 3024 gra-

2214 3055 2367 3112 tiam.
2441 3053 2854 3111 Lamentavintus
2878 3094 2896 3121 ,
2970 3062 3019 3109 et
3069 3069 3174 3108 non
3236 3050 3481 3122 plorastis
3515 3091 3535 3117 ,
3587 3050 3686 3103 hoc
3713 3054 3799 3112 est,

507 3141 903 3199 cavitdicens:
937 3141 1053 3215 Ego
1083 3159 1219 3212 sum,
1261 3159 1355 3213 ego
1383 3145 1789 3216 suntquideleo
1816 3146 2112 3217 iniquitates
2217 3163 2325 3205 non
2383 3149 2573 3221 egistis
2628 3147 3027 3221 pmoitentlam.
3081 3146 3152 3203 Et
3214 3146 3337 3202 ideo
3384 3145 3686 3201 derelictus
3733 3150 3803 3198 est

506 3246 645 3303 tuas,
673 3244 721 3290 et
744 3251 935 3290 memor
966 3251 1071 3291 non
1098 3252 1187 3291 ero
1210 3252 1229 3290 :
1257 3244 1312 3290 tu
1342 3244 1515 3292 autem
1550 3252 1743 3293 memor
1768 3249 1911 3306 esto,
1934 3248 1991 3295 ut
2013 3240 2111 3311 μου
2138 3240 2184 3304 C
2214 3242 2526 3299 Jndzeorum
2571 3242 2836 3316 populus;
2886 3243 3013 3313 quia
3064 3255 3165 3297 nec
3222 3239 3332 3311 egit
3395 3238 3796 3310 paenitentiam,

509 3332 738 3387 dicemur
775 3329 949 3404 (Esai.
997 3347 1150 3396 mn,
1202 3330 1320 3404 25).
1368 3332 1498 3403 Ego,
1535 3332 1739 3404 inquit,
1768 3350 1964 3389 memor
2009 3348 2113 3390 non
2215 3332 2242 3373 (ί
2274 3346 2327 3391 et
2351 3337 2582 3407 gratiam
2617 3334 2897 3392 refutavit.
2928 3334 3033 3390 Per
3056 3334 3323 3391 luanttem
3352 3331 3696 3403 paenitentia,
3723 3342 3803 3399 per

508 3440 600 3480 ero
626 3440 646 3479 :
669 3434 724 3478 tu
746 3435 920 3479 autem
945 3441 1141 3480 memor
1159 3435 1291 3491 esto,
1313 3423 1479 3499 523
1501 3425 1606 3482 hoc
1629 3434 1749 3483 est:
1774 3426 1891 3483 Non
1913 3442 2113 3485 revoco
2218 3429 2494 3486 Christum
2527 3430 2721 3501 gratia.
2751 3428 2916 3483 Istam
2958 3428 3115 3499 quasi
3153 3426 3421 3483 Dominus
3444 3425 3644 3491 donat,
3674 3424 3805 3480 illam

513 3520 638 3586 illa,
671 3534 1030 3591 quaecumque
1062 3519 1262 3576 delicta
1299 3520 1495 3577 donavi
1538 3521 1669 3589 tibi,
1702 3522 1849 3597 yelut
1878 3524 2113 3595 quadam
2217 3525 2373 3595 quasi
2416 3539 2607 3580 servus
2657 3524 2967 3579 annuntiat.
3016 3521 3319 3594 Utrumque
3365 3521 3538 3593 igitur
3583 3518 3802 3577 Ecclesia

511 3610 787 3666 oblivione
808 3620 949 3667 tecta
972 3612 1077 3666 sint
1094 3628 1110 3668 :
1126 3622 1179 3666 tu
1200 3622 1371 3667 autent
1390 3630 1583 3669 memor
1602 3624 1729 3670 esto.
1756 3614 1892 3686 Ego,
1917 3617 2112 3688 inquit,

514 3720 724 3759 memor
770 3720 878 3759 non
918 3719 1014 3760 ero
1061 3717 1287 3775 propter
1331 3706 1587 3779 gratiam,
1636 3719 1691 3765 tu
1741 3725 1953 3766 memor
1994 3721 2117 3767 esto

513 3802 736 3867 propter
756 3796 1153 3853 correctionem
1178 3816 1194 3855 :
1219 3812 1429 3854 memor
1450 3809 1590 3866 esto,
1614 3808 1673 3856 nt
1691 3802 1831 3857 scius
1853 3802 2114 3860 donatum

512 3905 635 3947 esse
667 3900 980 3962 peccatum;
1025 3906 1094 3948 ne
1126 3891 1378 3962 glorieris
1419 3893 1572 3965 quasi
1612 3892 1913 3962 innocens,
1948 3912 2015 3953 ne
2062 3906 2115 3953 te

507 3991 877 4063 iustificando,
915 3996 1037 4062 plus
1069 3995 1319 4066 ingraves
1353 4015 1365 4052 :
1396 3996 1493 4054 sed
1516 3997 1562 4053 si
1593 3996 1671 4054 vis
1694 3995 2001 4069 iustiﬁcari,
2036 3992 2116 4050 fa-

511 4095 628 4141 tere
651 4086 910 4142 delictum
937 4098 1111 4144 tuum.
1135 4088 1164 4128 ιτ
1197 4089 1372 4147 Solvit
1411 4091 1558 4146 enim
1606 4090 1896 4147 criminum
1942 4102 2115 4145 nexus

515 4181 823 4237 verecunda
848 4182 1123 4262 confessio
1146 4195 1514 4256 peccatorum.

586 4272 675 4330 4i.
718 4273 888 4332 Vides
912 4275 1039 4348 quid
1066 4292 1096 4332 a
1128 4286 1182 4334 te
1225 4278 1408 4351 exigat
1435 4278 1578 4335 Deus
1625 4286 1787 4344 luus‘,
1818 4285 1877 4334 ut
1908 4291 2116 4334 memor

516 4369 593 4423 sis
620 4369 740 4441 ejus
769 4386 930 4441 quam
955 4372 1212 4444 accepisti
1241 4374 1450 4446 gratim,
1473 4382 1531 4431 et
1557 4388 1663 4429 non
1686 4372 1937 4444 glorieris
1961 4372 2118 4443 quasi

590 4510 617 4540 α
655 4500 785 4587 CLII.
810 4517 876 4558 ac
899 4503 1262 4587 lititnn.”ed_it.,
1288 4506 1426 4578 quod
1462 4506 1857 4587 pandentibus“;
1889 4505 2115 4587 Atnerb.
2141 4524 2196 4587 ι)
2220 4505 2300 4563 fit.
2317 4507 3003 4587 Cteterumprobabilisest
3025 4509 3237 4587 illorum
3262 4506 3446 4587 opinio
3465 4522 3592 4562 cum
3603 4512 3805 4587 propter

517 4580 682 4663 atque
704 4575 996 4663 [Erasmus]!
1019 4576 1149 4663 Gil].
1173 4579 1226 4663 in
1252 4575 1503 4663 inurget
1524 4593 1667 4663 mss._
1680 4577 1957 4663 omnibus,
1975 4576 2115 4663 quod
2141 4575 2190 4587 ”
2219 4575 2616 4663 antecedentia
2657 4580 2914 4663 vet'lta,_si
2950 4581 3022 4634 vis
3034 4575 3363 4663 justiﬁcari,
3379 4582 3550 4663 fatere
3580 4577 3803 4663 delictum

519 4646 878 4717 peccantibus;
909 4649 999 4704 ubi
1033 4646 1706 4723 sultintellige'dummodo
1739 4650 2115 4723 pmnitentiam

517 4726 696 4793 agant.
720 4723 788 4775 At
836 4725 1118 4790 sequentis
1146 4739 1268 4793 cap.
1298 4720 1483 4789 initio.
1520 4726 1611 4782 ubi
1640 4720 1832 4781 omnes
1864 4722 2026 4785 edit.,
2056 4720 2116 4777 Si

516 4792 600 4847 isti
645 4807 748 4846 non
774 4804 1159 4862 convertantur;
1188 4792 1378 4853 Omnes
1409 4812 1541 4853 mss.
1573 4796 1873 4861 exhibent,
1925 4793 2034 4851 Sed
2070 4794 2118 4848 si

516 4864 603 4941 isti
624 4879 725 4918 non
754 4876 1143 4941 convertuntur:
1163 4868 1623 4941 quemadmodum
1655 4869 1851 4941 legitur
1874 4866 2116 4924 etiamin

520 4936 627 4991 tlne
654 4951 777 5007 cap.
804 4938 865 5003 4,
910 4954 1061 4994 nunt.
1112 4936 1202 4997 29L
1237 4940 1510 4998 Caeterum
1559 4944 1676 4999 lure
1711 4936 1812 4998 illa
1863 4952 2117 4997 versuum

516 5008 719 5085 aliquot
744 5011 997 5085 repetitio
1023 5013 1157 5085 satis
1183 5011 1391 5069 indictﬂ
1418 5030 1776 5085 quaecumque
1803 5029 1926 5085 cap.
1956 5025 2120 5085 supe-

518 5079 652 5135 riori
668 5083 1385 5159 comprehendimus.quasi
1409 5079 1504 5155 per
1523 5079 1920 5159 digressionem
1942 5084 2117 5159 posita

518 5166 663 5226 esse,
688 5164 852 5222 atque
895 5156 1038 5212 adeo
1066 5156 1119 5210 in
1149 5157 1418 5224 prioribus
1447 5155 1798 5226 editfcapita
1836 5173 1947 5213 non
1980 5155 2117 5226 legi-

519 5225 649 5300 time
670 5226 945 5300 distribui.
970 5227 1077 5283 Nes
1106 5230 1268 5284 etiam
1291 5228 1599 5299 anthigutnn
1623 5225 1707 5287 est
1727 5230 1857 5300 quin
1880 5230 1948 5289 ad
1978 5225 2120 5285 hunc

522 5296 698 5352 locum
731 5298 897 5355 Sotus
926 5300 1252 5371 respexerit,
1281 5316 1403 5357 cum
1437 5296 1491 5358 in
1529 5305 1635 5359 hoc
1661 5296 1828 5372 opere
1858 5318 1962 5355 non
1988 5315 2121 5353 ntus-

521 5384 673 5444 quern
714 5372 891 5427 eadem
928 5373 1179 5428 inculcari
1217 5372 1287 5427 ad
1310 5375 1516 5430 verbum
1554 5375 1783 5444 objecil;
1807 5373 1962 5442 quasi
1992 5384 2121 5427 vero

523 5440 827 5512 insolentes
856 5454 1039 5501 essent
1069 5444 1424 5512 repetitioues
1452 5450 1503 5503 in
1534 5440 1849 5504 Ambrosio.

594 5510 621 5550 ¹³
660 5512 800 5569 Sunt
839 5531 871 5571 e
902 5510 1170 5587 theologis
1215 5517 1538 5574 orthodoxis
1568 5534 1674 5573 non
1726 5517 1904 5587 pauci,
1934 5512 2025 5585 qui
2055 5510 2124 5569 de

525 5588 1273 5665 sacramenta“confessione
1306 5590 1502 5665 lticagi
1527 5598 2122 5665 asseverent,_quorum

525 5660 687 5709 etiam
722 5661 966 5714 nonnulli
1004 5660 1107 5715 hoc
1134 5677 1256 5718 esse
1284 5661 1572 5717 meridiana
1611 5662 1722 5717 luce
1743 5660 1958 5725 clarius,
1996 5670 2123 5727 pro-

528 5730 796 5785 nuntiant.
828 5732 1130 5791 Fatendum
1160 5747 1340 5793 tamen
1372 5748 1457 5793 est
1479 5752 1509 5792 a
1534 5737 1689 5792 nobis
1715 5736 1800 5792 hic
1823 5728 2126 5793 desiderari

2214 3617 2472 3682 custodit,
2508 3627 2648 3675 utet
2678 3627 3046 3690 consequatur
3087 3616 3347 3689 gratiam,
3367 3628 3421 3673 et
3453 3632 3569 3672 non
3609 3613 3805 3684 abjiciat

2221 3714 2627 3786 paenitentiam;
2683 3714 2857 3785 gratia
2912 3713 3059 3769 enim
3096 3706 3311 3767 'munns
3358 3711 3651 3783 largientis
3698 3716 3801 3773 est,

2223 3807 2539 3878 paenitentia
2568 3806 2937 3877 delinquentis
2964 3803 3294 3862 remedium.

2288 3899 2378 3957 45.
2450 3898 2622 3956 Scivit
2685 3898 2953 3956 Jeremias
3011 3912 3267 3969 magnum
3330 3897 3637 3954 remedium
3702 3907 3803 3951 esse

2219 3993 2586 4063 paenitentiae,
2620 4007 2783 4063 quam
2824 3992 2876 4047 in
2907 3990 3143 4048 Tltrenis
3187 3990 3302 4046 suis
3331 3991 3580 4060 suscepit
3609 4005 3703 4060 pro
3723 3987 3803 4044 Je-

2217 4086 2478 4153 rusalem,
2514 4086 2767 4157 etipsam
2799 4084 3006 4141 inducit
3029 4092 3278 4156 agentem
3315 4082 3627 4139 Jerusalem
3662 4079 3800 4155 ω

2218 4183 2408 4239 dicens
2435 4200 2448 4238 :
2482 4179 2705 4236 Plorans
2738 4179 2957 4252 ploravit
2993 4181 3046 4233 in
3076 4189 3222 4233 nocte
3241 4221 3255 4245 ,
3285 4186 3332 4233 et
3361 4179 3612 4249 lacrumis
3634 4179 3737 4251 ejus
3760 4174 3803 4226 in

2216 4274 2448 4331 maxillis
2476 4275 2610 4348 ejus,
2643 4290 2734 4329 nec
2757 4283 2832 4329 est
2858 4275 2944 4343 qui
2966 4270 3259 4329 consoletur
3283 4288 3398 4327 eam
3432 4281 3455 4309 ε
3487 4270 3555 4325 ab
3588 4267 3801 4326 omnibus

2219 4372 2307 4445 qui
2334 4371 2562 4443 diligunt
2591 4386 2724 4425 eam.
2764 4366 2877 4425 Via:
2906 4369 3037 4425 Sion
3081 4368 3254 4441 lugent
3289 4365 3508 4439 (Tltren.
3544 4382 3585 4432 ι,
3627 4364 3705 4438 2).
3748 4359 3805 4417 Et

2217 4659 2483 4727 tuuin;et_
2507 4650 2787 4727 superiora
2821 4650 3047 4727 illa,_nel
3070 4650 3494 4727 pos'reuertiniiui
3512 4696 3527 4718 ,
3560 4650 3649 4721 qui
3674 4650 3803 4727 lapsa

2217 4725 2361 4777 vario
2385 4726 2448 4778 de
2466 4718 2792 4785 innocentia,
2817 4736 2922 4779 etc.
2950 4723 3082 4779 Illud
3106 4740 3237 4780 vero
3257 4725 3480 4779 omnino
3501 4718 3710 4778 certum
3732 4718 3804 4772 hic

2220 4805 2273 4850 et
2296 4796 2348 4850 in
2369 4797 2519 4852 omni
2540 4810 2708 4864 onere
2733 4796 2878 4852 illam
2901 4797 3133 4867 supponi
3158 4795 3597 4867 confessionem;
3626 4792 3803 4867 ubique

2218 4868 2363 4922 enim
2397 4875 2509 4923 tres
2537 4863 2785 4942 ejusdem
2822 4863 3023 4936 partes,
3044 4870 3455 4942 contritionem,
3490 4863 3801 4942 declarauit:

2223 4955 2345 4995 netn
2375 4954 2441 4996 ac
2468 4940 2921 5009 satisfactionem,
2948 4955 3072 4996 esse
3100 4940 3166 4996 ad
3204 4941 3588 4997 remissionem
3617 4940 3803 5008 peccati

2222 5012 2583 5089 necessarias,
2615 5012 2892 5089 dOCt'I'illli
2923 5013 3065 5089 libri.
3309 5083 3330 5089 _
3412 5083 3425 5089 _
3473 5083 3487 5089 _

2298 5093 2320 5122 °
2362 5084 2462 5158 Ms.
2494 5084 2662 5158 illam,
2700 5085 2996 5158 saltationis
3038 5086 3276 5151 publica.
3309 5083 3556 5140 Latinius
3603 5083 3803 5158 conjieit

2224 5155 2534 5223 legendum,
2581 5145 2874 5211 saltationis
2921 5145 3158 5221 ludicra,
3203 5158 3463 5212 nimirum
3514 5161 3733 5224 propter
3760 5145 3805 5202 id

2223 5222 2365 5298 and
2395 5228 2662 5298 sequitur,
2691 5239 2739 5284 et
2759 5243 2924 5282 scenas
2944 5228 3279 5284 deliramenta
3302 5245 3321 5283 :
3352 5227 3449 5282 sed
3475 5222 3806 5298 niltilodete-

2221 5295 2350 5375 riori
2380 5295 2552 5375 sensu
2586 5314 2708 5375 euut
2751 5300 3008 5375 omnibus
3030 5311 3094 5375 et
3138 5316 3266 5356 tuss.
3293 5310 3348 5355 et
3392 5299 3520 5375 edit.
3552 5295 3804 5375 legimus.

2222 5370 2513 5429 saltationis
2535 5372 2764 5435 lubricae,
2800 5370 2849 5426 id
2872 5382 2985 5444 est,
3028 5373 3255 5444 impune
3276 5384 3437 5441 atque
3470 5371 3523 5444 in
3552 5370 3804 5444 luxuriant

2225 5458 2429 5514 prone.
2457 5453 2514 5500 ιιι
2537 5444 2672 5499 inira
2701 5443 3050 5501 describitur.
3085 5443 3241 5500 Hunc
3270 5459 3432 5513 porro
3463 5443 3804 5514 Luemycrst:

2226 5510 2406 5591 culum
2457 5515 2618 5591 simili
2646 5517 2878 5591 ratione
2918 5510 3311 5591 interpretatur
3357 5526 3578 5591 senatus
3624 5510 3806 5591 Doctor

2227 5588 2613 5662 Commentarii
2645 5589 2704 5662 in!
2727 5586 2972 5658 ejusdem
3002 5581 3208 5659 Evang.
3246 5589 3342 5662 lib.
3369 5581 3622 5650 vr,'num.
3657 5581 3713 5662 5.

2299 5657 2327 5699 ἀ
2370 5659 2493 5715 Mss.
2529 5657 2860 5730 complures,
2883 5663 3120 5730 refutauit
3143 5657 3277 5730 {per
3302 5657 3821 5730 Joannempmniteu

2229 5732 2374 5795 tiam.
2406 5748 2496 5803 per
2517 5731 2777 5790 Christum
2800 5729 3059 5802 gratiam;
3087 5729 3268 5804 aptius
3298 5743 3481 5788 tamen
3507 5729 3596 5784 alii
3624 5736 3675 5783 et
3701 5734 3807 5778 ante

525 5813 796 5893 summam
820 5805 966 5861 illam
988 5809 1336 5893 evidentiam;
1356 5825 1479 5866 eum
1503 5811 1685 5893 potius
1702 5820 1891 5881 agatur
1907 5807 2130 5893 decon-
2232 5818 2330 5866 nes
2351 5805 2487 5893 θέμις
2520 5804 2664 5893 utin
2698 5815 2875 5893 testu.

524 5872 784 5957 gessione,
799 5892 921 5953 «iure
944 5872 1410 5969 peccatorumjam
1422 5872 1774 5940 remissurum
1792 5882 1933 5958 apud
1958 5881 2126 5946 Deum

2308 5887 2330 5918 ο
2375 5875 2513 5937 Cod.
2545 5875 2716 5947 Clar.,
2752 5878 2818 5935 ab
2847 5877 3088 5937 omnibus
3115 5878 3205 5971 qui
3229 5876 3588 5971 derelinquunt
3613 5885 3740 5931 eam.
