4042 6294
212 302 388 359 ’509

1496 314 1586 370 DE
1626 313 2083 377 KENITENTIA
2126 319 2258 376 LIB.
2303 321 2369 377 ll.

3480 330 3587 386 ξἰο

277 415 519 488 adjecit:
547 416 577 471 I
584 436 614 472 ιι
636 420 719 474 his
744 437 862 494 ergo
884 424 1004 494 ﬂeo,
1029 423 1167 479 oculi
1191 424 1289 480 tusi
1323 426 1669 499 caligooerunt
1690 444 1723 483 a
1742 431 1888 500 ﬂetu,
1918 436 1970 495 Α
1997 434 2308 508 sapientium
2326 438 2385 492 its
2435 438 2591 494 domo
2617 440 2810 509 luctus,
2844 451 2891 497 et
2911 457 3000 498 cor
3028 443 3304 502 stultorum
3332 446 3380 500 in
3437 446 3591 503 (fonto

276 513 398 583 quia
411 510 673 585 elongaoit
691 533 724 569 a
742 533 841 582 me,
871 517 958 588 qui
988 533 1064 572 me
1082 518 1447 576 consolabatur
1459 520 1673 593 (Threx.
1706 523 1882 596 1,16).

278 603 626 661 Advenimus
640 608 785 678 quod
801 608 942 665 hunc
959 609 1226 666 malorum
1242 614 1883 672 suorumacerbissimum

276 701 560 756 cumulum
590 702 978 769 arbitrabatur,
1008 705 1133 775 quia
1162 705 1351 763 deerat
1388 708 1480 779 qui
1507 711 1884 767 cotisolnretlr

277 807 625 852 mterentem.
655 796 941 865 Quomodo
961 814 1093 871 ergo
1120 815 1222 856 vos
1253 803 1425 873 ipsam
1450 804 1882 862 consolationem

275 887 525 956 aufertis,
554 890 646 960 qui
674 905 827 961 spem
862 891 1170 948 relaxanda:
1197 897 1407 963 negatis
1438 898 1812 967 poenitentiae?

347 982 440 1038 66.
474 983 583 1039 Sed
610 985 836 1041 audiant
854 986 943 1057 qui
975 997 1142 1058 agunt
1171 991 1569 1061 pmnitentism,
1604 997 1883 1065 quomodo

275 1092 437 1147 agere
454 1075 716 1145 debeant,
744 1095 853 1149 quo
873 1080 1089 1149 studio,
1116 1097 1225 1152 quo
1265 1081 1485 1153 :iﬁ'ectu,
1526 1103 1630 1158 qua
1683 1092 1882 1149 mentis

277 1171 613 1238 intentione,
652 1188 757 1243 qua
807 1174 1118 1231 intimorum
1169 1181 1533 1237 eotrcussioue
1570 1186 1877 1256 viscerum,

273 1279 378 1335 qua
404 1265 589 1321 cordis
619 1268 1015 1325 conversione:
1057 1268 1209 1337 Vide,
1239 1272 1413 1345 inquit
1433 1314 1451 1339 ,
1482 1272 1725 1346 Domine,
1756 1280 1880 1350 quia

273 1359 516 1426 tribulor,
548 1372 723 1415 uenter
761 1377 904 1417 meus
926 1362 1159 1420 turbatus
1188 1374 1263 1421 est
1286 1383 1319 1421 a
1343 1368 1469 1438 [ictu
1492 1385 1636 1439 meo,
1668 1387 1881 1427 conser-

270 1466 388 1505 sum
417 1461 492 1507 est
529 1468 620 1507 cor
646 1468 814 1509 meum
836 1453 890 1508 in
927 1470 1007 1508 me
1032 1452 1229 1525 (Ibid.,
1252 1456 1374 1529 ιο).

343 1545 439 1600 47.
481 1544 793 1615 Cognovisti
829 1546 1189 1606 intentionem
1230 1552 1437 1620 animi,
1480 1551 1641 1609 [idern
1682 1555 1878 1614 montis

270 1651 575 1709 cognosce,
608 1650 661 1694 et
691 1637 934 1694 habitum
990 1640 1257 1710 corporis.
1294 1643 1570 1714 Sedsruut,
1601 1647 1800 1717 inquit,
1822 1649 1878 1704 in

270 1742 433 1799 terra,
475 1742 745 1788 tacuerunt
791 1734 1020 1790 seniores
1066 1736 1191 1805 ﬁlia:
1238 1736 1392 1806 Sion,
1419 1749 1467 1795 et
1511 1742 1869 1811 imposuerunt

270 1836 464 1880 terram
507 1844 667 1898 super
695 1837 850 1900 caput
875 1845 1046 1894 suum,
1071 1831 1452 1898 prceciuxerunt
1478 1850 1534 1887 se
1559 1835 1750 1901 cilicio,
1783 1837 1873 1893 do-
1904 1853 1951 1915 B
2049 1858 2142 1919 ῃ,
2185 1858 2436 1919 [ﬂeamus

269 1919 532 1973 duxerunt
557 1920 611 1974 in
639 1929 826 1975 terram
863 1922 1149 1993 principes,
1180 1925 1405 1995 uirgines
1451 1924 1741 1984 Jerusalem
1780 1930 1875 1985 do-

267 2015 500 2082 feceruat
538 2013 593 2068 in
620 2013 883 2086 lacrumis,
926 2018 1065 2071 oculi
1088 2018 1186 2072 mei
1227 2018 1609 2091 caligatorum,
1646 2022 1876 2079 turbatus

266 2117 342 2161 est
369 2121 543 2162 uenter
565 2123 731 2173 meus,
765 2106 935 2176 elusa
964 2120 1039 2165 est
1061 2110 1118 2165 in
1147 2120 1285 2168 terra
1310 2113 1481 2185 gloria
1510 2130 1623 2170 mea
1654 2114 1872 2186 (Thrcn.

267 2217 330 2268 ιι,
362 2202 452 2267 ιι),
491 2203 605 2273 ιι).

339 2294 434 2351 48.
470 2296 562 2352 Sic
591 2295 744 2352 ﬂevit
764 2305 820 2353 et
873 2295 1069 2354 Ninive
1108 2300 1341 2370 populus
1364 2336 1382 2367 ,
1411 2312 1466 2358 et
1496 2302 1873 2360 denuntiatum

264 2389 546 2446 excidium
603 2390 836 2445 civitatis
882 2392 1057 2447 evasit
1105 2390 1301 2464 (Jama
1326 2408 1416 2475 μι,
1447 2394 1539 2465 5);
1591 2405 1738 2453 tanta
1788 2406 1874 2454 est

267 2483 422 2539 enim
454 2483 790 2553 paenitentia:
816 2484 1103 2552 medicina,
1122 2496 1182 2543 ut
1210 2498 1423 2546 mutare
1445 2491 1694 2547 videatur
1718 2507 1872 2549 suam

270 2580 418 2636 Deus
463 2580 811 2636 sententiam.
859 2581 917 2636 In
964 2590 1016 2637 te
1044 2592 1128 2638 est
1156 2582 1323 2653 igitur
1367 2596 1424 2639 ut
1473 2586 1710 2641 evadas:
1763 2588 1877 2643 Vult

268 2671 454 2743 rogari
483 2671 767 2740 Dominus,
798 2672 995 2729 vultdo
1025 2688 1087 2731 se
1114 2678 1350 2746 sperari,
1400 2679 1511 2733 vult
1537 2679 1640 2736 sibi
1668 2682 1874 2753 suppli-

267 2766 408 2822 cari.
440 2766 615 2823 liomo
642 2781 725 2836 es,
777 2776 832 2823 et
862 2768 942 2824 vis
992 2769 1193 2841 rogari,
1220 2780 1278 2826 ut
1315 2771 1584 2842 ignoscas,
1632 2784 1687 2831 et
1719 2787 1875 2847 putas

269 2861 444 2918 Deum
477 2862 573 2918 tibi
602 2877 709 2919 non
736 2862 951 2934 roganti
977 2864 1306 2936 ignoscere?

344 2938 438 3013 49.
491 2956 613 3027 Ipse
666 2958 929 3013 Dominus
979 2959 1281 3016 Jerusalem
1330 2958 1482 3017 ﬂevit
1550 2962 1716 3036 (Lac.
1757 2980 1869 3034 Ill,

267 3047 392 3121 ιιι),
427 3057 485 3104 ιιι
534 3049 659 3120 quis
718 3050 834 3121 ipsa
861 3052 997 3107 ﬂere
1042 3053 1296 3118 nolebat,
1351 3054 1567 3111 Domini
1621 3057 1877 3131 lacryntis

274 3150 302 3180 ⁸
323 3141 392 3197 ad
408 3142 623 3199 veniam
649 3144 968 3214 pertineret.
991 3146 1225 3217 lpseuos
1249 3146 1383 3205 ﬂere
1404 3150 1539 3213 vult,
1559 3160 1619 3206 ut
1641 3153 1875 3210 evadere

275 3236 572 3305 possimus,
603 3238 744 3293 sicut
772 3239 939 3295 babes
965 3242 1231 3312 scripturn
1264 3243 1319 3298 in
1350 3242 1646 3327 Evangelio
1672 3263 1685 3301 :
1708 3244 1870 3303 Filia:
1897 3248 1942 3313 C

268 3326 599 3399 Jerusalem,
629 3332 788 3387 nolite
838 3347 919 3388 nte
947 3334 1094 3403 ﬂere.
1132 3334 1222 3391 sed
1252 3351 1341 3391 vos
1383 3326 1525 3410 ipsos
1554 3340 1674 3410 ﬂete
1714 3339 1866 3412 (Luc.

272 3437 432 3488 unt,
459 3424 575 3494 28).

343 3517 433 3573 50.
476 3517 649 3574 Flevit
670 3518 866 3587 David,
895 3528 954 3577 et
983 3521 1180 3577 meruit
1203 3531 1263 3578 ut
1288 3534 1521 3580 mortem
1563 3528 1742 3597 populi
1779 3543 1872 3598 pe-

264 3611 481 3666 reuntis
525 3611 707 3667 divina
731 3624 1042 3669 removeret
1068 3616 1442 3672 misericordis
1474 3617 1692 3692 (llReg.
1720 3633 1866 3689 xxiv,

266 3707 625 3780 10);qunndo
656 3710 831 3765 tribus
869 3710 973 3766 sibi
1013 3712 1311 3783 propositis
1355 3714 1698 3785 optionibus,
1749 3731 1870 3773 eam

265 3813 450 3856 tamen
485 3803 536 3857 in
559 3817 663 3872 qua
689 3803 953 3872 majorem
983 3803 1201 3861 Domini
1249 3806 1657 3864 miserationem
1703 3825 1872 3882 cxpe-

263 3896 493 3962 riretur,
526 3897 712 3968 elegit.
745 3896 886 3966 Quid
933 3898 1214 3955 erubescis
1245 3908 1302 3955 tu
1332 3913 1556 3971 peccata
1586 3913 1677 3960 tus
1713 3904 1868 3975 dero;

257 4002 388 4044 cum
420 3988 564 4044 Dens
587 3991 752 4046 etiam
776 3990 1071 4061 prophetas
1093 3991 1322 4062 jusserit
1347 3993 1480 4051 tlere
1511 4010 1610 4066 pro
1633 3998 1870 4068 populis?

335 4081 428 4136 5i.
462 4082 705 4153 Denique
742 4092 795 4141 et
843 4083 1099 4140 Ezechiel
1133 4085 1325 4155 jussus
1374 4097 1460 4143 est
1486 4087 1620 4144 ﬂere
1647 4088 1865 4145 Jerusa-

259 4176 399 4241 lem,
427 4187 480 4232 et
507 4177 720 4248 accepit
743 4177 966 4245 librum,
997 4178 1053 4234 iu
1081 4179 1238 4251 cujus
1267 4181 1447 4253 capite
1477 4185 1676 4255 scripta
1706 4194 1823 4241 erat
1849 4203 1864 4241 :

258 4271 613 4335 Lamentatio,
654 4281 704 4327 et
736 4272 897 4329 melos
916 4283 964 4328 et
986 4289 1061 4329 ore
1096 4272 1313 4347 (Eucti.
1342 4288 1403 4345 tt,
1431 4278 1514 4350 9),
1540 4279 1651 4336 duo
1689 4282 1863 4338 tristis

257 4372 318 4423 et
359 4383 529 4423 unum
573 4368 929 4436 delectabile;
976 4370 1237 4442 quoniam
1291 4372 1384 4429 illo
1432 4375 1620 4434 salvus
1670 4378 1775 4434 erit
1804 4376 1860 4437 in

258 4463 538 4533 futurum,
569 4463 659 4533 qui
685 4464 739 4518 in
771 4462 876 4519 hoc
897 4465 1102 4521 stucqu
1138 4465 1259 4536 plus
1293 4465 1546 4525 ﬂeverit:
1577 4470 1678 4527 Cor
1725 4479 1861 4528 enim

1988 529 2262 597 epularum
2284 529 2451 600 (Eccl.
2484 547 2577 598 ut,
2606 534 2683 606 5).
2710 536 2776 591 Et
2820 538 2937 607 ipse
2979 538 3242 595 Dominus
3274 541 3351 597 ait
3380 558 3395 597 :
3442 540 3589 598 Beati

1986 623 2073 690 qui
2104 638 2242 677 nunc
2261 624 2428 693 ﬂetis;
2450 627 2572 698 quia
2601 628 2832 685 ridebitis
2852 628 3003 701 (Luc.
3036 647 3108 699 vr,
3141 632 3258 705 2i).

2471 761 2639 838 ωε
2690 765 2915 824 CAPUT
2967 768 3078 827 vn.

1986 873 2071 928 Ad
2091 874 2338 945 ﬂenda-et
2361 878 2658 947 conﬁtenda
2694 892 2904 954 peccata
2925 881 3183 950 hortatur,
3205 901 3440 941 asserens
3466 902 3584 959 pec-

2054 971 2244 1025 catoris
2289 981 2338 1025 et
2387 971 2631 1029 Ecclesia
2660 973 2904 1046 lacrymis
2955 974 3217 1033 Christum
3244 980 3458 1034 excitari
3479 1020 3495 1046 ,
3528 988 3585 1034 ut

2055 1065 2205 1123 illum
2215 1068 2509 1140 justiﬁcet:
2550 1069 2688 1139 quod
2710 1072 3101 1127 accommodata
3139 1072 3330 1129 Laaari
3352 1076 3588 1130 suscitati

2056 1158 2275 1214 historia
2298 1161 2431 1215 mire
2449 1162 2696 1219 illustrat.
2730 1163 2828 1219 Ubi
2858 1178 3127 1237 postquam
3161 1170 3382 1223 ostendit
3405 1168 3584 1224 Nova-

2059 1248 2223 1306 tianos
2256 1249 2566 1308 Judworunt
2612 1253 2678 1310 de
2720 1255 3081 1327 interﬁciendo
3112 1258 3315 1339 Lazaro
3352 1262 3586 1332 cogitan-

2059 1347 2187 1401 tium
2208 1364 2524 1405 successores
2549 1366 2675 1418 esse,
2700 1352 2983 1423 perlectam
2999 1356 3364 1427 cuiuscumque
3388 1357 3584 1428 peccati

2054 1440 2473 1514 iustiﬁcationem
2522 1460 2613 1516 per
2658 1443 2873 1501 odorem
2917 1450 3164 1520 unguenti
3216 1465 3249 1502 ιι
3301 1447 3477 1505 Maria
3530 1452 3583 1507 in

2058 1534 2249 1592 Christi
2296 1537 2451 1610 pedes
2494 1537 2646 1607 e/Iusi
2697 1557 2991 1614 expressam
3044 1543 3197 1598 docet
3237 1560 3252 1599 :
3301 1560 3582 1616 rursusque

2053 1632 2259 1688 eosdem
2291 1632 2559 1689 nauticos
2592 1636 2647 1691 in
2672 1634 2833 1692 Iuda:
2852 1679 2867 1697 .
2902 1654 3019 1692 cum
3048 1640 3218 1694 cateri
3255 1639 3578 1712 gauderent,

2052 1723 2328 1781 invidentis
2349 1744 2568 1799 persona
2588 1730 2818 1802 signatos
2838 1741 3116 1788 monstrat.

2477 1865 2637 1936 igitur
2687 1867 2753 1922 ad
2802 1874 3036 1942 tempus,
3072 1879 3131 1925 ut
3158 1868 3496 1927 exsullemus
3523 1870 3577 1927 in

1978 1963 2264 2011 aeternum.
2297 1955 2604 2012 Timeamus
2661 1958 2969 2028 Dominum,
3010 1962 3415 2032 prmveuiamus
3455 1979 3579 2019 cum

1980 2047 2291 2104 confitendo
2333 2058 2551 2120 peccata
2582 2060 2767 2107 nostra
2790 2094 2805 2120 ,
2854 2053 3194 2126 corrigamus
3232 2055 3416 2124 lapsus
3453 2072 3584 2111 nos-

1980 2144 2123 2209 tros,
2165 2142 2521 2199 emendemus
2564 2158 2837 2212 errorem;
2868 2163 2937 2203 ne
2961 2155 3015 2203 ct
3046 2148 3113 2204 de
3144 2146 3304 2204 nobis
3338 2148 3582 2206 dicatur:
3666 2194 3675 2203 ι

1983 2233 2098 2289 Heu
2124 2250 2224 2302 me,
2249 2238 2423 2291 anima
2447 2239 2594 2293 mea!
2630 2238 2751 2309 quia
2771 2237 2800 2278 δ
2818 2240 2968 2313 periit
2996 2258 3227 2298 reverens
3256 2259 3286 2297 a
3329 2252 3486 2312 terra,
3528 2252 3577 2299 et

1976 2329 2066 2402 qui
2093 2330 2323 2401 corrigat
2347 2332 2398 2385 in
2416 2328 2708 2387 hominibus
2731 2344 2832 2388 non
2856 2343 2929 2390 est
2958 2334 3158 2405 (Mirh.
3191 2352 3285 2405 ιιι,
3320 2335 3398 2409 9).

2046 2420 2138 2480 b5.
2189 2422 2328 2490 Quid
2353 2426 2562 2480 vereris
2588 2427 2728 2496 apud
2764 2424 2968 2484 bonum
3017 2428 3297 2485 dominum
3331 2439 3451 2486 tuas
3484 2431 3587 2487 iui-

1978 2517 2211 2589 qttilalcs
2240 2516 2439 2575 fateri!
2462 2518 2576 2586 Dic,
2617 2519 2808 2592 inquit,
2842 2523 3136 2593 iniquitates
3189 2532 3323 2592 luas,
3351 2535 3404 2578 ut
3423 2522 3588 2599 justi-

1976 2612 2146 2683 ﬁceris
2169 2611 2340 2684 (Esai.
2372 2628 2525 2680 mu,
2547 2612 2666 2684 26).
2691 2614 2885 2672 Adhuc
2912 2633 3007 2673 reo
3035 2618 3208 2689 culpze
3236 2617 3587 2690 justiﬁcatio-

1977 2706 2061 2761 nis
2092 2708 2311 2777 przemia
2348 2720 2750 2779 proponuntur;
2782 2710 2874 2766 ille
2916 2710 3059 2767 enim
3098 2712 3449 2783 justiﬁcatur,
3488 2715 3582 2784 qui

1975 2801 2254 2873 proprium
2286 2804 2492 2859 crimen
2537 2812 2731 2874 sponte
2754 2806 3039 2876 agnoverit
3076 2824 3088 2858 :
3122 2803 3359 2878 denique
3406 2808 3584 2880 justus

1974 2894 2029 2949 in
2055 2893 2270 2950 exordio
2292 2896 2544 2950 sermonis
2566 2907 2834 2953 accusator
2859 2908 2932 2953 est
2955 2898 3036 2953 sui
3066 2896 3251 2970 (Prov.
3286 2914 3440 2965 xvtn,
3466 2896 3582 2969 i7).

1976 2984 2135 3043 Novit
2177 2988 2356 3043 omnia
2382 2988 2674 3056 Dominus,
2727 2989 2822 3046 sed
2860 2999 3145 3062 exspectat
3169 2982 3362 3048 vocem
3403 3001 3580 3058 tuam;

1977 3094 2083 3136 non
2110 3090 2165 3137 ut
2190 3080 2396 3152 puniat,
2430 3082 2524 3138 sed
2563 3092 2619 3137 ut
2645 3082 2890 3154 ignoscat
2919 3103 2930 3138 :
2959 3099 3065 3139 non
3112 3084 3229 3140 vult
3257 3096 3313 3139 ut
3361 3083 3584 3139 insultet

1975 3170 2071 3230 tibi
2100 3172 2376 3242 diabolus,
2415 3186 2469 3233 et
2512 3177 2781 3233 celantem
2817 3188 3037 3249 peccata
3074 3187 3164 3233 tua
3194 3187 3404 3249 arguat.
3438 3176 3583 3231 Prus-

1976 3268 2095 3322 veui
2120 3278 2492 3324 accusatorem
2525 3278 2704 3325 tuum:
2738 3271 2781 3326 si
2814 3279 2864 3325 te
2892 3270 3009 3342 ipse
3031 3270 3393 3338 accusaveris,
3422 3285 3581 3326 accu-

1974 3367 2209 3414 satorcm
2256 3361 2461 3416 nullum
2492 3362 2706 3419 timebis
2752 3380 2767 3419 :
2811 3364 2855 3418 si
2888 3373 2941 3418 te
2972 3363 3233 3420 detuleris
3263 3364 3381 3436 ipse
3406 3404 3421 3431 ,
3477 3366 3579 3420 etsi

1976 3462 2222 3507 mortuus
2250 3453 2437 3523 literis,
2465 3455 2775 3512 revirisces.

2046 3543 2135 3600 5i.
2180 3543 2377 3601 Veniet
2413 3547 2479 3601 ad
2504 3557 2915 3604 monumentum
2950 3559 3098 3604 tuum
3130 3548 3402 3617 Christus,
3449 3550 3579 3606 etsi

1975 3636 2173 3693 viderit
2195 3638 2324 3695 (lere
2352 3654 2451 3710 pro
2481 3650 2532 3697 te
2573 3640 2836 3697 Martbam
2873 3642 2998 3699 boni
3042 3642 3297 3700 feminam
3328 3644 3577 3699 ministe-

1974 3730 2062 3796 rii,
2096 3730 2226 3788 ﬂere
2253 3728 2473 3789 Mariam
2519 3748 2639 3804 quae
2665 3744 2869 3792 attente
2900 3737 3156 3794 audiebat
3195 3738 3420 3794 verbum
3454 3737 3577 3805 Dei,

1972 3825 2109 3880 sicut
2142 3840 2326 3882 saneta
2362 3824 2604 3884 Ecclesia
2636 3846 2756 3901 qum
2797 3830 3058 3902 optimam
3090 3844 3297 3903 partem
3329 3833 3432 3889 sibi
3463 3832 3580 3889 ele-

1971 3918 2079 3990 git;
2132 3920 2442 3978 movebitur
2488 3924 2897 3994 misericordia,
2953 3942 3077 3981 cum
3127 3924 3327 3982 viderit
3380 3927 3431 3981 in
3484 3936 3581 3982 tuo

1973 4010 2126 4091 obitu
2168 4013 2438 4088 laerymas
2466 4018 2822 4086 plurimorum
2848 4062 2862 4086 ,
2896 4028 2949 4075 et
2973 4020 3146 4076 dicet:
3185 4018 3283 4076 Ubi
3338 4021 3580 4091 posuistis

1970 4088 2301 4179 ἷιιιιιμοαιι.
2334 4122 2409 4175 st,
2432 4106 2553 4181 34)?
2583 4110 2685 4165 lroc
2710 4119 2816 4175 est,
2852 4114 2903 4166 in
2928 4130 3034 4181 quo
3056 4128 3269 4168 reorum
3300 4120 3443 4167 statu
3468 4125 3571 4180 cst,

1969 4196 2021 4251 in
2050 4213 2158 4269 quo
2202 4201 2584 4271 p‘tnnitentium
2631 4202 2842 4259 ordine.
2919 4203 3142 4261 Videam
3198 4220 3359 4276 quem
3394 4203 3569 4271 ﬂetis;

1970 4299 1993 4329 ο
2024 4298 2083 4347 ιιι
2130 4291 2386 4367 lacrymis
2425 4296 2538 4351 suis
2588 4295 2706 4368 ipse
2739 4312 2825 4354 me
2858 4304 3092 4352 moveat.
3138 4295 3356 4351 Videam
3389 4295 3431 4351 si
3461 4295 3572 4367 jutn

1966 4372 2191 4452 peCCato
2217 4385 2266 4441 ci
2290 4384 2446 4457 cujus
2469 4386 2625 4443 venia
2658 4388 2902 4458 poscitur
2922 4430 2937 4455 ,
2969 4386 3258 4443 defunctus
3285 4395 3388 4442 est.

2033 4478 2124 4537 55.
2166 4480 2321 4538 Dicet
2343 4480 2394 4538 et
2424 4481 2577 4554 plebs
2608 4500 2620 4537 :
2657 4480 2802 4549 Veni,
2833 4494 2879 4538 et
2901 4482 3013 4538 uide
3038 4480 3257 4555 (lbid.).
3291 4480 3432 4550 Quid
3460 4489 3565 4550 est,

336 4606 370 4685 ξ
412 4603 573 4685 Rorn.
605 4604 764 4672 edit.,
790 4604 859 4660 ad
885 4606 1085 4662 ueniam
1135 4609 1465 4682 pertingeret.
1496 4610 1650 4670 Haud
1699 4615 1860 4685 male,
1890 4622 1945 4684 Ι)
1970 4633 2064 4677 eas
2111 4594 2269 4679 libuit
2300 4621 2405 4678 hoc
2452 4622 2576 4680 loco
2604 4623 2790 4678 verbis
2828 4620 3065 4677 Mattliaci
3099 4619 3439 4683 Blusturisjn
3465 4619 3574 4675 No-

256 4675 372 4733 nisi
401 4677 520 4733 sola
545 4685 713 4733 esset.

328 4749 362 4789 δ
406 4748 530 4805 Vet.
574 4749 732 4827 edit._,
762 4751 1096 4827 perlittiruor
1123 4756 1267 4819 tuus;
1299 4764 1431 4808 mss.
1463 4757 1684 4827 partim,
1710 4758 1865 4827 periit

256 4823 561 4897 timorotus;
586 4824 806 4893 partim,
829 4823 981 4895 periit
1005 4834 1271 4881 reserans:
1291 4840 1428 4897 quos
1452 4823 1594 4885 sicut
1619 4823 1678 4885 ot
1701 4823 1859 4890 ilum.

254 4896 394 4952 edit.
430 4898 601 4951 secuti
631 4910 840 4950 sumus.
1244 4950 1251 4959 ,

335 4974 361 5006 ε
412 4962 568 5021 Rom.
618 4966 901 5045 edit.__cum
957 4982 1089 5045 mss.
1124 4964 1359 5045 duobus,
1401 4970 1447 5026 si
1473 4973 1716 5045 locrymis
1758 4976 1866 5045 suis

253 5042 373 5118 ipse
395 5054 451 5092 se
481 5048 695 5093 nauseat.
737 5036 1093 5118 Qummodius
1126 5042 1245 5118 aliut
1275 5036 1399 5097 cum
1449 5036 1862 5118 rnss.'reliqttis,

259 5123 317 5187 ut
356 5112 410 5165 in
437 5121 717 5165 contextu.
741 5111 1015 5187 amarunt
1031 5122 1155 5181 qua:
1176 5114 1280 5187 hoc
1307 5129 1458 5171 num.
1508 5129 1564 5173 et
1603 5111 1865 5187 seqftraé

256 5183 522 5260 duritura
549 5191 737 5236 sancto
766 5183 1086 5260 Ambrosio.
1105 5199 1177 5260 ea
1212 5186 1530 5254 planissime
1560 5183 1859 5260 declarant,

254 5252 544 5328 quidquid
570 5268 739 5328 supra
763 5255 831 5309 de
880 5252 1230 5313 confessiOne
1259 5261 1399 5328 apud
1454 5263 1632 5316 solum
1685 5252 1854 5318 Deum

254 5324 484 5402 secreto
522 5324 658 5380 facta
690 5325 893 5402 dictum
926 5328 1231 5402 videbatur,
1261 5324 1328 5383 co
1358 5346 1519 5387 sensu
1550 5333 1859 5402 intelligen-

252 5398 417 5474 dum,
463 5408 521 5452 ut
570 5396 732 5474 apud_
768 5400 1111 5474 sacerdotem
1165 5412 1384 5471 quoquo
1413 5405 1530 5474 ipsa
1573 5396 1856 5464 εὐηνίων.

254 5469 374 5527 Hoc
403 5469 462 5524 in
493 5484 554 5525 re
601 5468 934 5543 neADallaeus
970 5468 1193 5543 quidem
1214 5486 1245 5543 a
1270 5468 1449 5530 nobis'
1473 5475 1724 5543 dissidet,
1755 5477 1862 5534 nisi

255 5549 533 5613 quatenus
561 5538 775 5611 publice
820 5538 1002 5596 curaui
1034 5540 1277 5599 Ecclesia
1304 5548 1589 5603 contendit
1614 5538 1864 5607 eamdem

253 5614 671 5683 exoruologesiu
716 5614 832 5669 lieri
859 5613 1137 5669 debuisse.
1166 5614 1301 5671 Cum
1335 5634 1466 5674 vero
1509 5634 1665 5675 suam
1722 5622 1864 5678 lianc

252 5685 625 5762 assertionem
672 5684 886 5762 probari
919 5694 1067 5762 putet
1101 5701 1131 5741 θ
1181 5698 1304 5762 cap:
1340 5686 1407 5745 l0
1435 5692 1660 5762 hujusce
1702 5694 1860 5761 libri;

238 5756 654 5836 'ejus_rationes
689 5757 812 5814 istic
856 5756 1656 5836 ertpeudcnttts;interimquia
1691 5756 1867 5836 paeni-1

254 5828 496 5910 tentlum
528 5829 791 5910 stationes
817 5846 1044 5910 quarum
1094 5828 1322 5910 singulae
1346 5832 1511 5910 variis
1540 5828 1707 5910 liuius
1728 5854 1864 5910 0pc-

251 5905 338 5977 ris
371 5900 513 5989 locis
556 5903 923 5988 attinguntur,
962 5902 1053 5981 bic
1092 5900 1404 5983 iudicantur
1430 5907 1486 5987 in
1516 5900 1862 5995 universum,

1972 4708 2186 4749 mocan.
2233 4705 2658 4763 repraesentare:
2698 4694 3026 4757 Pwnitentes,
3056 4692 3250 4763 inquit,
3276 4692 3328 4763 in
3351 4703 3575 4762 quatuor

1966 4764 2173 4819 ordines
2200 4762 2607 4836 distinguuntur,
2634 4767 2833 4836 ﬂentes,
2862 4762 3171 4829 andientes,‘
3200 4762 3503 4829 substratos,
3530 4773 3578 4818 et

1966 4838 2323 4891 consistentes.
2358 4834 2572 4894 Flentes
2616 4834 2695 4892 illi
2735 4847 2853 4891 sunt
2898 4838 2988 4907 qui
3033 4845 3171 4889 stunt
3201 4844 3345 4889 eatru
3374 4850 3574 4907 portam

1967 4911 2184 4965 oratorii
2205 4950 2219 4972 ,
2250 4919 2298 4964 et
2410 4909 2816 4987 ingredientibus
2842 4921 2891 4964 et
2911 4905 3309 4987 egredientibus
3336 4905 3573 4987 fidelibus

1968 4992 2015 5033 et
2043 4977 2565 5059 prec‘uutsubsiclium
2592 4980 2857 5059 postulant
2877 5023 2891 5048 ,
2913 4977 3187 5052 et'peccuti
3240 4977 3577 5059 condonqtio-

1966 5048 2104 5130 nent.
2137 5053 2414 5130 Audientes
2434 5051 2517 5107 illi
2544 5048 2771 5130 suntqui
2799 5061 2932 5130 stant
2954 5048 3098 5130 eiuro
3121 5061 3347 5123 portant.
3378 5050 3443 5130 in.
3459 5048 3573 5100 loco

1969 5124 2057 5193 qui
2084 5124 2302 5179 narum:
2317 5128 2530 5189 dicitur,
2564 5133 2613 5179 et
2627 5124 2826 5177 divinus
2856 5125 3159 5193 Scripturns
3187 5124 3573 5193 communisque

1968 5191 2219 5271 doctrinm
2230 5198 2623 5271 explicationem
2645 5194 2894 5271 audiunt,
2918 5208 2963 5249 et
2982 5191 3170 5271 postea
3196 5191 3571 5271 curncatrcttu-

1968 5267 2130 5321 inertis
2165 5260 2369 5343 exeunt.
2416 5267 2680 5324 Substruti
2706 5284 2823 5322 vero
2870 5260 3571 5343 suntquiiutrnglt'cclesiant

1968 5349 2134 5403 stunt,
2168 5334 2257 5393 sed
2290 5350 2399 5413 post
2454 5343 2762 5415 umbonem,
2799 5340 2997 5415 ipsique
3025 5329 3138 5388 cum
3195 5329 3572 5415 catecltuntenis

1967 5418 2176 5475 exeunt,
2202 5403 2318 5465 cunt
2343 5412 2568 5466 solemne
2596 5409 2730 5464 illud
2754 5427 2771 5463 :
2801 5403 3139 5475 Quicumque
3157 5403 3533 5458 catecltutncui
3552 5444 3570 5471 ,

1966 5497 1999 5555 tt
2017 5482 2256 5555 diacono
2276 5484 2656 5555 promulgatur.
2685 5482 3031 5555 Consistentes
3053 5476 3270 5544 denique
3299 5490 3417 5527 cum
3440 5476 3572 5545 ﬁde-

1965 5554 2097 5607 libus
2144 5551 2421 5624 precantur
2446 5551 2495 5608 et
2527 5555 2752 5624 psallunt
2782 5569 2799 5605 .'
2830 5551 2918 5624 sed
2942 5560 3106 5603 tamen
3130 5554 3422 5600 sanctorum
3446 5565 3568 5617 pur-

1966 5621 2265 5691 ticipat—ioue
2299 5621 2639 5701 abstineu'tur,
2675 5623 2839 5701 donec
2867 5621 3041 5692 elapso
3076 5631 3315 5701 (culpare
3351 5626 3564 5701 statuto,

1966 5698 2156 5753 divinat
2182 5699 2557 5752 communionis
2586 5693 2829 5771 perfectio
2848 5690 3244 5771 _eos_'ea:‘ccperi't.
3278 5690 3403 5771 llaec
3436 5690 3565 5771 ille:

1964 5784 2139 5842 quem
2172 5769 2295 5842 quin
2352 5785 2466 5825 retu
2517 5758 2761 5833 omnium
2811 5758 3121 5819 clarissime
3174 5758 3432 5835 explicat,
3482 5763 3569 5833 hic

1964 5838 2374 5915 exscripsimus.
