4042 6294
446 291 545 347 511

1798 290 2044 348 SANCTI
2084 290 2411 349 AMBROSII

3645 284 3743 341 Si!

442 403 594 460 ueni?
639 401 753 462 lloc
812 415 928 473 est,
977 408 1161 465 veniat
1190 415 1532 480 peccatorum
1563 405 1833 472 remissio,
1866 405 2048 461 veniat
2075 411 2127 470 Α
2151 420 2256 477 qua
2277 404 2370 461 ille
2396 404 2487 475 qtti
2517 402 2697 462 fuerat
2725 412 2995 472 mortuus,
3029 418 3169 460 unus
3195 399 3749 459 interdiscumbwtes

436 498 836 581 defunctorum
866 502 976 558 vita
997 545 1013 569 ,
1044 513 1378 559 mortuorum
1417 501 1766 567 resurrectio,
1790 499 1974 556 veniat
1999 507 2053 555 et
2153 516 2277 557 cum
2307 499 2527 556 Christo
2555 500 2853 555 invenitur.

450 596 504 653 in
550 591 698 649 hunc
729 605 1075 666 peccatorem
1102 612 1327 667 regnum
1362 606 1533 651 tuum.

523 688 616 747 56.
656 687 880 757 Veniet,
909 698 965 746 et
1003 690 1172 745 levari
1214 689 1443 761 lapidem
1465 687 1706 760 iubebit,
1739 701 1899 758 quem
1946 701 2058 742 cer-

450 781 663 839 vicibus
703 784 1003 854 peccatoris
1045 783 1229 855 lapsus
1257 783 1531 853 imposuit.
1562 780 1746 837 Potuit
1772 795 2058 837 removere

452 875 690 946 lapidem
740 876 971 947 imperio
1017 876 1329 942 sermonis;
1372 874 1589 947 jubenti
1644 874 1791 931 enim
1838 873 2059 930 CltriSto

457 967 621 1023 etiam
675 967 1013 1024 insensibilis
1063 968 1200 1023 solet
1256 978 1450 1023 natura
1513 967 1788 1024 obedire:
1848 976 2063 1038 poterat

445 1063 623 1118 tacita
651 1062 702 1117 vi
732 1061 1071 1132 operationis
1096 1062 1324 1118 occulta:
1347 1065 1646 1118 transferre
1663 1078 1852 1117 saxum
1880 1058 2067 1132 sepul-

462 1156 544 1211 cri
595 1155 650 1211 in
682 1155 843 1227 cujus
878 1148 1132 1227 passione
1182 1155 1605 1236 remotis‘bas
1632 1157 1816 1213 subito
1869 1157 2065 1230 lapidi-

464 1248 596 1316 bus,
638 1248 871 1327 plurima
900 1248 1277 1305 defunctorum
1323 1252 1577 1321 sepulcra
1606 1258 1898 1321 patuerunt
1926 1266 1948 1312 ε,
1969 1248 2064 1306 sed

465 1341 960 1412 ltominibusjttssit
982 1353 1038 1398 ut
1069 1355 1411 1400 removerent
1449 1344 1725 1416 lapidem;
1755 1344 1808 1399 in
1839 1344 2068 1400 veritate

462 1434 683 1508 quidem
712 1477 727 1501 ,
776 1446 837 1491 ut
868 1436 1133 1492 increduli
1191 1436 1484 1493 crederent
1512 1436 1656 1508 quod
1696 1437 1986 1503 videbant,
2016 1444 2071 1491 et

462 1528 774 1599 aspicerent
822 1538 1204 1601 resurgentem
1250 1540 1566 1586 mortuum:
1600 1532 1654 1585 in
1697 1539 1825 1602 typo
1862 1541 2065 1596 autem,

461 1622 607 1693 quod
638 1621 799 1677 nobis
845 1621 1075 1679 donaret
1101 1633 1160 1677 ut
1189 1624 1496 1680 levaremus
1525 1623 1848 1680 delictorum
1876 1640 2068 1694 onera,

465 1714 638 1771 moles
662 1714 924 1787 quasdam
957 1731 1198 1773 reorum.
1254 1715 1511 1773 Nostrum
1544 1729 1630 1772 est
1672 1733 1841 1775 onera
1890 1732 2067 1773 remo-

2227 595 2320 651 6l.
2344 593 2498 651 Tunc
2539 594 2809 651 mirantur
2833 608 3025 650 omnes
3065 593 3158 664 qui
3198 592 3386 648 vident
3417 606 3555 663 puro
3573 591 3756 662 utique

2156 687 2348 744 obtutu
2381 688 2603 755 mentis,
2635 688 2727 758 qui
2755 686 3126 743 inviderenon
3167 695 3409 751 norunt;
3440 684 3577 740 tales
3613 682 3757 739 enim

2162 782 2400 838 Ecclesia
2431 782 2571 836 filios
2614 780 2797 837 habet.
2832 780 3118 847 Mirantur,
3143 788 3204 835 ut
3224 778 3337 834 dixi
3366 776 3641 850 quomodo
3666 775 3760 832 ille

2161 878 2249 947 qui
2276 876 2495 947 jacebat
2518 877 2570 931 in
2592 876 2805 931 tumulo
2833 875 2947 931 lteri
2975 884 3031 930 et
3047 872 3449 929 nudiustertius
3474 870 3658 941 (Mitt,
3678 867 3759 941 5),

2164 986 2304 1025 unus
2329 971 2403 1025 sit
2429 970 2496 1025 de
2521 970 2993 1026 discumbentibus
3024 983 3148 1023 cum
3178 967 3417 1023 Domino
3435 965 3589 1022 Jesu.

2235 1063 2327 1118 62.
2369 1063 2488 1134 lpsa
2512 1062 2679 1119 Maria
2710 1062 2879 1117 mittit
2914 1072 3247 1134 unguentum
3276 1062 3332 1117 in
3362 1060 3531 1139 pedes
3558 1058 3762 1114 Domini

2164 1158 2309 1214 Jesu.
2336 1157 2461 1213 ldeo
2478 1157 2617 1213 forte
2635 1158 2687 1213 in
2715 1157 3044 1228 pedes,quia
3071 1171 3213 1212 unus
3231 1155 3300 1211 de
3330 1154 3535 1210 inﬁmis
3551 1161 3768 1223 ereptus

2167 1263 2251 1307 est
2275 1253 2473 1318 morti;
2505 1266 2696 1307 omnes
2725 1252 2875 1307 enim
2914 1265 3114 1320 corpus
3155 1248 3359 1305 Christi
3409 1263 3629 1316 sumus,
3672 1245 3766 1301 sed

2168 1343 2260 1399 alii
2311 1343 2453 1399 forte
2493 1344 2781 1415 superiora
2813 1342 3052 1399 membra
3082 1351 3208 1398 sunt
3229 1338 3437 1412 (l_Cor.
3466 1356 3527 1405 ι,
3561 1338 3672 1410 17).
3694 1337 3772 1394 Os

2169 1446 2289 1493 erat
2324 1436 2529 1493 Christi
2572 1436 2897 1507 Apostolus,
2925 1435 3017 1506 qui
3062 1434 3327 1490 dicebat:
3358 1432 3773 1503 Experith

2170 1532 2398 1602 quwritis
2410 1534 2547 1604 ejus,
2576 1532 2664 1601 qui
2686 1531 2742 1585 in
2764 1546 2843 1585 me
2871 1529 3098 1602 loquitur
3121 1528 3360 1584 Christus
3382 1526 3402 1601 (
3426 1527 3467 1582 ll
3494 1524 3617 1582 Cor.
3642 1541 3738 1581 xm
3754 1567 3772 1590 ,

2173 1622 2253 1693 3).
2279 1622 2447 1696 530
2482 1624 2556 1679 0s
2592 1624 2712 1694 ejus
2760 1622 3039 1693 propheta:
3063 1664 3078 1689 ,
3118 1637 3221 1694 per
3261 1635 3403 1693 quos
3445 1618 3775 1692 loquebatur

2176 1715 2355 1772 futura
2381 1735 2393 1770 :
2425 1718 2631 1772 utinam
2655 1725 2710 1772 et
2737 1731 2841 1788 ego
2871 1730 2968 1786 pes
2994 1716 3113 1786 ejus
3140 1729 3264 1773 esse
3300 1729 3538 1780 merear,
3565 1723 3622 1769 et
3645 1716 3778 1768 mit-

466 1822 617 1874 vere;
652 1808 799 1864 illius
826 1817 911 1865 est
938 1809 1289 1879 resuscitare,
1323 1810 1465 1867 illius
1491 1810 1727 1869 educere
1770 1811 1839 1868 de
1888 1811 2071 1882 sepul-
2102 1810 2251 1872 Btat
2293 1810 2344 1865 in
2386 1825 2493 1881 Ame
2543 1810 2711 1866 Maria
2755 1820 3090 1882 unguentum
3138 1824 3298 1865 suum
3358 1807 3687 1880 pretiosum.
3722 1816 3782 1862 et

465 1903 576 1960 cris
599 1910 626 1941 α
655 1912 847 1960 exutos
871 1902 1130 1961 vinculis.

540 2000 635 2056 57.
677 1999 882 2057 Videas
918 2001 1103 2073 itaque
1130 2017 1299 2074 grave
1329 2018 1468 2058 onus
1491 2002 1817 2075 peccatoris,
1851 2002 2074 2073 illacry-

471 2105 586 2151 mat
616 2095 877 2152 Dominus
907 2095 1097 2164 lesus;
1137 2099 1308 2153 solam
1356 2099 1500 2155 enim
1547 2097 1681 2154 llere
1719 2113 1829 2153 non
1872 2098 2076 2168 patitur

468 2189 793 2246 Ecclesium.
824 2190 1168 2262 Compatitur
1194 2192 1412 2249 dilecta:
1441 2208 1554 2248 suae
1574 2234 1591 2261 ,
1624 2203 1680 2249 et
1723 2192 1858 2249 dicit
1881 2193 2076 2249 defun-

469 2289 561 2335 cto
589 2298 605 2335 :
642 2280 773 2336 Veni
798 2285 942 2353 [oras
968 2281 1167 2353 (Joan.
1201 2299 1277 2350 ιι,
1308 2284 1427 2355 45),
1459 2284 1561 2339 hoc
1586 2293 1673 2340 est
1700 2301 1714 2337 :
1746 2283 1774 2322 δ
1798 2284 1900 2352 Qui
1924 2284 2075 2355 jaces

471 2375 529 2429 in
549 2374 794 2431 tenebris
818 2377 1165 2433 conscientiae
1181 2418 1198 2444 ,
1231 2387 1288 2435 et
1315 2377 1644 2435 delictorum
1666 2390 1880 2435 tuorum
1905 2379 2078 2435 sordi-

364 2498 371 2504 -
472 2468 610 2536 bus,
653 2469 888 2540 quodam
919 2486 1137 2528 reorum
1162 2487 1416 2540 carcere,
1466 2473 1551 2529 exi
1603 2473 1773 2542 foras,
1819 2472 2074 2530 delictum

472 2555 757 2629 proprium
787 2560 988 2631 prode,
1025 2573 1085 2618 ut
1109 2562 1464 2635 justificeris:
1511 2563 1616 2621 Ore
1654 2567 1789 2621 enim
1824 2566 2080 2638 confessio

470 2650 532 2721 fit
551 2650 622 2705 ad
647 2651 865 2707 salutem
892 2653 1069 2724 (Rom.
1104 2672 1158 2721 ι,
1198 2658 1309 2740 10).

544 2743 635 2799 58.
683 2756 704 2783 ο
735 2744 791 2801 Si
811 2745 1096 2804 confessus
1118 2749 1316 2818 fueris,
1345 2767 1376 2806 a
1404 2749 1624 2807 Christo
1650 2762 1898 2820 vocatus,
1932 2751 2079 2807 clau-

468 2846 582 2893 stra
612 2849 967 2907 rumpentur,
999 2852 1053 2897 et
1081 2844 1264 2899 omnia
1316 2845 1600 2900 solventur
1639 2845 1872 2911 vincula,
1913 2845 2078 2899 etiam

471 2931 520 2986 si
542 2932 869 3003 corruptela:
897 2948 1177 3005 corporea:
1208 2936 1345 2992 letor
1373 2938 1555 3008 gravis
1596 2937 1687 2992 sit.
1716 2937 2076 3005 Quatriduum

473 3021 620 3078 enim
649 3024 881 3082 habebat
913 3025 1028 3094 ille,
1052 3026 1211 3098 cujus
1247 3029 1445 3084 fetebat
1469 3029 1523 3083 in
1548 3030 1755 3085 tumulo
1785 3044 1913 3085 caro
1939 3047 1950 3082 :
1985 3045 2081 3085 cu-

463 3116 553 3186 jus
584 3125 766 3172 autem
805 3132 933 3173 caro
967 3132 1075 3173 non
1111 3118 1245 3174 vidit
1282 3120 1726 3190 corruptionem,
1768 3119 1948 3175 triduo
1979 3118 2081 3175 fuit

2179 1912 2364 1976 ungat,
2393 1914 2448 1960 et
2473 1912 2753 1974 peccatum
2775 1906 3060 1975 extergat!

2249 1998 2336 2054 65.
2372 1997 2541 2071 [Alias
2568 2014 2687 2071 cap.
2722 1996 2881 2071 νηί.)
2906 1996 3064 2066 Quod
3090 1997 3254 2068 igitur
3297 1995 3369 2053 de
3401 1995 3608 2051 Lazaro
3646 1993 3785 2065 legi-

2178 2105 2332 2154 mus,
2389 2092 2443 2147 in
2491 2095 2826 2163 unoquoque;
2863 2091 3126 2147 debemus
3169 2103 3439 2144 converso
3494 2096 3783 2159 peccatore

2176 2183 2435 2241 credere:
2494 2184 2587 2256 qui
2640 2184 2765 2240 licet
2810 2182 3039 2240 fetorem
3083 2182 3332 2247 habeat,
3376 2189 3557 2235 tamen
3597 2176 3622 2216 ἀ
3656 2177 3785 2233 lidei

2180 2278 2421 2348 pretioso
2463 2278 2794 2334 emundatur
2821 2286 3133 2347 unguento:
3163 2286 3374 2333 tantum
3397 2275 3542 2330 enim
3592 2274 3787 2346 gratiae

2179 2372 2316 2429 tides
2345 2374 2531 2439 habet,
2553 2383 2610 2428 ut
2648 2373 2742 2428 ubi
2771 2381 2899 2428 ante
2928 2372 3075 2427 diem
3110 2370 3315 2427 fetebat
3356 2379 3629 2435 mortuus,
3663 2366 3782 2422 illic

2176 2466 2323 2523 bono
2350 2466 2520 2524 odore
2546 2476 2656 2522 tota
2688 2466 2969 2538 repleatur
2995 2465 3214 2521 domus.

2249 2560 2340 2616 61.
2384 2559 2610 2618 Fetebat
2656 2560 2935 2616 Corinthia
2981 2559 3214 2625 domus,
3266 2558 3486 2630 quando
3517 2555 3784 2625 scriptum

2178 2664 2262 2711 est
2287 2654 2355 2711 de
2380 2670 2443 2709 ea
2471 2672 2481 2706 :
2513 2653 2736 2709 Auditur
2759 2654 2891 2708 inter
2917 2668 3004 2708 uos
3036 2652 3317 2724 fornicatio
3339 2692 3354 2717 ,
3376 2659 3427 2704 et
3468 2648 3590 2703 talis
3617 2647 3785 2718 [orni-

2178 2751 2333 2817 catio,
2362 2751 2530 2822 qualis
2560 2767 2650 2805 nec
2673 2751 2806 2805 inter
2833 2757 3003 2822 gentes
3031 2747 3073 2817 (1
3101 2745 3224 2802 Cor.
3258 2761 3317 2813 v,
3346 2743 3426 2817 1).
3452 2742 3613 2799 Felor
3640 2751 3784 2805 erat,

2179 2846 2302 2917 quia
2331 2846 2602 2901 modicum
2635 2844 2962 2900 fermentum
2995 2850 3162 2897 totam
3190 2853 3429 2896 massam
3445 2844 3784 2907 corruperat.

2180 2936 2360 3007 Coepit
2386 2937 2525 2992 bene
2552 2935 2723 3003 olere,
2746 2933 3143 2991 cumdicitur:
3175 2931 3237 2988 Si
3261 2932 3343 2986 cui
3365 2928 3490 3000 quid
3532 2928 3783 2990 donastis,

2180 3039 2228 3083 et
2243 3045 2359 3099 ego.
2398 3027 2535 3085 Nam
2556 3039 2601 3083 et
2624 3045 2718 3101 ego
2734 3027 2870 3099 quod
2892 3027 3079 3082 donavi
3099 3069 3113 3089 .
3152 3033 3362 3098 propter
3387 3039 3476 3078 vos
3495 3022 3547 3076 in
3565 3036 3787 3092 persona

2182 3121 2376 3179 Christi
2426 3123 2496 3197 (ll
2523 3122 2643 3178 Cor.
2679 3138 2739 3189 ll,
2770 3119 2884 3195 l0).
2914 3122 3134 3194 Itaque.
3191 3120 3425 3176 liberato
3464 3124 3786 3189 peccatore.

471 3208 526 3263 in
558 3209 828 3279 sepulcro;
859 3213 1042 3265 carnis
1071 3212 1219 3265 enim
1261 3211 1389 3266 vitia
1420 3210 1671 3279 nescivit,
1696 3226 1818 3282 quae
1857 3227 1926 3268 ex
1954 3226 2084 3282 qua-
2112 3209 2157 3272 C
2189 3217 2391 3275 factum
2435 3225 2520 3274 est
2558 3217 2701 3301 inea
2731 3216 2991 3288 gaudium
3021 3230 3296 3287 magnum,
3330 3226 3386 3271 et
3414 3210 3649 3268 redoluit
3687 3210 3787 3264 do-

470 3307 595 3356 tuor
638 3313 851 3359 constat
898 3304 1296 3359 elementorum
1330 3303 1669 3360 substantiis.
1703 3304 2084 3374 Quantuslihet

472 3409 605 3466 ergo
641 3395 747 3469 (De
796 3396 1014 3463 Ρωηίι..
1048 3400 1170 3455 dist.
1207 3415 1244 3465 ι,
1267 3416 1385 3471 cap.
1420 3398 1814 3473 Quanluslibet)
1886 3399 2083 3455 mortui

474 3490 619 3547 fetor
662 3492 751 3560 sit,
811 3493 1061 3549 aboletur
1094 3494 1305 3561 omnis,
1355 3495 1445 3550 ubi
1495 3511 1709 3551 sacrum
1756 3495 2086 3552 redoleverit

475 3594 810 3655 unguentum
838 3603 850 3639 :
876 3596 932 3642 et
959 3589 1202 3660 resurgit
1230 3587 1546 3656 defunctus,
1580 3598 1637 3646 et
1666 3591 1807 3646 solvi
1826 3590 2086 3661 jubentur

477 3678 601 3748 ejus
632 3678 866 3745 vincula,
899 3682 987 3750 qui
1016 3681 1196 3737 adhuc
1219 3682 1272 3736 in
1299 3693 1521 3752 peccato
1546 3692 1632 3739 est
1658 3702 1672 3740 :
1706 3682 1915 3740 tollitur
1942 3684 2086 3740 vela.

478 3786 604 3827 tnen
636 3770 704 3827 de
727 3773 863 3827 facie
891 3774 1031 3843 ejus,
1056 3775 1201 3846 quod
1226 3777 1509 3833 veritatem
1534 3778 1725 3848 gratia:
1746 3793 1905 3849 quam
1933 3793 2089 3835 acce-

482 3874 674 3938 perat,
703 3865 1083 3923 obumbrabat.
1142 3868 1250 3926 Sed
1297 3871 1421 3942 quia
1462 3873 1617 3927 venia
1669 3871 1903 3928 donatus
1964 3879 2085 3936 est,

481 3957 730 4015 revelare
762 3957 979 4028 faciem,
1011 3962 1228 4033 aperire
1260 3963 1471 4019 vultum
1497 3966 1762 4033 jubetur:
1793 3979 1900 4019 non
1926 3962 2089 4020 habet

478 4055 626 4111 enim
682 4055 826 4128 quod
865 4058 1190 4125 erubescat,
1221 4061 1307 4115 cui
1343 4070 1627 4130 peccatum
1663 4060 1953 4117 remissum
1981 4068 2085 4114 est.

553 4148 643 4205 59.
684 4147 743 4204 ln
777 4158 927 4205 tanta
966 4167 1096 4207 vero
1140 4152 1356 4207 Domini
1388 4154 1582 4225 gratia,
1614 4162 1876 4223 tantoque
1921 4153 2089 4210 divini

481 4242 726 4298 muneris
763 4243 1051 4311 miraculo,
1083 4259 1206 4301 cum
1253 4255 1531 4318 oporteret
1561 4245 1847 4303 universos
1895 4247 2091 4314 laetari,

390 4327 398 4333 ’
480 4336 971 4393 commovebantur
1000 4338 1177 4410 impii,
1208 4350 1262 4397 et
1295 4340 1559 4396 adversus
1587 4338 1868 4396 Christum
1910 4342 2094 4397 conci-

485 4426 619 4484 lium
682 4431 1133 4500 congregabant:
1180 4433 1448 4491 Lazarum
1504 4448 1723 4507 quoque
1779 4433 2095 4492 interficere

489 4521 747 4578 volebant
773 4521 958 4593 (Joan.
991 4540 1067 4590 XI,
1094 4526 1210 4595 47).
1257 4525 1450 4582 Nonne
1497 4527 1694 4583 merito
1721 4540 1913 4582 eorum
1964 4540 2091 4583 suc-

2184 3326 2307 3368 mus
2357 3320 2470 3367 tota
2525 3312 2795 3367 suavitate
2850 3311 3062 3382 gratias.
3127 3309 3287 3368 Unde
3343 3308 3481 3364 bene
3534 3304 3788 3362 conscius

2184 3406 2484 3477 Apostolus
2525 3404 2667 3476 quod
2699 3419 2891 3461 omnes
2922 3403 3250 3474 Apostolicte
3286 3401 3624 3458 remissionis
3666 3413 3793 3470 per-

2184 3498 2417 3556 fudisset
2443 3508 2743 3570 unguento.
2771 3498 2848 3553 ait
2874 3515 2887 3552 :
2921 3496 3116 3553 Christi
3139 3497 3299 3552 bonus
3324 3495 3453 3551 odor
3474 3508 3648 3548 sumus
3680 3490 3789 3546 Deo

2184 3590 2240 3646 in
2260 3591 2362 3657 his,
2392 3592 2476 3661 qui
2498 3592 2626 3646 salui
2648 3591 2779 3661 ﬁunt
2804 3587 2995 3663 (Ibid.,
3034 3589 3147 3661 15).

2259 3682 2351 3739 65.
2392 3682 2562 3754 Hujus
2609 3683 2774 3753 igitur
2803 3682 3068 3738 effusione
3099 3681 3355 3751 unguenti
3384 3680 3636 3735 laetantur
3670 3691 3788 3731 om-

2187 3791 2306 3844 nes,
2351 3777 2500 3832 solus
2518 3776 2687 3832 ludas
2727 3775 3057 3832 contradicit
3089 3773 3275 3847 (Joan.
3306 3789 3407 3838 su,
3432 3772 3511 3843 4).
3543 3770 3687 3842 Ergo
3729 3781 3787 3824 et

2190 3885 2335 3928 nunc
2361 3871 2455 3942 qui
2484 3872 2872 3941 prazvaricator
2898 3876 3003 3933 est,
3039 3865 3388 3930 contradicit;
3420 3862 3790 3936 reprehendit,

2187 3966 2279 4037 qui
2322 3963 2568 4035 proditor
2599 3981 2613 4017 :
2648 3962 2743 4019 sed
2785 3979 2814 4017 a
2842 3960 3063 4018 Christo
3092 3961 3208 4031 ipse
3237 3958 3678 4031 reprehenditur,
3702 3958 3791 4026 qui

2190 4057 2489 4114 Dominica:
2509 4056 2813 4113 remedium
2841 4054 3034 4112 mortis
3060 4055 3292 4126 ignorat,
3326 4061 3386 4109 et
3405 4061 3570 4108 tanta:
3595 4058 3791 4123 myste-

2188 4151 2331 4211 rium
2356 4153 2652 4223 sepulturae
2684 4167 2791 4206 non
2816 4151 3088 4222 intelligit.
3120 4148 3247 4205 Ideo
3269 4149 3416 4204 enim
3439 4157 3493 4203 et
3524 4159 3713 4218 passus
3741 4156 3795 4201 et

2190 4255 2440 4302 mortuus
2505 4254 2590 4300 est
2638 4243 2901 4300 Dominus
2924 4283 2941 4310 ,
2986 4253 3044 4296 ut
3080 4256 3180 4296 nos
3208 4240 3502 4297 redimeret
3538 4255 3567 4293 a
3596 4246 3792 4294 morte.

2192 4339 2310 4397 Hoc
2348 4338 2861 4397 excellentissimum
2902 4335 3104 4393 indicat
3134 4335 3368 4405 pretium
3416 4347 3530 4389 sua:
3576 4330 3791 4397 mortis,

2191 4448 2303 4505 quo
2326 4443 2579 4506 peccator
2612 4431 2931 4496 absolvitur,
2959 4436 3016 4485 et
3047 4429 3100 4484 in
3126 4442 3323 4483 novam
3350 4426 3644 4482 assumitur
3672 4439 3793 4495 gra-

2195 4526 2366 4591 tiam;
2404 4533 2465 4580 ut
2494 4521 2714 4578 veniant
2756 4531 2811 4577 et
2841 4523 3109 4575 mirentur
3133 4533 3326 4574 omnes
3351 4515 3625 4590 quomodo
3675 4531 3795 4571 eum

485 4629 740 4672 cessores
772 4632 866 4672 vos
887 4617 1003 4685 fore
1034 4622 1388 4693 cognoscitis,
1417 4637 1650 4693 quorum
1673 4621 1893 4678 duritiae
1922 4623 2094 4679 Itaare-
2119 4603 2174 4663 Ῑ)
2197 4616 2419 4673 Christo
2448 4613 2753 4679 recumbat,
2783 4621 2839 4667 et
2863 4611 3150 4668 laudantes
3179 4611 3374 4679 Deum,
3397 4605 3615 4666 dicant:
3648 4606 3800 4662 Han-

484 4707 583 4764 des
609 4711 744 4767 estis
772 4710 955 4784 (Joan.
989 4729 1085 4781 stt,
1119 4715 1251 4788 10)?
1295 4715 1429 4771 Nam
1476 4726 1530 4772 et
1569 4732 1667 4772 vos
1711 4715 2092 4788 indignamini,

486 4810 544 4859 et
559 4815 747 4860 contra
768 4804 1070 4863 Eeclesiam
1089 4810 1442 4880 congregatis
1461 4808 1781 4877 concilium;
1802 4810 1926 4880 quia
1951 4810 2101 4866 vide-

487 4896 557 4953 tis
584 4910 831 4957 mortuos
869 4901 924 4957 in
957 4901 1202 4959 Ecclesia
1248 4902 1614 4969 reviviscere,
1656 4912 1711 4958 et
1746 4915 2094 4974 peccatorum

489 4991 699 5048 indulta
735 4995 891 5050 venia
923 4996 1258 5052 resuscitari.
1295 4996 1481 5067 itaque
1518 4995 1665 5069 quod
1709 4997 1763 5051 in
1805 4997 1963 5054 vobis
1991 5008 2096 5066 est,

491 5103 588 5159 per
620 5089 878 5146 invidiam
909 5105 1102 5146 rursus
1132 5091 1293 5146 vultis
1322 5091 1635 5148 interficere
1657 5095 1966 5149 suscitatos.

566 5182 655 5238 60.
691 5182 797 5241 Sed
829 5183 990 5240 Jesus
1012 5200 1119 5239 non
1139 5195 1358 5239 revocat
1381 5184 1671 5250 beneficia,
1690 5185 1854 5241 immo
1871 5187 2097 5241 cumulo

499 5275 846 5333 liberalitatis
892 5275 1229 5349 amplificat:
1287 5277 1481 5332 revisit
1528 5277 1763 5334 sollicite
1798 5280 2098 5335 resuscita-

495 5379 645 5437 tum,
692 5381 749 5428 et
802 5370 1095 5428 celebrata:
1141 5370 1562 5427 resurrectionis
1607 5371 1779 5441 gratia
1835 5373 1989 5428 la'tus
2030 5372 2098 5428 ad

494 5475 710 5519 orenam
752 5466 935 5534 venit,
964 5479 1127 5537 quam
1159 5464 1209 5522 ei
1239 5479 1335 5519 sua
1368 5465 1698 5535 praeparavit
1744 5465 2008 5533 Ecclesia,
2043 5467 2095 5523 in

573 5630 599 5697 ξι
642 5623 769 5697 ._\lss.
801 5625 1034 5697 aliquot,
1056 5634 1240 5680 exutos
1261 5622 1507 5694 pondere.

572 5691 599 5730 δ
641 5694 714 5748 Ita
764 5691 910 5751 mss;
940 5691 1027 5753 ad
1053 5691 1269 5763 unum;
1308 5709 1502 5750 omnes
1545 5693 1679 5749 edit.
1725 5709 1757 5749 e
1795 5695 2098 5750 contrario.

559 5763 647 5839 uid
701 5766 964 5839 iaces...“
992 5769 1243 5837 quodam
1286 5782 1491 5824 reorum
1541 5765 1910 5825 carcereiExi
1936 5766 2099 5839 foras.

564 5834 728 5891 initnc
760 5834 924 5893 etiam
952 5834 1113 5894 male.

2194 4708 2439 4763 ducemus
2468 4714 2515 4760 et
2535 4705 2823 4775 epulemur;
2845 4704 2967 4775 quia
2986 4703 3071 4759 hic
3095 4715 3331 4760 mortuus
3357 4711 3490 4768 erat,
3512 4711 3560 4755 et
3580 4699 3761 4754 rerixit
3779 4715 3800 4753 :

2197 4801 2447 4872 perierat,
2479 4808 2527 4853 et
2554 4798 2793 4853 inventus
2827 4807 2902 4852 est
2931 4795 3084 4868 (Luc.
3120 4811 3214 4860 xv,
3244 4794 3371 4869 24).
3393 4795 3450 4850 Si
3473 4794 3593 4865 quis
3616 4800 3798 4847 autem

2198 4892 2439 4948 infidelis
2474 4889 2768 4961 objecerit,
2800 4905 2970 4959 quare
2994 4904 3118 4945 cum
3150 4887 3449 4960 publicanis
3480 4894 3536 4942 et
3556 4891 3803 4957 peccato-

2198 4985 2350 5041 ribus
2375 4981 2685 5049 manducat;
2720 4982 3087 5053 respondetur
3113 4982 3161 5037 ei
3187 4998 3201 5036 :
3238 4978 3361 5035 Non
3391 4996 3521 5052 opus
3559 4987 3631 5032 est
3660 4977 3802 5032 sanis

2200 5077 2448 5145 medicus,
2479 5076 2568 5131 sed
2606 5075 2689 5130 his
2708 5075 2798 5147 qui
2824 5074 2961 5130 male
2991 5073 3175 5130 habent
3203 5073 3420 5147 (Matth.
3450 5088 3526 5141 ts,
3546 5069 3658 5141 19).

2797 5233 3027 5291 CAPUT
3060 5232 3190 5290 Vlll.

2203 5376 2285 5431 Ad
2331 5374 2702 5446 confessionem
2744 5380 2792 5427 et
2829 5372 3087 5443 laerymas
3138 5383 3323 5443 urgere
3372 5380 3584 5439 pergens
3627 5364 3702 5416 ad
3757 5380 3813 5417 se

2276 5468 2519 5524 conuertit
2559 5467 2867 5523 orationem.
2913 5463 2980 5519 Et
3022 5464 3108 5519 ubi
3137 5461 3447 5535 signiﬁcavit
3493 5456 3812 5513 desiderium

2284 5637 2308 5664 α
2349 5608 2610 5680 Nonnulli
2641 5639 2800 5689 mss.,
2835 5622 2897 5679 Si
2925 5626 3199 5676 conversus
3225 5618 3408 5690 fueris.

2278 5694 2305 5733 ἀ
2345 5695 2548 5753 Omnes
2579 5697 2714 5752 edit.
2763 5686 2829 5750 ac
2872 5709 3004 5750 mss.
3066 5686 3346 5757 nonnulli,
3397 5686 3521 5763 ﬁdei
3570 5687 3818 5763 pretiosa:

2207 5767 2508 5896 intendatur
2564 5777 2825 5837 unguento
2857 5782 2875 5823 :
2917 5763 3222 5838 elegantius
3260 5752 3447 5819 caite'ri
3485 5752 3619 5816 mss.
3649 5768 3713 5813 ut
3759 5752 3814 5813 in

2233 5848 2381 5895 exttt.

2233 5848 2381 5895 exttt.
