4042 6294
509 273 611 330 519

1865 269 2112 328 SANCTI
2150 269 2477 329 AMBROSII
3691 267 3776 325 ω

504 387 705 446 homini
745 387 1187 463 satisfaciendum
1227 346 1340 458 sit,
1379 389 1579 446 multos
1621 404 1843 447 necesse
1879 399 1963 447 est
1989 406 2105 446 am-
2133 397 2184 455 Α
2209 390 2436 463 perabat
2467 385 2652 463 '(Psal.
2682 403 2771 457 ct,
2805 387 2935 461 l0);
2982 385 3106 444 ideo
3146 400 3293 442 nunc
3334 384 3557 457 amplius
3587 383 3775 455 gaudet,

504 483 656 551 bias,
695 483 987 549 obsccrcs,
1022 495 1078 540 ut
1103 484 1395 556 dignentur
1423 485 1788 550 intervenire;
1832 485 1896 540 ad
1936 499 2111 554 genua

502 585 557 633 te
594 577 712 648 ipse
757 587 1108 649 prosternas,
1152 577 1417 634 osculeris
1445 576 1674 649 vestigia
1697 618 1711 641 ,
1743 576 1886 632 filios
1914 576 2112 633 oll'eras

502 667 677 739 cnlpre
713 667 891 724 adhuc
930 667 1149 739 ignaros
1176 711 1191 735 ,
1229 676 1472 740 paterna:
1512 669 1673 725 ctiam
1715 668 1885 724 veniae
1926 682 2114 738 preca-

506 760 697 818 tores?
730 758 897 834 533
933 760 1046 817 Hoc
1073 777 1203 831 ergo
1235 762 1285 816 iu
1321 760 1567 818 Ecclesia
1595 760 1774 817 facere
1800 760 2029 826 fastidis,
2057 767 2116 815 ut

506 854 621 911 Deo
643 855 916 925 supplices
941 895 957 921 ,
996 864 1055 910 ut
1087 855 1443 926 patrocinium
1478 853 1574 910 tibi
1603 854 1671 910 ad
1713 850 2112 910 obsecrantium

503 958 708 1005 sanctzc
748 948 924 1020 plebis
959 948 1242 1020 requiras;
1292 946 1384 1002 tibi
1428 946 1562 1002 nihil
1607 955 1694 1002 est
1728 946 1873 1018 quod
1914 944 2113 1018 pudori

504 1057 629 1100 esse
654 1040 849 1098 debeat
877 1082 894 1109 ,
927 1040 1032 1097 nisi
1064 1057 1170 1097 non
1201 1040 1378 1109 fateri,
1409 1056 1534 1098 cum
1563 1054 1755 1096 omnes
1784 1040 1956 1096 simus
1990 1055 2117 1109 pec-

505 1146 719 1192 catores
769 1151 784 1190 :
834 1133 923 1190 ubi
975 1134 1068 1191 ille
1122 1133 1485 1202 laudabilior,
1534 1135 1625 1205 qui
1680 1133 1973 1201 humilior;
2025 1133 2117 1190 ille

502 1228 725 1300 iustior,
753 1230 845 1299 qui
871 1228 975 1284 sibi
1004 1228 1291 1299 abiectior.

579 1322 670 1379 92.
714 1322 866 1379 Fleat
900 1338 998 1393 pro
1038 1330 1091 1379 te
1127 1321 1251 1395 (De
1284 1321 1476 1379 Paenit.
1504 1366 1519 1391 ,
1561 1324 1685 1379 dist.
1718 1340 1759 1391 ι,
1790 1340 1907 1393 cap.
1943 1322 2117 1393 Fleat)

2213 484 2339 556 quia
2382 484 2615 555 amplius
2658 483 2809 540 ﬂevit
2840 499 2855 537 :
2889 481 2996 538 Per
3040 482 3212 538 exitus
3250 496 3503 551 aquarum
3535 481 3777 536 descende-

2215 584 2355 641 runt,
2385 575 2580 647 inquit,
2613 575 2754 631 oculi
2778 574 2882 629 mei
2920 572 3095 646 (Psal.
3132 588 3340 639 cxvnt,
3382 571 3527 645 136).

2288 668 2377 725 9‘.
2418 667 2663 725 Joannes
2689 667 2920 724 multum
2946 666 3205 737 ploravit,
3229 675 3285 722 et
3305 665 3541 723 revelata
3560 664 3655 721 sibi
3676 664 3784 721 dicit

2215 758 2417 817 Christi
2439 761 2697 834 mysteria
2718 760 2905 835 (Apoc.
2931 774 2990 826 v,
3007 757 3087 832 4).
3109 752 3180 815 Δὶ
3200 773 3332 814 vero
3353 757 3444 814 illa
3464 757 3668 824 mulier,
3686 772 3785 828 qua:

2215 871 2338 910 cum
2366 864 2515 911 esset
2559 854 2613 911 in
2653 854 2913 926 peccatis,
2939 862 2995 909 et
3014 851 3241 910 deberet
3262 851 3421 919 ﬂere,
3450 850 3715 922 gaudebat,
3742 858 3788 906 et

2216 956 2369 1004 veste
2408 962 2678 1019 purpurea
2717 957 2883 1017 atque
2916 945 3170 1002 coccinea
3203 942 3585 1015 aperiebatur,
3607 952 3659 998 et
3678 956 3787 997 auro

2215 1054 2275 1097 se
2304 1041 2477 1096 multo
2502 1049 2560 1097 et
2587 1039 2839 1111 pretiosis
2868 1039 3139 1110 lapidibus
3167 1036 3419 1102 ornabat,
3447 1034 3631 1092 aeterni
3656 1033 3787 1090 ﬂetus

2220 1147 2365 1190 nunc
2394 1133 2541 1204 luget
2572 1147 2873 1188 aerumnam
2907 1130 3094 1203 (Apoc.
3127 1146 3259 1198 xvu,
3289 1128 3370 1202 4).

2289 1223 2380 1281 95.
2422 1224 2449 1263 ιι
2472 1224 2667 1283 Merito
2705 1218 3182 1296 reprehenduntur
3219 1221 3326 1293 (De
3359 1219 3546 1277 Poznt't.
3567 1261 3582 1286 ,
3609 1219 3716 1275 dist.
3742 1219 3786 1286 5,

2218 1334 2265 1372 ε.
2316 1316 2704 1389 Reperiuntur)
2745 1318 2835 1389 qui
2889 1316 3089 1385 saepius
3136 1313 3403 1386 agendam
3454 1312 3788 1384 ptenitentiant

505 1424 679 1472 mater
701 1414 963 1482 Ecclesia,
987 1423 1042 1471 et
1064 1413 1282 1487 culpam
1304 1424 1450 1471 tuam
1473 1415 1729 1488 lacrymis
1751 1416 1913 1484 lavet,
1936 1413 2121 1471 videat
2221 1418 2448 1481 putant;
2496 1412 2619 1483 quia
2665 1410 3010 1466 luxuriant‘hr
3050 1409 3106 1464 in
3142 1407 3385 1464 Christo.
3430 1405 3565 1463 Nam
3608 1406 3652 1461 si
3685 1420 3789 1461 vere

504 1518 559 1567 te
579 1508 828 1567 Christus
856 1516 1217 1577 maerentem,
1266 1518 1324 1564 ut
1352 1507 1498 1564 dicat
1537 1525 1551 1561 :
1586 1507 1739 1565 Beati
1768 1509 1961 1577 tristes,
1995 1508 2121 1579 quia
2221 1514 2452 1577 agerent
2494 1504 2910 1576 paenitentiam,
2954 1501 3254 1559 iterandam
3297 1512 3491 1573 postea
3531 1516 3634 1556 non
3661 1511 3789 1571 puta-

498 1603 791 1676 gaudebitis
815 1601 970 1678 (Luc.
1011 1618 1086 1668 Vl,
1126 1600 1245 1672 2|).
1292 1603 1451 1656 Amat
1479 1610 1539 1656 ut
1568 1616 1667 1672 pro
1697 1617 1805 1657 uno
1844 1600 1998 1656 multi
2032 1613 2121 1655 ro-
2222 1612 2376 1668 rent;
2412 1600 2537 1671 quia
2562 1597 2701 1655 sicut
2731 1614 2901 1654 unum
2933 1596 3223 1669 baptisma,
3253 1600 3325 1651 ita
3349 1610 3455 1651 una
3484 1593 3792 1667 pauitantia,

499 1710 648 1771 gent.
702 1697 944 1770 Denique
986 1698 1040 1752 itt
1070 1696 1372 1767 Evangelio
1402 1706 1581 1752 motus
1622 1695 1803 1753 vidua:
1840 1695 2114 1768 lacrymis,

2222 1709 2344 1766 quae
2371 1702 2550 1750 tamen
2577 1691 2793 1763 publice
2819 1691 3028 1763 agitur;
3066 1706 3192 1747 nam
3214 1688 3520 1763 quotidiani
3547 1700 3642 1745 nos
3660 1686 3795 1744 debet

500 1794 624 1866 quia
648 1792 872 1866 plurimi
902 1807 1002 1865 pro
1031 1807 1094 1849 ea
1122 1791 1331 1848 ﬂebant
1352 1833 1366 1858 ,
1397 1790 1568 1847 ﬁlium
1618 1790 1736 1863 ejus
1774 1790 2119 1848 resuscitavit
2146 1795 2195 1857 Β
2224 1785 2490 1857 ptenitere
2526 1784 2732 1856 peccati
2761 1802 2773 1839 :
2799 1783 2895 1840 sed
2923 1782 3040 1839 haec
3063 1782 3386 1840 delictorum
3419 1778 3700 1848 leviorum,
3718 1779 3794 1836 illa

500 1885 656 1961 (Luc.
678 1902 772 1952 vn,
795 1886 907 1958 l3).
930 1885 1057 1941 ideo
1081 1885 1242 1941 citius
1262 1884 1543 1941 exaudivit
1566 1884 1810 1952 Petrum,
1830 1895 1888 1941 ut
1912 1885 2116 1943 Dorcas

498 1990 811 2055 resurgeret
835 1981 980 2055 (Act.
1007 1998 1085 2050 ιι,
1114 1979 1247 2053 36);
1279 1983 1405 2053 quia
1438 1997 1707 2054 pauperes
1732 1991 1964 2039 mortem
1995 1998 2116 2040 mu-

498 2075 650 2133 lieris
676 2074 1129 2147 ingemiscebant.
1169 2074 1299 2132 ldeo
1328 2077 1428 2147 ipsi
1458 2076 1620 2132 Petro
1657 2076 1839 2131 statim
1875 2074 2110 2145 remisit,

502 2172 628 2243 quia
668 2170 1008 2227 amarissime
1053 2169 1221 2225 ﬂevit.
1266 2169 1337 2225 Et
1379 2179 1437 2226 tu
1482 2172 1528 2225 si
1573 2172 1914 2227 amarissime
1958 2171 2111 2236 (leas,

501 2264 754 2322 Christus
769 2262 839 2320 ad
857 2273 910 2319 te
926 2264 1204 2336 respiciet,
1218 2264 1378 2334 culpa
1396 2263 1645 2321 discedet
1659 2263 1813 2337 (Luc.
1833 2280 1966 2331 xxtt,
1992 2264 2111 2336 62).

504 2367 531 2396 ³
564 2356 704 2415 Usus
740 2357 886 2414 enim
915 2356 1122 2413 doloris
1158 2356 1374 2428 ablegat
1405 2356 1683 2414 luxuriam
1712 2359 1993 2424 criminis,
2026 2375 2114 2416 er-

502 2451 645 2509 roris
668 2448 914 2507 delicias.
945 2448 1022 2506 ιω
1049 2448 1181 2506 dum
1205 2448 1453 2506 dolemus
1482 2450 1745 2518 admissa,
1777 2451 2113 2509 admittenda

500 2545 867 2613 excludimus,
893 2555 950 2603 et
975 2544 1037 2602 fit
1063 2544 1308 2618 quaedam
1347 2543 1415 2602 de
1455 2546 1910 2605 condemnatione
1937 2548 2110 2620 culp:e

500 2639 788 2710 disciplina
812 2639 1165 2699 innocentiae.
1726 2654 1729 2657 ·

502 2746 541 2805 ις
573 2733 666 2791 95.
707 2732 851 2789 Nihil
880 2747 1028 2817 ergo
1076 2741 1132 2789 te
1161 2742 1377 2791 revocet
1405 2748 1437 2789 a
1470 2732 1791 2804 paenitentia
1816 2774 1831 2798 ,
1865 2733 1983 2791 haec
2014 2736 2107 2792 tibi

499 2825 808 2884 communis
827 2839 949 2882 cum
972 2825 1176 2882 sanctis
1196 2835 1279 2883 est
1304 2843 1318 2880 :
1342 2826 1659 2899 utinamque
1680 2828 1936 2885 imitanda
1961 2829 2107 2897 talis,

500 2922 684 2995 qualis
703 2931 1018 2979 sanctorum
1041 2920 1366 2993 deploratio.
1392 2922 1560 2979 David
1584 2921 1946 2981 manducabat
1965 2924 2106 2982 sicut

498 3032 694 3090 panem
722 3017 963 3074 cinerem
983 3059 998 3086 ,
1029 3026 1086 3073 et
1115 3025 1303 3089 potum
1341 3031 1497 3072 suum
1526 3032 1648 3072 cum
1678 3015 1940 3090 lacrymis
1971 3027 2107 3075 tem-

497 3119 593 3209 per
617 3134 738 3209 eius
763 3134 1064 3209 exteriores
1086 3141 1241 3209 actus
1271 3131 1576 3209 prodebant
1608 3147 1734 3209 esse
1762 3148 1823 3190 se
1852 3147 2104 3209 peccato-
2133 3138 2177 3200 Ο

496 3204 586 3265 res
626 3204 659 3261 :'
686 3206 750 3263 ὅσ
793 3206 1180 3262 satisfactionis
1235 3214 1291 3260 et
1345 3204 1703 3262 confessionis
1742 3205 2104 3263 manifestum

495 3279 786 3337 discrimen
835 3277 1196 3349 exprimitur;
1254 3276 1418 3334 verba
1452 3278 1613 3349 enim
1655 3283 1910 3349 proxime
1942 3280 2104 3335 citata

498 3351 773 3425 pertinent
808 3349 876 3407 ad
910 3346 1359 3425 confessionem,
1396 3347 1467 3425 ad
1508 3346 1933 3425 satisfactionem
1975 3366 2106 3408 vero

494 3420 778 3495 sequentia
813 3440 826 3477 :
855 3439 981 3495 cum
1008 3423 1054 3477 si
1079 3421 1277 3495 homini
1307 3420 1829 3495 satisfacienduntsit
1848 3462 1862 3486 ,
1890 3429 1998 3479 etc.

575 3491 602 3534 ἆ
640 3494 767 3549 Mss.
819 3493 1065 3564 aliquot,
1106 3491 1245 3548 Usus
1282 3491 1457 3560 enim;
1495 3493 1675 3559 Clar.,
1717 3491 1919 3549 Vulnus
1941 3495 2104 3562 enim,

498 3566 695 3623 doloris
722 3566 980 3636 abnegat;
1010 3566 1228 3633 quidam
1260 3564 1477 3635 obligat,
1503 3567 1785 3636 luxuriam,
1817 3578 1924 3622 etc.

568 3638 598 3678 δ
634 3635 955 3711 Νοιιρίιιιοὶ.
982 3651 1083 3693 nec
1103 3635 1405 3711 deterior-es
1434 3654 1590 3711 mss,
1609 3635 1815 3711 _Merito
1834 3639 2106 3711 reperiun—

500 3719 608 3778 tur;
647 3710 806 3780 paulo
835 3708 1027 3764 melius
1056 3708 1298 3779 quicum
1318 3707 1471 3765 Grat.
1489 3708 1868 3780 distinguunt,
1892 3707 2104 3765 'merito.

500 3779 1125 3860 Reperiunturhquibus.
1150 3788 1342 3860 tameo
1365 3779 1688 3860 praeferendi
1725 3781 1836 3844 alii,
1877 3791 1933 3860 et
1970 3781 2104 3837 edit.

499 3849 673 3913 Po'rro
704 3869 814 3911 non
850 3849 1082 3909 obscure
1112 3849 1200 3907 hic
1224 3850 1536 3907 declaratur
1560 3852 1689 3906 olim
1727 3854 1895 3909 semel
1927 3861 2106 3909 actam

497 3927 716 4002 publice
745 3924 1124 4002 paenitentiam
1145 3940 1270 4002 _non
1301 3925 1473 4002 magis
1504 3924 1687 4002 iterari
1727 3924 2101 4002 eonsuevisse,

467 3995 1249 4073 ,quamibap‘tismumtjdem
1292 3997 1455 4052 etiam
1496 3995 1597 4052 sub
1624 3996 1785 4073 finem
1809 3997 2107 4073 sequentis

495 4067 618 4145 cap.
649 4067 1004 4145 signiﬁcatur.
1047 4067 1199 4126 Hanc
1226 4078 1406 4124 autem
1435 4069 1759 4145 sententiam
1793 4067 2107 4125 Ambrosia-

496 4139 621 4202 nain
659 4139 782 4200 aliis
814 4142 1064 4212 Patribus
1090 4155 1436 4196 communem
1465 4139 1635 4197 fuisse
1664 4155 1997 4212 cognoscere
2023 4151 2108 4197 est

498 4233 569 4275 ex
610 4214 844 4272 Tertull.
890 4213 960 4270 de
998 4211 1199 4270 Ptettit.
1244 4227 1364 4283 cap.
1411 4212 1467 4276 7,
1507 4212 1704 4269 Siricio
1742 4211 1901 4268 Pont.
1941 4211 2103 4268 Rom.

495 4289 658 4361 epist.
688 4304 707 4344 ι
737 4285 1043 4361 adilimer.
1069 4299 1192 4339 can.
1220 4283 1289 4351 4,
1318 4282 1563 4361 August.
1608 4285 1768 4361 epist.
1811 4284 1914 4361 l5?
1953 4298 2105 4361 novae

496 4355 657 4427 edin,
685 4370 739 4415 et
765 4358 909 4413 aliis.
952 4357 1122 4412 Immo
1160 4370 1289 4411 vero
1325 4372 1432 4412 non
1460 4356 1618 4412 aliter
1649 4355 1702 4410 hi
1735 4355 1838 4410 loci
1875 4356 2106 4412 Ambro-

498 4426 649 4489 siani
688 4428 1029 4500 accipiuntur
1062 4442 1093 4481 a
1126 4428 1381 4498 Magistro
1418 4428 1572 4485 Sent.
1619 4428 1672 4483 in
1708 4443 1760 4484 tv
1792 4426 2101 4500 distin.gl.‘t;

497 4519 529 4561 a
564 4502 702 4559 Divo
734 4498 944 4556 Thema
983 4514 1041 4555 ttt
1080 4506 1232 4567 parte
1254 4540 1268 4562 .
1309 4507 1505 4571 quaest.
1536 4500 1641 4567 80,
1677 4508 1781 4555 art.
1822 4498 1911 4571 lo,
1941 4498 2017 4571 ad
2045 4498 2102 4565 2,

497 4584 660 4645 atque
688 4573 757 4629 ab
787 4573 910 4627 aliis
941 4579 1062 4640 post
1085 4571 1233 4645 ipsos
1267 4570 1554 4642 theologis.
1596 4570 1937 4645 Verunt‘hac
1963 4570 2106 4645 iure

492 4642 585 4704 illi
601 4646 812 4717 decepti
844 4652 992 4717 sunt,
1018 4643 1160 4713 quod
1193 4658 1289 4699 eos
1317 4645 1405 4716 qui
1442 4654 1656 4717 peracta
1683 4642 1893 4717 publica
1926 4643 2101 4713 poeni-

499 4719 669 4775 tentia
691 4715 877 4773 rtirsus
898 4716 951 4771 in
974 4724 1253 4786 peccatum
1280 4715 1459 4771 essent
1484 4715 1716 4786 delapsi,
1740 4715 1806 4769 ad
1835 4726 2100 4770 secretam

499 4729 669 4775 tentia
691 4730 877 4773 rursus
899 4729 1253 4843 tn‘reccatum
1280 4729 1459 4771 essent
1484 4729 1716 4786 (18lzlpSl,
1740 4729 1806 4769 au
1835 4729 2100 4770 secretam

497 4788 870 4866 pmnitentiam
919 4803 948 4841 a
995 4786 1191 4866 missos
1242 4787 1840 4866 putaveriutaﬁtenitn
1895 4786 1986 4866 qui
2035 4787 2102 4842 ad

499 4858 727 4936 pristina
755 4861 960 4936 scelera
992 4859 1343 4936 quasi__caues_
1366 4858 1434 4914 ad
1464 4859 1722 4936 vomitum
1755 4858 2105 4914 reverteban-

498 4929 620 5000 tur,
654 4934 765 5006 iam
804 4930 908 4988 sibi
941 4929 1042 5006 ipsi
1073 4929 1554 5006 relinquebantur,
1588 4940 1655 5006 ut
1682 4930 1848 4998 Deum
1875 4944 1979 5001 qua
2005 4944 2104 5006 po-

493 5008 621 5064 tiori
655 5000 753 5063 'via
797 5000 976 5059 visum
1012 5000 1249 5068 fuisset,
1278 5002 1593 5072 placarent;
1646 5004 1716 5057 ita
1748 5000 1925 5058 tamen
1959 5000 2019 5057 ut
2047 5000 2101 5057 in

494 5080 642 5138 exitu
673 5081 798 5132 vitae
828 5091 924 5147 per
956 5073 1367 5147 absolutionem
1383 5075 1729 5147 reconciliati
1763 5073 2106 5147 munirentur

492 5166 653 5209 sacro
674 5144 867 5204 viatico
887 5146 1308 5203 communionis.
1337 5144 1452 5214 Qua
1474 5145 1541 5202 de
1569 5161 1627 5201 re
1649 5146 1813 5201 adisis
1838 5145 2100 5200 Morinum

494 5223 566 5279 de
594 5221 887 5279 Administ.
928 5218 1128 5275 Pmnit.
1163 5217 1258 5273 lib.
1293 5233 1373 5284 Ix,
1409 5233 1458 5272 c.
1491 5217 1561 5274 29
1587 5259 1603 5283 ,
1644 5228 1695 5271 et
1731 5216 2098 5273 Alexandrum

491 5296 631 5352 Sate.
682 5310 736 5349 nt
797 5290 938 5347 Hist.
985 5289 1130 5345 Eccl.
1157 5328 1173 5354 ,
1230 5289 1451 5346 dissert.
1480 5288 1567 5345 tu.
1601 5286 1872 5345 Caeterum
1904 5297 2102 5358 prmter

491 5365 641 5423 illam
677 5364 988 5439 graviorum
1003 5362 1307 5439 criminum
1337 5361 1713 5439 pmttitentiam
1741 5361 2101 5439 Aalia_quoqne

492 5448 613 5494 erat
645 5431 744 5509 pro
782 5435 959 5503 culpis
1003 5431 1420 5509 levioribus,’et
1457 5432 1805 5509 quotidianis.
1860 5431 2099 5509 Tametsi

493 5502 959 5578 vern'utrumque
999 5506 1206 5578 peccati
1251 5520 1422 5576 genus
1468 5502 1593 5578 apte
1622 5502 1997 5578 distinguatur
2031 5504 2099 5559 ab

496 5580 809 5645 Ambrosio,
834 5575 958 5634 cum
983 5575 1159 5634 tamen
1185 5578 1231 5633 is
1256 5592 1376 5647 qua:
1399 5591 1498 5648 pro
1530 5575 1763 5637 levibus,
1791 5590 1981 5644 quaeve
2004 5590 2099 5646 pro

494 5652 749 5725 gravibus
773 5650 962 5725 haberi
989 5646 1379 5725 debeant,_non
1400 5646 1699 5725 'cdissorat,
1728 5648 1989 5725 lectorem
2014 5661 2100 5725 re-

497 5716 762 5780 mittimus
788 5720 857 5777 ad
894 5719 1183 5776 Auctorem
1213 5720 1332 5792 cius
1359 5718 1627 5792 sermonis
1650 5758 1664 5781 ,
1705 5716 1795 5787 qui
1834 5718 1975 5773 inter
2002 5718 2101 5774 du-

494 5794 617 5862 bios
656 5795 880 5873 August.
916 5793 1096 5849 editus
1128 5803 1211 5847 est
1241 5790 1380 5860 552,
1423 5806 1573 5847 num.
1615 5790 1668 5844 7.

412 6084 493 6143 η

2130 4538 2183 4598 D

2216 1876 2551 1951 graviorum.

2289 1992 2382 2050 96.
2422 1993 2661 2051 Facilius
2687 2004 2868 2051 autem
2900 1992 3004 2067 (De
3027 1992 3241 2060 Plania,
3263 1994 3389 2048 dist.
3413 2008 3453 2058 ι,
3479 2009 3532 2048 c.
3558 1993 3686 2050 Sunt
3701 1991 3790 2065 qui,

2219 2085 2248 2157 δ
2275 2084 2530 2161 Facilius)
2559 2087 2735 2144 inveni
2758 2087 2850 2161 qui
2877 2086 3242 2142 innocentiam
3272 2085 3635 2154 servaverint,
3657 2100 3794 2156 quam

2214 2180 2306 2252 qui
2339 2195 2578 2252 congrue
2597 2180 2809 2254 egerint
2839 2180 3237 2252 paenitentiam.
3264 2181 3346 2236 An
3373 2181 3658 2252 quisquam
3673 2179 3798 2237 illam

2218 2272 2591 2344 paenitentiam
2613 2280 2786 2343 putat,
2805 2273 2896 2329 ubi
2912 2272 3259 2345 acquirenda:
3278 2273 3508 2329 ambitio
3529 2273 3796 2345 dignitatis,

2216 2365 2308 2422 ubi
2336 2366 2444 2421 vini
2471 2364 2634 2440 437
2662 2366 2883 2435 effusio,
2906 2367 2998 2424 ubi
3032 2368 3203 2439 ipsius
3235 2378 3259 2407 ο
3285 2367 3501 2440 copulat
3529 2366 3801 2440 coniugalis

2214 2459 2385 2516 usus?
2427 2458 2871 2517 Renuntiandum
2904 2460 3107 2517 mulo
3135 2470 3221 2517 est
3250 2477 3264 2514 :
3293 2475 3491 2517 somno
3520 2461 3623 2533 ipsi
3651 2460 3801 2516 minus

2213 2554 2641 2627 indulgendum,
2672 2571 2836 2627 quam
2866 2550 3059 2611 natura
3089 2554 3366 2626 postulat;
3397 2554 3802 2627 interpellando:

2212 2658 2298 2705 est
2336 2648 2631 2719 gemitibus
2650 2690 2667 2716 ,
2700 2646 3181 2719 interrumpendus
3204 2656 3292 2704 est
3315 2648 3604 2720 suspiriis‘,
3636 2663 3802 2720 seque-

2213 2741 2469 2807 strandus
2506 2742 2844 2799 orationibus
2882 2741 3213 2799 :vivendnm
3254 2742 3326 2799 ita
3352 2785 3367 2809 ,
3407 2752 3467 2798 ut
3509 2743 3657 2799 vitali
3697 2741 3805 2799 huic

2213 2836 2512 2892 moriamur
2534 2836 2675 2905 usui,
2702 2850 2762 2892 se
2784 2837 2963 2905 ipsum
2991 2834 3096 2892 sibi
3127 2836 3292 2893 homo
3315 2835 3574 2908 abneget,
3601 2845 3655 2893 et
3679 2844 3802 2892 totus

2216 2938 2498 2986 mutetur:
2523 2930 2668 2986 sicut
2686 2929 2973 3003 quemdam
2995 2929 3402 2987 adolescentem
3427 2928 3629 2987 fabulae
3652 2929 3806 2986 ierunt

2212 3019 2237 3060 ἀ
2271 3036 2496 3096 propter
2526 3037 2743 3080 amores
2772 3022 3111 3082 meretricios
3140 3038 3371 3097 peregre
3400 3024 3702 3095 proiectum
3722 3065 3738 3093 ,
3760 3033 3805 3080 et

2287 3150 2309 3179 ο
2351 3139 2516 3214 Pauci
2555 3139 2892 3214 tnss._ct_tlpte
2915 3139 3232 3214 conjugalis.
3274 3139 3441 3214 Haud
3467 3142 3609 3197 satis
3636 3147 3802 3214 recte);

2213 3227 2320 3268 non
2359 3213 2506 3268 enim
2542 3211 2610 3268 de
2648 3211 2951 3278 adulterio,
2985 3211 3131 3282 quod
3173 3211 3376 3268 nemini
3406 3211 3543 3269 licet
3581 3231 3596 3268 :
3633 3212 3720 3268 sed
3747 3211 3804 3266 de

2210 3282 2484 3356 coniugali
2508 3297 2804 3356 congressu
2825 3325 2840 3350 ,
2870 3299 3051 3356 adquo
3085 3283 3189 3356 soli
3215 3283 3546 3356 panitentes
3568 3284 3803 3355 iubentur

2210 3353 2506 3421 abstinere,
2540 3353 2635 3409 hic
2666 3356 2859 3425 agitur.
2891 3353 3090 3411 Verum
3128 3355 3364 3412 fortasse
3403 3353 3693 3413 miraberis
3721 3370 3804 3412 cur

2211 3425 2526 3498 huiusmodi
2568 3426 2953 3482 abstinentiam
2982 3427 3164 3498 exigat
3192 3426 3539 3495 Ambrosius,
3569 3443 3691 3484 eum
3723 3441 3803 3482 ea-

2210 3499 2342 3572 demi
2356 3500 2458 3572 illa
2489 3514 2595 3554 non
2626 3507 2967 3572 memoretnr
2989 3498 3045 3554 itt
3075 3500 3141 3554 iis
3167 3500 3430 3572 operibus
3450 3540 3466 3563 .
3499 3515 3624 3572 qua
3652 3498 3806 3571 potni-

2212 3570 2455 3629 tentibus
2490 3570 2834 3627 observanda
2868 3572 3139 3641 imperant
3176 3571 3272 3626 alii
3315 3570 3532 3630 Patres.
3573 3570 3805 3629 Attamen

2208 3657 2336 3699 eum
2382 3642 2733 3699 continentia:
2773 3640 3285 3699 usum’obtinuisse
3334 3642 3442 3714 illis
3487 3644 3804 3714 temporibus

2212 3715 2621 3786 videmurltinc
2667 3727 2827 3784 posse
2867 3714 3162 3786 colligere,
3209 3712 3381 3786 quod,
3410 3712 3648 3772 Siricius
3688 3731 3805 3786 papa

2208 3788 2371 3856 epist.
2414 3785 2720 3859 adHimer.
2764 3800 2914 3839 num.
2957 3785 2992 3841 5
3030 3799 3128 3859 eos
3150 3787 3248 3859 qui
3297 3785 3570 3859 publicam
3616 3789 3805 3859 egerint

2211 3858 2590 3927 ptenitentiam
2610 3898 2625 3923 ,
2649 3857 2694 3913 si
2724 3871 2922 3912 novum
2946 3856 3256 3928 coniugium
3290 3866 3479 3926 postea
3508 3856 3754 3925 inierint,
3777 3874 3804 3915 a

2210 3930 2595 4001 communione
2616 3938 2976 4001 praeterquam
3000 3928 3055 3984 in
3073 3929 3270 4001 mortis
3290 3930 3527 3995 articulo
3543 3944 3770 3987 removet
3790 3951 3801 3984 :

2209 4000 2672 4073 quemadmodum
2690 3998 3037 4073 etiamconc.
3068 3998 3276 4057 Arelat.
3304 4016 3366 4064 ιι,
3395 4016 3525 4057 can.
3548 4003 3642 4071 21,
3666 4003 3804 4070 cuius

2211 4068 2439 4142 insuper
2481 4087 2605 4129 can.
2647 4068 2719 4127 ἢ
2757 4071 3112 4142 prohibetur,
3148 4088 3217 4129 ne
3249 4073 3573 4142 paenitentia
3610 4068 3803 4144 publica

2209 4144 2448 4216 cuipiam
2471 4144 2762 4216 coniugata
2783 4144 2899 4200 sine
2919 4144 3164 4215 coniugis
3184 4160 3462 4202 consensu
3484 4144 3801 4216 imponatur.

2209 4213 2466 4273 His'adde
2488 4213 2803 4289 quodvidea
2813 4224 2899 4289 tur
2918 4213 3161 4289 mitigata
3187 4216 3276 4273 illa
3297 4213 3618 4289 severitas—a
3641 4218 3801 4275 Leone

2211 4301 2363 4359 pont.
2392 4287 2553 4359 epist.
2584 4288 2652 4344 ad
2678 4287 2961 4359 Rusticum
2993 4287 3234 4345 Narbon.
3267 4304 3298 4344 a
3330 4303 3489 4347 conc.
3532 4288 3709 4346 Tolet.
3737 4306 3800 4357 rt,

2208 4358 2331 4416 can.
2367 4358 2437 4428 8,
2469 4374 2570 4416 nec
2615 4375 2720 4414 non
2761 4374 2792 4414 a
2828 4358 3052 4432 'l‘ttllen.
3089 4376 3162 4427 tt,
3198 4375 3230 4415 a
3259 4361 3458 4432 quibus
3480 4363 3803 4431 permittitur

2211 4433 2443 4503 publicis
2466 4432 2875 4503 paenitentibus,
2899 4441 2959 4487 ut
2977 4431 3022 4487 si
3042 4432 3334 4489 continere
3355 4448 3418 4489 se
3443 4448 3549 4488 non
3578 4434 3799 4495 valeant,

2209 4505 2457 4575 copulam
2499 4504 2753 4575 legitimae
2789 4503 2975 4575 uxoris
3013 4513 3294 4575 appetant,
3331 4519 3399 4560 ne
3436 4503 3800 4562 fornicationis

2213 4573 2456 4646 periculo
2481 4573 2995 4646 exponautur.ANec
3018 4573 3152 4632 sane
3177 4576 3373 4630 mirum
3401 4575 3449 4632 si
3478 4578 3799 4634 continentia

2213 4644 2593 4719 imponebatur
2630 4648 2683 4703 in
2725 4644 2938 4716 publica
2971 4647 3290 4719 paenitentia
3311 4688 3328 4715 ,
3359 4649 3579 4719 quando
3621 4649 3796 4707 eadem

2209 4719 2276 4773 ah
2303 4719 2682 4791 innocentibus
2705 4723 2868 4776 etiam
2900 4719 2952 4791 in
2972 4718 3181 4791 ieiunio
3210 4718 3663 4791 quadragesima“
3688 4724 3799 4778 exi-

2208 4792 2433 4861 gebatur
2464 4807 2477 4845 :
2511 4806 2612 4917 guu
2648 4790 2718 4848 de
2748 4807 2808 4847 re
2835 4790 3023 4845 videas
3054 4789 3179 4847 licet
3208 4789 3797 4848 erutlitCThaumassi-

2208 4878 2358 4916 num.
2391 4862 2511 4917 Ono
2575 4875 2757 4917 autem
2788 4871 2998 4917 spectat
3035 4863 3139 4917 aha
3167 4863 3515 4917 publicorum
3547 4866 3797 4917 omniten-

2208 4878 2358 4936 nutu.
2391 4862 2547 4932 Quod
2575 4875 2757 4919 autem
2788 4871 2998 4936 spectat
3035 4863 3139 4936 alta
3167 4863 3515 4936 publicorum
3547 4866 3800 4936 pmniten-

2210 4935 2341 4989 tittnt
2379 4948 2575 5005 opera,
2606 4950 2726 5004 qua:
2765 4935 2833 4988 ab
2860 4933 3153 4990 Ambrosio
3185 4934 3271 4989 hic
3298 4933 3714 5003 describuntur,
3742 4952 3796 4991 ea

2207 5021 2421 5078 quoque
2445 5008 2694 5078 exposita
2718 5005 3123 5078 reperiesapud
3146 5005 3281 5078 alios
3302 5006 3407 5062 PP.
3435 5018 3496 5064 ut
3524 5019 3651 5078 puta
3677 5008 3797 5064 Ter-

2208 5074 2430 5136 t'ullﬁde
2456 5074 2653 5133 Painit.
2682 5074 2804 5148 cap.
2831 5076 2889 5143 9,
2918 5074 3004 5148 1,0,
3038 5077 3099 5132 11
3130 5086 3186 5133 et
3214 5077 3300 5143 li;
3325 5074 3583 5148 Cyprian.
3618 5081 3670 5135 in
3692 5080 3793 5137 suis

2205 5164 2269 5224 ac
2294 5148 2630 5224 RomnCleri
2652 5147 2809 5224 epis_t.
2841 5148 2910 5205 de
2938 5147 3149 5224 Lapsis,
3181 5147 3536 5224 Greg.‘Nyss.
3562 5152 3709 5224 hom.
3734 5152 3794 5208 de

2203 5220 2427 5349 gemiti,
2453 5220 2739 5276 Pacianum
2760 5220 2976 5278 Parteu.
3001 5221 3069 5275 ad
3092 5220 3314 5287 Pwnit.,
3330 5220 3626 5280 Caesarium
3651 5222 3789 5280 hom.

2244 5307 2295 5349 .e
2348 5307 2377 5346 a
2407 5307 2507 5347 tos.

2264 5303 2318 5346 et
2348 5303 2507 5347 alios.

2244 5333 2304 5401 ’ά
2347 5333 2629 5435 νςϊθόίι.
2661 5378 2725 5420 ac
2755 5379 2884 5421 mss.
2918 5364 3142 5435 aliquot,
3182 5373 3300 5435 post
3334 5381 3535 5424 amores
3572 5368 3793 5423 ntermi-

2205 5436 2356 5503 cios;
2399 5433 2559 5491 Rom.
2602 5435 2733 5512 edit.
2765 5448 2818 5493 et
2847 5437 2939 5493 alii
2968 5433 3104 5512 quos
3133 5433 3221 5493 hic
3255 5441 3552 5507 sequimur,
3589 5450 3793 5512 propter

2203 5523 2403 5562 amores
2454 5507 2812 5575 meretricios;
2855 5507 3123 5576 nonnulli,
3155 5526 3377 5565 amorem
3433 5507 3786 5566 meretricium.

2206 5578 2410 5635 Rursus
2439 5580 2572 5634 edit.
2601 5594 2667 5635 ac
2696 5581 2851 5650 pauci
2880 5596 3007 5637 mss.
3032 5623 3049 5648 ,
3080 5583 3238 5637 veteri
3262 5584 3548 5639 occurrisse
3572 5584 3787 5650 dilecte,

2203 5667 2318 5726 qua:
2360 5649 2447 5705 ubi
2496 5667 2602 5706 non
2639 5649 3059 5726 interpellatam;
3098 5653 3255 5709 Rom.
3282 5695 3295 5716 ,
3324 5670 3425 5709 non
3451 5649 3787 5726 interpellata,

2206 5722 2391 5795 mirata
2426 5723 2676 5787 putaverit
2710 5740 2726 5777 :
2760 5723 2975 5793 quidam
3009 5735 3383 5795 mss.,’postea
3406 5742 3522 5780 vero
3541 5722 3591 5781 ei
3614 5742 3794 5782 occur--

2204 5792 2331 5848 risse
2358 5795 2621 5863 dilectum,
2661 5812 2776 5866 qua:
2816 5794 2902 5851 ubi
2932 5812 2985 5852 se
3026 5813 3128 5853 non
3167 5792 3543 5870 interpellatam
3582 5799 3792 5872 mirata,
