4042 6294
275 339 372 398 521

1502 339 1593 398 DE
1631 334 2094 398 ΡωΝΙΤΕΝΤΙΑ
2131 333 2262 392 LIB.
2302 330 2367 389 ll.

3369 371 3376 377 -
3478 331 3587 393 822

269 454 480 510 abolito
519 467 712 511 amore
746 468 1091 527 regressum,
1137 462 1324 522 postea
1366 455 1536 510 veleri
1576 455 1882 511 occurrisse
1909 457 1960 516 Α
1986 458 2039 503 ει
2060 448 2332 504 dicentem
2360 462 2374 500 :
2398 441 2570 500 Filius
2600 459 2743 498 meus
2763 443 3068 512 Abessalon,
3098 444 3240 513 ﬁlius
3267 460 3409 501 meus
3435 446 3596 503 Abes-

267 548 520 614 dilectae,
558 564 679 621 qua:
719 547 812 604 ubi
838 563 899 626 se
937 563 1046 604 non
1073 547 1470 620 interpellavit,
1501 548 1692 602 mirata
1733 557 1885 619 puta-

271 647 415 701 verit
440 660 549 701 non
576 645 935 716 recognitam,
960 659 1152 702 rursus
1173 658 1469 700 occurrens
1494 644 1694 700 dixerit
1723 662 1736 698 :
1769 644 1884 716 Ego

270 755 428 805 sum;
463 739 809 810 responderit
840 740 931 795 ille
962 757 976 793 :
1008 739 1116 797 Sed
1144 754 1246 810 ego
1271 755 1376 794 non
1406 754 1524 794 sum
1556 753 1678 810 ego.

339 832 432 889 97.
473 831 633 890 Unde
667 833 806 890 bene
833 833 1097 889 Dominus
1125 832 1202 888 ait
1241 850 1253 886 :
1289 832 1389 900 Qui
1416 833 1526 887 vult
1550 842 1665 905 post
1693 849 1773 888 me
1802 849 1882 888 ve-

178 970 181 972 .
269 927 411 993 nire,
447 926 660 1000 abneget
684 928 1015 997 semetipsum
1042 927 1176 994 sibi,
1205 935 1254 981 et
1280 926 1428 980 tollat
1458 942 1661 980 crucem
1710 942 1876 993 suam,

265 1031 315 1076 et
344 1030 591 1092 sequatur
615 1036 697 1076 me
734 1019 955 1094 (Matth.
984 1035 1096 1086 xvr,
1123 1018 1241 1089 24).
1294 1017 1510 1075 Etenim
1548 1020 1639 1090 qui
1679 1019 1877 1076 mortui

263 1123 320 1171 et
348 1112 549 1184 sepulti
591 1113 645 1168 in
683 1113 903 1169 Christo
931 1123 1090 1178 sunt,
1131 1127 1237 1167 non
1269 1111 1470 1169 debent
1496 1113 1692 1168 iterum
1728 1111 1882 1167 velut

261 1207 514 1263 viventes
543 1205 612 1263 de
640 1205 746 1262 hoc
771 1205 974 1262 mundo
999 1205 1320 1264 decernere.
1348 1204 1398 1259 Ν
1408 1222 1434 1260 e
1459 1205 1725 1276 tetigeritis
1748 1245 1762 1271 ,
1795 1205 1878 1260 in-

259 1301 411 1371 quit,
445 1317 538 1356 nec
563 1300 990 1356 attaminaueritis
1015 1315 1130 1371 qua:
1160 1308 1280 1354 sunt
1310 1299 1483 1353 omnia
1505 1298 1575 1351 ad
1605 1307 1875 1368 corrupte-

259 1390 367 1446 lam
400 1392 514 1461 ipso
539 1408 639 1447 usu
670 1389 896 1464 (Coloss.
923 1406 983 1456 ιι,
1012 1390 1129 1462 20),
1160 1406 1225 1448 eo
1246 1390 1391 1463 quod
1423 1389 1542 1463 ipse
1563 1389 1725 1462 hujus
1755 1390 1876 1446 vita:

258 1498 396 1542 usus
422 1483 735 1556 corruptela
762 1484 834 1541 sit
861 1482 1212 1555 integritatis.

876 1596 1110 1656 CAPUT
1151 1597 1247 1655 XI.

213 1752 222 1759 -
261 1715 364 1775 Ubi
408 1716 656 1786 prtemist't
690 1715 967 1787 quominus
1008 1714 1078 1768 ad
1126 1724 1342 1770 mortem
1385 1729 1546 1785 usque
1593 1716 1877 1786 baptismus

330 1810 632 1879 rejiciatur,
665 1809 718 1862 in
749 1823 908 1862 causa
942 1823 1050 1863 esse
1087 1807 1474 1877 paenitentiam;
1514 1825 1599 1864 eos
1632 1827 1665 1863 a
1693 1810 1876 1879 quibus

331 1903 450 1972 ipsa
491 1901 915 1973 'procrastinatur
939 1940 956 1966 ,
1006 1901 1180 1956 allatis
1234 1899 1536 1971 Scriptura?
1574 1903 1876 1956 testimoniis

332 2002 500 2067 urget.
529 1993 814 2066 Subjungit
837 2002 1006 2047 tamen
1035 2003 1144 2046 tum
1166 1991 1424 2063 agendam
1444 1993 1590 2047 illam
1613 2011 1717 2049 non
1743 2011 1874 2062 esse,

337 2103 456 2142 cum
484 2085 658 2141 adhuc
677 2091 872 2158 fervent
899 2085 1212 2156 cupiditates
1234 2126 1250 2150 ,
1279 2094 1332 2138 at
1371 2086 1541 2154 quoad
1571 2086 1763 2141 eadem
1791 2103 1875 2142 re-

340 2181 597 2250 sederint,
626 2180 1054 2252 exspectandum.

341 2298 435 2356 98.
501 2297 650 2354 Bona
701 2313 835 2368 ergo
878 2296 1197 2368 ptenitentia
1224 2339 1240 2366 ,
1283 2312 1406 2368 qua
1459 2298 1508 2354 si
1549 2312 1657 2354 non
1704 2308 1871 2368 esset,

259 2406 457 2448 omnes
490 2391 557 2447 ad
598 2399 940 2449 senectutem
972 2390 1257 2447 dill‘errent
1285 2391 1586 2449 ablutionis
1621 2393 1875 2464 gratiam.

259 2486 476 2555 Quibus
501 2485 636 2541 satis
663 2486 914 2558 responsi
941 2495 1025 2541 est
1052 2466 1178 2551 duia
1209 2486 1405 2542 melius
1436 2496 1522 2557 est
1549 2496 1610 2542 ut
1647 2486 1877 2545 habeam

262 2579 416 2649 quod
444 2580 698 2646 sarciam,
723 2595 886 2651 quam
919 2594 1029 2635 non
1056 2579 1286 2636 habeam
1326 2580 1471 2651 quod
1501 2581 1703 2638 vestiar
1739 2599 1753 2636 :
1781 2583 1878 2639 sed

260 2675 408 2732 sicut
429 2675 599 2731 semel
620 2684 803 2731 assuta
826 2665 1288 2747 redintegrantur,
1317 2677 1390 2733 ita
1417 2675 1737 2750 frequenter
1757 2687 1879 2735 suta

264 2755 578 2825 Solvuntur.

355 2861 446 2918 99.
487 2861 596 2916 Eos
632 2870 814 2916 autem
855 2861 948 2931 qui
989 2862 1365 2932 penitentiam
1411 2862 1708 2930 diﬁ'erunt,
1750 2865 1886 2922 satis

265 2955 392 3026 ipse
430 2955 698 3011 Dominus
731 2955 1014 3011 admonuit
1037 2955 1224 3011 dicens
1265 2973 1280 3010 :
1314 2954 1676 3012 Pwnitentiam
1702 2959 1878 3031 agite;

265 3050 709 3120 appmpinquavit
738 3051 877 3107 enim
899 3067 1114 3123 regnum
1134 3051 1379 3107 calorum
1406 3051 1621 3125 (Matth.
1656 3069 1732 3121 ιν,
1764 3051 1879 3124 17).

265 3143 559 3201 Nescimus
595 3157 727 3215 ergo
771 3158 878 3216 qua
928 3142 1064 3200 hora
1100 3144 1190 3200 fur
1226 3144 1478 3213 venerit,
1509 3147 1782 3200 nescimus
1809 3159 1882 3200 an

1987 543 2134 598 salon
2167 541 2233 611 (ll
2264 539 2399 612 Reg.
2431 553 2562 594 xvm
2582 579 2596 604 ,
2625 537 2738 608 35).
2767 535 2870 606 Qui
2899 536 3044 592 enim
3076 537 3294 607 penitus
3333 548 3418 594 est
3445 555 3593 595 mor-

1987 643 2136 700 tuus,
2167 633 2283 689 sine
2309 632 2416 686 ulla
2446 631 2764 702 exceptione
2789 628 3042 686 deﬂetur.

2058 727 2181 783 101.
2225 727 2304 782 De
2335 725 2419 780 his
2452 734 2632 781 autem
2662 724 2756 795 qui
2781 723 3002 780 exsules
3023 732 3187 793 atque
3218 724 3490 797 peregrini
3519 725 3586 781 li-
3692 789 3700 797 ‘

1983 818 2176 875 mitum
2206 827 2581 888 paternorum.
2605 831 2742 889 quos
2756 801 2857 874 iex
2890 816 3059 890 Moysi
3089 826 3278 874 sancta
3306 819 3593 890 praescrip-

1982 913 2076 977 sit,
2108 909 2395 966 mundanis
2422 907 2841 979 implicabantur
2869 909 3169 975 erroribus,
3195 909 3352 965 audis
3380 926 3589 968 canen-

1983 1014 2091 1060 tem
2118 1020 2132 1058 :
2158 1005 2330 1074 Super
2349 1005 2565 1075 ﬂumina
2587 1001 2871 1075 Babylonis
2891 1003 3003 1058 illic
3023 1005 3248 1060 sedimus
3269 1014 3316 1061 et
3331 1007 3592 1076 ﬂeuimus,

1982 1097 2107 1151 dum
2150 1098 2544 1152 recordaremur
2589 1096 2721 1152 Sion
2767 1093 2941 1167 (Psal.
2987 1113 3214 1161 cxxxvl,
3255 1100 3331 1165 1).
3379 1097 3590 1155 lnducit

1981 1191 2126 1246 enim
2157 1200 2182 1228 η
2209 1192 2484 1263 lapsorum
2511 1193 2766 1262 gemitus,
2794 1191 2845 1245 iu
2875 1191 2992 1260 ipso
3015 1201 3316 1262 temporum
3343 1210 3585 1262 praesen-

1981 1284 2114 1338 tium
2147 1293 2203 1339 et
2233 1299 2414 1338 rerum
2446 1283 2746 1339 labentium
2770 1282 2947 1339 adhuc
2979 1283 3187 1353 positos
3217 1293 3361 1340 statu
3389 1285 3590 1342 debere

1979 1375 2345 1447 resipiscere;
2382 1391 2572 1431 eorum
2609 1376 2862 1432 videlicet
2905 1377 3158 1446 exemplo
3183 1420 3198 1444 ,
3239 1379 3328 1448 qui
3368 1389 3591 1450 pr0pter

1977 1469 2184 1541 peccati
2217 1469 2450 1540 pretium
2489 1467 2710 1525 deducti
2737 1479 2894 1525 erant
2936 1469 2989 1525 in
3029 1470 3358 1542 captivitatis
3393 1486 3590 1528 terum-

1979 1578 2126 1619 nam.

2050 1655 2178 1712 102.
2221 1654 2370 1710 Nihil
2401 1665 2487 1712 est
2510 1664 2692 1712 autem
2739 1654 2846 1728 (De
2879 1653 3107 1724 Paruit,
3151 1656 3276 1712 dist.
3308 1673 3348 1726 ι,
3378 1674 3426 1713 c.
3457 1658 3594 1716 Sunt

1977 1749 2088 1817 qui,
2122 1746 2150 1820 §
2182 1745 2335 1802 Nihil
2363 1744 2462 1820 est)
2503 1747 2648 1818 quod
2680 1757 2788 1803 tam
2835 1763 3050 1804 summo
3083 1747 3259 1804 dolori
3287 1750 3389 1813 sit,
3427 1765 3590 1822 quam

1907 1861 1954 1923 Β
1979 1850 2040 1897 ιιι
2067 1841 2436 1912 unusquisque
2489 1842 2696 1912 positus
2742 1841 2845 1898 sub
2886 1842 3205 1912 captivitate
3235 1845 3470 1915 peccati,
3501 1861 3592 1902 re-

1977 1935 2242 1992 cordetur
2271 1937 2414 1992 unde
2441 1935 2624 2008 lapsus
2648 1936 2751 2005 sit,
2781 1945 2945 2007 atque
2985 1936 3132 1993 unde
3165 1937 3477 2007 deciderit;
3524 1955 3595 1998 eo

1977 2027 2122 2099 quod
2162 2027 2228 2083 ad
2260 2042 2524 2100 corporea
2551 2040 2719 2099 atque
2751 2038 2963 2086 terrena
2992 2028 3062 2085 ab
3103 2021 3192 2086 illa
3236 2031 3486 2102 speciosa
3527 2049 3594 2091 ac

1977 2122 2208 2193 pulchra
2235 2120 2263 2160 δ
2291 2121 2491 2178 divina:
2518 2122 2848 2194 cognitionis
2882 2123 3188 2180 intentione
3215 2125 3518 2182 deﬂexerit.

2051 2215 2178 2272 105.
2221 2213 2315 2269 Sic
2335 2213 2506 2270 habes
2531 2213 2704 2270 Adam
2735 2210 3161 2270 abscondenlem
3189 2230 3272 2281 sc,
3298 2215 3392 2272 ubi
3419 2211 3590 2275 Deum

1977 2309 2371 2381 cognovitesse
2394 2318 2743 2378 praesentem,
2759 2311 3114 2380 etquaesitum
3138 2310 3307 2367 latere
3329 2311 3592 2377 voluisse.

1978 2411 2034 2459 et
2052 2411 2305 2458 vocatum
2331 2416 2363 2456 a
2393 2401 2626 2457 Domino
2661 2416 2724 2456 ea
2751 2417 2887 2457 voce
2914 2418 3038 2473 qua:
3065 2402 3282 2459 latentis
3314 2403 3592 2461 morderet

1979 2495 2268 2564 aﬂectum,
2302 2495 2408 2552 hoc
2435 2505 2520 2552 est
2559 2512 2573 2549 :
2607 2496 2806 2562 Adam,
2836 2496 2924 2550 ubi
2949 2513 3001 2552 es
3031 2496 3187 2568 (Gen.
3219 2513 3302 2564 ιιι,
3329 2498 3434 2571 9)?
3477 2497 3592 2556 lloc

1979 2599 2100 2654 est,
2141 2604 2238 2644 cur
2289 2599 2340 2644 te
2383 2587 2717 2644 abscondis?
2763 2603 2861 2644 cur
2911 2589 3084 2644 lates?
3121 2604 3220 2645 cur
3262 2590 3404 2662 fugis
3439 2606 3590 2660 eum,

1978 2694 2140 2751 quem
2169 2679 2355 2736 videre
2395 2678 2786 2736 desiderabas?
2831 2679 2907 2735 lla
2943 2681 3124 2752 gravis
3156 2683 3317 2753 culpa
3345 2692 3431 2740 est
3458 2698 3594 2740 con-

1977 2772 2255 2838 scientias,
2294 2780 2355 2827 ut
2381 2772 2503 2830 sine
2525 2771 2713 2844 judice
2745 2773 2862 2843 ipsa
2900 2787 2962 2830 se
2997 2774 3203 2845 puniat,
3235 2783 3291 2832 et
3319 2775 3506 2834 velare
3532 2792 3595 2835 se

1979 2868 2203 2938 cupiat;
2234 2878 2289 2923 et
2317 2875 2498 2924 tamen
2527 2866 2670 2938 apud
2698 2867 2868 2924 Deum
2896 2868 3042 2924 nuda
3067 2869 3156 2936 sit.

2054 2960 2179 3017 104.
2212 2959 2284 3016 Ει
2310 2960 2433 3016 ideo
2456 2976 2619 3019 nemo
2641 2961 2694 3016 in
2719 2970 2945 3032 peccato
2971 2961 3185 3032 positus
3205 2977 3470 3035 arrogare
3490 2965 3596 3022 sibi

1981 3055 2144 3113 debet
2172 3056 2552 3113 auctoritatem
2575 3067 2668 3112 aut
2691 3057 3098 3127 usurpationem
3126 3070 3592 3115 sacramentorum

1984 3147 2104 3222 (De
2142 3148 2336 3205 Pwnit.
2362 3190 2376 3215 ,
2429 3149 2550 3203 dist.
2586 3165 2635 3217 ι,
2675 3167 2722 3204 c.
2764 3149 2902 3205 Sunt
2947 3151 3068 3220 qui,
3103 3149 3132 3222 ᾗ
3177 3149 3422 3222 Nemo);
3465 3152 3591 3221 quia

268 3239 519 3310 proxima
563 3248 723 3294 nocte
769 3253 799 3292 a
848 3238 1012 3295 nobis
1067 3246 1254 3294 nostra
1303 3247 1624 3308 reposcatur
1673 3239 1876 3294 anima.
1905 3251 1952 3314 (ς
1983 3243 2246 3312 scriptum
2269 3251 2354 3298 est
2383 3259 2396 3295 :
2429 3253 2450 3280 ε
2487 3241 2740 3306 Peccasti,
2769 3243 2972 3311 quiesce
3000 3241 3154 3312 (Gen.
3188 3259 3261 3311 tv,
3290 3243 3401 3316 ιο).
3434 3245 3589 3312 Quod

275 3332 455 3390 Adam
485 3331 586 3406 (De
614 3331 832 3398 Paenit.,
861 3332 985 3388 dist.
1019 3348 1059 3397 ι,
1085 3349 1133 3388 c.
1158 3329 1349 3403 Adam)
1380 3339 1504 3401 post
1525 3331 1742 3401 culpam
1772 3339 1884 3386 sta-

270 3429 374 3485 tim
403 3427 470 3484 de
493 3427 744 3499 paradiso
767 3428 910 3484 Deus
935 3426 1124 3498 ejecit,
1151 3441 1260 3482 non
1288 3425 1499 3481 distulit
1531 3443 1545 3480 :
1575 3425 1673 3481 sed
1698 3425 1880 3481 statim

265 3521 546 3593 separavit
582 3537 614 3576 a
659 3520 893 3586 deliciis,
928 3529 989 3576 ut
1015 3528 1202 3591 ageret
1242 3518 1616 3589 plenitentiam
1649 3535 1661 3571 :
1695 3517 1880 3573 statim

270 3617 514 3672 tunicam
534 3614 758 3672 vestivit
775 3615 1078 3686 pelliceam,
1102 3628 1212 3668 non
1233 3612 1464 3668 sericam
1494 3610 1648 3682 (Gen.
1667 3626 1748 3677 ιιι,
1762 3610 1881 3683 21).

347 3709 474 3766 100.
517 3708 658 3777 Quid
704 3708 848 3764 enim
894 3718 980 3762 est
1014 3705 1159 3778 quod
1208 3704 1469 3762 dideras?
1509 3706 1592 3760 An
1631 3713 1689 3760 ut
1724 3704 1880 3775 plura

266 3813 498 3878 peccata
543 3802 898 3858 committas?
944 3801 1086 3871 Ergo
1132 3800 1258 3870 quia
1307 3798 1452 3855 Deus
1491 3796 1658 3872 538
1703 3797 1881 3853 bonus

267 3908 395 3965 est,
426 3898 550 3955 ideo
581 3908 636 3952 tu
663 3897 839 3952 malus
865 3938 880 3963 ,
917 3904 976 3952 et
999 3895 1218 3951 divitias
1257 3895 1516 3952 bonitatis
1546 3895 1665 3965 ejus
1691 3903 1749 3950 et
1781 3909 1876 3965 pa-

267 3990 481 4047 tientia:
507 3987 813 4045 contemnis
838 3987 1018 4062 (Rom.
1052 4003 1126 4055 ιι,
1153 3986 1247 4059 4)?
1287 3987 1395 4045 Sed
1420 3987 1636 4044 bonitas
1664 3986 1881 4042 Domini

268 4085 450 4156 magis
487 4083 556 4139 ad
596 4082 972 4156 pteniteutiam
1015 4091 1068 4138 te
1106 4081 1270 4138 debet
1311 4081 1604 4138 adducere.
1651 4079 1778 4137 Ideo
1811 4077 1882 4135 ad

268 4193 469 4235 omnes
497 4185 722 4233 sanctus
753 4175 920 4232 David
945 4175 1073 4232 dicit
1103 4194 1116 4230 :
1151 4175 1331 4232 Venite
1355 4178 1653 4242 adoremus,
1685 4184 1733 4231 et
1760 4191 1881 4246 pro-

268 4272 514 4327 cidamus
534 4279 652 4326 ante
668 4285 810 4338 eum,
833 4277 881 4324 et
901 4269 1162 4340 ploremus
1181 4278 1301 4326 ante
1319 4267 1602 4325 Dominum
1622 4277 1876 4336 nostrum,

269 4367 363 4437 qui
388 4365 503 4438 fecit
529 4381 623 4422 nos
651 4359 827 4434 (Psal.
859 4379 1004 4430 xcnv,
1032 4362 1110 4436 6).
1146 4363 1224 4419 De
1249 4373 1536 4435 peccatore
1559 4371 1741 4420 autem
1763 4363 1883 4420 sine

270 4457 597 4532 paenitentia
642 4467 895 4523 mortuo,
945 4457 1074 4529 quia
1116 4454 1250 4511 nihil
1296 4456 1443 4513 aliud
1491 4465 1742 4529 superest
1779 4456 1884 4513 nisi

270 4557 516 4628 graviter
543 4569 806 4624 merere,
839 4554 944 4611 nisi
972 4553 1136 4621 ﬂere,
1167 4552 1335 4612 habes
1364 4554 1671 4626 plorantem
1702 4544 1884 4626 ipsum

1987 3336 2044 3390 in
2093 3335 2350 3406 praesenti
2389 3335 2600 3405 psalmo
2637 3334 2806 3404 David
2850 3334 2984 3390 dicit
3026 3351 3039 3387 :
3082 3332 3150 3388 In
3189 3336 3436 3391 salicibus
3479 3334 3596 3406 (De

1990 3427 2215 3494 Posuit,
2245 3429 2367 3483 dist.
2394 3429 2462 3496 ὅ,
2492 3446 2538 3482 c.
2571 3426 2638 3482 In
2667 3427 2956 3500 salicibus),
2991 3428 3187 3499 inquit,
3212 3431 3267 3484 in
3286 3429 3456 3486 medio
3476 3431 3592 3502 ejus

1989 3523 2353 3596 suspendimus
2381 3539 2578 3597 organa
2607 3533 2819 3589 nostra;
2858 3530 2916 3578 et
2946 3522 3084 3579 infra
3118 3541 3131 3576 :
3165 3525 3438 3590 Quomodo
3469 3542 3594 3582 can-

1990 3616 2209 3672 tabimus
2233 3616 2491 3669 canticum
2512 3613 2720 3668 Domini
2742 3614 2795 3668 in
2823 3623 2958 3669 terra
2977 3614 3146 3669 aliena
3172 3614 3345 3686 (Psul.
3371 3601 3592 3687 cxxxvr,

1991 3710 2044 3776 1,
2066 3707 2165 3780 2)?
2194 3709 2251 3766 Si
2287 3709 2434 3765 enim
2467 3723 2597 3765 caro
2624 3708 2791 3764 menti
2821 3719 3105 3781 repugnat,
3138 3725 3242 3767 nec
3267 3711 3479 3768 subdita
3510 3723 3598 3772 est

1986 3803 2157 3859 animi
2178 3803 2566 3874 gubernaculo,
2587 3812 2644 3860 et
2663 3803 2861 3860 mentis
2881 3803 3130 3876 imperio,
3155 3804 3332 3862 aliena
3349 3815 3433 3862 est
3451 3816 3596 3864 terra

1987 3911 2110 3968 quae
2157 3912 2265 3952 non
2315 3897 2569 3953 domatur
2611 3896 2878 3952 exercitio
2923 3896 3174 3964 cultoris,
3217 3905 3272 3952 et
3317 3897 3442 3953 ideo
3485 3914 3596 3955 non

1988 3996 2170 4060 potest
2192 3987 2403 4044 fructus
2439 3987 2742 4055 charitatis,
2774 3987 3075 4058 patientiae,
3104 4002 3170 4043 ac
3198 3988 3347 4058 pacis
3376 3988 3593 4047 all'erre.

1988 4082 2181 4138 Melius
2207 4080 2372 4154 539
2391 4091 2475 4137 est
2506 4095 2640 4153 ergo
2672 4090 2799 4136 tunc
2817 4081 3120 4152 quiescere,
3144 4077 3170 4117 δ
3193 4095 3318 4136 cum
3338 4097 3598 4139 exercere

1986 4192 2097 4233 non
2125 4191 2293 4247 queas
2323 4190 2486 4247 opera
2513 4176 2884 4246 paenitentiae;
2926 4191 2994 4232 ne
3034 4175 3089 4231 in
3130 4175 3244 4246 ipsa
3276 4174 3594 4245 pmnilentia

1990 4271 2101 4339 ﬁat,
2133 4269 2277 4342 quod
2315 4280 2506 4343 postea
2539 4270 2776 4343 indigeat
2811 4270 3151 4342 poenitentia.
3187 4269 3321 4338 Quae
3350 4271 3395 4326 si
3423 4272 3599 4330 semel

1983 4362 2147 4420 luerit
2190 4372 2489 4434 usurpata,
2552 4377 2652 4419 nec
2697 4364 2822 4433 jure
2871 4362 3181 4430 celebrata,
3240 4377 3342 4420 nec
3397 4363 3599 4435 prioris

1985 4455 2222 4512 fructum
2270 4454 2524 4524 obtinet,
2558 4464 2615 4512 et
2655 4454 2867 4512 auferet
2911 4469 3069 4511 usum
3110 4456 3433 4527 posterioris
3472 4457 3492 4530 (
3515 4457 3595 4514 De

1988 4548 2182 4606 Paruit.
2205 4591 2220 4617 ,
2254 4549 2380 4606 dist.
2411 4565 2488 4616 ιιι,
2522 4565 2569 4605 c.
2605 4548 2669 4606 Si
2694 4549 2807 4621 quis
2835 4590 2850 4615 ,
2881 4548 2910 4621 ᾗ
2944 4546 3301 4621 Ρωηὶιεηιὶα).

280 4719 403 4772 hinc
429 4716 660 4787 putavit;
706 4713 912 4787 aliqui,
945 4713 1203 4768 admirata
1236 4712 1304 4769 sit
1325 4755 1340 4780 ,
1371 4713 1668 4783 putaverit;
1695 4711 1883 4768 caueri
1911 4714 1964 4777 D
1991 4707 2096 4764 tius
2117 4707 2617 4787 procrastinandam
2642 4707 2884 4787 impellat
2906 4717 3234 4780 urgeatque;
3263 4720 3590 4787 cumtamen

276 4789 376 4863 qui
406 4786 462 4863 et
489 4790 731 4863 potiores
743 4827 779 4863 _,_
800 4794 860 4840 ut
889 4786 1145 4863 in_te_xtu_.

357 4870 382 4897 ἰ
415 4855 638 4915 Amerb.
664 4867 720 4914 et
742 4857 920 4924 Eras.,
942 4855 1155 4912 Inducit
1180 4857 1445 4924 lapsorum
1464 4855 1679 4927 gemitus
1703 4856 1756 4908 in
1779 4856 1892 4925 ipso

279 4947 511 5003 tempore
538 4931 867 5003 prementium
901 4939 950 4983 et
979 4945 1152 5003 rerum
1183 4928 1485 5003 labentium,
1517 4935 1625 5003 etc.
1664 4927 1792 4982 Gill.
1825 4940 1890 4982 ac

278 4998 418 5064 mss.
451 5013 509 5060 ut
539 4998 638 5058 nos
668 5001 721 5057 in
755 5011 901 5056 textu
927 5041 944 5067 ,
971 5001 1078 5056 nisi
1105 5000 1249 5071 quod
1287 4998 1480 5071 horum
1506 4999 1747 5069 quinque
1789 5012 1890 5068 pro

276 5077 499 5152 gemitus
529 5073 732 5129 habent
762 5089 945 5146 genus,
973 5069 1197 5127 minime
1221 5071 1383 5126 male.
1412 5069 1545 5153 Nam
1571 5083 1636 5125 ea
1665 5085 1766 5125 vox
1791 5084 1891 5196 per

277 5147 542 5196 sullensin
571 5145 640 5196 ad
667 5145 994 5196 adiectivum
1029 5142 1226 5196 positos
1255 5142 1450 5196 referri
1479 5149 1679 5196 potest.
1712 5149 1772 5196 ut
1817 5155 1887 5196 uc

1817 5155 1887 5197 nc

277 5141 640 5223 syllepsinad
667 5141 994 5223 a_djecti_vum
1028 5142 1226 5223 positos
1255 5141 1450 5223 referri
1478 5149 1679 5223 potest,
1712 5149 1772 5196 ut

278 5215 479 5276 sensus
522 5217 592 5272 sit
617 5259 632 5283 ,
681 5215 894 5271 Inducit
917 5215 1107 5285 'lapsos
1137 5215 1488 5270 homines.....
1519 5215 1711 5282 positos
1737 5253 1752 5279 ,
1781 5224 1888 5268 etc.

280 5293 449 5349 Rom.
488 5289 622 5346 edit.
669 5287 877 5343 lnducit
916 5288 1181 5359 lapsorum
1210 5286 1430 5358 gemitus
1461 5295 1508 5340 et
1534 5285 1587 5339 in
1616 5285 1730 5356 ipso
1757 5300 1890 5356 pra:-

278 5364 506 5420 semium
534 5370 584 5415 et
603 5377 798 5428 rerum,
827 5370 933 5416 etc.

345 5432 387 5473 ἰ’
427 5435 504 5490 Ita
537 5442 645 5488 vet.
669 5432 800 5488 edit.
830 5447 892 5489 ac
919 5431 1104 5502 plures
1128 5444 1262 5486 mss.
1285 5436 1728 5502 quorumtamen
1751 5442 1892 5502 unus

279 5522 387 5581 pro
415 5505 634 5581 pulchra
654 5503 803 5581 legit
829 5498 960 5581 pura
981 5545 995 5570 ,
1028 5503 1208 5581 et__a|ii
1244 5498 1541 5581 nonpauci
1565 5541 1582 5566 ,
1611 5498 1893 5581 deﬂuxerit

279 5571 300 5581 ’
323 5598 388 5633 ro
415 5571 706 5648 deﬂexerit.
732 5571 808 5630 'At
830 5571 992 5631 Rom.
1025 5574 1157 5630 edit.
1191 5573 1483 5644 caaterique
1511 5586 1643 5628 mss.
1666 5587 1697 5626 a
1733 5571 1891 5627 nobis

278 5597 392 5709 bac
430 5651 549 5706 solo
586 5646 887 5709 dissident,
933 5646 1090 5709 quod
1118 5663 1150 5704 e
1193 5661 1325 5703 voce
1369 5643 1675 5709 cognitionis
1717 5643 1891 5700 iecere

1994 4796 2083 4846 ea,
2117 4779 2275 4836 sicuti
2303 4779 2508 4834 dictum
2535 4788 2641 4851 est,
2672 4794 2776 4832 non
2801 4779 3127 4846 iteraretur,
3159 4780 3456 4851 prudenter
3479 4798 3597 4838 mo-

1994 4863 2089 4908 net
2114 4851 2358 4921 ejusdem
2386 4860 2601 4919 tempus
2622 4849 2686 4904 iis
2711 4851 3019 4920 neutiquam
3041 4849 3170 4907 esse
3187 4853 3593 4918 maturandum,

1993 4923 2088 4994 qui
2115 4922 2295 4979 adhuc
2333 4921 2510 4976 aetatis
2539 4921 3005 4994 cupiditatumque
3049 4932 3181 4978 mstu
3209 4923 3289 4978 sic
3318 4924 3598 4993 abripiun-

1993 4992 2081 5051 tur
2101 5036 2116 5061 ,
2149 5005 2208 5050 ut
2239 4993 2336 5049 vix
2387 4992 2716 5064 sperandum
2761 4993 3011 5050 videatur
3041 4994 3186 5064 ipsos
3227 4994 3280 5049 in
3311 4992 3595 5064 pristinam

1991 5063 2446 5123 consuetudinem
2491 5079 2601 5119 non
2648 5064 2979 5134 relapsuros.
3036 5063 3105 5120 Et
3144 5065 3260 5119 haec
3301 5063 3463 5120 causa
3495 5063 3598 5121 luit

1990 5140 2156 5196 etiam
2187 5138 2414 5194 hlonicae
2452 5136 2797 5207 baptismatis
2840 5136 2894 5191 in
2938 5135 3240 5207 Augustino
3280 5135 3393 5207 tilio
3437 5135 3596 5193 dilic-

1995 5209 2175 5266 rendi.
2217 5209 2436 5265 Interim
2465 5205 2594 5278 quid
2627 5205 2748 5262 istis
2775 5205 3047 5279 praecipue
3073 5206 3471 5262 observandum
3499 5209 3594 5276 sit,

1997 5280 2244 5352 praecipit
2287 5279 2733 5352 sanctusdoctor
2775 5298 2790 5334 :
2833 5293 2896 5333 ac
2933 5279 3166 5352 primum
3200 5291 3297 5352 eos
3328 5279 3599 5352 abusur-

1997 5348 2212 5422 panda,
2242 5352 2345 5406 hoc
2365 5360 2480 5418 est,
2513 5349 2732 5420 indigne
2757 5348 3016 5422 sumenda
3047 5348 3593 5422 eucharistia_deter-

1994 5420 2102 5480 ret.
2134 5423 2218 5479 Ad
2241 5422 2295 5478 id
2326 5432 2556 5478 venuste
2583 5423 2964 5477 accommodat
2991 5420 3133 5474 hunc
3165 5421 3340 5488 ipsum
3365 5420 3599 5482 Genesis

1994 5495 2206 5557 locum,
2236 5509 2346 5550 non
2375 5509 2536 5549 secus
2564 5508 2628 5549 ac
2658 5493 2826 5548 verbo
2849 5492 3051 5562 quiesce
3086 5488 3312 5562 Cainum
3357 5507 3385 5546 a
3427 5497 3599 5552 sacri-

1997 5568 2122 5623 licio
2170 5566 2314 5623 Deus
2363 5563 2686 5636 removisset
2719 5581 2750 5636 _:
2802 5561 3478 5636 quod_verbum_argute
3528 5569 3599 5623 ad

323 5632 392 5708 oc
430 5632 549 5706 so'lo
586 5646 887 5715 dissident,
933 5646 1090 5719 quod
1118 5663 1150 5704 e
1193 5661 1325 5703 voce
1369 5632 1675 5718 cbgnitionis
1700 5643 1896 5713 iecere
1997 5638 2408 5719 excusandinseu
2431 5633 2752 5719 defendendi
2774 5632 2984 5719 peccati
3006 5632 3432 5719 prohibitionem
3452 5637 3596 5696 idem

279 5720 626 5781 conditionis.

363 5766 799 5863 falsi-"passim
842 5791 898 5847 in
929 5766 1078 5848 hisce
1105 5789 1258 5847 libris
1299 5788 1623 5863 Ambrosius
1659 5788 1892 5863 aliorum

282 5869 512 5929 Patrum
535 5859 787 5935 exemplo
811 5872 1128 5934 peccatores
1147 5863 1214 5918 ad
1242 5861 1618 5935 ptenitentiam
1645 5873 1756 5918 non
1777 5859 1897 5916 diu-

779 5959 1054 6024 ΡΔι-ιιοι..
1095 5957 1268 6021 XVI.

1995 5711 2234 5768 traducit
2264 5709 2359 5764 lib.
2391 5723 2430 5762 ιι
2456 5707 2526 5762 de
2555 5706 2705 5760 Cain.
2734 5717 2788 5759 et
2814 5705 2973 5771 Abel,
3004 5719 3126 5774 cap.
3157 5705 3208 5758 7.

2072 5780 2099 5820 ἀ
2131 5781 2256 5839 Mss.
2290 5778 2561 5843 nonnulli,
2588 5790 2706 5831 cum
2731 5791 2968 5832 exercere
2996 5791 3099 5832 non
3122 5793 3344 5847 querar.

2844 5945 2915 6005 l7
