  <div class='ocr_page' id='page_1' title='image "/cluster/home/n/w/nwhite01/storage/ocr_20150623/16/hvd.32044015471998/269.png"; bbox 0 0 4042 6294; ppageno 0'>
   <div class='ocr_carea' id='block_1_1' title="bbox 517 269 3802 352">
    <p class='ocr_par' dir='ltr' id='par_1_1' title="bbox 517 269 3802 352">
     <span class='ocr_line' id='line_1_1' title="bbox 517 269 3802 352; baseline -0.001 -15"><span class='ocrx_word' id='word_1_1' title='bbox 517 274 620 338; x_wconf 73' lang='lat'><strong><em>327</em></strong></span> <span class='ocrx_word' id='word_1_2' title='bbox 1861 281 2108 342; x_wconf 57' lang='lat' dir='ltr'><strong><em>saw&quot;</em></strong></span> <span class='ocrx_word' id='word_1_3' title='bbox 2147 279 2472 342; x_wconf 64' lang='lat' dir='ltr'><strong><em>annuos&quot;</em></strong></span> <span class='ocrx_word' id='word_1_4' title='bbox 3712 269 3802 352; x_wconf 64' lang='lat' dir='ltr'><strong><em>iis</em></strong></span> 
     </span>
    </p>
   </div>
   <div class='ocr_carea' id='block_1_2' title="bbox 518 387 3805 462">
    <p class='ocr_par' dir='ltr' id='par_1_2' title="bbox 518 387 3805 462">
     <span class='ocr_line' id='line_1_2' title="bbox 518 387 3805 462; baseline -0.003 -13"><span class='ocrx_word' id='word_1_5' title='bbox 518 399 769 452; x_wconf 67' lang='lat' dir='ltr'><strong><em>Craterum</em></strong></span> <span class='ocrx_word' id='word_1_6' title='bbox 791 413 884 452; x_wconf 89' lang='lat' dir='ltr'><strong><em>non</em></strong></span> <span class='ocrx_word' id='word_1_7' title='bbox 903 396 1168 452; x_wconf 74' lang='lat' dir='ltr'><strong><em>evidentius</em></strong></span> <span class='ocrx_word' id='word_1_8' title='bbox 1190 405 1262 451; x_wconf 86' lang='lat' dir='ltr'><strong><em>est</em></strong></span> <span class='ocrx_word' id='word_1_9' title='bbox 1279 399 1340 450; x_wconf 93' lang='lat' dir='ltr'><strong><em>ab</em></strong></span> <span class='ocrx_word' id='word_1_10' title='bbox 1365 411 1423 450; x_wconf 89' lang='lat' dir='ltr'><strong><em>eo</em></strong></span> <span class='ocrx_word' id='word_1_11' title='bbox 1439 403 1594 450; x_wconf 89' lang='lat' dir='ltr'><strong><em>totam</em></strong></span> <span class='ocrx_word' id='word_1_12' title='bbox 1620 397 2068 450; x_wconf 84' lang='lat' dir='ltr'><strong><em>commentationem</em></strong></span> <span class='ocrx_word' id='word_1_13' title='bbox 2097 395 2192 450; x_wconf 84' lang='lat' dir='ltr'><strong><em>inv</em></strong></span> <span class='ocrx_word' id='word_1_14' title='bbox 2217 397 2368 450; x_wconf 89' lang='lat' dir='ltr'><strong><em>libros</em></strong></span> <span class='ocrx_word' id='word_1_15' title='bbox 2395 394 2547 462; x_wconf 88' lang='lat' dir='ltr'><strong><em>fuisse</em></strong></span> <span class='ocrx_word' id='word_1_16' title='bbox 2568 394 2892 457; x_wconf 78' lang='lat' dir='ltr'><strong><em>distributum,</em></strong></span> <span class='ocrx_word' id='word_1_17' title='bbox 2920 408 3066 459; x_wconf 87' lang='lat' dir='ltr'><strong><em>quam</em></strong></span> <span class='ocrx_word' id='word_1_18' title='bbox 3087 389 3366 446; x_wconf 82' lang='lat' dir='ltr'><strong><em>earumdem</em></strong></span> <span class='ocrx_word' id='word_1_19' title='bbox 3396 387 3633 442; x_wconf 83' lang='lat' dir='ltr'><strong><em>librorum</em></strong></span> <span class='ocrx_word' id='word_1_20' title='bbox 3653 389 3805 440; x_wconf 83' lang='lat' dir='ltr'><strong><em>sectio-</em></strong></span> 
     </span>
    </p>
   </div>
   <div class='ocr_carea' id='block_1_3' title="bbox 511 468 3805 548">
    <p class='ocr_par' dir='ltr' id='par_1_3' title="bbox 511 468 3805 548">
     <span class='ocr_line' id='line_1_3' title="bbox 511 468 3805 548; baseline -0.004 -12"><span class='ocrx_word' id='word_1_21' title='bbox 511 495 628 536; x_wconf 88' lang='lat' dir='ltr'><strong><em>nem</em></strong></span> <span class='ocrx_word' id='word_1_22' title='bbox 664 482 718 534; x_wconf 89' lang='lat' dir='ltr'><strong><em>in</em></strong></span> <span class='ocrx_word' id='word_1_23' title='bbox 749 481 912 548; x_wconf 89' lang='lat' dir='ltr'><strong><em>capita</em></strong></span> <span class='ocrx_word' id='word_1_24' title='bbox 935 481 1087 546; x_wconf 78' lang='lat' dir='ltr'><strong><em>ipsius</em></strong></span> <span class='ocrx_word' id='word_1_25' title='bbox 1121 495 1215 534; x_wconf 87' lang='lat' dir='ltr'><strong><em>non</em></strong></span> <span class='ocrx_word' id='word_1_26' title='bbox 1246 495 1366 533; x_wconf 81' lang='lat' dir='ltr'><strong><em>esse.</em></strong></span> <span class='ocrx_word' id='word_1_27' title='bbox 1393 482 1501 533; x_wconf 80' lang='lat' dir='ltr'><strong><em>Hoc</em></strong></span> <span class='ocrx_word' id='word_1_28' title='bbox 1532 477 1736 544; x_wconf 88' lang='lat' dir='ltr'><strong><em>probant</em></strong></span> <span class='ocrx_word' id='word_1_29' title='bbox 1771 492 1882 531; x_wconf 88' lang='lat' dir='ltr'><strong><em>cum</em></strong></span> <span class='ocrx_word' id='word_1_30' title='bbox 1913 478 2232 546; x_wconf 84' lang='lat' dir='ltr'><strong><em>manuscripti</em></strong></span> <span class='ocrx_word' id='word_1_31' title='bbox 2267 476 2578 544; x_wconf 84' lang='lat' dir='ltr'><strong><em>antiquiores.</em></strong></span> <span class='ocrx_word' id='word_1_32' title='bbox 2605 475 2658 528; x_wconf 89' lang='lat' dir='ltr'><strong><em>in</em></strong></span> <span class='ocrx_word' id='word_1_33' title='bbox 2693 473 2866 543; x_wconf 84' lang='lat' dir='ltr'><strong><em>quibus</em></strong></span> <span class='ocrx_word' id='word_1_34' title='bbox 2891 473 3118 526; x_wconf 87' lang='lat' dir='ltr'><strong><em>continua</em></strong></span> <span class='ocrx_word' id='word_1_35' title='bbox 3151 473 3368 526; x_wconf 86' lang='lat' dir='ltr'><strong><em>oratione</em></strong></span> <span class='ocrx_word' id='word_1_36' title='bbox 3396 469 3683 524; x_wconf 73' lang='lat' dir='ltr'><strong><em>exhibentur</em></strong></span> <span class='ocrx_word' id='word_1_37' title='bbox 3701 468 3805 524; x_wconf 74' lang='lat' dir='ltr'><strong><em>libri</em></strong></span> 
     </span>
    </p>
   </div>
   <div class='ocr_carea' id='block_1_4' title="bbox 513 555 3807 648">
    <p class='ocr_par' dir='ltr' id='par_1_4' title="bbox 513 555 3807 648">
     <span class='ocr_line' id='line_1_4' title="bbox 513 555 3807 648; baseline -0.007 -23"><span class='ocrx_word' id='word_1_38' title='bbox 513 568 724 636; x_wconf 75' lang='lat' dir='ltr'><strong><em>singuli,</em></strong></span> <span class='ocrx_word' id='word_1_39' title='bbox 757 577 858 624; x_wconf 88' lang='lat' dir='ltr'><strong><em>tam</em></strong></span> <span class='ocrx_word' id='word_1_40' title='bbox 881 570 1076 622; x_wconf 88' lang='lat' dir='ltr'><strong><em>codices</em></strong></span> <span class='ocrx_word' id='word_1_41' title='bbox 1098 566 1386 620; x_wconf 89' lang='lat' dir='ltr'><strong><em>recentiores</em></strong></span> <span class='ocrx_word' id='word_1_42' title='bbox 1407 575 1550 632; x_wconf 89' lang='lat' dir='ltr'><strong><em>atque</em></strong></span> <span class='ocrx_word' id='word_1_43' title='bbox 1573 564 1830 631; x_wconf 72' lang='lat' dir='ltr'><strong><em>editiones,</em></strong></span> <span class='ocrx_word' id='word_1_44' title='bbox 1864 563 1949 618; x_wconf 89' lang='lat' dir='ltr'><strong><em>ubi</em></strong></span> <span class='ocrx_word' id='word_1_45' title='bbox 1975 565 2190 630; x_wconf 86' lang='lat' dir='ltr'><strong><em>capitam</em></strong></span> <span class='ocrx_word' id='word_1_46' title='bbox 2213 563 2482 619; x_wconf 83' lang='lat' dir='ltr'><strong><em>stamnaria</em></strong></span> <span class='ocrx_word' id='word_1_47' title='bbox 2503 571 2604 616; x_wconf 87' lang='lat' dir='ltr'><strong><em>tam</em></strong></span> <span class='ocrx_word' id='word_1_48' title='bbox 2622 563 2783 648; x_wconf 79' lang='lat' dir='ltr'><strong><em>inepta</em></strong></span> <span class='ocrx_word' id='word_1_49' title='bbox 2805 568 2997 648; x_wconf 74' lang='lat' dir='ltr'><strong><em>imaque</em></strong></span> <span class='ocrx_word' id='word_1_50' title='bbox 3025 557 3199 648; x_wconf 76' lang='lat' dir='ltr'><strong><em>alienis</em></strong></span> <span class='ocrx_word' id='word_1_51' title='bbox 3760 557 3807 603; x_wconf 83' lang='lat' dir='ltr'><strong><em>ut</em></strong></span> 
     </span>
    </p>
   </div>
   <div class='ocr_carea' id='block_1_5' title="bbox 512 637 3806 718">
    <p class='ocr_par' dir='ltr' id='par_1_5' title="bbox 512 637 3806 718">
     <span class='ocr_line' id='line_1_5' title="bbox 512 637 3806 718; baseline -0.005 -12"><span class='ocrx_word' id='word_1_52' title='bbox 512 667 611 707; x_wconf 90' lang='lat' dir='ltr'><strong><em>non</em></strong></span> <span class='ocrx_word' id='word_1_53' title='bbox 633 657 779 708; x_wconf 86' lang='lat' dir='ltr'><strong><em>modo</em></strong></span> <span class='ocrx_word' id='word_1_54' title='bbox 809 667 951 718; x_wconf 86' lang='lat' dir='ltr'><strong><em>nova,</em></strong></span> <span class='ocrx_word' id='word_1_55' title='bbox 973 652 1102 718; x_wconf 88' lang='lat' dir='ltr'><strong><em>quod</em></strong></span> <span class='ocrx_word' id='word_1_56' title='bbox 1120 651 1295 718; x_wconf 87' lang='lat' dir='ltr'><strong><em>ubique</em></strong></span> <span class='ocrx_word' id='word_1_57' title='bbox 1311 650 1363 704; x_wconf 87' lang='lat' dir='ltr'><strong><em>in</em></strong></span> <span class='ocrx_word' id='word_1_58' title='bbox 1384 650 1474 703; x_wconf 77' lang='lat' dir='ltr'><strong><em>hoc</em></strong></span> <span class='ocrx_word' id='word_1_59' title='bbox 1495 663 1643 715; x_wconf 89' lang='lat' dir='ltr'><strong><em>opere</em></strong></span> <span class='ocrx_word' id='word_1_60' title='bbox 1675 649 1893 714; x_wconf 84' lang='lat' dir='ltr'><strong><em>fecimus,</em></strong></span> <span class='ocrx_word' id='word_1_61' title='bbox 1920 649 2242 712; x_wconf 76' lang='lat' dir='ltr'><strong><em>substituere;</em></strong></span> <span class='ocrx_word' id='word_1_62' title='bbox 2266 661 2434 701; x_wconf 79' lang='lat' dir='ltr'><strong><em>verum</em></strong></span> <span class='ocrx_word' id='word_1_63' title='bbox 2453 656 2500 700; x_wconf 91' lang='lat' dir='ltr'><strong><em>et</em></strong></span> <span class='ocrx_word' id='word_1_64' title='bbox 2521 645 2793 701; x_wconf 88' lang='lat' dir='ltr'><strong><em>orationem</em></strong></span> <span class='ocrx_word' id='word_1_65' title='bbox 2821 645 3002 711; x_wconf 83' lang='lat' dir='ltr'><strong><em>ipsam,</em></strong></span> <span class='ocrx_word' id='word_1_66' title='bbox 3018 642 3148 711; x_wconf 84' lang='lat' dir='ltr'><strong><em>quod</em></strong></span> <span class='ocrx_word' id='word_1_67' title='bbox 3179 655 3298 696; x_wconf 89' lang='lat' dir='ltr'><strong><em>raro</em></strong></span> <span class='ocrx_word' id='word_1_68' title='bbox 3317 637 3454 702; x_wconf 87' lang='lat' dir='ltr'><strong><em>alibi,</em></strong></span> <span class='ocrx_word' id='word_1_69' title='bbox 3478 637 3560 691; x_wconf 83' lang='lat' dir='ltr'><strong><em>hic</em></strong></span> <span class='ocrx_word' id='word_1_70' title='bbox 3581 637 3686 706; x_wconf 88' lang='lat' dir='ltr'><strong><em>fere</em></strong></span> <span class='ocrx_word' id='word_1_71' title='bbox 3702 649 3806 689; x_wconf 77' lang='lat' dir='ltr'><strong><em>nus-</em></strong></span> 
     </span>
    </p>
   </div>
   <div class='ocr_carea' id='block_1_6' title="bbox 511 733 3782 814">
    <p class='ocr_par' dir='ltr' id='par_1_6' title="bbox 511 733 3782 814">
     <span class='ocr_line' id='line_1_6' title="bbox 511 733 3782 814; baseline 0.004 -24"><span class='ocrx_word' id='word_1_72' title='bbox 511 753 660 805; x_wconf 88' lang='lat' dir='ltr'><strong><em>quam</em></strong></span> <span class='ocrx_word' id='word_1_73' title='bbox 681 753 776 792; x_wconf 88' lang='lat' dir='ltr'><strong><em>non</em></strong></span> <span class='ocrx_word' id='word_1_74' title='bbox 797 737 940 791; x_wconf 80' lang='lat' dir='ltr'><strong><em>aliter</em></strong></span> <span class='ocrx_word' id='word_1_75' title='bbox 963 735 1262 804; x_wconf 82' lang='lat' dir='ltr'><strong><em>distinguere</em></strong></span> <span class='ocrx_word' id='word_1_76' title='bbox 1279 749 1527 788; x_wconf 79' lang='lat' dir='ltr'><strong><em>necessum</em></strong></span> <span class='ocrx_word' id='word_1_77' title='bbox 1547 733 1714 800; x_wconf 81' lang='lat' dir='ltr'><strong><em>fuerit.</em></strong></span> <span class='ocrx_word' id='word_1_78' title='bbox 3032 811 3041 814; x_wconf 25' lang='lat'><strong><em>,</em></strong></span> <span class='ocrx_word' id='word_1_79' title='bbox 3297 810 3327 814; x_wconf 41' lang='grc' dir='ltr'>μ</span> <span class='ocrx_word' id='word_1_80' title='bbox 3525 806 3537 814; x_wconf 85' lang='lat'>_</span> <span class='ocrx_word' id='word_1_81' title='bbox 3712 807 3723 814; x_wconf 86' lang='lat'>_</span> <span class='ocrx_word' id='word_1_82' title='bbox 3773 805 3782 814; x_wconf 91' lang='lat'>_</span> 
     </span>
    </p>
   </div>
   <div class='ocr_carea' id='block_1_7' title="bbox 532 806 3808 887">
    <p class='ocr_par' dir='ltr' id='par_1_7' title="bbox 532 806 3808 887">
     <span class='ocr_line' id='line_1_7' title="bbox 532 806 3808 887; baseline -0.005 -11"><span class='ocrx_word' id='word_1_83' title='bbox 532 817 536 820; x_wconf 42' lang='grc'><em>⁴</em></span> <span class='ocrx_word' id='word_1_84' title='bbox 577 822 700 876; x_wconf 76' lang='lat' dir='ltr'><strong><em>Cant</em></strong></span> <span class='ocrx_word' id='word_1_85' title='bbox 721 829 884 874; x_wconf 85' lang='lat' dir='ltr'><strong><em>autem</em></strong></span> <span class='ocrx_word' id='word_1_86' title='bbox 916 819 1154 887; x_wconf 87' lang='lat' dir='ltr'><strong><em>potemica</em></strong></span> <span class='ocrx_word' id='word_1_87' title='bbox 1184 833 1335 884; x_wconf 85' lang='lat' dir='ltr'><strong><em>opera</em></strong></span> <span class='ocrx_word' id='word_1_88' title='bbox 1362 815 1639 884; x_wconf 82' lang='lat' dir='ltr'><strong><em>lectoribus,</em></strong></span> <span class='ocrx_word' id='word_1_89' title='bbox 1663 819 1876 873; x_wconf 73' lang='lat' dir='ltr'><strong><em>maxime</em></strong></span> <span class='ocrx_word' id='word_1_90' title='bbox 1897 832 2010 873; x_wconf 80' lang='lat' dir='ltr'><strong><em>vero</em></strong></span> <span class='ocrx_word' id='word_1_91' title='bbox 2378 817 2627 870; x_wconf 69' lang='lat' dir='ltr'><strong><em>nauarent</em></strong></span> <span class='ocrx_word' id='word_1_92' title='bbox 2655 815 2921 882; x_wconf 87' lang='lat' dir='ltr'><strong><em>quamdam</em></strong></span> <span class='ocrx_word' id='word_1_93' title='bbox 2947 811 3216 866; x_wconf 77' lang='lat' dir='ltr'><strong><em>satietatem</em></strong></span> <span class='ocrx_word' id='word_1_94' title='bbox 3248 810 3431 875; x_wconf 69' lang='lat' dir='ltr'><strong><em>an‘erre</em></strong></span> <span class='ocrx_word' id='word_1_95' title='bbox 3459 806 3670 870; x_wconf 68' lang='lat' dir='ltr'><strong><em>soleant,</em></strong></span> <span class='ocrx_word' id='word_1_96' title='bbox 3704 806 3808 860; x_wconf 80' lang='lat' dir='ltr'><strong><em>huic</em></strong></span> 
     </span>
    </p>
   </div>
   <div class='ocr_carea' id='block_1_8' title="bbox 508 892 3808 965">
    <p class='ocr_par' dir='ltr' id='par_1_8' title="bbox 508 892 3808 965">
     <span class='ocr_line' id='line_1_8' title="bbox 508 892 3808 965; baseline -0.002 -11"><span class='ocrx_word' id='word_1_97' title='bbox 508 900 640 956; x_wconf 85' lang='lat' dir='ltr'><strong><em>malo</em></strong></span> <span class='ocrx_word' id='word_1_98' title='bbox 660 899 848 955; x_wconf 81' lang='lat' dir='ltr'><strong><em>obuiam</em></strong></span> <span class='ocrx_word' id='word_1_99' title='bbox 866 909 919 954; x_wconf 84' lang='lat' dir='ltr'><strong><em>ut</em></strong></span> <span class='ocrx_word' id='word_1_100' title='bbox 939 901 1034 954; x_wconf 82' lang='lat' dir='ltr'><strong><em>iret</em></strong></span> <span class='ocrx_word' id='word_1_101' title='bbox 1053 901 1356 963; x_wconf 74' lang='lat' dir='ltr'><strong><em>Ambrosius,</em></strong></span> <span class='ocrx_word' id='word_1_102' title='bbox 1381 898 1752 963; x_wconf 81' lang='lat' dir='ltr'><strong><em>disputationem</em></strong></span> <span class='ocrx_word' id='word_1_103' title='bbox 1783 915 1921 956; x_wconf 90' lang='lat' dir='ltr'><strong><em>suam</em></strong></span> <span class='ocrx_word' id='word_1_104' title='bbox 1942 901 2076 954; x_wconf 90' lang='lat' dir='ltr'><strong><em>intra</em></strong></span> <span class='ocrx_word' id='word_1_105' title='bbox 2096 899 2372 954; x_wconf 77' lang='lat' dir='ltr'><strong><em>libellorum</em></strong></span> <span class='ocrx_word' id='word_1_106' title='bbox 2394 900 2604 954; x_wconf 87' lang='lat' dir='ltr'><strong><em>duorum</em></strong></span> <span class='ocrx_word' id='word_1_107' title='bbox 2621 899 2870 965; x_wconf 70' lang='lat' dir='ltr'><strong><em>argustias</em></strong></span> <span class='ocrx_word' id='word_1_108' title='bbox 2886 910 3062 965; x_wconf 80' lang='lat' dir='ltr'><strong><em>cogere</em></strong></span> <span class='ocrx_word' id='word_1_109' title='bbox 3081 901 3316 950; x_wconf 84' lang='lat' dir='ltr'><strong><em>statuerat</em></strong></span> <span class='ocrx_word' id='word_1_110' title='bbox 3336 909 3355 947; x_wconf 92' lang='lat'><em>:</em></span> <span class='ocrx_word' id='word_1_111' title='bbox 3377 907 3500 961; x_wconf 86' lang='lat' dir='ltr'><strong><em>quos</em></strong></span> <span class='ocrx_word' id='word_1_112' title='bbox 3530 892 3657 960; x_wconf 84' lang='lat' dir='ltr'><strong><em>ipsos</em></strong></span> <span class='ocrx_word' id='word_1_113' title='bbox 3685 892 3808 946; x_wconf 69' lang='lat' dir='ltr'><strong><em>had</em></strong></span> 
     </span>
    </p>
   </div>
   <div class='ocr_carea' id='block_1_9' title="bbox 506 976 3810 1049">
    <p class='ocr_par' dir='ltr' id='par_1_9' title="bbox 506 976 3810 1049">
     <span class='ocr_line' id='line_1_9' title="bbox 506 976 3810 1049; baseline -0.002 -12"><span class='ocrx_word' id='word_1_114' title='bbox 506 983 820 1037; x_wconf 82' lang='lat' dir='ltr'><strong><em>mediocriter</em></strong></span> <span class='ocrx_word' id='word_1_115' title='bbox 840 981 1138 1035; x_wconf 69' lang='lat' dir='ltr'><strong><em>exhilaraoit</em></strong></span> <span class='ocrx_word' id='word_1_116' title='bbox 1159 979 1404 1034; x_wconf 79' lang='lat' dir='ltr'><strong><em>tractandi</em></strong></span> <span class='ocrx_word' id='word_1_117' title='bbox 1425 982 1721 1037; x_wconf 68' lang='lat' dir='ltr'><strong><em>dexteritate</em></strong></span> <span class='ocrx_word' id='word_1_118' title='bbox 1737 990 1882 1049; x_wconf 83' lang='lat' dir='ltr'><strong><em>atque</em></strong></span> <span class='ocrx_word' id='word_1_119' title='bbox 1901 981 2168 1036; x_wconf 87' lang='lat' dir='ltr'><strong><em>industria.</em></strong></span> <span class='ocrx_word' id='word_1_120' title='bbox 2201 987 2386 1036; x_wconf 76' lang='lat' dir='ltr'><strong><em>Verum</em></strong></span> <span class='ocrx_word' id='word_1_121' title='bbox 2408 980 2491 1034; x_wconf 91' lang='lat' dir='ltr'><strong><em>ubi</em></strong></span> <span class='ocrx_word' id='word_1_122' title='bbox 2515 980 2770 1034; x_wconf 87' lang='lat' dir='ltr'><strong><em>materiam</em></strong></span> <span class='ocrx_word' id='word_1_123' title='bbox 2791 980 2986 1034; x_wconf 79' lang='lat' dir='ltr'><strong><em>uberius</em></strong></span> <span class='ocrx_word' id='word_1_124' title='bbox 3010 977 3368 1034; x_wconf 81' lang='lat' dir='ltr'><strong><em>discutiean</em></strong></span> <span class='ocrx_word' id='word_1_125' title='bbox 3394 976 3651 1040; x_wconf 71' lang='lat' dir='ltr'><strong><em>intellexit,</em></strong></span> <span class='ocrx_word' id='word_1_126' title='bbox 3672 978 3810 1032; x_wconf 86' lang='lat' dir='ltr'><strong><em>multo</em></strong></span> 
     </span>
    </p>
   </div>
   <div class='ocr_carea' id='block_1_10' title="bbox 506 1062 3810 1134">
    <p class='ocr_par' dir='ltr' id='par_1_10' title="bbox 506 1062 3810 1134">
     <span class='ocr_line' id='line_1_10' title="bbox 506 1062 3810 1134; baseline -0.001 -14"><span class='ocrx_word' id='word_1_127' title='bbox 506 1067 760 1132; x_wconf 73' lang='lat' dir='ltr'><strong><em>prospecit</em></strong></span> <span class='ocrx_word' id='word_1_128' title='bbox 798 1065 1099 1134; x_wconf 87' lang='lat' dir='ltr'><strong><em>diligentius,</em></strong></span> <span class='ocrx_word' id='word_1_129' title='bbox 1123 1073 1174 1118; x_wconf 90' lang='lat' dir='ltr'><strong><em>ut</em></strong></span> <span class='ocrx_word' id='word_1_130' title='bbox 1203 1065 1444 1132; x_wconf 86' lang='lat' dir='ltr'><strong><em>quidquid</em></strong></span> <span class='ocrx_word' id='word_1_131' title='bbox 1474 1080 1652 1130; x_wconf 89' lang='lat' dir='ltr'><strong><em>parere</em></strong></span> <span class='ocrx_word' id='word_1_132' title='bbox 1689 1075 1847 1133; x_wconf 79' lang='lat' dir='ltr'><strong><em>posset</em></strong></span> <span class='ocrx_word' id='word_1_133' title='bbox 1883 1064 2075 1133; x_wconf 89' lang='lat' dir='ltr'><strong><em>aliquid</em></strong></span> <span class='ocrx_word' id='word_1_134' title='bbox 2113 1064 2322 1133; x_wconf 78' lang='lat' dir='ltr'><strong><em>fastidii,</em></strong></span> <span class='ocrx_word' id='word_1_135' title='bbox 2360 1072 2710 1119; x_wconf 77' lang='lat' dir='ltr'><strong><em>removeretur.</em></strong></span> <span class='ocrx_word' id='word_1_136' title='bbox 2737 1069 2808 1117; x_wconf 80' lang='lat' dir='ltr'><strong><em>Bo</em></strong></span> <span class='ocrx_word' id='word_1_137' title='bbox 2841 1062 3044 1118; x_wconf 87' lang='lat' dir='ltr'><strong><em>consilio</em></strong></span> <span class='ocrx_word' id='word_1_138' title='bbox 3073 1062 3298 1118; x_wconf 84' lang='lat' dir='ltr'><strong><em>sedulam</em></strong></span> <span class='ocrx_word' id='word_1_139' title='bbox 3331 1063 3585 1116; x_wconf 83' lang='lat' dir='ltr'><strong><em>nectendis</em></strong></span> <span class='ocrx_word' id='word_1_140' title='bbox 3615 1062 3734 1116; x_wconf 88' lang='lat' dir='ltr'><strong><em>inter</em></strong></span> <span class='ocrx_word' id='word_1_141' title='bbox 3761 1075 3810 1117; x_wconf 87' lang='lat' dir='ltr'><strong><em>se</em></strong></span> 
     </span>
    </p>
   </div>
   <div class='ocr_carea' id='block_1_11' title="bbox 504 1143 3810 1216">
    <p class='ocr_par' dir='ltr' id='par_1_11' title="bbox 504 1143 3810 1216">
     <span class='ocr_line' id='line_1_11' title="bbox 504 1143 3810 1216; baseline 0 -17"><span class='ocrx_word' id='word_1_142' title='bbox 504 1146 862 1212; x_wconf 77' lang='lat' dir='ltr'><strong><em>probationibus</em></strong></span> <span class='ocrx_word' id='word_1_143' title='bbox 885 1147 1324 1216; x_wconf 86' lang='lat' dir='ltr'><strong><em>objectionibusque</em></strong></span> <span class='ocrx_word' id='word_1_144' title='bbox 1345 1161 1546 1214; x_wconf 89' lang='lat' dir='ltr'><strong><em>operam</em></strong></span> <span class='ocrx_word' id='word_1_145' title='bbox 1573 1147 1729 1212; x_wconf 88' lang='lat' dir='ltr'><strong><em>dedit,</em></strong></span> <span class='ocrx_word' id='word_1_146' title='bbox 1767 1157 1906 1215; x_wconf 83' lang='lat' dir='ltr'><strong><em>aptas</em></strong></span> <span class='ocrx_word' id='word_1_147' title='bbox 1937 1149 2162 1202; x_wconf 85' lang='lat' dir='ltr'><strong><em>adhibuit</em></strong></span> <span class='ocrx_word' id='word_1_148' title='bbox 2183 1155 2327 1216; x_wconf 89' lang='lat' dir='ltr'><strong><em>atque</em></strong></span> <span class='ocrx_word' id='word_1_149' title='bbox 2359 1147 2636 1214; x_wconf 82' lang='lat' dir='ltr'><strong><em>ingeniosus</em></strong></span> <span class='ocrx_word' id='word_1_150' title='bbox 2659 1145 2986 1210; x_wconf 82' lang='lat' dir='ltr'><strong><em>transitiones,</em></strong></span> <span class='ocrx_word' id='word_1_151' title='bbox 3021 1143 3330 1213; x_wconf 68' lang='lat' dir='ltr'><strong><em>praefationes</em></strong></span> <span class='ocrx_word' id='word_1_152' title='bbox 3365 1145 3589 1210; x_wconf 82' lang='lat' dir='ltr'><strong><em>inseruit,</em></strong></span> <span class='ocrx_word' id='word_1_153' title='bbox 3619 1145 3810 1200; x_wconf 78' lang='lat' dir='ltr'><strong><em>subinde</em></strong></span> 
     </span>
    </p>
   </div>
   <div class='ocr_carea' id='block_1_12' title="bbox 505 1230 3811 1301">
    <p class='ocr_par' dir='ltr' id='par_1_12' title="bbox 505 1230 3811 1301">
     <span class='ocr_line' id='line_1_12' title="bbox 505 1230 3811 1301; baseline 0.001 -17"><span class='ocrx_word' id='word_1_154' title='bbox 505 1230 718 1284; x_wconf 86' lang='lat' dir='ltr'><strong><em>moralia</em></strong></span> <span class='ocrx_word' id='word_1_155' title='bbox 738 1239 1000 1298; x_wconf 65' lang='lat' dir='ltr'><strong><em>praecepta,</em></strong></span> <span class='ocrx_word' id='word_1_156' title='bbox 1034 1230 1178 1282; x_wconf 88' lang='lat' dir='ltr'><strong><em>immo</em></strong></span> <span class='ocrx_word' id='word_1_157' title='bbox 1200 1244 1556 1298; x_wconf 87' lang='lat' dir='ltr'><strong><em>nonnumquam</em></strong></span> <span class='ocrx_word' id='word_1_158' title='bbox 1577 1233 1725 1285; x_wconf 88' lang='lat' dir='ltr'><strong><em>etiam</em></strong></span> <span class='ocrx_word' id='word_1_159' title='bbox 1747 1231 1978 1286; x_wconf 85' lang='lat' dir='ltr'><strong><em>nonnulla</em></strong></span> <span class='ocrx_word' id='word_1_160' title='bbox 1999 1241 2141 1286; x_wconf 91' lang='lat' dir='ltr'><strong><em>acute</em></strong></span> <span class='ocrx_word' id='word_1_161' title='bbox 2158 1233 2290 1287; x_wconf 88' lang='lat' dir='ltr'><strong><em>dicta</em></strong></span> <span class='ocrx_word' id='word_1_162' title='bbox 2311 1233 2505 1287; x_wconf 86' lang='lat' dir='ltr'><strong><em>miscuit</em></strong></span> <span class='ocrx_word' id='word_1_163' title='bbox 2527 1241 2671 1300; x_wconf 85' lang='lat' dir='ltr'><strong><em>atque</em></strong></span> <span class='ocrx_word' id='word_1_164' title='bbox 2692 1231 2941 1299; x_wconf 87' lang='lat' dir='ltr'><strong><em>inspersit.</em></strong></span> <span class='ocrx_word' id='word_1_165' title='bbox 2971 1233 3160 1301; x_wconf 85' lang='lat' dir='ltr'><strong><em>Ubique</em></strong></span> <span class='ocrx_word' id='word_1_166' title='bbox 3178 1242 3341 1286; x_wconf 86' lang='lat' dir='ltr'><strong><em>autem</em></strong></span> <span class='ocrx_word' id='word_1_167' title='bbox 3367 1231 3462 1286; x_wconf 78' lang='lat' dir='ltr'><strong><em>hac</em></strong></span> <span class='ocrx_word' id='word_1_168' title='bbox 3482 1240 3588 1286; x_wconf 89' lang='lat' dir='ltr'><strong><em>arte</em></strong></span> <span class='ocrx_word' id='word_1_169' title='bbox 3611 1234 3811 1301; x_wconf 59' lang='lat' dir='ltr'><strong><em>disponit</em></strong></span> 
     </span>
    </p>
   </div>
   <div class='ocr_carea' id='block_1_13' title="bbox 505 1313 3808 1389">
    <p class='ocr_par' dir='ltr' id='par_1_13' title="bbox 505 1313 3808 1389">
     <span class='ocr_line' id='line_1_13' title="bbox 505 1313 3808 1389; baseline 0.003 -23"><span class='ocrx_word' id='word_1_170' title='bbox 505 1313 818 1379; x_wconf 71' lang='lat' dir='ltr'><strong><em>obiectiones,</em></strong></span> <span class='ocrx_word' id='word_1_171' title='bbox 836 1323 886 1366; x_wconf 88' lang='lat' dir='ltr'><strong><em>at</em></strong></span> <span class='ocrx_word' id='word_1_172' title='bbox 901 1314 1058 1389; x_wconf 12' lang='lat' dir='ltr'><strong><em>lector,</em></strong></span> <span class='ocrx_word' id='word_1_173' title='bbox 1070 1329 1167 1368; x_wconf 90' lang='lat' dir='ltr'><strong><em>non</em></strong></span> <span class='ocrx_word' id='word_1_174' title='bbox 1184 1315 1288 1368; x_wconf 87' lang='lat' dir='ltr'><strong><em>sine</em></strong></span> <span class='ocrx_word' id='word_1_175' title='bbox 1307 1314 1550 1380; x_wconf 81' lang='lat' dir='ltr'><strong><em>voluptate</em></strong></span> <span class='ocrx_word' id='word_1_176' title='bbox 1568 1315 1826 1370; x_wconf 79' lang='lat' dir='ltr'><strong><em>solutiones</em></strong></span> <span class='ocrx_word' id='word_1_177' title='bbox 1844 1331 2014 1371; x_wconf 87' lang='lat' dir='ltr'><strong><em>earum</em></strong></span> <span class='ocrx_word' id='word_1_178' title='bbox 2030 1318 2298 1384; x_wconf 78' lang='lat' dir='ltr'><strong><em>prtevideat</em></strong></span> <span class='ocrx_word' id='word_1_179' title='bbox 2320 1333 2338 1372; x_wconf 91' lang='lat'><strong><em>:</em></strong></span> <span class='ocrx_word' id='word_1_180' title='bbox 2358 1334 2477 1385; x_wconf 89' lang='lat' dir='ltr'><strong><em>quas</em></strong></span> <span class='ocrx_word' id='word_1_181' title='bbox 2499 1333 2613 1372; x_wconf 85' lang='lat' dir='ltr'><strong><em>vero</em></strong></span> <span class='ocrx_word' id='word_1_182' title='bbox 2633 1321 2831 1384; x_wconf 88' lang='lat' dir='ltr'><strong><em>ipsemet</em></strong></span> <span class='ocrx_word' id='word_1_183' title='bbox 2848 1319 3056 1386; x_wconf 79' lang='lat' dir='ltr'><strong><em>profert,</em></strong></span> <span class='ocrx_word' id='word_1_184' title='bbox 3078 1317 3151 1372; x_wconf 87' lang='lat' dir='ltr'><strong><em>ita</em></strong></span> <span class='ocrx_word' id='word_1_185' title='bbox 3171 1317 3312 1372; x_wconf 72' lang='lat' dir='ltr'><strong><em>lectae</em></strong></span> <span class='ocrx_word' id='word_1_186' title='bbox 3329 1326 3444 1374; x_wconf 87' lang='lat' dir='ltr'><strong><em>sunt</em></strong></span> <span class='ocrx_word' id='word_1_187' title='bbox 3463 1327 3608 1388; x_wconf 82' lang='lat' dir='ltr'><strong><em>atque</em></strong></span> <span class='ocrx_word' id='word_1_188' title='bbox 3627 1323 3808 1389; x_wconf 60' lang='lat' dir='ltr'><strong><em>stlide,</em></strong></span> 
     </span>
    </p>
   </div>
   <div class='ocr_carea' id='block_1_14' title="bbox 503 1386 3136 1472">
    <p class='ocr_par' dir='ltr' id='par_1_14' title="bbox 503 1386 3136 1472">
     <span class='ocr_line' id='line_1_14' title="bbox 503 1386 3136 1472; baseline 0.002 -20"><span class='ocrx_word' id='word_1_189' title='bbox 503 1405 562 1452; x_wconf 88' lang='lat' dir='ltr'><strong><em>ut</em></strong></span> <span class='ocrx_word' id='word_1_190' title='bbox 583 1401 873 1466; x_wconf 86' lang='lat' dir='ltr'><strong><em>quicumque</em></strong></span> <span class='ocrx_word' id='word_1_191' title='bbox 893 1386 1058 1466; x_wconf 79' lang='lat' dir='ltr'><strong><em>postea</em></strong></span> <span class='ocrx_word' id='word_1_192' title='bbox 1077 1403 1249 1454; x_wconf 88' lang='lat' dir='ltr'><strong><em>eodem</em></strong></span> <span class='ocrx_word' id='word_1_193' title='bbox 1270 1400 1324 1453; x_wconf 89' lang='lat' dir='ltr'><strong><em>in</em></strong></span> <span class='ocrx_word' id='word_1_194' title='bbox 1345 1410 1630 1468; x_wconf 88' lang='lat' dir='ltr'><strong><em>argumento</em></strong></span> <span class='ocrx_word' id='word_1_195' title='bbox 1653 1404 1977 1468; x_wconf 85' lang='lat' dir='ltr'><strong><em>desudarunt,</em></strong></span> <span class='ocrx_word' id='word_1_196' title='bbox 1997 1402 2156 1458; x_wconf 87' lang='lat' dir='ltr'><strong><em>nullas</em></strong></span> <span class='ocrx_word' id='word_1_197' title='bbox 2181 1403 2308 1458; x_wconf 89' lang='lat' dir='ltr'><strong><em>alias</em></strong></span> <span class='ocrx_word' id='word_1_198' title='bbox 2329 1404 2406 1460; x_wconf 89' lang='lat' dir='ltr'><strong><em>his</em></strong></span> <span class='ocrx_word' id='word_1_199' title='bbox 2427 1406 2767 1472; x_wconf 66' lang='lat' dir='ltr'><strong><em>praeferendas</em></strong></span> <span class='ocrx_word' id='word_1_200' title='bbox 2789 1403 3136 1460; x_wconf 75' lang='lat' dir='ltr'><strong><em>existimarint.</em></strong></span> 
     </span>
    </p>
   </div>
   <div class='ocr_carea' id='block_1_15' title="bbox 571 1483 3812 1556">
    <p class='ocr_par' dir='ltr' id='par_1_15' title="bbox 571 1483 3812 1556">
     <span class='ocr_line' id='line_1_15' title="bbox 571 1483 3812 1556; baseline 0.002 -19"><span class='ocrx_word' id='word_1_201' title='bbox 571 1489 812 1549; x_wconf 84' lang='lat' dir='ltr'><strong><em>Quantum</em></strong></span> <span class='ocrx_word' id='word_1_202' title='bbox 830 1485 976 1550; x_wconf 84' lang='lat' dir='ltr'><strong><em>huius</em></strong></span> <span class='ocrx_word' id='word_1_203' title='bbox 998 1485 1163 1549; x_wconf 85' lang='lat' dir='ltr'><strong><em>operis</em></strong></span> <span class='ocrx_word' id='word_1_204' title='bbox 1181 1483 1295 1538; x_wconf 86' lang='lat' dir='ltr'><strong><em>libri</em></strong></span> <span class='ocrx_word' id='word_1_205' title='bbox 1318 1483 1508 1550; x_wconf 86' lang='lat' dir='ltr'><strong><em>priores</em></strong></span> <span class='ocrx_word' id='word_1_206' title='bbox 1534 1487 1770 1539; x_wconf 79' lang='lat' dir='ltr'><strong><em>Gratiam</em></strong></span> <span class='ocrx_word' id='word_1_207' title='bbox 1781 1485 1970 1554; x_wconf 88' lang='lat' dir='ltr'><strong><em>accepti</em></strong></span> <span class='ocrx_word' id='word_1_208' title='bbox 1988 1486 2190 1554; x_wconf 87' lang='lat' dir='ltr'><strong><em>fuerint,</em></strong></span> <span class='ocrx_word' id='word_1_209' title='bbox 2213 1487 2315 1552; x_wconf 77' lang='lat' dir='ltr'><strong><em>iam</em></strong></span> <span class='ocrx_word' id='word_1_210' title='bbox 2332 1495 2446 1542; x_wconf 87' lang='lat' dir='ltr'><strong><em>ante</em></strong></span> <span class='ocrx_word' id='word_1_211' title='bbox 2461 1503 2491 1540; x_wconf 93' lang='lat' dir='ltr'><strong><em>a</em></strong></span> <span class='ocrx_word' id='word_1_212' title='bbox 2512 1489 2648 1542; x_wconf 89' lang='lat' dir='ltr'><strong><em>nobis</em></strong></span> <span class='ocrx_word' id='word_1_213' title='bbox 2664 1490 2970 1543; x_wconf 80' lang='lat' dir='ltr'><strong><em>observatum</em></strong></span> <span class='ocrx_word' id='word_1_214' title='bbox 2989 1496 3076 1543; x_wconf 88' lang='lat' dir='ltr'><strong><em>est.</em></strong></span> <span class='ocrx_word' id='word_1_215' title='bbox 3103 1494 3286 1543; x_wconf 79' lang='lat' dir='ltr'><strong><em>Verum</em></strong></span> <span class='ocrx_word' id='word_1_216' title='bbox 3303 1491 3631 1544; x_wconf 79' lang='lat' dir='ltr'><strong><em>conmumibus</em></strong></span> 
     </span>
    </p>
   </div>
   <div class='ocr_carea' id='block_1_16' title="bbox 499 1569 3812 1642">
    <p class='ocr_par' dir='ltr' id='par_1_16' title="bbox 499 1569 3812 1642">
     <span class='ocr_line' id='line_1_16' title="bbox 499 1569 3812 1642; baseline 0.003 -19"><span class='ocrx_word' id='word_1_217' title='bbox 499 1570 580 1623; x_wconf 86' lang='lat' dir='ltr'><strong><em>sui</em></strong></span> <span class='ocrx_word' id='word_1_218' title='bbox 602 1569 881 1624; x_wconf 85' lang='lat' dir='ltr'><strong><em>testimoniis</em></strong></span> <span class='ocrx_word' id='word_1_219' title='bbox 902 1571 1098 1623; x_wconf 87' lang='lat' dir='ltr'><strong><em>minime</em></strong></span> <span class='ocrx_word' id='word_1_220' title='bbox 1119 1577 1385 1632; x_wconf 85' lang='lat' dir='ltr'><strong><em>contentus,</em></strong></span> <span class='ocrx_word' id='word_1_221' title='bbox 1405 1570 1644 1627; x_wconf 83' lang='lat' dir='ltr'><strong><em>illustrius</em></strong></span> <span class='ocrx_word' id='word_1_222' title='bbox 1662 1572 1883 1640; x_wconf 87' lang='lat' dir='ltr'><strong><em>ejusdem</em></strong></span> <span class='ocrx_word' id='word_1_223' title='bbox 1904 1573 2144 1626; x_wconf 87' lang='lat' dir='ltr'><strong><em>indicium</em></strong></span> <span class='ocrx_word' id='word_1_224' title='bbox 2171 1572 2391 1639; x_wconf 86' lang='lat' dir='ltr'><strong><em>adiicere</em></strong></span> <span class='ocrx_word' id='word_1_225' title='bbox 2414 1573 2561 1628; x_wconf 84' lang='lat' dir='ltr'><strong><em>voluit</em></strong></span> <span class='ocrx_word' id='word_1_226' title='bbox 2585 1574 2712 1640; x_wconf 85' lang='lat' dir='ltr'><strong><em>(Lib.</em></strong></span> <span class='ocrx_word' id='word_1_227' title='bbox 2736 1591 2768 1637; x_wconf 88' lang='grc' dir='ltr'><strong><em>ι,</em></strong></span> <span class='ocrx_word' id='word_1_228' title='bbox 2795 1577 2861 1629; x_wconf 87' lang='lat' dir='ltr'><strong><em>de</em></strong></span> <span class='ocrx_word' id='word_1_229' title='bbox 2881 1575 3057 1642; x_wconf 84' lang='lat' dir='ltr'><strong><em>Spirit.</em></strong></span> <span class='ocrx_word' id='word_1_230' title='bbox 3076 1584 3262 1642; x_wconf 85' lang='lat' dir='ltr'><strong><em>sancto,</em></strong></span> <span class='ocrx_word' id='word_1_231' title='bbox 3289 1591 3400 1642; x_wconf 83' lang='lat' dir='ltr'><strong><em>cap.</em></strong></span> <span class='ocrx_word' id='word_1_232' title='bbox 3427 1579 3498 1642; x_wconf 84' lang='grc'><strong><em>1),</em></strong></span> <span class='ocrx_word' id='word_1_233' title='bbox 3519 1592 3632 1631; x_wconf 88' lang='lat' dir='ltr'><strong><em>cunt</em></strong></span> <span class='ocrx_word' id='word_1_234' title='bbox 3646 1579 3812 1632; x_wconf 76' lang='lat' dir='ltr'><strong><em>Eccle-</em></strong></span> 
     </span>
    </p>
   </div>
   <div class='ocr_carea' id='block_1_17' title="bbox 499 1655 3812 1730">
    <p class='ocr_par' dir='ltr' id='par_1_17' title="bbox 499 1655 3812 1730">
     <span class='ocr_line' id='line_1_17' title="bbox 499 1655 3812 1730; baseline 0.002 -23"><span class='ocrx_word' id='word_1_235' title='bbox 499 1655 626 1707; x_wconf 85' lang='lat' dir='ltr'><strong><em>sium</em></strong></span> <span class='ocrx_word' id='word_1_236' title='bbox 646 1669 792 1719; x_wconf 82' lang='lat' dir='ltr'><strong><em>quant</em></strong></span> <span class='ocrx_word' id='word_1_237' title='bbox 828 1655 1124 1722; x_wconf 86' lang='lat' dir='ltr'><strong><em>sequestrari</em></strong></span> <span class='ocrx_word' id='word_1_238' title='bbox 1141 1655 1487 1710; x_wconf 74' lang='lat' dir='ltr'><strong><em>hwreticorum</em></strong></span> <span class='ocrx_word' id='word_1_239' title='bbox 1508 1656 1789 1723; x_wconf 86' lang='lat' dir='ltr'><strong><em>improbitas</em></strong></span> <span class='ocrx_word' id='word_1_240' title='bbox 1813 1657 2104 1720; x_wconf 85' lang='lat' dir='ltr'><strong><em>obtinuerat,</em></strong></span> <span class='ocrx_word' id='word_1_241' title='bbox 2125 1657 2377 1712; x_wconf 84' lang='lat' dir='ltr'><strong><em>catholicis</em></strong></span> <span class='ocrx_word' id='word_1_242' title='bbox 2389 1659 2542 1724; x_wconf 86' lang='lat' dir='ltr'><strong><em>jussit</em></strong></span> <span class='ocrx_word' id='word_1_243' title='bbox 2561 1661 2768 1714; x_wconf 83' lang='lat' dir='ltr'><strong><em>restitui.</em></strong></span> <span class='ocrx_word' id='word_1_244' title='bbox 2793 1658 3055 1726; x_wconf 76' lang='lat' dir='ltr'><strong><em>Pontiﬁces</em></strong></span> <span class='ocrx_word' id='word_1_245' title='bbox 3077 1674 3212 1715; x_wconf 72' lang='lat' dir='ltr'><strong><em>max.</em></strong></span> <span class='ocrx_word' id='word_1_246' title='bbox 3239 1661 3376 1727; x_wconf 84' lang='lat' dir='ltr'><strong><em>(Leo.</em></strong></span> <span class='ocrx_word' id='word_1_247' title='bbox 3401 1661 3648 1730; x_wconf 52' lang='lat' dir='ltr'><strong><em>54m,</em></strong></span> <span class='ocrx_word' id='word_1_248' title='bbox 3673 1667 3812 1728; x_wconf 61' lang='lat' dir='ltr'><strong><em>etc).</em></strong></span> 
     </span>
    </p>
   </div>
   <div class='ocr_carea' id='block_1_18' title="bbox 497 1737 3810 1810">
    <p class='ocr_par' dir='ltr' id='par_1_18' title="bbox 497 1737 3810 1810">
     <span class='ocr_line' id='line_1_18' title="bbox 497 1737 3810 1810; baseline 0.002 -19"><span class='ocrx_word' id='word_1_249' title='bbox 497 1739 732 1792; x_wconf 81' lang='lat' dir='ltr'><strong><em>Doctores</em></strong></span> <span class='ocrx_word' id='word_1_250' title='bbox 769 1737 1026 1804; x_wconf 67' lang='lat' dir='ltr'><strong><em>(Hierom,</em></strong></span> <span class='ocrx_word' id='word_1_251' title='bbox 1061 1737 1344 1805; x_wconf 78' lang='lat' dir='ltr'><strong><em>Augustin.,</em></strong></span> <span class='ocrx_word' id='word_1_252' title='bbox 1385 1739 1696 1802; x_wconf 83' lang='lat' dir='ltr'><strong><em>Theodoret.,</em></strong></span> <span class='ocrx_word' id='word_1_253' title='bbox 1732 1740 1873 1792; x_wconf 75' lang='lat' dir='ltr'><strong><em>Vina.</em></strong></span> <span class='ocrx_word' id='word_1_254' title='bbox 1897 1742 2087 1806; x_wconf 82' lang='lat' dir='ltr'><strong><em>Lgrin.,</em></strong></span> <span class='ocrx_word' id='word_1_255' title='bbox 2125 1743 2272 1806; x_wconf 67' lang='grc' dir='ltr'><strong><em>δια),</em></strong></span> <span class='ocrx_word' id='word_1_256' title='bbox 2311 1741 2608 1795; x_wconf 76' lang='lat' dir='ltr'><strong><em>wemnenica</em></strong></span> <span class='ocrx_word' id='word_1_257' title='bbox 2645 1739 2854 1796; x_wconf 84' lang='lat' dir='ltr'><strong><em>concilia</em></strong></span> <span class='ocrx_word' id='word_1_258' title='bbox 2891 1741 3167 1810; x_wconf 67' lang='lat' dir='ltr'><strong><em>lliplmitu,</em></strong></span> <span class='ocrx_word' id='word_1_259' title='bbox 3213 1741 3532 1810; x_wconf 85' lang='lat' dir='ltr'><strong><em>Chalcedon.,</em></strong></span> <span class='ocrx_word' id='word_1_260' title='bbox 3575 1746 3810 1800; x_wconf 75' lang='lat' dir='ltr'><strong><em>Constant.</em></strong></span> 
     </span>
    </p>
   </div>
   <div class='ocr_carea' id='block_1_19' title="bbox 501 1819 3814 1896">
    <p class='ocr_par' dir='ltr' id='par_1_19' title="bbox 501 1819 3814 1896">
     <span class='ocr_line' id='line_1_19' title="bbox 501 1819 3814 1896; baseline 0.004 -24"><span class='ocrx_word' id='word_1_261' title='bbox 501 1837 576 1886; x_wconf 81' lang='lat' dir='ltr'><strong><em>in,</em></strong></span> <span class='ocrx_word' id='word_1_262' title='bbox 598 1821 742 1886; x_wconf 68' lang='lat' dir='ltr'><strong><em>etc),</em></strong></span> <span class='ocrx_word' id='word_1_263' title='bbox 767 1821 854 1876; x_wconf 87' lang='lat' dir='ltr'><strong><em>hos</em></strong></span> <span class='ocrx_word' id='word_1_264' title='bbox 873 1821 1023 1876; x_wconf 85' lang='lat' dir='ltr'><strong><em>libros</em></strong></span> <span class='ocrx_word' id='word_1_265' title='bbox 1043 1837 1140 1876; x_wconf 88' lang='lat' dir='ltr'><strong><em>non</em></strong></span> <span class='ocrx_word' id='word_1_266' title='bbox 1159 1819 1317 1877; x_wconf 89' lang='lat' dir='ltr'><strong><em>solum</em></strong></span> <span class='ocrx_word' id='word_1_267' title='bbox 1338 1822 1534 1878; x_wconf 68' lang='lat' dir='ltr'><strong><em>eximiis</em></strong></span> <span class='ocrx_word' id='word_1_268' title='bbox 1555 1823 1780 1878; x_wconf 88' lang='lat' dir='ltr'><strong><em>laudibus</em></strong></span> <span class='ocrx_word' id='word_1_269' title='bbox 1796 1831 2120 1888; x_wconf 75' lang='lat' dir='ltr'><strong><em>exornarunt,</em></strong></span> <span class='ocrx_word' id='word_1_270' title='bbox 2145 1827 2236 1879; x_wconf 89' lang='lat' dir='ltr'><strong><em>sed</em></strong></span> <span class='ocrx_word' id='word_1_271' title='bbox 2257 1829 2404 1879; x_wconf 89' lang='lat' dir='ltr'><strong><em>etiam</em></strong></span> <span class='ocrx_word' id='word_1_272' title='bbox 2421 1841 2588 1880; x_wconf 88' lang='lat' dir='ltr'><strong><em>eorum</em></strong></span> <span class='ocrx_word' id='word_1_273' title='bbox 2609 1827 2890 1883; x_wconf 86' lang='lat' dir='ltr'><strong><em>testimoniis</em></strong></span> <span class='ocrx_word' id='word_1_274' title='bbox 2904 1827 2983 1882; x_wconf 88' lang='lat' dir='ltr'><strong><em>usi</em></strong></span> <span class='ocrx_word' id='word_1_275' title='bbox 2999 1837 3170 1882; x_wconf 87' lang='lat' dir='ltr'><strong><em>contra</em></strong></span> <span class='ocrx_word' id='word_1_276' title='bbox 3187 1829 3402 1884; x_wconf 70' lang='lat' dir='ltr'><strong><em>hereses</em></strong></span> <span class='ocrx_word' id='word_1_277' title='bbox 3421 1829 3644 1886; x_wconf 76' lang='lat' dir='ltr'><strong><em>(etatibus</em></strong></span> <span class='ocrx_word' id='word_1_278' title='bbox 3661 1840 3814 1896; x_wconf 79' lang='lat' dir='ltr'><strong><em>poste-</em></strong></span> 
     </span>
    </p>
   </div>
   <div class='ocr_carea' id='block_1_20' title="bbox 496 1907 3814 1981">
    <p class='ocr_par' dir='ltr' id='par_1_20' title="bbox 496 1907 3814 1981">
     <span class='ocr_line' id='line_1_20' title="bbox 496 1907 3814 1981; baseline 0.003 -21"><span class='ocrx_word' id='word_1_279' title='bbox 496 1907 710 1962; x_wconf 86' lang='lat' dir='ltr'><strong><em>rioribus</em></strong></span> <span class='ocrx_word' id='word_1_280' title='bbox 733 1918 1027 1979; x_wconf 87' lang='lat' dir='ltr'><strong><em>emergentes</em></strong></span> <span class='ocrx_word' id='word_1_281' title='bbox 1043 1925 1196 1978; x_wconf 79' lang='lat' dir='ltr'><strong><em>quam.</em></strong></span> <span class='ocrx_word' id='word_1_282' title='bbox 1211 1911 1540 1966; x_wconf 83' lang='lat' dir='ltr'><strong><em>strenuissime</em></strong></span> <span class='ocrx_word' id='word_1_283' title='bbox 1573 1913 1909 1966; x_wconf 74' lang='lat' dir='ltr'><strong><em>decet-larunt.</em></strong></span> <span class='ocrx_word' id='word_1_284' title='bbox 1939 1914 2262 1977; x_wconf 86' lang='lat' dir='ltr'><strong><em>Quamobrem</em></strong></span> <span class='ocrx_word' id='word_1_285' title='bbox 2281 1914 2400 1968; x_wconf 89' lang='lat' dir='ltr'><strong><em>satis</em></strong></span> <span class='ocrx_word' id='word_1_286' title='bbox 2421 1913 2597 1966; x_wconf 89' lang='lat' dir='ltr'><strong><em>mirari</em></strong></span> <span class='ocrx_word' id='word_1_287' title='bbox 2617 1928 2712 1967; x_wconf 89' lang='lat' dir='ltr'><strong><em>non</em></strong></span> <span class='ocrx_word' id='word_1_288' title='bbox 2729 1927 2981 1981; x_wconf 81' lang='lat' dir='ltr'><strong><em>possumus</em></strong></span> <span class='ocrx_word' id='word_1_289' title='bbox 3003 1914 3212 1967; x_wconf 76' lang='lat' dir='ltr'><strong><em>irruentes</em></strong></span> <span class='ocrx_word' id='word_1_290' title='bbox 3233 1927 3340 1967; x_wconf 86' lang='lat' dir='ltr'><strong><em>esse</em></strong></span> <span class='ocrx_word' id='word_1_291' title='bbox 3358 1922 3526 1968; x_wconf 79' lang='lat' dir='ltr'><strong><em>nostra</em></strong></span> <span class='ocrx_word' id='word_1_292' title='bbox 3541 1923 3590 1968; x_wconf 91' lang='lat' dir='ltr'><strong><em>et</em></strong></span> <span class='ocrx_word' id='word_1_293' title='bbox 3611 1919 3814 1972; x_wconf 78' lang='lat' dir='ltr'><strong><em>Patrum</em></strong></span> 
     </span>
    </p>
   </div>
   <div class='ocr_carea' id='block_1_21' title="bbox 495 1993 3812 2064">
    <p class='ocr_par' dir='ltr' id='par_1_21' title="bbox 495 1993 3812 2064">
     <span class='ocr_line' id='line_1_21' title="bbox 495 1993 3812 2064; baseline 0.004 -20"><span class='ocrx_word' id='word_1_294' title='bbox 495 1993 751 2058; x_wconf 86' lang='lat' dir='ltr'><strong><em>memoria,</em></strong></span> <span class='ocrx_word' id='word_1_295' title='bbox 775 1994 860 2060; x_wconf 88' lang='lat' dir='ltr'><strong><em>qui</em></strong></span> <span class='ocrx_word' id='word_1_296' title='bbox 881 1993 1207 2049; x_wconf 79' lang='lat' dir='ltr'><strong><em>wtiversalem</em></strong></span> <span class='ocrx_word' id='word_1_297' title='bbox 1234 1995 1376 2049; x_wconf 89' lang='lat' dir='ltr'><strong><em>totius</em></strong></span> <span class='ocrx_word' id='word_1_298' title='bbox 1397 1995 1632 2050; x_wconf 75' lang='lat' dir='ltr'><strong><em>Ecclesiae</em></strong></span> <span class='ocrx_word' id='word_1_299' title='bbox 1651 2011 1714 2050; x_wconf 91' lang='lat' dir='ltr'><strong><em>ac</em></strong></span> <span class='ocrx_word' id='word_1_300' title='bbox 1745 2005 2016 2062; x_wconf 88' lang='lat' dir='ltr'><strong><em>temporum</em></strong></span> <span class='ocrx_word' id='word_1_301' title='bbox 2034 1999 2248 2051; x_wconf 89' lang='lat' dir='ltr'><strong><em>omnium</em></strong></span> <span class='ocrx_word' id='word_1_302' title='bbox 2283 1997 2594 2052; x_wconf 89' lang='lat' dir='ltr'><strong><em>traditionem</em></strong></span> <span class='ocrx_word' id='word_1_303' title='bbox 2625 1997 2900 2052; x_wconf 82' lang='lat' dir='ltr'><strong><em>diuinorum</em></strong></span> <span class='ocrx_word' id='word_1_304' title='bbox 2921 1999 3146 2052; x_wconf 88' lang='lat' dir='ltr'><strong><em>codicum</em></strong></span> <span class='ocrx_word' id='word_1_305' title='bbox 3167 1998 3456 2053; x_wconf 88' lang='lat' dir='ltr'><strong><em>auctoritate</em></strong></span> <span class='ocrx_word' id='word_1_306' title='bbox 3479 1999 3758 2064; x_wconf 71' lang='lat' dir='ltr'><strong><em>stabilitatis,</em></strong></span> <span class='ocrx_word' id='word_1_307' title='bbox 3779 2019 3812 2056; x_wconf 73' lang='grc' dir='ltr'><em>α</em></span> 
     </span>
    </p>
   </div>
   <div class='ocr_carea' id='block_1_22' title="bbox 497 2067 3814 2149">
    <p class='ocr_par' dir='ltr' id='par_1_22' title="bbox 497 2067 3814 2149">
     <span class='ocr_line' id='line_1_22' title="bbox 497 2067 3814 2149; baseline 0.003 -18"><span class='ocrx_word' id='word_1_308' title='bbox 497 2067 732 2132; x_wconf 82' lang='lat' dir='ltr'><strong><em>Patribus</em></strong></span> <span class='ocrx_word' id='word_1_309' title='bbox 755 2078 806 2130; x_wconf 90' lang='lat' dir='ltr'><strong><em>in</em></strong></span> <span class='ocrx_word' id='word_1_310' title='bbox 829 2079 1066 2132; x_wconf 86' lang='lat' dir='ltr'><strong><em>universis</em></strong></span> <span class='ocrx_word' id='word_1_311' title='bbox 1087 2077 1308 2133; x_wconf 83' lang='lat' dir='ltr'><strong><em>conciliis</em></strong></span> <span class='ocrx_word' id='word_1_312' title='bbox 1329 2079 1596 2147; x_wconf 78' lang='lat' dir='ltr'><strong><em>firmatam,</em></strong></span> <span class='ocrx_word' id='word_1_313' title='bbox 1618 2083 1850 2148; x_wconf 88' lang='lat' dir='ltr'><strong><em>sanguine</em></strong></span> <span class='ocrx_word' id='word_1_314' title='bbox 1870 2089 1938 2135; x_wconf 92' lang='lat' dir='ltr'><strong><em>tot</em></strong></span> <span class='ocrx_word' id='word_1_315' title='bbox 1963 2088 2256 2149; x_wconf 84' lang='lat' dir='ltr'><strong><em>martyrum,</em></strong></span> <span class='ocrx_word' id='word_1_316' title='bbox 2282 2089 2441 2148; x_wconf 87' lang='lat' dir='ltr'><strong><em>totque</em></strong></span> <span class='ocrx_word' id='word_1_317' title='bbox 2473 2081 2800 2148; x_wconf 79' lang='lat' dir='ltr'><strong><em>confessorum</em></strong></span> <span class='ocrx_word' id='word_1_318' title='bbox 2820 2081 3086 2148; x_wconf 86' lang='lat' dir='ltr'><strong><em>laboribus,</em></strong></span> <span class='ocrx_word' id='word_1_319' title='bbox 3112 2089 3164 2134; x_wconf 88' lang='lat' dir='ltr'><strong><em>ut</em></strong></span> <span class='ocrx_word' id='word_1_320' title='bbox 3187 2083 3474 2138; x_wconf 79' lang='lat' dir='ltr'><strong><em>Ambrosius</em></strong></span> <span class='ocrx_word' id='word_1_321' title='bbox 3496 2081 3602 2148; x_wconf 86' lang='lat' dir='ltr'><strong><em>ipse</em></strong></span> <span class='ocrx_word' id='word_1_322' title='bbox 3617 2093 3814 2140; x_wconf 79' lang='lat' dir='ltr'><strong><em>testatur</em></strong></span> 
     </span>
    </p>
   </div>
   <div class='ocr_carea' id='block_1_23' title="bbox 495 2169 3812 2238">
    <p class='ocr_par' dir='ltr' id='par_1_23' title="bbox 495 2169 3812 2238">
     <span class='ocr_line' id='line_1_23' title="bbox 495 2169 3812 2238; baseline 0.003 -16"><span class='ocrx_word' id='word_1_323' title='bbox 495 2169 626 2236; x_wconf 84' lang='lat' dir='ltr'><strong><em>(Lib.</em></strong></span> <span class='ocrx_word' id='word_1_324' title='bbox 662 2187 732 2233; x_wconf 86' lang='grc' dir='ltr'><strong><em>ιιι,</em></strong></span> <span class='ocrx_word' id='word_1_325' title='bbox 758 2185 804 2222; x_wconf 93' lang='lat' dir='ltr'><strong><em>c.</em></strong></span> <span class='ocrx_word' id='word_1_326' title='bbox 831 2171 908 2232; x_wconf 78' lang='lat'><strong><em>15,</em></strong></span> <span class='ocrx_word' id='word_1_327' title='bbox 933 2186 983 2223; x_wconf 91' lang='lat' dir='ltr'><strong><em>n.</em></strong></span> <span class='ocrx_word' id='word_1_328' title='bbox 1013 2172 1143 2238; x_wconf 74' lang='lat'><strong><em>128),</em></strong></span> <span class='ocrx_word' id='word_1_329' title='bbox 1168 2179 1422 2236; x_wconf 82' lang='lat' dir='ltr'><strong><em>assertum,</em></strong></span> <span class='ocrx_word' id='word_1_330' title='bbox 1445 2174 1705 2238; x_wconf 85' lang='lat' dir='ltr'><strong><em>probatam</em></strong></span> <span class='ocrx_word' id='word_1_331' title='bbox 1723 2173 2067 2230; x_wconf 81' lang='lat' dir='ltr'><strong><em>eruditissimis</em></strong></span> <span class='ocrx_word' id='word_1_332' title='bbox 2094 2183 2159 2230; x_wconf 87' lang='lat' dir='ltr'><strong><em>tot</em></strong></span> <span class='ocrx_word' id='word_1_333' title='bbox 2193 2189 2258 2228; x_wconf 90' lang='lat' dir='ltr'><strong><em>ac.</em></strong></span> <span class='ocrx_word' id='word_1_334' title='bbox 2278 2183 2519 2230; x_wconf 89' lang='lat' dir='ltr'><strong><em>tantorum</em></strong></span> <span class='ocrx_word' id='word_1_335' title='bbox 2540 2179 2802 2230; x_wconf 81' lang='lat' dir='ltr'><strong><em>Doctorum</em></strong></span> <span class='ocrx_word' id='word_1_336' title='bbox 2835 2176 2994 2236; x_wconf 89' lang='lat' dir='ltr'><strong><em>libris.</em></strong></span> <span class='ocrx_word' id='word_1_337' title='bbox 3032 2191 3126 2230; x_wconf 86' lang='lat' dir='ltr'><strong><em>uno</em></strong></span> <span class='ocrx_word' id='word_1_338' title='bbox 3147 2179 3293 2232; x_wconf 79' lang='lat' dir='ltr'><strong><em>verba</em></strong></span> <span class='ocrx_word' id='word_1_339' title='bbox 3314 2178 3378 2230; x_wconf 92' lang='lat' dir='ltr'><strong><em>ab</em></strong></span> <span class='ocrx_word' id='word_1_340' title='bbox 3398 2177 3668 2232; x_wconf 85' lang='lat' dir='ltr'><strong><em>innumeris</em></strong></span> <span class='ocrx_word' id='word_1_341' title='bbox 3697 2176 3812 2231; x_wconf 73' lang='lat' dir='ltr'><strong><em>uiris</em></strong></span> 
     </span>
    </p>
   </div>
   <div class='ocr_carea' id='block_1_24' title="bbox 495 2253 3811 2332">
    <p class='ocr_par' dir='ltr' id='par_1_24' title="bbox 495 2253 3811 2332">
     <span class='ocr_line' id='line_1_24' title="bbox 495 2253 3811 2332; baseline 0.003 -26"><span class='ocrx_word' id='word_1_342' title='bbox 495 2253 710 2321; x_wconf 79' lang='lat' dir='ltr'><strong><em>ingenio,</em></strong></span> <span class='ocrx_word' id='word_1_343' title='bbox 736 2254 960 2307; x_wconf 86' lang='lat' dir='ltr'><strong><em>doctrina</em></strong></span> <span class='ocrx_word' id='word_1_344' title='bbox 983 2263 1028 2308; x_wconf 92' lang='lat' dir='ltr'><strong><em>et</em></strong></span> <span class='ocrx_word' id='word_1_345' title='bbox 1050 2253 1226 2320; x_wconf 86' lang='lat' dir='ltr'><strong><em>pietate</em></strong></span> <span class='ocrx_word' id='word_1_346' title='bbox 1258 2255 1544 2309; x_wconf 86' lang='lat' dir='ltr'><strong><em>clarissimis</em></strong></span> <span class='ocrx_word' id='word_1_347' title='bbox 1580 2263 1828 2322; x_wconf 87' lang='lat' dir='ltr'><strong><em>receptam</em></strong></span> <span class='ocrx_word' id='word_1_348' title='bbox 1866 2260 2220 2324; x_wconf 85' lang='lat' dir='ltr'><strong><em>proculcantes,</em></strong></span> <span class='ocrx_word' id='word_1_349' title='bbox 2258 2266 2465 2314; x_wconf 75' lang='lat' dir='ltr'><strong><em>veterem</em></strong></span> <span class='ocrx_word' id='word_1_350' title='bbox 2488 2258 2626 2312; x_wconf 89' lang='lat' dir='ltr'><strong><em>illam</em></strong></span> <span class='ocrx_word' id='word_1_351' title='bbox 2651 2269 2794 2328; x_wconf 90' lang='lat' dir='ltr'><strong><em>atque</em></strong></span> <span class='ocrx_word' id='word_1_352' title='bbox 2816 2261 3055 2314; x_wconf 76' lang='lat' dir='ltr'><strong><em>exoletam</em></strong></span> <span class='ocrx_word' id='word_1_353' title='bbox 3075 2260 3302 2315; x_wconf 78' lang='lat' dir='ltr'><strong><em>hwresint</em></strong></span> <span class='ocrx_word' id='word_1_354' title='bbox 3338 2276 3574 2316; x_wconf 78' lang='lat' dir='ltr'><strong><em>renouare</em></strong></span> <span class='ocrx_word' id='word_1_355' title='bbox 3594 2264 3811 2332; x_wconf 81' lang='lat' dir='ltr'><strong><em>aggressi</em></strong></span> 
     </span>
    </p>
   </div>
   <div class='ocr_carea' id='block_1_25' title="bbox 491 2337 3808 2414">
    <p class='ocr_par' dir='ltr' id='par_1_25' title="bbox 491 2337 3808 2414">
     <span class='ocr_line' id='line_1_25' title="bbox 491 2337 3808 2414; baseline 0.002 -22"><span class='ocrx_word' id='word_1_356' title='bbox 491 2337 698 2404; x_wconf 78' lang='lat' dir='ltr'><strong><em>fuerint.</em></strong></span> <span class='ocrx_word' id='word_1_357' title='bbox 721 2341 828 2392; x_wconf 83' lang='lat' dir='ltr'><strong><em>Hoc</em></strong></span> <span class='ocrx_word' id='word_1_358' title='bbox 848 2346 1009 2392; x_wconf 88' lang='lat' dir='ltr'><strong><em>autem</em></strong></span> <span class='ocrx_word' id='word_1_359' title='bbox 1047 2340 1194 2392; x_wconf 91' lang='lat' dir='ltr'><strong><em>etiam</em></strong></span> <span class='ocrx_word' id='word_1_360' title='bbox 1225 2341 1384 2408; x_wconf 89' lang='lat' dir='ltr'><strong><em>magis</em></strong></span> <span class='ocrx_word' id='word_1_361' title='bbox 1405 2348 1601 2404; x_wconf 87' lang='lat' dir='ltr'><strong><em>stupeas</em></strong></span> <span class='ocrx_word' id='word_1_362' title='bbox 1623 2341 1909 2396; x_wconf 88' lang='lat' dir='ltr'><strong><em>temerarios</em></strong></span> <span class='ocrx_word' id='word_1_363' title='bbox 1938 2340 2049 2396; x_wconf 87' lang='lat' dir='ltr'><strong><em>illos</em></strong></span> <span class='ocrx_word' id='word_1_364' title='bbox 2071 2342 2132 2396; x_wconf 90' lang='lat' dir='ltr'><strong><em>iis</em></strong></span> <span class='ocrx_word' id='word_1_365' title='bbox 2149 2341 2369 2397; x_wconf 86' lang='lat' dir='ltr'><strong><em>omnibus</em></strong></span> <span class='ocrx_word' id='word_1_366' title='bbox 2383 2343 2509 2396; x_wconf 79' lang='lat' dir='ltr'><strong><em>nihil</em></strong></span> <span class='ocrx_word' id='word_1_367' title='bbox 2529 2358 2773 2410; x_wconf 90' lang='lat' dir='ltr'><strong><em>opponere</em></strong></span> <span class='ocrx_word' id='word_1_368' title='bbox 2795 2351 2978 2410; x_wconf 64' lang='lat' dir='ltr'><strong><em>praeter</em></strong></span> <span class='ocrx_word' id='word_1_369' title='bbox 3002 2346 3201 2398; x_wconf 88' lang='lat' dir='ltr'><strong><em>easdem</em></strong></span> <span class='ocrx_word' id='word_1_370' title='bbox 3224 2345 3541 2410; x_wconf 73' lang='lat' dir='ltr'><strong><em>obiectiones,</em></strong></span> <span class='ocrx_word' id='word_1_371' title='bbox 3566 2361 3690 2414; x_wconf 88' lang='lat' dir='ltr'><strong><em>quas</em></strong></span> <span class='ocrx_word' id='word_1_372' title='bbox 3711 2354 3808 2399; x_wconf 83' lang='lat' dir='ltr'><strong><em>tam</em></strong></span> 
     </span>
    </p>
   </div>
   <div class='ocr_carea' id='block_1_26' title="bbox 495 2421 3808 2498">
    <p class='ocr_par' dir='ltr' id='par_1_26' title="bbox 495 2421 3808 2498">
     <span class='ocr_line' id='line_1_26' title="bbox 495 2421 3808 2498; baseline 0.004 -25"><span class='ocrx_word' id='word_1_373' title='bbox 495 2421 678 2475; x_wconf 75' lang='lat' dir='ltr'><strong><em>inuicte</em></strong></span> <span class='ocrx_word' id='word_1_374' title='bbox 710 2429 902 2477; x_wconf 88' lang='lat' dir='ltr'><strong><em>sanctus</em></strong></span> <span class='ocrx_word' id='word_1_375' title='bbox 939 2427 1116 2477; x_wconf 90' lang='lat' dir='ltr'><strong><em>Doctor</em></strong></span> <span class='ocrx_word' id='word_1_376' title='bbox 1153 2422 1243 2478; x_wconf 89' lang='lat' dir='ltr'><strong><em>hoc</em></strong></span> <span class='ocrx_word' id='word_1_377' title='bbox 1277 2424 1330 2477; x_wconf 93' lang='lat' dir='ltr'><strong><em>in</em></strong></span> <span class='ocrx_word' id='word_1_378' title='bbox 1370 2427 1530 2490; x_wconf 80' lang='lat' dir='ltr'><strong><em>Opere</em></strong></span> <span class='ocrx_word' id='word_1_379' title='bbox 1565 2424 1858 2492; x_wconf 80' lang='lat' dir='ltr'><strong><em>proﬂigavit.</em></strong></span> <span class='ocrx_word' id='word_1_380' title='bbox 1886 2428 2035 2492; x_wconf 75' lang='lat' dir='ltr'><strong><em>Atqui</em></strong></span> <span class='ocrx_word' id='word_1_381' title='bbox 2065 2436 2118 2481; x_wconf 91' lang='lat' dir='ltr'><strong><em>ut</em></strong></span> <span class='ocrx_word' id='word_1_382' title='bbox 2139 2435 2280 2482; x_wconf 81' lang='lat' dir='ltr'><strong><em>testes</em></strong></span> <span class='ocrx_word' id='word_1_383' title='bbox 2301 2427 2506 2488; x_wconf 84' lang='lat' dir='ltr'><strong><em>huiusce</em></strong></span> <span class='ocrx_word' id='word_1_384' title='bbox 2544 2429 2622 2481; x_wconf 90' lang='lat' dir='ltr'><strong><em>rei</em></strong></span> <span class='ocrx_word' id='word_1_385' title='bbox 2657 2442 2752 2481; x_wconf 89' lang='lat' dir='ltr'><strong><em>non</em></strong></span> <span class='ocrx_word' id='word_1_386' title='bbox 2783 2435 2939 2482; x_wconf 89' lang='lat' dir='ltr'><strong><em>essent</em></strong></span> <span class='ocrx_word' id='word_1_387' title='bbox 2970 2427 3059 2482; x_wconf 89' lang='lat' dir='ltr'><strong><em>alii</em></strong></span> <span class='ocrx_word' id='word_1_388' title='bbox 3093 2427 3208 2484; x_wconf 88' lang='lat' dir='ltr'><strong><em>libri</em></strong></span> <span class='ocrx_word' id='word_1_389' title='bbox 3243 2431 3635 2496; x_wconf 79' lang='lat' dir='ltr'><strong><em>Socinianortan,</em></strong></span> <span class='ocrx_word' id='word_1_390' title='bbox 3659 2431 3808 2498; x_wconf 78' lang='lat' dir='ltr'><strong><em>iaspis</em></strong></span> 
     </span>
    </p>
   </div>
   <div class='ocr_carea' id='block_1_27' title="bbox 499 2505 3634 2582">
    <p class='ocr_par' dir='ltr' id='par_1_27' title="bbox 499 2505 3634 2582">
     <span class='ocr_line' id='line_1_27' title="bbox 499 2505 3634 2582; baseline 0.003 -24"><span class='ocrx_word' id='word_1_391' title='bbox 499 2505 675 2560; x_wconf 82' lang='lat' dir='ltr'><strong><em>Crellii</em></strong></span> <span class='ocrx_word' id='word_1_392' title='bbox 697 2510 1030 2564; x_wconf 76' lang='lat' dir='ltr'><strong><em>commutatio</em></strong></span> <span class='ocrx_word' id='word_1_393' title='bbox 1053 2511 1131 2562; x_wconf 89' lang='lat' dir='ltr'><strong><em>De</em></strong></span> <span class='ocrx_word' id='word_1_394' title='bbox 1155 2525 1254 2562; x_wconf 85' lang='lat' dir='ltr'><strong><em>uno</em></strong></span> <span class='ocrx_word' id='word_1_395' title='bbox 1277 2510 1389 2562; x_wconf 87' lang='lat' dir='ltr'><strong><em>Deo</em></strong></span> <span class='ocrx_word' id='word_1_396' title='bbox 1411 2512 1563 2562; x_wconf 84' lang='lat' dir='ltr'><strong><em>Patre</em></strong></span> <span class='ocrx_word' id='word_1_397' title='bbox 1583 2509 1659 2564; x_wconf 80' lang='lat' dir='ltr'><strong><em>vel</em></strong></span> <span class='ocrx_word' id='word_1_398' title='bbox 1681 2511 1786 2564; x_wconf 88' lang='lat' dir='ltr'><strong><em>sola</em></strong></span> <span class='ocrx_word' id='word_1_399' title='bbox 1804 2511 2067 2578; x_wconf 71' lang='lat' dir='ltr'><strong><em>sufﬁceret,</em></strong></span> <span class='ocrx_word' id='word_1_400' title='bbox 2092 2519 2144 2565; x_wconf 87' lang='lat' dir='ltr'><strong><em>ut</em></strong></span> <span class='ocrx_word' id='word_1_401' title='bbox 2165 2512 2257 2568; x_wconf 89' lang='lat' dir='ltr'><strong><em>hoc</em></strong></span> <span class='ocrx_word' id='word_1_402' title='bbox 2277 2509 2442 2577; x_wconf 87' lang='lat' dir='ltr'><strong><em>ipsum</em></strong></span> <span class='ocrx_word' id='word_1_403' title='bbox 2464 2512 2645 2566; x_wconf 86' lang='lat' dir='ltr'><strong><em>nemini</em></strong></span> <span class='ocrx_word' id='word_1_404' title='bbox 2665 2519 2852 2566; x_wconf 88' lang='lat' dir='ltr'><strong><em>certum</em></strong></span> <span class='ocrx_word' id='word_1_405' title='bbox 2875 2529 2970 2567; x_wconf 89' lang='lat' dir='ltr'><strong><em>non</em></strong></span> <span class='ocrx_word' id='word_1_406' title='bbox 2989 2514 3127 2581; x_wconf 74' lang='lat' dir='ltr'><strong><em>fieret</em></strong></span> <span class='ocrx_word' id='word_1_407' title='bbox 3139 2522 3284 2582; x_wconf 87' lang='lat' dir='ltr'><strong><em>atque</em></strong></span> <span class='ocrx_word' id='word_1_408' title='bbox 3305 2515 3634 2581; x_wconf 65' lang='lat' dir='ltr'><strong><em>exploratam.</em></strong></span> 
     </span>
    </p>
   </div>
   <div class='ocr_carea' id='block_1_28' title="bbox 859 2743 3456 2977">
    <p class='ocr_par' dir='ltr' id='par_1_28' title="bbox 859 2743 3456 2977">
     <span class='ocr_line' id='line_1_28' title="bbox 859 2743 3456 2977; baseline 0.002 -29"><span class='ocrx_word' id='word_1_409' title='bbox 859 2779 1884 2948; x_wconf 80' lang='lat' dir='ltr'><strong>SANCTI</strong></span> <span class='ocrx_word' id='word_1_410' title='bbox 2029 2743 3456 2977; x_wconf 69' lang='lat' dir='ltr'><strong><em>AMBRosn&#39;</em></strong></span> 
     </span>
    </p>
   </div>
   <div class='ocr_carea' id='block_1_29' title="bbox 1642 3049 2600 3140">
    <p class='ocr_par' dir='ltr' id='par_1_29' title="bbox 1642 3049 2600 3140">
     <span class='ocr_line' id='line_1_29' title="bbox 1642 3049 2600 3140; baseline 0.002 -4"><span class='ocrx_word' id='word_1_411' title='bbox 1642 3049 2222 3138; x_wconf 77' lang='lat' dir='ltr'><strong><em>MEDIOLANENSIS</em></strong></span> <span class='ocrx_word' id='word_1_412' title='bbox 2263 3053 2600 3140; x_wconf 84' lang='lat' dir='ltr'><strong><em>EPISGOPI</em></strong></span> 
     </span>
    </p>
   </div>
   <div class='ocr_carea' id='block_1_30' title="bbox 499 3219 3796 3413">
    <p class='ocr_par' dir='ltr' id='par_1_30' title="bbox 499 3219 3796 3413">
     <span class='ocr_line' id='line_1_30' title="bbox 499 3219 3796 3413; baseline 0.006 -59"><span class='ocrx_word' id='word_1_413' title='bbox 499 3228 748 3354; x_wconf 87' lang='lat' dir='ltr'><strong>DE</strong></span> <span class='ocrx_word' id='word_1_414' title='bbox 838 3225 1257 3381; x_wconf 88' lang='lat' dir='ltr'><strong>FIDE</strong></span> <span class='ocrx_word' id='word_1_415' title='bbox 1326 3222 1577 3354; x_wconf 87' lang='lat' dir='ltr'><strong>AD</strong></span> <span class='ocrx_word' id='word_1_416' title='bbox 1677 3219 2732 3413; x_wconf 79' lang='lat' dir='ltr'><strong><em>GRATIANUM</em></strong></span> <span class='ocrx_word' id='word_1_417' title='bbox 2827 3235 3796 3394; x_wconf 86' lang='lat' dir='ltr'><strong><em>AUGUSTUM</em></strong></span> 
     </span>
    </p>
   </div>
   <div class='ocr_carea' id='block_1_31' title="bbox 1682 3471 2548 3564">
    <p class='ocr_par' dir='ltr' id='par_1_31' title="bbox 1682 3471 2548 3564">
     <span class='ocr_line' id='line_1_31' title="bbox 1682 3471 2548 3564; baseline 0.005 -18"><span class='ocrx_word' id='word_1_418' title='bbox 1682 3471 1990 3546; x_wconf 81' lang='lat' dir='ltr'><strong>LIBRI</strong></span> <span class='ocrx_word' id='word_1_419' title='bbox 2066 3473 2548 3564; x_wconf 83' lang='lat' dir='ltr'><strong><em>QUINQUE</em></strong></span> 
     </span>
    </p>
   </div>
   <div class='ocr_carea' id='block_1_32' title="bbox 2339 3673 2488 3690">
    <p class='ocr_par' dir='ltr' id='par_1_32' title="bbox 2339 3673 2488 3690">
     <span class='ocr_line' id='line_1_32' title="bbox 2339 3673 2488 3690; baseline 0.02 -3"><span class='ocrx_word' id='word_1_420' title='bbox 2339 3673 2488 3690; x_wconf 44' lang='grc' dir='ltr'>ῃ</span> 
     </span>
    </p>
   </div>
   <div class='ocr_carea' id='block_1_33' title="bbox 1810 3666 2501 3704">
    <p class='ocr_par' dir='ltr' id='par_1_33' title="bbox 1810 3666 2501 3704">
     <span class='ocr_line' id='line_1_33' title="bbox 1810 3666 2501 3704; baseline 0.013 -10"><span class='ocrx_word' id='word_1_421' title='bbox 1810 3666 2501 3704; x_wconf 49' lang='grc' dir='ltr'><em>Ἦ</em></span> 
     </span>
    </p>
   </div>
   <div class='ocr_carea' id='block_1_34' title="bbox 1647 3794 2602 3924">
    <p class='ocr_par' dir='ltr' id='par_1_34' title="bbox 1647 3794 2602 3924">
     <span class='ocr_line' id='line_1_34' title="bbox 1647 3794 2602 3924; baseline 0.005 -47"><span class='ocrx_word' id='word_1_422' title='bbox 1647 3911 1654 3924; x_wconf 26' lang='grc'>¹</span> <span class='ocrx_word' id='word_1_423' title='bbox 1705 3794 2051 3881; x_wconf 82' lang='lat' dir='ltr'>LIBER</span> <span class='ocrx_word' id='word_1_424' title='bbox 2120 3797 2602 3888; x_wconf 82' lang='lat' dir='ltr'><strong><em>PRIMUS.</em></strong></span> 
     </span>
    </p>
   </div>
   <div class='ocr_carea' id='block_1_35' title="bbox 1931 3975 2366 4006">
    <p class='ocr_par' dir='ltr' id='par_1_35' title="bbox 1931 3975 2366 4006">
     <span class='ocr_line' id='line_1_35' title="bbox 1931 3975 2366 4006; baseline 0.002 -1"><span class='ocrx_word' id='word_1_425' title='bbox 1931 3975 2366 4006; x_wconf 73' lang='lat'><strong><em>——-—</em></strong></span> 
     </span>
    </p>
   </div>
   <div class='ocr_carea' id='block_1_36' title="bbox 1004 4104 3791 4224">
    <p class='ocr_par' dir='ltr' id='par_1_36' title="bbox 1004 4104 3791 4224">
     <span class='ocr_line' id='line_1_36' title="bbox 1004 4104 3791 4224; baseline 0.019 -62"><span class='ocrx_word' id='word_1_426' title='bbox 1004 4104 1168 4182; x_wconf 66' lang='lat'><strong>“3</strong></span> <span class='ocrx_word' id='word_1_427' title='bbox 1213 4107 1598 4223; x_wconf 66' lang='lat' dir='ltr'><strong><em>PROLOGU§.</em></strong></span> <span class='ocrx_word' id='word_1_428' title='bbox 2129 4120 2186 4183; x_wconf 80' lang='grc' dir='ltr'><strong>Α</strong></span> <span class='ocrx_word' id='word_1_429' title='bbox 2209 4119 2334 4224; x_wconf 81' lang='lat' dir='ltr'><strong><em>dem</em></strong></span> <span class='ocrx_word' id='word_1_430' title='bbox 2363 4139 2540 4224; x_wconf 81' lang='lat' dir='ltr'><strong><em>meam</em></strong></span> <span class='ocrx_word' id='word_1_431' title='bbox 2567 4129 2763 4224; x_wconf 82' lang='lat' dir='ltr'><strong><em>audire</em></strong></span> <span class='ocrx_word' id='word_1_432' title='bbox 2809 4136 3047 4197; x_wconf 85' lang='lat' dir='ltr'><strong><em>voluisti.</em></strong></span> <span class='ocrx_word' id='word_1_433' title='bbox 3093 4141 3202 4202; x_wconf 90' lang='lat' dir='ltr'><strong><em>Sed</em></strong></span> <span class='ocrx_word' id='word_1_434' title='bbox 3233 4160 3344 4204; x_wconf 91' lang='lat' dir='ltr'><strong><em>non</em></strong></span> <span class='ocrx_word' id='word_1_435' title='bbox 3374 4165 3478 4224; x_wconf 96' lang='lat' dir='ltr'><strong><em>ego</em></strong></span> <span class='ocrx_word' id='word_1_436' title='bbox 3519 4152 3754 4212; x_wconf 83' lang='lat' dir='ltr'><strong><em>Salomon</em></strong></span> <span class='ocrx_word' id='word_1_437' title='bbox 3773 4195 3791 4222; x_wconf 87' lang='lat'><strong><em>,</em></strong></span> 
     </span>
    </p>
   </div>
   <div class='ocr_carea' id='block_1_37' title="bbox 509 4217 3792 4326">
    <p class='ocr_par' dir='ltr' id='par_1_37' title="bbox 509 4217 3792 4326">
     <span class='ocr_line' id='line_1_37' title="bbox 509 4217 3792 4326; baseline 0.004 -25"><span class='ocrx_word' id='word_1_438' title='bbox 509 4244 822 4302; x_wconf 82' lang='lat' dir='ltr'><strong><em>Gratianum</em></strong></span> <span class='ocrx_word' id='word_1_439' title='bbox 850 4245 913 4299; x_wconf 90' lang='lat' dir='ltr'><strong><em>ob</em></strong></span> <span class='ocrx_word' id='word_1_440' title='bbox 951 4245 1193 4300; x_wconf 88' lang='lat' dir='ltr'><strong><em>ardorem</em></strong></span> <span class='ocrx_word' id='word_1_441' title='bbox 1220 4247 1481 4304; x_wconf 64' lang='lat' dir='ltr'><strong><em>discendae</em></strong></span> <span class='ocrx_word' id='word_1_442' title='bbox 1509 4217 1634 4320; x_wconf 73' lang='lat' dir='ltr'><strong><em>ﬁdei</em></strong></span> <span class='ocrx_word' id='word_1_443' title='bbox 1671 4251 1856 4310; x_wconf 86' lang='lat' dir='ltr'><strong><em>laudat</em></strong></span> <span class='ocrx_word' id='word_1_444' title='bbox 1888 4255 2109 4313; x_wconf 79' lang='lat' dir='ltr'><strong><em>Ambro-</em></strong></span> <span class='ocrx_word' id='word_1_445' title='bbox 2393 4221 2610 4326; x_wconf 27' lang='lat' dir='ltr'><strong><em>mirari?</em></strong></span> <span class='ocrx_word' id='word_1_446' title='bbox 2634 4229 2958 4326; x_wconf 38' lang='lat' dir='ltr'><strong><em>“memmi</em></strong></span> <span class='ocrx_word' id='word_1_447' title='bbox 2988 4251 3002 4288; x_wconf 75' lang='grc'>³</span> <span class='ocrx_word' id='word_1_448' title='bbox 3025 4250 3207 4309; x_wconf 67' lang='lat' dir='ltr'><strong>neque</strong></span> <span class='ocrx_word' id='word_1_449' title='bbox 3229 4247 3286 4296; x_wconf 73' lang='grc' dir='ltr'>ιιι</span> <span class='ocrx_word' id='word_1_450' title='bbox 3310 4217 3474 4302; x_wconf 48' lang='lat' dir='ltr'><strong><em>“niis</em></strong></span> <span class='ocrx_word' id='word_1_451' title='bbox 3492 4248 3677 4318; x_wconf 72' lang='grc' dir='ltr'><strong><em>εειιιίε.</em></strong></span> 
     </span>
    </p>
   </div>
   <div class='ocr_carea' id='block_1_38' title="bbox 581 4312 3789 4416">
    <p class='ocr_par' dir='ltr' id='par_1_38' title="bbox 581 4312 3789 4416">
     <span class='ocr_line' id='line_1_38' title="bbox 581 4312 3789 4416; baseline 0.007 -22"><span class='ocrx_word' id='word_1_452' title='bbox 581 4342 721 4408; x_wconf 89' lang='lat' dir='ltr'><strong><em>sius,</em></strong></span> <span class='ocrx_word' id='word_1_453' title='bbox 754 4349 913 4397; x_wconf 87' lang='lat' dir='ltr'><strong><em>semet</em></strong></span> <span class='ocrx_word' id='word_1_454' title='bbox 952 4357 1073 4397; x_wconf 80' lang='lat' dir='ltr'><strong><em>vero</em></strong></span> <span class='ocrx_word' id='word_1_455' title='bbox 1101 4341 1362 4412; x_wconf 88' lang='lat' dir='ltr'><strong><em>deprimit.</em></strong></span> <span class='ocrx_word' id='word_1_456' title='bbox 1395 4312 1724 4416; x_wconf 78' lang='lat' dir='ltr'><strong><em>Quamquam</em></strong></span> <span class='ocrx_word' id='word_1_457' title='bbox 1759 4358 1930 4405; x_wconf 87' lang='lat' dir='ltr'><strong><em>autem</em></strong></span> <span class='ocrx_word' id='word_1_458' title='bbox 1958 4312 2106 4407; x_wconf 87' lang='lat' dir='ltr'><strong><em>illum</em></strong></span> <span class='ocrx_word' id='word_1_459' title='bbox 2210 4312 2376 4366; x_wconf 61' lang='lat' dir='ltr'><strong><em>mlius</em></strong></span> <span class='ocrx_word' id='word_1_460' title='bbox 2397 4312 2550 4416; x_wconf 53' lang='lat' dir='ltr'><strong><em>(&quot;Pis</em></strong></span> <span class='ocrx_word' id='word_1_461' title='bbox 2574 4316 2850 4392; x_wconf 62' lang='lat' dir='ltr'><strong><em>Augusms</em></strong></span> <span class='ocrx_word' id='word_1_462' title='bbox 2877 4324 3039 4383; x_wconf 58' lang='lat' dir='ltr'><strong><em>ﬁdem</em></strong></span> <span class='ocrx_word' id='word_1_463' title='bbox 3064 4327 3247 4389; x_wconf 62' lang='lat' dir='ltr'><strong><em>“bono</em></strong></span> <span class='ocrx_word' id='word_1_464' title='bbox 3261 4312 3789 4408; x_wconf 31' lang='grc' dir='ltr'><strong><em>θῖρτίωίῠθθηδυ-ίδιίῖ</em></strong></span> 
     </span>
    </p>
   </div>
   <div class='ocr_carea' id='block_1_39' title="bbox 585 4433 2108 4513">
    <p class='ocr_par' dir='ltr' id='par_1_39' title="bbox 585 4433 2108 4513">
     <span class='ocr_line' id='line_1_39' title="bbox 585 4433 2108 4513; baseline 0.008 -25"><span class='ocrx_word' id='word_1_465' title='bbox 585 4436 816 4490; x_wconf 84' lang='lat' dir='ltr'><strong><em>humana</em></strong></span> <span class='ocrx_word' id='word_1_466' title='bbox 851 4433 1091 4490; x_wconf 76' lang='lat' dir='ltr'><strong><em>doctrina</em></strong></span> <span class='ocrx_word' id='word_1_467' title='bbox 1115 4435 1348 4510; x_wconf 83' lang='lat' dir='ltr'><strong><em>indigere</em></strong></span> <span class='ocrx_word' id='word_1_468' title='bbox 1371 4446 1552 4510; x_wconf 83' lang='lat' dir='ltr'><strong><em>neget,</em></strong></span> <span class='ocrx_word' id='word_1_469' title='bbox 1582 4440 1773 4513; x_wconf 87' lang='lat' dir='ltr'><strong><em>quippe</em></strong></span> <span class='ocrx_word' id='word_1_470' title='bbox 1811 4443 1898 4509; x_wconf 85' lang='lat' dir='ltr'><strong><em>qui</em></strong></span> <span class='ocrx_word' id='word_1_471' title='bbox 1933 4459 1966 4496; x_wconf 89' lang='lat' dir='ltr'><strong><em>a</em></strong></span> <span class='ocrx_word' id='word_1_472' title='bbox 1997 4443 2108 4501; x_wconf 90' lang='lat' dir='ltr'><strong><em>Deo</em></strong></span> 
     </span>
    </p>
   </div>
   <div class='ocr_carea' id='block_1_40' title="bbox 585 4529 2107 4601">
    <p class='ocr_par' dir='ltr' id='par_1_40' title="bbox 585 4529 2107 4601">
     <span class='ocr_line' id='line_1_40' title="bbox 585 4529 2107 4601; baseline 0.006 -17"><span class='ocrx_word' id='word_1_473' title='bbox 585 4531 705 4601; x_wconf 87' lang='lat' dir='ltr'><strong><em>ipso</em></strong></span> <span class='ocrx_word' id='word_1_474' title='bbox 730 4529 885 4601; x_wconf 87' lang='lat' dir='ltr'><strong><em>fuerit</em></strong></span> <span class='ocrx_word' id='word_1_475' title='bbox 909 4529 1204 4596; x_wconf 87' lang='lat' dir='ltr'><strong><em>institutus,</em></strong></span> <span class='ocrx_word' id='word_1_476' title='bbox 1237 4530 1388 4587; x_wconf 89' lang='lat' dir='ltr'><strong><em>addit</em></strong></span> <span class='ocrx_word' id='word_1_477' title='bbox 1412 4541 1583 4589; x_wconf 89' lang='lat' dir='ltr'><strong><em>tamen</em></strong></span> <span class='ocrx_word' id='word_1_478' title='bbox 1617 4534 1858 4590; x_wconf 88' lang='lat' dir='ltr'><strong><em>eumdem</em></strong></span> <span class='ocrx_word' id='word_1_479' title='bbox 1886 4537 1984 4592; x_wconf 81' lang='lat' dir='ltr'><strong><em>liae</em></strong></span> <span class='ocrx_word' id='word_1_480' title='bbox 2011 4554 2107 4593; x_wconf 90' lang='lat' dir='ltr'><strong><em>sua</em></strong></span> 
     </span>
    </p>
   </div>
   <div class='ocr_carea' id='block_1_41' title="bbox 587 4621 2109 4702">
    <p class='ocr_par' dir='ltr' id='par_1_41' title="bbox 587 4621 2109 4702">
     <span class='ocr_line' id='line_1_41' title="bbox 587 4621 2109 4702; baseline 0.006 -26"><span class='ocrx_word' id='word_1_481' title='bbox 587 4624 775 4693; x_wconf 89' lang='lat' dir='ltr'><strong><em>pietate</em></strong></span> <span class='ocrx_word' id='word_1_482' title='bbox 799 4621 936 4677; x_wconf 83' lang='lat' dir='ltr'><strong><em>viam</em></strong></span> <span class='ocrx_word' id='word_1_483' title='bbox 957 4621 1056 4678; x_wconf 87' lang='lat' dir='ltr'><strong><em>sibi</em></strong></span> <span class='ocrx_word' id='word_1_484' title='bbox 1081 4623 1149 4678; x_wconf 91' lang='lat' dir='ltr'><strong><em>ad</em></strong></span> <span class='ocrx_word' id='word_1_485' title='bbox 1177 4623 1444 4680; x_wconf 81' lang='lat' dir='ltr'><strong><em>victoriam</em></strong></span> <span class='ocrx_word' id='word_1_486' title='bbox 1471 4627 1690 4682; x_wconf 89' lang='lat' dir='ltr'><strong><em>munire.</em></strong></span> <span class='ocrx_word' id='word_1_487' title='bbox 1719 4625 1852 4682; x_wconf 85' lang='lat' dir='ltr'><strong><em>Tum</em></strong></span> <span class='ocrx_word' id='word_1_488' title='bbox 1874 4627 2109 4702; x_wconf 83' lang='lat' dir='ltr'><strong><em>difﬁcul-</em></strong></span> 
     </span>
    </p>
   </div>
   <div class='ocr_carea' id='block_1_42' title="bbox 585 4716 2108 4790">
    <p class='ocr_par' dir='ltr' id='par_1_42' title="bbox 585 4716 2108 4790">
     <span class='ocr_line' id='line_1_42' title="bbox 585 4716 2108 4790; baseline 0.007 -20"><span class='ocrx_word' id='word_1_489' title='bbox 585 4725 690 4770; x_wconf 88' lang='lat' dir='ltr'><strong><em>tate</em></strong></span> <span class='ocrx_word' id='word_1_490' title='bbox 731 4717 899 4786; x_wconf 86' lang='lat' dir='ltr'><strong><em>operis</em></strong></span> <span class='ocrx_word' id='word_1_491' title='bbox 928 4716 1223 4782; x_wconf 86' lang='lat' dir='ltr'><strong><em>insinuata,</em></strong></span> <span class='ocrx_word' id='word_1_492' title='bbox 1269 4735 1370 4774; x_wconf 89' lang='lat' dir='ltr'><strong><em>non</em></strong></span> <span class='ocrx_word' id='word_1_493' title='bbox 1411 4729 1515 4775; x_wconf 89' lang='lat' dir='ltr'><strong><em>tam</em></strong></span> <span class='ocrx_word' id='word_1_494' title='bbox 1542 4722 1794 4778; x_wconf 84' lang='lat' dir='ltr'><strong><em>rationem</em></strong></span> <span class='ocrx_word' id='word_1_495' title='bbox 1819 4737 1977 4790; x_wconf 88' lang='lat' dir='ltr'><strong><em>quam</em></strong></span> <span class='ocrx_word' id='word_1_496' title='bbox 2013 4741 2108 4780; x_wconf 81' lang='lat' dir='ltr'><strong><em>au-</em></strong></span> 
     </span>
    </p>
   </div>
   <div class='ocr_carea' id='block_1_43' title="bbox 579 4806 2109 4885">
    <p class='ocr_par' dir='ltr' id='par_1_43' title="bbox 579 4806 2109 4885">
     <span class='ocr_line' id='line_1_43' title="bbox 579 4806 2109 4885; baseline 0.007 -23"><span class='ocrx_word' id='word_1_497' title='bbox 579 4806 890 4875; x_wconf 87' lang='lat' dir='ltr'><strong><em>ctoritatem,</em></strong></span> <span class='ocrx_word' id='word_1_498' title='bbox 912 4809 1136 4864; x_wconf 70' lang='lat' dir='ltr'><strong><em>niaxime</em></strong></span> <span class='ocrx_word' id='word_1_499' title='bbox 1162 4825 1280 4864; x_wconf 83' lang='lat' dir='ltr'><strong><em>vero</em></strong></span> <span class='ocrx_word' id='word_1_500' title='bbox 1307 4809 1510 4867; x_wconf 84' lang='lat' dir='ltr'><strong><em>Nicami</em></strong></span> <span class='ocrx_word' id='word_1_501' title='bbox 1545 4813 1786 4885; x_wconf 85' lang='lat' dir='ltr'><strong><em>concilii,</em></strong></span> <span class='ocrx_word' id='word_1_502' title='bbox 1813 4826 2109 4874; x_wconf 87' lang='lat' dir='ltr'><strong><em>secuturum</em></strong></span> 
     </span>
    </p>
   </div>
   <div class='ocr_carea' id='block_1_44' title="bbox 583 4902 958 4974">
    <p class='ocr_par' dir='ltr' id='par_1_44' title="bbox 583 4902 958 4974">
     <span class='ocr_line' id='line_1_44' title="bbox 583 4902 958 4974; baseline -0.003 -15"><span class='ocrx_word' id='word_1_503' title='bbox 583 4919 640 4959; x_wconf 91' lang='lat' dir='ltr'><strong><em>se</em></strong></span> <span class='ocrx_word' id='word_1_504' title='bbox 669 4902 958 4974; x_wconf 82' lang='lat' dir='ltr'><strong><em>proﬁtetur.</em></strong></span> 
     </span>
    </p>
   </div>
   <div class='ocr_carea' id='block_1_45' title="bbox 583 5042 2107 5118">
    <p class='ocr_par' dir='ltr' id='par_1_45' title="bbox 583 5042 2107 5118">
     <span class='ocr_line' id='line_1_45' title="bbox 583 5042 2107 5118; baseline 0.006 -20"><span class='ocrx_word' id='word_1_505' title='bbox 583 5043 638 5098; x_wconf 81' lang='grc'><strong><em>1.</em></strong></span> <span class='ocrx_word' id='word_1_506' title='bbox 676 5042 880 5116; x_wconf 82' lang='lat' dir='ltr'><strong><em>Regina</em></strong></span> <span class='ocrx_word' id='word_1_507' title='bbox 906 5043 1092 5100; x_wconf 87' lang='lat' dir='ltr'><strong><em>Austri</em></strong></span> <span class='ocrx_word' id='word_1_508' title='bbox 1117 5044 1268 5100; x_wconf 80' lang='lat' dir='ltr'><strong><em>venit</em></strong></span> <span class='ocrx_word' id='word_1_509' title='bbox 1295 5043 1482 5103; x_wconf 88' lang='lat' dir='ltr'><strong><em>audire</em></strong></span> <span class='ocrx_word' id='word_1_510' title='bbox 1509 5047 1830 5118; x_wconf 85' lang='lat' dir='ltr'><strong><em>sapientiam</em></strong></span> <span class='ocrx_word' id='word_1_511' title='bbox 1857 5050 2107 5108; x_wconf 84' lang='lat' dir='ltr'><strong><em>Salomo-</em></strong></span> 
     </span>
    </p>
   </div>
   <div class='ocr_carea' id='block_1_46' title="bbox 511 5138 2107 5218">
    <p class='ocr_par' dir='ltr' id='par_1_46' title="bbox 511 5138 2107 5218">
     <span class='ocr_line' id='line_1_46' title="bbox 511 5138 2107 5218; baseline 0.004 -22"><span class='ocrx_word' id='word_1_512' title='bbox 511 5143 629 5209; x_wconf 84' lang='lat' dir='ltr'><strong><em>nis,</em></strong></span> <span class='ocrx_word' id='word_1_513' title='bbox 661 5149 723 5195; x_wconf 88' lang='lat' dir='ltr'><strong><em>ut</em></strong></span> <span class='ocrx_word' id='word_1_514' title='bbox 755 5139 808 5194; x_wconf 90' lang='lat' dir='ltr'><strong><em>in</em></strong></span> <span class='ocrx_word' id='word_1_515' title='bbox 840 5139 982 5195; x_wconf 85' lang='lat' dir='ltr'><strong><em>libro</em></strong></span> <span class='ocrx_word' id='word_1_516' title='bbox 1009 5138 1322 5209; x_wconf 75' lang='lat' dir='ltr'><strong><em>Regnorum</em></strong></span> <span class='ocrx_word' id='word_1_517' title='bbox 1355 5139 1583 5210; x_wconf 84' lang='lat' dir='ltr'><strong><em>legimus</em></strong></span> <span class='ocrx_word' id='word_1_518' title='bbox 1612 5143 1708 5214; x_wconf 86' lang='lat' dir='ltr'><strong><em>(Ill</em></strong></span> <span class='ocrx_word' id='word_1_519' title='bbox 1737 5143 1870 5218; x_wconf 84' lang='lat' dir='ltr'><strong><em>Reg.</em></strong></span> <span class='ocrx_word' id='word_1_520' title='bbox 1911 5162 1966 5214; x_wconf 78' lang='grc' dir='ltr'><strong>κ,</strong></span> <span class='ocrx_word' id='word_1_521' title='bbox 2001 5148 2029 5204; x_wconf 82' lang='grc'><strong>1</strong></span> <span class='ocrx_word' id='word_1_522' title='bbox 2057 5155 2107 5203; x_wconf 88' lang='lat' dir='ltr'><strong><em>et</em></strong></span> 
     </span>
    </p>
   </div>
   <div class='ocr_carea' id='block_1_47' title="bbox 506 5231 2107 5308">
    <p class='ocr_par' dir='ltr' id='par_1_47' title="bbox 506 5231 2107 5308">
     <span class='ocr_line' id='line_1_47' title="bbox 506 5231 2107 5308; baseline 0.007 -22"><span class='ocrx_word' id='word_1_523' title='bbox 506 5231 662 5304; x_wconf 83' lang='lat' dir='ltr'><strong><em>seq.).</em></strong></span> <span class='ocrx_word' id='word_1_524' title='bbox 714 5231 902 5288; x_wconf 81' lang='lat' dir='ltr'><strong><em>Hiram</em></strong></span> <span class='ocrx_word' id='word_1_525' title='bbox 949 5246 1166 5303; x_wconf 88' lang='lat' dir='ltr'><strong><em>quoque</em></strong></span> <span class='ocrx_word' id='word_1_526' title='bbox 1195 5246 1291 5288; x_wconf 82' lang='lat' dir='ltr'><strong><em>rex</em></strong></span> <span class='ocrx_word' id='word_1_527' title='bbox 1333 5232 1400 5288; x_wconf 89' lang='lat' dir='ltr'><strong><em>ad</em></strong></span> <span class='ocrx_word' id='word_1_528' title='bbox 1447 5232 1793 5296; x_wconf 89' lang='lat' dir='ltr'><strong><em>Salomouem</em></strong></span> <span class='ocrx_word' id='word_1_529' title='bbox 1845 5239 2014 5308; x_wconf 84' lang='lat' dir='ltr'><strong><em>misit,</em></strong></span> <span class='ocrx_word' id='word_1_530' title='bbox 2048 5251 2107 5298; x_wconf 91' lang='lat' dir='ltr'><strong><em>ut</em></strong></span> 
     </span>
    </p>
   </div>
   <div class='ocr_carea' id='block_1_48' title="bbox 505 5323 2157 5403">
    <p class='ocr_par' dir='ltr' id='par_1_48' title="bbox 505 5323 2157 5403">
     <span class='ocr_line' id='line_1_48' title="bbox 505 5323 2157 5403; baseline 0.004 -21"><span class='ocrx_word' id='word_1_531' title='bbox 505 5333 862 5397; x_wconf 85' lang='lat' dir='ltr'><strong><em>cognosceret</em></strong></span> <span class='ocrx_word' id='word_1_532' title='bbox 897 5338 1022 5380; x_wconf 88' lang='lat' dir='ltr'><strong><em>eum</em></strong></span> <span class='ocrx_word' id='word_1_533' title='bbox 1058 5323 1148 5396; x_wconf 86' lang='lat' dir='ltr'><strong><em>(Ill</em></strong></span> <span class='ocrx_word' id='word_1_534' title='bbox 1187 5323 1320 5396; x_wconf 87' lang='lat' dir='ltr'><strong><em>Reg.</em></strong></span> <span class='ocrx_word' id='word_1_535' title='bbox 1365 5340 1420 5391; x_wconf 79' lang='grc' dir='ltr'><strong><em>ν,</em></strong></span> <span class='ocrx_word' id='word_1_536' title='bbox 1461 5325 1540 5398; x_wconf 76' lang='grc'><strong><em>1).</em></strong></span> <span class='ocrx_word' id='word_1_537' title='bbox 1575 5327 1655 5384; x_wconf 86' lang='lat' dir='ltr'><strong><em>Tu</em></strong></span> <span class='ocrx_word' id='word_1_538' title='bbox 1693 5345 1928 5403; x_wconf 86' lang='lat' dir='ltr'><strong><em>quoque,</em></strong></span> <span class='ocrx_word' id='word_1_539' title='bbox 1979 5348 2106 5391; x_wconf 87' lang='lat' dir='ltr'><strong><em>san-</em></strong></span> <span class='ocrx_word' id='word_1_540' title='bbox 2155 5355 2157 5359; x_wconf 57' lang='grc' dir='ltr'><strong>τ</strong></span> 
     </span>
    </p>
   </div>
   <div class='ocr_carea' id='block_1_49' title="bbox 510 5414 2114 5496">
    <p class='ocr_par' dir='ltr' id='par_1_49' title="bbox 510 5414 2114 5496">
     <span class='ocr_line' id='line_1_49' title="bbox 510 5414 2114 5496; baseline 0.006 -22"><span class='ocrx_word' id='word_1_541' title='bbox 510 5425 598 5474; x_wconf 86' lang='lat' dir='ltr'><strong><em>cte</em></strong></span> <span class='ocrx_word' id='word_1_542' title='bbox 623 5419 919 5488; x_wconf 83' lang='lat' dir='ltr'><strong><em>imperator</em></strong></span> <span class='ocrx_word' id='word_1_543' title='bbox 937 5414 1218 5484; x_wconf 85' lang='lat' dir='ltr'><strong><em>Gratiane,</em></strong></span> <span class='ocrx_word' id='word_1_544' title='bbox 1245 5417 1449 5474; x_wconf 82' lang='lat' dir='ltr'><strong><em>veteris</em></strong></span> <span class='ocrx_word' id='word_1_545' title='bbox 1479 5418 1720 5478; x_wconf 87' lang='lat' dir='ltr'><strong><em>imitator</em></strong></span> <span class='ocrx_word' id='word_1_546' title='bbox 1749 5423 2016 5496; x_wconf 63' lang='lat' dir='ltr'><strong><em>historiae,</em></strong></span> <span class='ocrx_word' id='word_1_547' title='bbox 2051 5427 2114 5484; x_wconf 85' lang='lat' dir='ltr'><strong><em>li-</em></strong></span> 
     </span>
    </p>
   </div>
   <div class='ocr_carea' id='block_1_50' title="bbox 539 5577 1891 5654">
    <p class='ocr_par' dir='ltr' id='par_1_50' title="bbox 539 5577 1891 5654">
     <span class='ocr_line' id='line_1_50' title="bbox 539 5577 1891 5654; baseline 0.01 -24"><span class='ocrx_word' id='word_1_548' title='bbox 539 5587 606 5654; x_wconf 67' lang='grc' dir='ltr'><strong><em>ςι</em></strong></span> <span class='ocrx_word' id='word_1_549' title='bbox 642 5578 883 5646; x_wconf 85' lang='lat' dir='ltr'><strong><em>Quorum</em></strong></span> <span class='ocrx_word' id='word_1_550' title='bbox 906 5577 1067 5654; x_wconf 83' lang='lat' dir='ltr'><strong><em>primi</em></strong></span> <span class='ocrx_word' id='word_1_551' title='bbox 1087 5578 1334 5654; x_wconf 78' lang='lat' dir='ltr'><strong><em>_dno_sub</em></strong></span> <span class='ocrx_word' id='word_1_552' title='bbox 1377 5578 1470 5636; x_wconf 84' lang='lat' dir='ltr'><strong><em>lin.</em></strong></span> <span class='ocrx_word' id='word_1_553' title='bbox 1500 5596 1590 5640; x_wconf 90' lang='lat' dir='ltr'><strong><em>an.</em></strong></span> <span class='ocrx_word' id='word_1_554' title='bbox 1619 5584 1744 5654; x_wconf 78' lang='lat'><strong><em>377,</em></strong></span> <span class='ocrx_word' id='word_1_555' title='bbox 1779 5593 1891 5643; x_wconf 86' lang='lat' dir='ltr'><strong><em>tres</em></strong></span> 
     </span>
    </p>
   </div>
   <div class='ocr_carea' id='block_1_51' title="bbox 505 5647 1382 5722">
    <p class='ocr_par' dir='ltr' id='par_1_51' title="bbox 505 5647 1382 5722">
     <span class='ocr_line' id='line_1_51' title="bbox 505 5647 1382 5722; baseline 0.001 -18"><span class='ocrx_word' id='word_1_556' title='bbox 505 5647 688 5722; x_wconf 63' lang='lat' dir='ltr'><strong><em>tiores</em></strong></span> <span class='ocrx_word' id='word_1_557' title='bbox 711 5647 962 5722; x_wconf 65' lang='lat' dir='ltr'><strong><em>sequenti</em></strong></span> <span class='ocrx_word' id='word_1_558' title='bbox 993 5650 1183 5720; x_wconf 83' lang='lat' dir='ltr'><strong><em>scripti</em></strong></span> <span class='ocrx_word' id='word_1_559' title='bbox 1209 5651 1382 5708; x_wconf 82' lang='lat' dir='ltr'><strong><em>fuere.</em></strong></span> 
     </span>
    </p>
   </div>
   <div class='ocr_carea' id='block_1_52' title="bbox 577 5717 2102 5800">
    <p class='ocr_par' dir='ltr' id='par_1_52' title="bbox 577 5717 2102 5800">
     <span class='ocr_line' id='line_1_52' title="bbox 577 5717 2102 5800; baseline 0.013 -25"><span class='ocrx_word' id='word_1_560' title='bbox 577 5717 608 5760; x_wconf 69' lang='grc' dir='ltr'>δ</span> <span class='ocrx_word' id='word_1_561' title='bbox 649 5717 1014 5782; x_wconf 73' lang='grc' dir='ltr'><strong><em>Εάίι.ὀιιιηοε</em></strong></span> <span class='ocrx_word' id='word_1_562' title='bbox 1041 5717 1165 5780; x_wconf 82' lang='lat' dir='ltr'><strong><em>cum</em></strong></span> <span class='ocrx_word' id='word_1_563' title='bbox 1193 5722 1407 5784; x_wconf 85' lang='lat' dir='ltr'><strong><em>duobus</em></strong></span> <span class='ocrx_word' id='word_1_564' title='bbox 1429 5724 1654 5787; x_wconf 87' lang='lat' dir='ltr'><strong><em>omnino</em></strong></span> <span class='ocrx_word' id='word_1_565' title='bbox 1679 5740 1846 5800; x_wconf 83' lang='lat' dir='ltr'><strong><em>mss.,</em></strong></span> <span class='ocrx_word' id='word_1_566' title='bbox 1883 5749 2001 5793; x_wconf 81' lang='lat' dir='ltr'><strong><em>cum</em></strong></span> <span class='ocrx_word' id='word_1_567' title='bbox 2037 5739 2102 5796; x_wconf 88' lang='lat' dir='ltr'><strong><em>ab</em></strong></span> 
     </span>
    </p>
   </div>
   <div class='ocr_carea' id='block_1_53' title="bbox 2199 4408 3228 4492">
    <p class='ocr_par' dir='ltr' id='par_1_53' title="bbox 2199 4408 3228 4492">
     <span class='ocr_line' id='line_1_53' title="bbox 2199 4408 3228 4492; baseline 0.023 -34"><span class='ocrx_word' id='word_1_568' title='bbox 2199 4419 2318 4460; x_wconf 79' lang='lat' dir='ltr'><strong><em>non</em></strong></span> <span class='ocrx_word' id='word_1_569' title='bbox 2353 4416 2412 4463; x_wconf 91' lang='lat' dir='ltr'><strong><em>ut</em></strong></span> <span class='ocrx_word' id='word_1_570' title='bbox 2439 4408 2703 4482; x_wconf 87' lang='lat' dir='ltr'><strong><em>disceres,</em></strong></span> <span class='ocrx_word' id='word_1_571' title='bbox 2734 4417 2832 4474; x_wconf 87' lang='lat' dir='ltr'><strong><em>sed</em></strong></span> <span class='ocrx_word' id='word_1_572' title='bbox 2861 4429 2922 4476; x_wconf 90' lang='lat' dir='ltr'><strong><em>ut</em></strong></span> <span class='ocrx_word' id='word_1_573' title='bbox 2946 4423 3228 4492; x_wconf 83' lang='lat' dir='ltr'><strong><em>probares.</em></strong></span> 
     </span>
    </p>
   </div>
   <div class='ocr_carea' id='block_1_54' title="bbox 2281 4496 3788 4602">
    <p class='ocr_par' dir='ltr' id='par_1_54' title="bbox 2281 4496 3788 4602">
     <span class='ocr_line' id='line_1_54' title="bbox 2281 4496 3788 4602; baseline 0.022 -50"><span class='ocrx_word' id='word_1_574' title='bbox 2281 4496 2346 4602; x_wconf 37' lang='lat'><strong><em>2..</em></strong></span> <span class='ocrx_word' id='word_1_575' title='bbox 2377 4499 2691 4602; x_wconf 74' lang='lat' dir='ltr'><strong><em>Quidenim</em></strong></span> <span class='ocrx_word' id='word_1_576' title='bbox 2713 4509 2917 4582; x_wconf 88' lang='lat' dir='ltr'><strong><em>discas,</em></strong></span> <span class='ocrx_word' id='word_1_577' title='bbox 2950 4514 3252 4588; x_wconf 87' lang='lat' dir='ltr'><strong><em>imperator</em></strong></span> <span class='ocrx_word' id='word_1_578' title='bbox 3288 4523 3561 4600; x_wconf 83' lang='lat' dir='ltr'><strong><em>Auguste,</em></strong></span> <span class='ocrx_word' id='word_1_579' title='bbox 3589 4528 3614 4568; x_wconf 72' lang='grc' dir='ltr'>δ</span> <span class='ocrx_word' id='word_1_580' title='bbox 3636 4542 3788 4602; x_wconf 76' lang='lat' dir='ltr'><strong><em>quam</em></strong></span> 
     </span>
    </p>
   </div>
   <div class='ocr_carea' id='block_1_55' title="bbox 2211 4592 3792 4694">
    <p class='ocr_par' dir='ltr' id='par_1_55' title="bbox 2211 4592 3792 4694">
     <span class='ocr_line' id='line_1_55' title="bbox 2211 4592 3792 4694; baseline 0.02 -48"><span class='ocrx_word' id='word_1_581' title='bbox 2211 4592 2469 4694; x_wconf 51' lang='lat' dir='ltr'><strong><em>a_b_ipsis</em></strong></span> <span class='ocrx_word' id='word_1_582' title='bbox 2517 4599 2859 4664; x_wconf 85' lang='lat' dir='ltr'><strong><em>incunabulis</em></strong></span> <span class='ocrx_word' id='word_1_583' title='bbox 2913 4609 3004 4679; x_wconf 90' lang='lat' dir='ltr'><strong><em>pio</em></strong></span> <span class='ocrx_word' id='word_1_584' title='bbox 3054 4612 3238 4672; x_wconf 76' lang='lat' dir='ltr'><strong><em>fovisti</em></strong></span> <span class='ocrx_word' id='word_1_585' title='bbox 3294 4592 3515 4694; x_wconf 78' lang='lat' dir='ltr'><strong><em>semper</em></strong></span> <span class='ocrx_word' id='word_1_586' title='bbox 3547 4592 3724 4680; x_wconf 65' lang='lat' dir='ltr'><strong><em>auecta</em></strong></span> <span class='ocrx_word' id='word_1_587' title='bbox 3765 4624 3792 4678; x_wconf 74' lang='lat'><strong><em>2</em></strong></span> 
     </span>
    </p>
   </div>
   <div class='ocr_carea' id='block_1_56' title="bbox 2211 4685 3788 4783">
    <p class='ocr_par' dir='ltr' id='par_1_56' title="bbox 2211 4685 3788 4783">
     <span class='ocr_line' id='line_1_56' title="bbox 2211 4685 3788 4783; baseline 0.021 -42"><span class='ocrx_word' id='word_1_588' title='bbox 2211 4685 2526 4762; x_wconf 88' lang='lat' dir='ltr'><strong><em>Priusquam</em></strong></span> <span class='ocrx_word' id='word_1_589' title='bbox 2551 4704 2622 4762; x_wconf 89' lang='lat' dir='ltr'><strong><em>te,</em></strong></span> <span class='ocrx_word' id='word_1_590' title='bbox 2645 4697 2847 4770; x_wconf 85' lang='lat' dir='ltr'><strong><em>inquit,</em></strong></span> <span class='ocrx_word' id='word_1_591' title='bbox 2876 4703 3161 4774; x_wconf 84' lang='lat' dir='ltr'><strong><em>formarem</em></strong></span> <span class='ocrx_word' id='word_1_592' title='bbox 3185 4711 3240 4766; x_wconf 88' lang='lat' dir='ltr'><strong><em>in</em></strong></span> <span class='ocrx_word' id='word_1_593' title='bbox 3278 4685 3435 4770; x_wconf 71' lang='lat' dir='ltr'><strong><em>utero</em></strong></span> <span class='ocrx_word' id='word_1_594' title='bbox 3456 4717 3626 4773; x_wconf 87' lang='lat' dir='ltr'><strong><em>matris</em></strong></span> <span class='ocrx_word' id='word_1_595' title='bbox 3656 4725 3788 4783; x_wconf 61' lang='lat' dir='ltr'><strong><em>tua,</em></strong></span> 
     </span>
    </p>
   </div>
   <div class='ocr_carea' id='block_1_57' title="bbox 2213 4782 3790 4880">
    <p class='ocr_par' dir='ltr' id='par_1_57' title="bbox 2213 4782 3790 4880">
     <span class='ocr_line' id='line_1_57' title="bbox 2213 4782 3790 4880; baseline 0.021 -45"><span class='ocrx_word' id='word_1_596' title='bbox 2213 4782 2330 4880; x_wconf 66' lang='lat' dir='ltr'><strong><em>noui</em></strong></span> <span class='ocrx_word' id='word_1_597' title='bbox 2359 4793 2408 4840; x_wconf 90' lang='lat' dir='ltr'><strong><em>te</em></strong></span> <span class='ocrx_word' id='word_1_598' title='bbox 2428 4800 2449 4840; x_wconf 89' lang='lat'><strong><em>:</em></strong></span> <span class='ocrx_word' id='word_1_599' title='bbox 2477 4797 2524 4840; x_wconf 84' lang='lat' dir='ltr'><strong><em>et</em></strong></span> <span class='ocrx_word' id='word_1_600' title='bbox 2554 4789 2854 4860; x_wconf 86' lang='lat' dir='ltr'><strong><em>priusquam</em></strong></span> <span class='ocrx_word' id='word_1_601' title='bbox 2897 4798 3066 4855; x_wconf 77' lang='lat' dir='ltr'><strong><em>exires</em></strong></span> <span class='ocrx_word' id='word_1_602' title='bbox 3099 4801 3168 4858; x_wconf 89' lang='lat' dir='ltr'><strong><em>de</em></strong></span> <span class='ocrx_word' id='word_1_603' title='bbox 3200 4804 3378 4875; x_wconf 77' lang='lat' dir='ltr'><strong><em>uulua,</em></strong></span> <span class='ocrx_word' id='word_1_604' title='bbox 3407 4808 3706 4880; x_wconf 72' lang='lat' dir='ltr'><strong><em>sanctiﬁcaui</em></strong></span> 
     </span>
    </p>
   </div>
   <div class='ocr_carea' id='block_1_58' title="bbox 2215 4874 3786 4971">
    <p class='ocr_par' dir='ltr' id='par_1_58' title="bbox 2215 4874 3786 4971">
     <span class='ocr_line' id='line_1_58' title="bbox 2215 4874 3786 4971; baseline 0.018 -41"><span class='ocrx_word' id='word_1_605' title='bbox 2215 4874 2432 4971; x_wconf 62' lang='lat' dir='ltr'><strong><em>flerent.</em></strong></span> <span class='ocrx_word' id='word_1_606' title='bbox 2464 4897 2519 4948; x_wconf 89' lang='grc' dir='ltr'><strong><em>ι,</em></strong></span> <span class='ocrx_word' id='word_1_607' title='bbox 2563 4883 2644 4954; x_wconf 86' lang='grc'><strong><em>5).</em></strong></span> <span class='ocrx_word' id='word_1_608' title='bbox 2685 4885 3056 4951; x_wconf 79' lang='lat' dir='ltr'><strong><em>Sanctiﬁcatio</em></strong></span> <span class='ocrx_word' id='word_1_609' title='bbox 3084 4910 3217 4969; x_wconf 87' lang='lat' dir='ltr'><strong><em>ergo</em></strong></span> <span class='ocrx_word' id='word_1_610' title='bbox 3260 4874 3370 4958; x_wconf 84' lang='lat' dir='ltr'><strong><em>non</em></strong></span> <span class='ocrx_word' id='word_1_611' title='bbox 3415 4874 3664 4971; x_wconf 74' lang='lat' dir='ltr'><strong><em>traditur,</em></strong></span> <span class='ocrx_word' id='word_1_612' title='bbox 3688 4900 3786 4958; x_wconf 85' lang='lat' dir='ltr'><strong><em>sed</em></strong></span> 
     </span>
    </p>
   </div>
   <div class='ocr_carea' id='block_1_59' title="bbox 2212 4969 3784 5068">
    <p class='ocr_par' dir='ltr' id='par_1_59' title="bbox 2212 4969 3784 5068">
     <span class='ocr_line' id='line_1_59' title="bbox 2212 4969 3784 5068; baseline 0.02 -43"><span class='ocrx_word' id='word_1_613' title='bbox 2212 4969 2551 5044; x_wconf 82' lang='lat' dir='ltr'><strong><em>infunditur;</em></strong></span> <span class='ocrx_word' id='word_1_614' title='bbox 2579 4989 2636 5035; x_wconf 85' lang='lat' dir='ltr'><strong><em>et</em></strong></span> <span class='ocrx_word' id='word_1_615' title='bbox 2667 4979 2790 5038; x_wconf 86' lang='lat' dir='ltr'><strong><em>ideo</em></strong></span> <span class='ocrx_word' id='word_1_616' title='bbox 2817 4983 2996 5041; x_wconf 86' lang='lat' dir='ltr'><strong><em>divina</em></strong></span> <span class='ocrx_word' id='word_1_617' title='bbox 3033 4988 3176 5046; x_wconf 85' lang='lat' dir='ltr'><strong><em>dona</em></strong></span> <span class='ocrx_word' id='word_1_618' title='bbox 3207 4995 3440 5053; x_wconf 87' lang='lat' dir='ltr'><strong><em>custodi.</em></strong></span> <span class='ocrx_word' id='word_1_619' title='bbox 3476 4996 3624 5068; x_wconf 85' lang='lat' dir='ltr'><strong><em>Quod</em></strong></span> <span class='ocrx_word' id='word_1_620' title='bbox 3645 4969 3784 5054; x_wconf 69' lang='lat' dir='ltr'><strong><em>uim</em></strong></span> 
     </span>
    </p>
   </div>
   <div class='ocr_carea' id='block_1_60' title="bbox 2213 5069 3555 5148">
    <p class='ocr_par' dir='ltr' id='par_1_60' title="bbox 2213 5069 3555 5148">
     <span class='ocr_line' id='line_1_60' title="bbox 2213 5069 3555 5148; baseline 0.022 -28"><span class='ocrx_word' id='word_1_621' title='bbox 2213 5080 2376 5122; x_wconf 91' lang='lat' dir='ltr'><strong><em>nemo</em></strong></span> <span class='ocrx_word' id='word_1_622' title='bbox 2404 5077 2458 5124; x_wconf 91' lang='lat' dir='ltr'><strong><em>te</em></strong></span> <span class='ocrx_word' id='word_1_623' title='bbox 2485 5069 2704 5140; x_wconf 87' lang='lat' dir='ltr'><strong><em>docuit,</em></strong></span> <span class='ocrx_word' id='word_1_624' title='bbox 2732 5075 2915 5148; x_wconf 84' lang='lat' dir='ltr'><strong><em>utique</em></strong></span> <span class='ocrx_word' id='word_1_625' title='bbox 2950 5079 3095 5138; x_wconf 89' lang='lat' dir='ltr'><strong><em>Deus</em></strong></span> <span class='ocrx_word' id='word_1_626' title='bbox 3117 5094 3312 5144; x_wconf 80' lang='lat' dir='ltr'><strong><em>auctor</em></strong></span> <span class='ocrx_word' id='word_1_627' title='bbox 3339 5087 3555 5148; x_wconf 81' lang='lat' dir='ltr'><strong><em>infudit.</em></strong></span> 
     </span>
    </p>
   </div>
   <div class='ocr_carea' id='block_1_61' title="bbox 2285 5159 3784 5254">
    <p class='ocr_par' dir='ltr' id='par_1_61' title="bbox 2285 5159 3784 5254">
     <span class='ocr_line' id='line_1_61' title="bbox 2285 5159 3784 5254; baseline 0.022 -40"><span class='ocrx_word' id='word_1_628' title='bbox 2285 5160 2365 5254; x_wconf 59' lang='lat'><strong><em>§._</em></strong></span> <span class='ocrx_word' id='word_1_629' title='bbox 2380 5159 2531 5220; x_wconf 85' lang='lat' dir='ltr'><strong><em>Petis</em></strong></span> <span class='ocrx_word' id='word_1_630' title='bbox 2555 5180 2586 5220; x_wconf 85' lang='lat' dir='ltr'><strong><em>a</em></strong></span> <span class='ocrx_word' id='word_1_631' title='bbox 2629 5180 2719 5225; x_wconf 85' lang='lat' dir='ltr'><strong><em>me</em></strong></span> <span class='ocrx_word' id='word_1_632' title='bbox 2757 5168 2884 5226; x_wconf 80' lang='lat' dir='ltr'><strong><em>ﬁdei</em></strong></span> <span class='ocrx_word' id='word_1_633' title='bbox 2931 5172 3206 5246; x_wconf 85' lang='lat' dir='ltr'><strong><em>libellum,</em></strong></span> <span class='ocrx_word' id='word_1_634' title='bbox 3255 5190 3446 5239; x_wconf 83' lang='lat' dir='ltr'><strong><em>sancte</em></strong></span> <span class='ocrx_word' id='word_1_635' title='bbox 3486 5184 3784 5254; x_wconf 63' lang='lat' dir='ltr'><strong><em>imperator.</em></strong></span> 
     </span>
    </p>
   </div>
   <div class='ocr_carea' id='block_1_62' title="bbox 2211 5249 3784 5338">
    <p class='ocr_par' dir='ltr' id='par_1_62' title="bbox 2211 5249 3784 5338">
     <span class='ocr_line' id='line_1_62' title="bbox 2211 5249 3784 5338; baseline 0.017 -33"><span class='ocrx_word' id='word_1_636' title='bbox 2211 5249 2379 5326; x_wconf 65' lang='grc' dir='ltr'>ω</span> <span class='ocrx_word' id='word_1_637' title='bbox 2399 5255 2747 5326; x_wconf 82' lang='lat' dir='ltr'><strong><em>profecturus</em></strong></span> <span class='ocrx_word' id='word_1_638' title='bbox 2787 5262 2857 5319; x_wconf 91' lang='lat' dir='ltr'><strong><em>ad</em></strong></span> <span class='ocrx_word' id='word_1_639' title='bbox 2887 5265 3164 5338; x_wconf 60' lang='lat' dir='ltr'><strong><em>pretium;</em></strong></span> <span class='ocrx_word' id='word_1_640' title='bbox 3196 5272 3339 5328; x_wconf 86' lang='lat' dir='ltr'><strong><em>nosti</em></strong></span> <span class='ocrx_word' id='word_1_641' title='bbox 3365 5275 3508 5332; x_wconf 87' lang='lat' dir='ltr'><strong><em>enim</em></strong></span> <span class='ocrx_word' id='word_1_642' title='bbox 3539 5249 3636 5333; x_wconf 81' lang='lat' dir='ltr'><strong><em>lide</em></strong></span> <span class='ocrx_word' id='word_1_643' title='bbox 3663 5288 3784 5330; x_wconf 60' lang='lat' dir='ltr'><strong><em>mae</em></strong></span> 
     </span>
    </p>
   </div>
   <div class='ocr_carea' id='block_1_63' title="bbox 2213 5342 3785 5439">
    <p class='ocr_par' dir='ltr' id='par_1_63' title="bbox 2213 5342 3785 5439">
     <span class='ocr_line' id='line_1_63' title="bbox 2213 5342 3785 5439; baseline 0.016 -41"><span class='ocrx_word' id='word_1_644' title='bbox 2213 5342 2296 5439; x_wconf 80' lang='lat' dir='ltr'><strong><em>gis</em></strong></span> <span class='ocrx_word' id='word_1_645' title='bbox 2341 5345 2687 5436; x_wconf 82' lang='lat' dir='ltr'><strong><em>imperatoris</em></strong></span> <span class='ocrx_word' id='word_1_646' title='bbox 2723 5369 2884 5425; x_wconf 85' lang='lat' dir='ltr'><strong><em>quam</em></strong></span> <span class='ocrx_word' id='word_1_647' title='bbox 2925 5358 3124 5418; x_wconf 82' lang='lat' dir='ltr'><strong><em>virtute</em></strong></span> <span class='ocrx_word' id='word_1_648' title='bbox 3167 5363 3399 5422; x_wconf 87' lang='lat' dir='ltr'><strong><em>militum</em></strong></span> <span class='ocrx_word' id='word_1_649' title='bbox 3427 5367 3586 5439; x_wconf 67' lang='lat' dir='ltr'><strong><em>queri</em></strong></span> <span class='ocrx_word' id='word_1_650' title='bbox 3611 5365 3785 5424; x_wconf 79' lang='lat' dir='ltr'><strong><em>solere</em></strong></span> 
     </span>
    </p>
   </div>
   <div class='ocr_carea' id='block_1_64' title="bbox 2141 5437 3783 5520">
    <p class='ocr_par' dir='ltr' id='par_1_64' title="bbox 2141 5437 3783 5520">
     <span class='ocr_line' id='line_1_64' title="bbox 2141 5437 3783 5520; baseline 0.016 -28"><span class='ocrx_word' id='word_1_651' title='bbox 2141 5449 2193 5511; x_wconf 75' lang='grc' dir='ltr'><strong>Β</strong></span> <span class='ocrx_word' id='word_1_652' title='bbox 2219 5437 2524 5498; x_wconf 83' lang='lat' dir='ltr'><strong><em>victoriam.</em></strong></span> <span class='ocrx_word' id='word_1_653' title='bbox 2555 5443 2689 5503; x_wconf 81' lang='lat' dir='ltr'><strong><em>Nam</em></strong></span> <span class='ocrx_word' id='word_1_654' title='bbox 2714 5457 2771 5506; x_wconf 88' lang='lat' dir='ltr'><strong><em>et</em></strong></span> <span class='ocrx_word' id='word_1_655' title='bbox 2795 5448 3070 5512; x_wconf 78' lang='lat' dir='ltr'><strong><em>Abraham</em></strong></span> <span class='ocrx_word' id='word_1_656' title='bbox 3093 5464 3371 5518; x_wconf 88' lang='lat' dir='ltr'><strong><em>trecentos</em></strong></span> <span class='ocrx_word' id='word_1_657' title='bbox 3395 5437 3575 5520; x_wconf 82' lang='lat' dir='ltr'><strong><em>decem</em></strong></span> <span class='ocrx_word' id='word_1_658' title='bbox 3593 5471 3640 5518; x_wconf 89' lang='lat' dir='ltr'><strong><em>et</em></strong></span> <span class='ocrx_word' id='word_1_659' title='bbox 3655 5467 3783 5517; x_wconf 81' lang='lat' dir='ltr'><strong><em>octo</em></strong></span> 
     </span>
    </p>
   </div>
   <div class='ocr_carea' id='block_1_65' title="bbox 1919 5597 3775 5694">
    <p class='ocr_par' dir='ltr' id='par_1_65' title="bbox 1919 5597 3775 5694">
     <span class='ocr_line' id='line_1_65' title="bbox 1919 5597 3775 5694; baseline 0.016 -48"><span class='ocrx_word' id='word_1_660' title='bbox 1919 5600 2104 5660; x_wconf 86' lang='lat' dir='ltr'><strong><em>poste-</em></strong></span> <span class='ocrx_word' id='word_1_661' title='bbox 2207 5597 2349 5694; x_wconf 63' lang='lat' dir='ltr'><strong><em>ipsis</em></strong></span> <span class='ocrx_word' id='word_1_662' title='bbox 2365 5601 2633 5694; x_wconf 69' lang='lat' dir='ltr'><strong><em>cunabulis</em></strong></span> <span class='ocrx_word' id='word_1_663' title='bbox 2652 5607 2742 5678; x_wconf 86' lang='lat' dir='ltr'><strong><em>pio</em></strong></span> <span class='ocrx_word' id='word_1_664' title='bbox 2763 5609 2938 5684; x_wconf 84' lang='lat' dir='ltr'><strong><em>fuisti,</em></strong></span> <span class='ocrx_word' id='word_1_665' title='bbox 2961 5622 3068 5674; x_wconf 85' lang='lat' dir='ltr'><strong><em>etc.</em></strong></span> <span class='ocrx_word' id='word_1_666' title='bbox 3097 5615 3416 5693; x_wconf 83' lang='lat' dir='ltr'><strong><em>Elegantius</em></strong></span> <span class='ocrx_word' id='word_1_667' title='bbox 3442 5619 3618 5694; x_wconf 85' lang='lat' dir='ltr'><strong><em>reliqui</em></strong></span> <span class='ocrx_word' id='word_1_668' title='bbox 3639 5631 3775 5675; x_wconf 78' lang='lat' dir='ltr'><strong><em>mss.</em></strong></span> 
     </span>
    </p>
   </div>
   <div class='ocr_carea' id='block_1_66' title="bbox 2210 5671 2552 5732">
    <p class='ocr_par' dir='ltr' id='par_1_66' title="bbox 2210 5671 2552 5732">
     <span class='ocr_line' id='line_1_66' title="bbox 2210 5671 2552 5732; baseline 0.012 -6"><span class='ocrx_word' id='word_1_669' title='bbox 2210 5679 2269 5726; x_wconf 92' lang='lat' dir='ltr'><strong><em>ut</em></strong></span> <span class='ocrx_word' id='word_1_670' title='bbox 2297 5671 2354 5728; x_wconf 89' lang='lat' dir='ltr'><strong><em>in</em></strong></span> <span class='ocrx_word' id='word_1_671' title='bbox 2383 5681 2552 5732; x_wconf 78' lang='lat' dir='ltr'><strong><em>testu.</em></strong></span> 
     </span>
    </p>
   </div>
  </div>
