4042 6294
222 331 331 390 529

1615 334 1706 395 DE
1744 335 1905 394 FIDE
1947 335 2074 395 LIB.
2118 337 2159 394 1.

3435 342 3545 400 1550

222 447 381 504 duxit
406 446 476 503 ad
510 448 738 518 bellum,
787 461 843 507 et
881 465 946 506 ex
981 449 1283 507 innumeris
1333 460 1536 523 tropaea
1583 450 1831 509 hostibus
1856 456 1913 520 Α
1939 467 2091 509 mero
2118 452 2174 509 in
2203 452 2453 510 conciliis
2499 453 2622 511 ﬁdei
2666 455 2931 512 habemus
2971 452 3277 524 oraculum,
3326 472 3436 532 quo
3482 462 3539 518 lu

222 545 554 614 reportavit;
588 554 614 583 ι
656 546 918 618 signoque
959 547 1256 603 Dominicte
1276 546 1456 604 crucis
1481 556 1538 603 et
1566 547 1824 616 nominis,

219 635 463 708 quinque
490 652 681 709 regum
712 638 1121 710 victriciumque
1155 647 1457 695 turmarum
1484 638 1715 696 subacto
1738 655 1827 696 ro-

220 728 377 796 bore,
408 738 467 785 et
493 731 638 787 ultus
662 741 745 787 est
775 732 1109 802 proximum,
1133 740 1188 787 et
1218 730 1401 787 fratris
1426 732 1597 787 lilium
1627 732 1828 789 meruit

220 823 625 896 ettriumpltum
645 823 800 897 (Gen.
824 840 933 891 xiv,
956 826 1022 881 l4
1039 833 1087 880 et
1101 823 1253 897 ηιμ).
1269 825 1427 880 Jesus
1446 839 1664 896 quoque
1678 824 1825 882 ﬁlius

216 916 366 975 Nave
430 917 618 974 hostes
680 932 820 989 quos
877 918 1044 974 totius
1100 916 1372 974 exercitus
1428 932 1591 973 manu
1646 918 1823 974 valida

217 1025 481 1083 superare
511 1026 619 1066 non
662 1017 904 1082 poterat,
950 1018 1161 1082 septem
1208 1009 1459 1065 tubarum
1506 1011 1822 1066 sacerdota-

217 1103 348 1160 lium
378 1116 516 1159 sono
547 1101 694 1169 vicit,
726 1103 815 1158 ubi
845 1102 1040 1158 ducem
1082 1103 1289 1159 militiae
1319 1102 1571 1160 caelestis
1600 1105 1824 1174 agnovit

217 1194 355 1267 (los.
387 1211 465 1262 v1,
512 1193 547 1251 6
575 1203 625 1250 et
662 1194 822 1268 seq.).
873 1193 1019 1265 Ergo
1062 1203 1119 1251 et
1147 1206 1201 1251 tu
1230 1198 1453 1252 vincere
1504 1211 1685 1268 paras,
1728 1195 1824 1267 qui

213 1288 492 1347 Christum
521 1289 718 1347 adoras
747 1309 763 1346 :
794 1294 1015 1347 vincere
1038 1305 1217 1362 paras,
1240 1291 1333 1362 qui
1359 1289 1521 1347 ﬁdem
1548 1290 1817 1360 vindicas,

213 1385 375 1456 cujus
403 1400 434 1439 a
466 1400 553 1441 me
582 1383 825 1441 libellum
864 1385 1067 1457 petisti.

282 1475 341 1533 4.
384 1476 602 1533 Mallem
628 1476 848 1546 quidem
877 1477 1201 1534 cohortandi
1229 1477 1296 1534 ad
1325 1477 1487 1535 fidem
1518 1479 1706 1535 subire
1736 1478 1823 1535 of-

212 1570 420 1639 ﬁcium,
453 1586 613 1643 quam
644 1571 713 1626 de
742 1570 851 1628 ﬁde
876 1570 1247 1643 disceptandi;
1273 1573 1325 1627 in
1357 1572 1531 1629 altero
1557 1573 1703 1629 enim
1733 1588 1821 1628 re-

210 1662 407 1736 ligiosa
432 1662 711 1721 confessio
739 1676 845 1731 est,
874 1664 930 1719 in
967 1663 1141 1720 altero
1177 1665 1389 1721 incauta
1421 1664 1773 1736 praesumptio
1802 1684 1815 1719 :

210 1759 310 1816 sed
349 1761 612 1833 quoniam
656 1774 830 1831 neque
862 1768 916 1815 ιιι
944 1760 1322 1817 cohortatione
1351 1760 1600 1832 indiges,
1642 1775 1818 1832 neque

1932 545 2156 603 historia
2184 547 2402 619 pietatis
2429 548 2766 621 exemplum.

2339 689 2502 764 us
2540 690 2771 751 CAPUT
2809 691 3100 752 pntnun.

1929 798 2251 858 Catholicam
2271 804 2427 874 ﬁdem
2444 823 2477 861 a
2502 806 2791 876 gentilium,
2822 806 3152 874 Judteorum,
3182 825 3246 864 ac
3267 810 3540 867 haeretico—

2000 911 2112 950 rum
2136 896 2398 953 erroribus
2439 898 2749 970 distinguit:
2771 901 3106 971 expositoque
3136 916 3320 956 vocum
3355 901 3456 958 Dei
3487 912 3537 959 et

2003 989 2213 1045 Domini
2231 992 2528 1065 signiﬁcatu
2549 1034 2563 1058 ,
2595 1009 2933 1063 personarum
2964 994 3273 1062 discrimen,
3303 1006 3354 1050 et
3380 1008 3533 1052 natu-

1996 1097 2073 1137 rte
2093 1086 2342 1138 unitatem
2364 1086 2685 1151 demonstrat
2714 1102 2734 1140 :
2762 1103 2918 1158 quam
2944 1086 3069 1141 dum
3099 1098 3348 1161 separant
3378 1089 3537 1145 Aria-

1998 1177 2083 1244 ni,
2111 1192 2213 1231 non
2260 1188 2362 1233 tres
2392 1176 2530 1233 Deos
2573 1188 2774 1234 tantum
2804 1180 3080 1245 inducunt.
3112 1182 3202 1237 sed
3232 1184 3386 1239 etiam
3414 1182 3534 1240 Tri-

1996 1273 2175 1327 nitatis
2202 1289 2419 1344 regnum
2449 1274 2741 1331 destruunt.

1996 1393 2050 1449 6.
2095 1393 2340 1450 Assertio
2381 1403 2563 1451 autem
2593 1404 2796 1452 nostra:
2825 1397 2949 1453 ﬁdei
2979 1397 3097 1454 hzec
3137 1408 3242 1468 est,
3279 1409 3337 1456 ut
3364 1416 3530 1457 unum

1924 1485 2092 1562 Deum
2119 1500 2242 1542 esse
2265 1486 2513 1544 dicamus
2541 1506 2554 1541 :
2598 1504 2800 1560 neque,
2825 1498 2887 1545 ut
2911 1499 3119 1562 gentes,
3147 1491 3343 1548 Filium
3372 1509 3534 1564 sepa-

1923 1594 2148 1636 remus:
2195 1596 2373 1651 ueque
2402 1592 2459 1637 ut
2486 1580 2684 1651 Judaei,
2714 1593 2898 1638 natum
2943 1599 3011 1639 ex
3046 1584 3205 1641 Patre
3234 1596 3361 1642 ante
3395 1594 3534 1642 tem-

1923 1687 2082 1745 pora,
2113 1683 2163 1729 et
2193 1688 2262 1729 ex
2288 1671 2513 1745 Virgine
2545 1685 2733 1745 postea
2766 1675 2974 1732 editum
3016 1676 3350 1749 denegemus
3382 1696 3396 1733 :
3430 1695 3531 1735 nc-

1922 1779 2026 1836 qne
2049 1774 2107 1819 ut
2137 1761 2164 1800 ἀ
2197 1764 2488 1832 Sabellius,
2513 1766 2730 1823 Patrem
2761 1766 3159 1824 confundamus
3178 1779 3234 1825 et
3257 1769 3526 1838 Verbum;

208 1869 314 1926 ego
336 1852 637 1911 excusandi
666 1852 827 1920 liber,
862 1852 953 1909 ubi
986 1853 1200 1923 pietatis
1236 1852 1476 1909 ofﬁcium
1505 1863 1610 1921 est,
1639 1854 1812 1910 audax
1845 1873 1893 1934 Β
1920 1867 1980 1915 ιιι
2006 1859 2255 1915 eumdem
2297 1859 2515 1916 Patrem
2555 1875 2867 1918 asseramus
2890 1873 2944 1919 et
2976 1862 3172 1921 Filium
3206 1884 3219 1920 :
3262 1880 3441 1938 neque
3468 1876 3531 1922 ut

210 1948 493 2019 negotium
522 1945 552 1986 δ
580 1946 885 2004 verecunda
934 1947 1226 2003 occasione
1271 1944 1602 2020 suscipiam;
1652 1959 1708 2004 ut
1750 1950 1818 2005 de

210 2039 318 2097 fide
364 2054 536 2113 pauca
583 2040 919 2113 disceptem,
970 2040 1041 2098 de
1095 2042 1427 2099 testimoniis
1473 2042 1630 2114 plura
1686 2057 1821 2099 con-

210 2147 416 2193 texam.

276 2230 335 2285 .'i.
379 2229 454 2286 De
483 2228 732 2286 conciliis
759 2229 814 2285 id
842 2230 1187 2303 potissimum
1214 2245 1435 2302 sequar,
1463 2229 1610 2303 quod
1643 2240 1665 2269 ε
1705 2239 1815 2287 tre-

204 2322 351 2379 centi
379 2322 569 2380 decem
614 2333 670 2380 et
698 2331 826 2380 octo
872 2323 1207 2394 sacerdotes,
1254 2333 1528 2396 tamquam
1575 2324 1813 2382 Abrahae

206 2415 371 2472 electi
414 2413 654 2487 judicio,
699 2430 939 2473 consona
972 2415 1097 2472 fidei
1135 2417 1333 2473 virtute
1360 2420 1628 2485 victores,
1665 2416 1813 2473 velut

208 2519 504 2582 tropaeum,
545 2517 660 2566 toto
707 2511 842 2567 orbe
885 2510 1126 2567 subactis
1169 2509 1412 2582 perﬁdis,
1456 2511 1803 2580 extulerunt;

204 2610 266 2657 ut
299 2602 430 2659 mihi
458 2602 706 2660 videatur
734 2606 837 2661 hoc
856 2619 978 2663 esse
1005 2604 1277 2675 divinum,
1307 2604 1451 2678 quod
1478 2606 1673 2662 eodem
1709 2623 1809 2663 nu-

280 2753 308 2783 ι
346 2743 575 2815 Signum
603 2743 784 2800 crucis
814 2743 1315 2815 poniturinlittera
1345 2743 1419 2815 TV,
1443 2758 1603 2815 quam
1633 2744 1687 2799 in
1714 2759 1812 2800 an-

208 2815 380 2884 tiquis
412 2813 764 2887 Hebraeorum
794 2814 1207 2872 characteribus
1225 2816 1366 2871 hanc
1388 2813 1557 2883 ipsam
1582 2815 1810 2887 ﬁguram

207 2890 464 2960 habuisse
495 2886 856 2960 Hieronymus
899 2894 1023 2956 post
1060 2888 1351 2960 Origenem
1395 2897 1585 2943 auctor
1629 2886 1715 2960 est
1755 2889 1810 2943 in

208 2959 413 3016 Ezech.
452 2975 506 3014 ιιι
531 3000 549 3023 .
583 2961 639 3025 ι,
672 2957 828 3029 cujus
865 2960 1177 3028 opinionem
1217 2957 1438 3015 Grotius
1461 2960 1527 3013 ad
1557 2959 1811 3015 eumdem

206 3032 389 3088 locum
418 3040 611 3086 contra
650 3029 987 3100 Scaligerum
1028 3029 1292 3086 defendit.
1337 3030 1491 3098 Quod
1530 3040 1712 3086 autem
1744 3029 1811 3085 ad

209 3108 499 3158 numerum
524 3101 653 3169 518,
688 3101 737 3157 is
756 3100 899 3172 apud
926 3100 1149 3157 Graecos
1170 3101 1518 3158 arithmetice
1548 3101 1810 3172 effereba-

1921 1950 2207 2020 Photinus,
2241 1952 2453 2008 initium
2496 1952 2617 2009 Filii
2648 1970 2714 2011 ex
2758 1954 2979 2027 Virgine
3007 1956 3390 2029 disputemus:
3430 1976 3530 2016 nc—

1920 2059 2028 2116 que
2051 2055 2111 2099 ut
2137 2046 2322 2113 Arius,
2365 2046 2551 2117 plures
2574 2047 2850 2127 credendo
2879 2059 2935 2105 et
2960 2049 3259 2108 dissimiles
3287 2063 3531 2124 potesta-

1923 2145 2027 2204 tes,
2061 2135 2246 2208 plures
2279 2138 2412 2194 deos
2449 2138 2640 2209 gentili
2665 2155 2858 2197 errore
2903 2141 3194 2212 faciamus,
3224 2145 3348 2217 quia
3389 2148 3530 2202 scri-

1926 2239 2076 2303 ptum
2100 2241 2185 2286 est
2204 2250 2219 2287 :
2242 2232 2401 2299 Audi,
2428 2230 2619 2299 Israel,
2636 2232 2893 2290 Dominus
2910 2234 3052 2290 Deus
3067 2247 3210 2305 tuus,
3230 2237 3373 2294 Deus
3392 2256 3530 2295 unus

1918 2332 1994 2377 est
2023 2323 2204 2395 (Deut.
2236 2340 2322 2392 vi,
2348 2323 2431 2396 4).
2467 2364 2473 2370 .

1990 2420 2041 2474 7.
2088 2419 2233 2476 Deus
2272 2422 2418 2476 enim
2453 2429 2509 2477 et
2536 2422 2802 2480 Dominus
2828 2438 3025 2482 nomen
3076 2429 3523 2499 magniﬁcentim,

1917 2528 2115 2568 nomen
2142 2524 2227 2570 est
2261 2515 2569 2585 potestatis,
2616 2516 2759 2572 sicut
2811 2517 2926 2590 ipse
2972 2518 3102 2575 dicit
3141 2539 3155 2576 :
3192 2531 3214 2559 ο
3266 2520 3527 2580 Dominus

1914 2625 2099 2665 nomen
2128 2620 2202 2665 est
2229 2610 2379 2665 mihi.
2408 2610 2474 2667 Et
2496 2612 2637 2667 sicut
2665 2612 2794 2669 alibi
2832 2614 3108 2686 Pr0plteta
3136 2619 3333 2677 asserit
3359 2636 3374 2675 :
3406 2618 3525 2677 Do-

1923 2745 2166 2828 tapoleos
2190 2747 2413 2828 circiter
2441 2751 2780 2808 annum.257
2815 2768 3073 2825 spargere
3111 2758 3299 2828 coepit.
3349 2760 3524 2819 Doce-

1922 2818 2015 2900 bat
2042 2829 2223 2900 autem
2251 2821 2303 2875 in
2325 2821 2460 2900 _Deo
2492 2838 2652 2900 unam
2683 2818 2889 2881 tantum
2929 2818 3052 2900 esse
3084 2818 3394 2899 personam,
3425 2818 3522 2891 sed

1921 2890 2117 2969 tribus_
2137 2890 2372 2969 diversis
2416 2895 2729 2969 nominibus
2760 2911 2877 2969 eam
2922 2890 3127 2969 elTerri,
3172 2911 3231 2957 ut
3269 2890 3524 2962 auctores

1921 2961 2644 3043 suntEpiphaniusﬂmresi
2672 2966 2785 3033 62.,
2809 2967 3042 3043 Basilius
3070 2961 3234 3043 epist.
3264 2974 3365 3040 64,
3396 2961 3523 3031 Phi?-

1922 3031 2164 3101 lastrius,
2200 3034 2537 3103 Augustinus
2556 3078 2572 3102 ,
2606 3031 2907 3106 atquealii.
2936 3031 3195 3098 Photinus
3223 3059 3290 3101 ex
3312 3031 3523 3103 Galatia

1923 3106 2201 3186 provincia
2250 3118 2409 3186 natus
2461 3106 2808 3186 Sirmicensis
2855 3111 3030 3186 factus
3086 3124 3174 3170 est
3229 3118 3521 3186 episcOpus

209 3184 299 3231 tur
329 3174 521 3230 litteris
544 3166 662 3246 ret
690 3196 759 3246 ιη,
780 3166 1008 3246 quarum
1040 3174 1375 3246 posteriores
1402 3173 1524 3228 dum
1545 3171 1811 3246 suavissi-
1839 3166 1886 3230 C
1919 3166 2375 3246 quemadmodum
2401 3192 2430 3230 a
2462 3180 2690 3235 nobisin
2717 3181 2812 3235 lib.
2840 3198 2875 3237 v
2896 3166 3204 3240 Comment.
3231 3166 3518 3246 nimiis};

211 3247 288 3302 mi
318 3246 554 3302 nominis
578 3243 705 3301 Jesu
739 3244 978 3301 initiales
1007 3243 1154 3299 sunt.
1176 3245 1245 3300 Et
1288 3244 1415 3300 hinc
1436 3245 1812 3300 Ambrosianus

211 3317 497 3373 allusionis
520 3318 658 3373 ratio
681 3326 845 3387 patet.
871 3316 1022 3371 lllatn
1045 3330 1230 3371 autem
1256 3315 1361 3371 hoc
1387 3316 1506 3387 ipso
1529 3316 1671 3387 libro
1685 3330 1809 3385 cap.

214 3389 288 3444 18
316 3403 499 3459 rursus
525 3386 801 3459 propanit,
835 3405 941 3444 non
969 3402 1131 3444 secus
1160 3404 1223 3443 ac
1254 3387 1347 3443 lib.
1381 3386 1493 3442 ide
1512 3386 1808 3459 Abraham,

210 3475 337 3529 cap.
382 3458 438 3524 9,
456 3458 564 3527 jam
591 3470 959 3530 expresserat.
993 3460 1181 3529 Neque
1221 3472 1353 3515 vero
1377 3474 1441 3515 ea
1481 3458 1813 3530 propriaest

210 3543 404 3587 sancto
433 3529 689 3599 Prrsuli;
733 3532 983 3587 eamdem
1027 3532 1173 3586 enim
1216 3531 1378 3586 etiam
1419 3529 1641 3584 exhibet
1671 3529 1813 3584 lib.t

207 3603 280 3659 de
309 3602 517 3674 Spiritu
540 3602 626 3669 S.,
642 3618 763 3675 cap.
782 3620 820 3670 ι,
851 3603 1174 3659 Paschasius
1191 3602 1456 3675 diaconus
1472 3600 1814 3675 Geiasio_pa-

209 3690 294 3746 pa:
321 3671 668 3747 synchrontts
700 3671 725 3729 τ’
748 3678 889 3730 sicut
912 3684 968 3747 et
1001 3673 1321 3731 Prudentius
1348 3674 1406 3747 in_
1434 3673 1653 3747 Praefat.
1680 3671 1814 3744 Psy-

206 3745 426 3811 cum.
450 3747 546 3803 sed
577 3747 882 3803 obscurius.
917 3746 1009 3802 His
1045 3757 1224 3803 autem
1245 3745 1495 3801 omnibus
1530 3745 1814 3815 prteiverat

207 3816 387 3876 Clem.
417 3817 852 3889 Alexandrinus,
885 3820 973 3887 qui
1006 3818 1254 3873 eamdem
1303 3816 1810 3889 interpretationem

209 3890 369 3960 quasi
397 3892 470 3946 ab
498 3889 735 3960 antiquis
771 3888 1036 3961 theologis
1061 3900 1336 3961 acceptam
1380 3888 1685 3944 luculenter
1713 3903 1811 3942 ex-

212 3962 380 4035 plicat
400 3962 513 4035 lib.
552 3976 609 4035 vt
638 3959 976 4031 Stromaton;
1007 3980 1058 4033 p.
1089 3959 1216 4017 656'.
1271 3959 1433 4035 Unde
1465 3962 1810 4031 perspicuum

209 4032 297 4091 est
324 4033 525 4104 priscis
547 4033 657 4090 illis
686 4032 1015 4105 persuasum
1049 4036 1364 4105 neutiquam
1412 4032 1579 4105 fuisse
1609 4040 1813 4100 myste-

206 4106 292 4161 ria
322 4103 608 4177 religionis
637 4103 709 4162 ita
741 4107 932 4161 litteris
969 4105 1245 4161 Hebraicis
1273 4104 1441 4160 Deum
1473 4103 1687 4174 alligata
1718 4120 1813 4157 vo-

208 4177 402 4241 luisse,
437 4187 494 4232 ttt
522 4191 630 4232 non
679 4178 842 4233 etiam
886 4179 941 4234 in
992 4177 1196 4235 Grmcis
1253 4177 1641 4239 iudicarentur,
1675 4189 1811 4245 que-

207 4248 563 4304 madmodum
584 4248 796 4305 Domini
815 4265 1028 4305 crncetn
1048 4264 1143 4320 per
1156 4249 1484 4304 elementum
1503 4247 1752 4303 Grtectnn
1771 4259 1810 4301 Τ

206 4321 279 4376 ab
321 4320 615 4393 Ezechiele
662 4322 933 4393 designari
982 4322 1183 4377 asserit
1235 4320 1810 4376 Tertullianuslib.nt

206 4403 404 4448 contra
436 4391 930 4463 Marcionettt,'cap.
968 4393 1060 4449 '22.

281 4463 311 4503 δ
354 4463 487 4519 Mss.
516 4465 741 4535 aliquot,
773 4469 1058 4521 verecunda
1082 4465 1410 4519 excusatione
1434 4463 1735 4535 suscipiam.

1919 3262 2070 3328 rium.
2162 3258 2405 3328 notatum
2445 3249 2569 3328 fuit:
2598 3251 2646 3306 Is
2689 3265 2813 3307 cum
2842 3254 3144 3310 doctrinam
3171 3267 3228 3313 et
3256 3245 3522 3328 eloquen?

1919 3318 2051 3401 tiarn
2099 3318 2426 3389 singularem
2470 3321 2570 3376 sibi
2620 3335 3020 3401 comparasset,
3076 3342 3212 3401 nova
3265 3318 3518 3401 dog'mata

1920 3388 2472 3474 vulgare-aggressus
2517 3404 2618 3474 est.
2647 3388 2792 3474 anno
2846 3388 3068 3474 circiter
3105 3394 3231 3457 545.
3276 3388 3525 3474 Negabat

1920 3457 2099 3543 por—ro.
2120 3457 2393 3543 Christum
2422 3462 2586 3543 Maria
2619 3463 2859 3543 priorem
2888 3470 3184 3539 exstitisse,
3218 3487 3288 3529 ex
3326 3457 3521 3543 q‘itaqet

1917 3529 2156 3603 Jusepho
2185 3532 2358 3608 ipsum
2401 3529 2671 3608 conjugali
2712 3550 3029 3608 congressu,
3062 3551 3122 3596 ut
3151 3529 3357 3600 ﬂarius'
3380 3529 3519 3602 lter;

1917 3611 2072 3679 catur
2108 3603 2364 3679 prodidit,
2399 3603 2589 3679 naiuui
2615 3603 3043 3679 lilaSpltetnabat.
3091 3612 3245 3671 Unde
3270 3631 3393 3673 cum
3427 3620 3517 3676 hic

1916 3674 2058 3746 apud
2090 3675 2434 3746 Ambrosium
2470 3674 2750 3735 Photinus
2777 3680 3013 3739 refertur
3057 3684 3244 3743 dicere
3290 3689 3382 3744 Dei
3429 3674 3519 3746 Fi-

1917 3744 2058 3834 iinni
2079 3762 2144 3834 ra:
2175 3744 2390 3834 Virgine
2416 3758 2595 3834 ortum
2621 3752 2851 3818 cepisse,
2889 3763 2982 3834 ant
3005 3756 3270 3834 ea:__Mari_a
3304 3744 3520 3834 Virgine

1916 3817 2475 3894 apud_Epiphauium,
2520 3821 2574 3876 id
2607 3817 2706 3894 per
2733 3824 3022 3893 quamdam
3070 3827 3338 3886 licentiam
3369 3817 3517 3890 εἶιρῇ

1918 3888 2175 3973 piendum
2224 3900 2341 3957 est,
2391 3902 2447 3946 ut
2494 3888 2625 3948 cuni
2662 3888 2916 3973 Virgilius
2963 3898 3078 3953 Ecl.
3129 3900 3163 3955 6
3209 3888 3516 3973 Pasiphaen

1918 3963 2081 4015 trium
2109 3962 2399 4038 liberorum
2423 3974 2706 4038 parentem
2737 3962 2997 4036 virginem
3014 3984 3193 4038 vocat,
3226 3983 3319 4028 aut
3336 3962 3519 4031 verius

1917 4047 2014 4117 per
2036 4035 2492 4117 antonomasiam,
2517 4048 2583 4117 ui
2600 4037 2742 4117 soliti
2772 4035 3009 4117 numinis
3035 4035 3242 4117 honore
3267 4061 3374 4101 non
3408 4048 3520 4117 pri-

1918 4113 2096 4162 vetur.
2127 4107 2294 4163 Addit
2332 4115 2510 4161 autem
2543 4106 2877 4178 Epiphanius
2913 4111 3227 4179 Pltotinum,
3258 4130 3380 4172 cum
3409 4106 3513 4174 ἰιι--

1915 4186 2160 4255 geretur,
2184 4179 2661 4255 diceresolitutn:
2694 4179 2849 4255 Er_at_
2848 4182 2901 4255 in
2948 4180 3108 4241 Patre
3146 4185 3390 4255 Verbum,
3422 4193 3515 4245 sed

1915 4246 2146 4328 nondum
2174 4260 2306 4328 erat.
2330 4246 2769 4328 Filiusi.._._‘q_uod
2799 4250 2972 4309 Filius
2998 4272 3100 4311 non
3124 4246 3392 4328 existeret,
3425 4263 3517 4317 sed

1914 4322 1970 4394 id
2013 4321 2185 4394 ipsum
2226 4320 2423 4394 solunt,_
2439 4323 2523 4376 cui
2562 4320 2689 4377 Filii
2731 4341 2917 4380 nomen
2964 4339 3074 4381 erat
3113 4320 3395 4394 aliquando
3422 4336 3519 4387 tri-

1914 4392 2209 4466 buendum,
2242 4402 2349 4466 etc.
2391 4392 2598 4461 Quibus
2620 4394 2834 4466 quidem
2864 4396 3073 4453 videtur
3106 4392 3265 4456 Verbi
3296 4405 3516 4460 tetetui-

1915 4472 2080 4539 tatem
2106 4464 2552 4539 divinitatetnqne
2595 4464 2715 4539 non
2750 4483 2970 4539 negare.
3014 4469 3147 4527 lude
3173 4484 3252 4528 est
3276 4472 3513 4533 fortasse

287 4546 312 4575 ε
356 4533 884 4618 "magn-tonorum
909 4536 1015 4618 _P|'.
1039 4552 1324 4618 numerum
1352 4551 1541 4618 rursus
1569 4533 1689 4617 libri
1719 4533 1813 4618 bu-
1836 4556 1890 4618 D
1915 4536 2060 4618 quod
2091 4538 2426 4618 Augustinus
2456 4535 2669 4618 Hzeresi
2690 4537 2760 4618 μ
2800 4533 2923 4618 cum
2950 4540 3183 4618 dixisset
3222 4543 3519 4618 Photiuum

200 4607 299 4678 ius
335 4622 462 4676 cap.
493 4608 559 4663 18
587 4609 775 4671 scribit
806 4609 1144 4664 Ambrosius.
1179 4610 1231 4662 In
1276 4622 1385 4678 quo
1409 4608 1575 4663 etiam
1614 4606 1664 4662 ei
1686 4604 1810 4678 suf-

205 4676 501 4751 frngantur
527 4693 631 4734 non
669 4680 831 4735 modo
863 4680 1095 4735 Hilarius
1115 4676 1613 4751 contraAConstant.
1635 4718 1648 4742 ,
1684 4676 1813 4733 Hie-

205 4749 484 4823 ronymus
515 4751 567 4806 in
594 4751 852 4808 Chronic.
877 4794 892 4818 ,
923 4751 1152 4823 Ruﬁth
1188 4760 1244 4804 et
1272 4749 1403 4823 alii;
1446 4765 1641 4823 verum
1655 4759 1716 4823 et
1747 4752 1813 4804 A-

206 4821 515 4896 thanasius
542 4824 658 4894 ipse
688 4825 740 4879 in
771 4825 933 4896 epist.
963 4823 1029 4878 ad
1058 4822 1283 4896 rJovian.
1328 4821 1666 4896 Quarenihil
1698 4829 1817 4875 erat

202 4909 311 4950 cur
336 4892 586 4950 Valesius
609 4896 663 4951 in
693 4892 985 4953 Eusebium
1015 4895 1109 4951 lib.
1141 4892 1302 4949 mde
1335 4892 1452 4947 Vita
1491 4892 1811 4959 Constant.,

203 4982 336 5037 cap.
366 4964 427 5032 8,
453 4976 708 5040 constare
736 4977 955 5040 negaret
976 4976 1107 5040 quot
1133 4974 1317 5040 essent
1340 4964 1505 5040 iidem
1531 4963 1811 5040 episcopi;

203 5033 339 5094 cum
390 5039 571 5108 potius
607 5033 899 5095 Eusebiani
936 5033 1048 5107 luci
1094 5037 1311 5093 nonnisi
1351 5033 1460 5090 250
1488 5036 1814 5108 assignantis

202 5106 656 5180 corruptionem,
696 5111 765 5166 de
793 5127 897 5182 qua
921 5106 1031 5181 jatn
1063 5112 1235 5182 vulgo
1241 5109 1601 5182 conveniunt,
1636 5106 1813 5176 ipsum

200 5178 779 5272 ειιψξιξίξξξξιὶιξξςεω
812 5178 1192 5272 evenisset}.
1217 5180 1330 5272 ."35
1355 5178 1816 5272 sesesese“:

204 5251 540 5311 Eustathius
570 5254 787 5325 planum
819 5251 1045 5320 fat—ciunt,
1074 5254 1324 5309 eumdem
1355 5251 1573 5308 Eusebii
1610 5259 1817 5325 textum

204 5323 731 5395 allegantes;'alter
776 5328 922 5382 enim
951 5326 1131 5395 posuit
1162 5332 1436 5381 trecentos
1474 5332 1530 5378 et
1557 5323 1814 5395 amplius,

202 5394 355 5453 alter
379 5405 656 5452 trecentos
681 5398 764 5454 vel
795 5394 1035 5462 circiter,
1067 5397 1210 5467 quod
1243 5410 1581 5466 nequaquam
1617 5396 1685 5450 ad
1711 5394 1819 5467 εδει

210 5469 469 5540 Vulgata:
508 5467 755 5524 lectionis
787 5465 1132 5535 Eusebianaé,
1164 5469 1260 5524 sed
1298 5465 1577 5537 aptissime
1615 5467 1684 5522 ad
1709 5465 1817 5522 518

203 5540 414 5598 referri
446 5548 628 5611 potest
655 5542 782 5598 :ubi
815 5549 992 5595 tamen
1026 5555 1226 5610 paucos
1245 5540 1499 5606 Arianos,
1526 5540 1617 5610 qni
1655 5553 1820 5611 syno-

202 5614 287 5670 do
317 5612 644 5678 interfuere,
678 5627 783 5667 non
819 5611 1352 5681 comprehendimus.

287 5681 316 5722 ά
358 5682 767 5752 Ριιιιιοίιιιιςιι-ιιιιι
794 5684 1063 5739 haeresum
1081 5684 1135 5737 in
1157 5682 1479 5738 Trinitatem
1500 5681 1822 5754 divitiasque

208 5768 496 5826 personas
520 5767 768 5812 auctores
809 5765 1077 5811 memorat
1121 5753 1817 5826 Atnbrnsius,8abelliu’m,

207 5824 524 5904 Pltoiip'ttuy
551 5835 709 5904 atque
751 5829 959 5885 Arium.
994 5826 1233 5904 Primus,
1285 5824 1817 5904 Euseb‘iottesteJib.

214 5885 319 5952 'vtt.
346 5885 582 5965 lliiie'rt,
617 5885 733 5967 sap.
759 5912 841 5963 vt,
880 5885 1512 5967 errores_Ptuimttaideitt
1534 5892 1669 5948 urbe
1690 5894 1823 5951 Pen.

1920 4607 2088 4687 Paulo
2113 4608 2327 4687 Samos.
2350 4623 2404 4687 .
2448 4623 2556 4678 quo
2587 4608 2805 4687 initium
2837 4613 3055 4687 Christo
3083 4629 3152 4671 ex
3184 4615 3393 4687 virgine
3422 4620 3518 4675 tri-

1918 4679 2206 4745 buebatur,
2244 4678 2436 4733 similia
2474 4679 2782 4747 credidisse,
2812 4685 3070 4741 continuo
3099 4687 3247 4743 addit
3269 4678 3519 4747 E‘Secun-

1919 4750 2041 4804 dum
2067 4751 2263 4821 aliquid
2290 4762 2459 4805 tamen
2480 4750 2780 4807 adversatus
2805 4755 2852 4808 ei
2871 4756 3084 4812 dicitur.
3124 4759 3193 4814 Et
3223 4762 3325 4815 hac
3350 4763 3520 4819 ratio-

1921 4837 1989 4903 ne
2007 4821 2264 4903 Camer-ii
2299 4822 2611 4903 conjectura
2644 4828 2958 4903 contirmari
2988 4844 3096 4903 non
3125 4831 3266 4888 male
3295 4845 3515 4903 posset,

1920 4893 2021 4948 nisi
2049 4895 2375 4949 asseruisset
2426 4894 2714 4950 l'ltotinnm
2742 4896 2987 4960 ὁμουσίου
3018 4899 3178 4957 ﬁdem
3202 4893 3520 4960 constanter

1919 4964 2179 5020 tenuisse.
2212 4965 2302 5021 Sic
2343 4963 2505 5040 etiam
2554 4965 2658 5021 loci
2707 4963 2810 5040 PP.
2843 4972 2933 5040 qui
2982 4972 3211 5028 invicem
3256 4977 3518 5031 contrarii

1918 5047 2202 5116 apparent,
2229 5036 2958 5116 cnnciliabuntur._Natnque
2983 5044 3072 5099 ubi
3102 5044 3331 5101 traditur
3350 5061 3519 5116 nega-

1921 5115 2031 5162 tum
2065 5108 2135 5163 ab
2160 5124 2227 5163 eo
2258 5107 2495 5163 Verbum
2526 5107 2988 5170 eottsuhstattiiale
3015 5130 3158 5179 esse,
3200 5116 3300 5171 hoc
3328 5116 3396 5173 ad
3419 5107 3518 5172 ve-

1921 5196 2034 5252 ram
2067 5180 2238 5252 ipsius
2258 5180 2571 5247 Opinionem
2602 5184 2704 5236 crit
2743 5181 3121 5252 referendum;
3152 5186 3244 5243 ubi
3283 5202 3411 5243 vero
3434 5187 3515 5243 ei-

1919 5249 2041 5307 dem
2074 5249 2294 5328 attribui
2340 5252 2647 5328 oppositum
2697 5254 2930 5320 videtur,
2985 5249 3116 5313 illud
3166 5257 3391 5328 intelligi
3443 5257 3517 5315 de

1920 5324 2158 5400 secunda
2196 5322 2551 5400 responsione
2580 5328 2647 5378 ad
2677 5338 2837 5400 quam
2867 5335 3107 5400 coactus
3145 5322 3515 5400 confugiebat,

1921 5396 2139 5464 poterit.
2191 5393 2510 5464 Consulesis
2553 5393 2805 5451 eumdem
2854 5396 3179 5455 Carnerium
3224 5393 3452 5456 Dissert.
3493 5393 3521 5459 ἰ

1919 5463 1988 5522 de
2020 5467 2229 5522 Haeres.
2251 5478 2307 5523 et
2337 5465 2431 5520 lib.
2459 5463 2730 5521 Nestorii:
2761 5475 2835 5534 et,
2869 5479 2925 5523 ut
2952 5484 3248 5537 cognoscas
3276 5487 3396 5537 quae
3427 5486 3521 5527 ra-

1922 5540 2096 5595 tiones
2115 5548 2301 5594 contra
2324 5552 2449 5609 eum
2480 5537 2702 5609 faciunt,
2733 5538 3122 5594 Alexandrum.
3152 5537 3308 5609 Quod
3334 5553 3521 5600 autem

1921 5610 2290 5684 superioribus
2327 5608 2540 5684 duobus
2586 5608 3093 5684 hasreticisﬁrium
3145 5608 3342 5684 jungit.
3393 5628 3523 5672 cum

1924 5677 2037 5738 tot'o
2082 5681 2188 5737 huc
2228 5695 2395 5757 opere
2443 5677 2791 5757 impugnetur
2842 5680 2962 5750 ejus
3001 5677 3272 5752 limosis;
3291 5684 3361 5742 de
3399 5686 3523 5757 ipso

1923 5765 2104 5810 actum
2127 5766 2214 5808 est
2241 5749 2291 5807 in
2324 5749 2670 5806 Przefatione.

1999 5834 2021 5862 ρ
2048 5824 2282 5897 βρίθει
2327 5820 2574 5897 sequenti
2620 5817 3140 5897 §cripturte_t_extui
3186 5835 3305 5897 post
3332 5840 3525 5889 vocem

1930 5886 2182 5949 Dentium
2209 5886 2365 5947 Rom.
2399 5885 2527 5944 editi
2572 5885 2867 5957 adiecerat,
2905 5885 3065 5957 om,
3096 5885 3220 5967 «ιιιιῆ
3251 5901 3306 5957 in
3327 5898 3448 5955 aliis
3482 5885 3515 5952 at
