4042 6294
282 333 392 391 555

1602 410 1605 417 ἢ
1651 288 1741 384 ns
1778 290 1941 417 hoc
1973 288 2103 382 Lua.
2144 325 2185 382 ι.

3478 304 3583 383 εει

282 454 442 513 tricis
474 453 694 509 virtutis
727 452 922 509 indicia
945 468 959 518 ;
985 460 1076 519 est
1098 451 1246 508 enim
1269 449 1556 522 plenitudo
1581 448 1885 507 divinitatis
1993 420 2173 501 tamen
2207 462 2316 502 non
2365 422 2475 502 duo
2507 416 2609 527 Dii,
2636 418 2730 527 scd
2758 420 3085 535 unus'De‘us'
3098 410 3592 537 ﬁlioli—ique

285 546 340 601 in
364 545 549 610 Patre.
567 554 649 601 est
666 546 945 616 plenitudo
965 543 1265 601 divinitatis
1282 542 1336 599 in
1361 542 1523 609 Filio,
1542 540 1851 619 nondiscre
1865 573 1880 583 -

285 652 447 708 pans,
485 637 583 693 sed
613 652 715 692 una
752 637 1022 693 divinitas.
1052 635 1161 693 Nec
1188 636 1497 711 confusum,
1530 635 1678 707 quod
1714 650 1883 690 unum

282 740 369 788 est
400 748 413 785 :
460 746 563 787 nec
596 730 906 803 multiplex,
939 729 1083 800 quod
1113 728 1451 785 indilierens.

355 828 447 883 18.
482 800 774 891 Ειθιιὶιηβῖ
805 826 1045 881 omnium
1070 814 1431 891 credentium,
1455 800 1595 880 sicui
1621 820 1881 895 scriptui'n'

281 932 364 979 est
415 921 554 993 (Act.
600 902 677 989 ii,
718 921 834 992 52),
867 928 988 976 erat
1031 919 1209 975 anima
1240 936 1341 975 una
1376 928 1430 974 et
1459 934 1567 997 cor
1590 934 1757 993 unum
1791 937 1804 973 :
1836 918 1882 973 si

281 1016 462 1081 omnis
502 998 596 1093 qui
646 1012 1204 1095 adhaerenDomino,
1236 1018 1373 1073 unus
1418 994 1643 1084 spiritus
1681 1002 1795 1079 est,
1825 1020 1884 1067 ut

282 1109 585 1176 Apostolus
627 1106 764 1163 disit
807 1106 853 1178 (Ι
903 1105 1023 1161 Cor.
1070 1122 1144 1176 γι,
1188 1106 1323 1179 9.7):
1371 1105 1417 1162 si
1461 1105 1546 1162 vir
1579 1115 1635 1161 et
1660 1098 1800 1191 uxor
1827 1106 1881 1160 in

281 1218 447 1261 carne
479 1219 581 1258 una
614 1209 780 1258 sunt:
814 1202 861 1258 si
881 1216 1072 1257 omnes
1100 1201 1372 1268 homines,
1399 1210 1662 1272 quantum
1687 1188 1754 1255 ad
1781 1188 1880 1255 na-

284 1294 463 1352 turaiu
510 1295 768 1365 perlimat,
802 1296 964 1352 unius
990 1294 1311 1351 substantiae
1339 1304 1529 1349 sumus
1559 1312 1571 1347 :
1605 1292 1651 1349 si
1680 1293 1783 1349 hoc
1814 1294 1883 1350 de

281 1390 539 1447 humanis
561 1390 839 1461 Scriptura
867 1388 1024 1457 dicit,
1048 1389 1174 1460 quia
1196 1387 1354 1443 multi
1379 1398 1544 1444 unum
1567 1397 1718 1454 sunt,
1741 1402 1879 1458 quo-

279 1498 401 1540 rum
425 1482 572 1539 naua
596 1472 776 1553 poteSt
798 1490 922 1538 esse
942 1486 1064 1538 cum
1080 1481 1279 1537 divinis
1293 1482 1661 1552 comparatio;
1678 1478 1880 1551 quanto

278 1570 453 1641 magis
503 1569 664 1625 Pater
689 1580 746 1624 et
772 1567 943 1623 Filius
972 1567 1258 1624 divinitate
1287 1576 1455 1623 unum
1477 1575 1624 1635 sunt,
1659 1568 1749 1622 tibi
1779 1572 1880 1623 nec

278 1664 599 1720 substantia
628 1674 729 1719 nec
755 1663 1048 1719 voluntatis
1073 1662 1180 1718 ulla
1211 1671 1295 1717 cst
1321 1660 1665 1718 differentia?

352 1757 440 1814 i9.
466 1757 712 1828 Namque
738 1756 897 1812 aliter
917 1756 1194 1827 quomodo
1216 1771 1382 1811 unum
1406 1756 1577 1812 Deum
1598 1756 1877 1812 dicemus?

1987 541 2151 612 igitur
2193 540 2370 623 unitas
2386 516 2737 623 operationis
2774 516 3025 633 servuli):
3060 516 3117 617 Et
3448 516 3584 633 Νὲἱίέ

1987 556 2151 612 igitur
2193 556 2737 623 unitas‘operauoms
2774 556 2953 625 servat
2996 556 3025 633 ε
3060 556 3117 617 et
3152 556 3408 631 iiomtuis.
3448 556 3584 594 nam

1987 632 2174 705 utique
2218 650 2342 690 cum
2387 620 2637 705 legimus,
2670 633 2814 690 Deus
2853 650 2924 690 ex
2959 556 3106 701 |Leo,
3151 614 3258 691 non
3285 616 3422 691 duos
3450 606 3586 690 deo;

1985 728 2238 784 dicimus.
2504 786 2511 811 τ
2580 790 2623 815 ο,
3004 796 3065 809 ,.
3125 802 3129 807 .

2057 820 2150 876 24.
2169 821 2411 905 Denique
2428 820 2595 905 habes
2616 823 2669 875 in
2698 819 2917 903 Psalmo
2929 820 3348 903 quadragesimo
3364 829 3582 905 quarto,

1985 906 2131 985 quod
2160 926 2215 970 et
2247 904 2413 969 Deum
2442 902 2655 1001 Patrem
2688 923 2713 951 ει
2740 902 2874 997 αἰιῴ
2896 914 3275 999 l’i-oplieta,,,et
3303 916 3469 970 Deum
3495 902 3583 970 Fi-

1986 1007 2121 1062 lium
2153 1007 2487 1074 declaravit,
2532 1006 2770 1085 dicens;
2816 1008 2980 1064 Sedes
3021 1018 3139 1087 tua,
3176 1008 3357 1089 ρειαί,
3399 1010 3451 1063 in
3487 1024 3584 1067 sw—

1984 1102 2157 1155 culum
2188 1100 2400 1168 saeculi;
2429 1110 2484 1157 et
2515 1100 2654 1157 infra
2687 1120 2698 1155 :
2737 1090 2899 1158 Unxit
2929 1111 2976 1157 te
3003 1102 3143 1158 Deus
3163 1101 3304 1187 Deus
3325 1114 3444 1185 tuus
3471 1089 3582 1157 oleo

1986 1193 2180 1247 lwtitice
2210 1209 2317 1263 prie
2352 1190 2675 1249 consortibus
2716 1195 2817 1248 tuis
2855 1193 3007 1266 (Psal
3037 1212 3185 1264 κων,
3221 1196 3275 1262 7,
3324 1196 3404 1267 8).
3440 1194 3585 1265 Deus

1984 1294 2068 1341 est
2095 1287 2187 1357 qui
2207 1289 2389 1358 ungit,
2415 1298 2469 1344 et
2497 1287 2643 1344 Deus
2668 1288 2760 1359 qui
2790 1288 3088 1361 secundum
3116 1303 3334 1344 carnem
3365 1266 3583 1359 ungitur

1985 1377 2078 1433 Dei
2123 1377 2313 1465 Filius.
2354 1379 2597 1465 Denique
2631 1380 3263 1469 quoshabet‘uuctionis
3289 1396 3401 1437 suae
3424 1380 3583 1436 Citri-

1983 1481 2101 1527 stus
2122 1468 2236 1551 .nisi
2283 1473 2336 1528 in
2369 1490 2535 1529 cat-ne
2568 1468 2889 1529 consortes?
2920 1474 3081 1551 Vides
3104 1474 3267 1544 igitur
3296 1475 3420 1546 quia
3444 1474 3585 1529 Deus

1982 1580 2013 1621 a
2057 1565 2167 1622 Deo
2215 1575 2452 1622 unctus:
2501 1565 2607 1641 sed)
2637 1566 2691 1621 in
2728 1548 3100 1641 assumptione
3152 1577 3358 1621 natura:
3390 1552 3583 1622 uuctus

1983 1582 2013 1621 a
2058 1582 2167 1622 ueo
2215 1582 2452 1622 unetus:
2501 1582 2607 1641 seu)
2637 1582 2691 1621 in
2728 1582 3064 1637 assumption
3152 1582 3358 1621 natura:
3390 1582 3582 1622 uucms

1983 1661 2229 1717 humana:
2254 1660 2351 1717 Dei
2385 1660 2425 1716 F
2432 1646 2556 1716 ilius
2579 1644 2914 1733 designatur,
2945 1676 3045 1717 nec
3071 1582 3235 1733 iegis
3265 1648 3436 1715 forma
3463 1660 3582 1715 vio-

1980 1753 2142 1810 latur.

279 1852 581 1909 Diversitas
610 1808 790 1923 plures
824 1808 976 1937 facil,
1012 1852 1192 1908 unitas
1215 1852 1504 1922 potestatis
1524 1851 1882 1908 excluditnu—
1910 1862 1958 1922 Β
2055 1850 2145 1903 25.
2180 1849 2245 1905 Et
2294 1848 2381 1905 hic
2430 1865 2560 1921 ergo
2600 1842 2725 1905 cuni
2757 1834 2957 1905 dicitur
2990 1864 3004 1903 :
3048 1808 3196 1902 Dluit
3247 1816 3507 1940 Dominus
3548 1862 3580 1900 a

277 1947 416 2002 meri
443 1947 835 2017 quantitatem;
859 1932 985 2017 quia
1017 1945 1199 2001 unitas
1231 1956 1492 2001 numerus
1518 1952 1624 2000 non
1654 1954 1757 2013 est,
1782 1945 1879 2002 sed

276 2040 397 2096 haec
422 2039 665 2096 omnium
699 2040 813 2110 ipes
840 2038 1169 2111 principium
1198 2047 1305 2095 est.

890 2130 1121 2189 CAPUT
1159 2131 1248 2188 Ill.

276 2227 458 2283 Patris
487 2244 547 2282 ac
584 2225 715 2281 Filii
741 2227 989 2282 unitatem
1021 2225 1312 2298 Scriptum
1338 2224 1642 2279 testimoniis
1673 2226 1876 2294 probat;

347 2329 397 2376 et
427 2322 593 2394 primo
615 2318 790 2375 Esaiae
818 2319 983 2374 locum
1007 2320 1229 2373 aliorum
1258 2319 1641 2390 comparatione
1659 2318 1733 2373 ita
1756 2314 1880 2372 illu-

346 2424 511 2482 strat,
550 2406 607 2469 ut
636 2415 833 2469 nullam
858 2428 891 2467 a
922 2412 1103 2468 Patris
1136 2406 1321 2468 natura
1347 2412 1399 2467 in
1421 2410 1565 2467 Filio
1584 2414 1749 2467 inesse
1772 2412 1879 2484 dif-

345 2509 620 2580 ferentiam
669 2512 868 2562 curm
892 2549 907 2574 ,
958 2506 1058 2562 nisi
1104 2512 1351 2578 quantum
1394 2506 1464 2559 ad
1513 2520 1758 2571 carnem,
1815 2521 1876 2559 ac

345 2600 565 2672 proinde
592 2617 750 2655 unam
775 2601 1044 2670 utriusque
1065 2598 1304 2654 deitatem
1325 2610 1452 2653 esse.
1479 2596 1632 2666 Quod
1663 2595 1746 2651 ubi
1780 2611 1877 2650 au-

344 2696 583 2750 ctoritate
623 2693 833 2748 Barttclt
875 2688 1233 2763 conﬁrmatum
1273 2700 1378 2759 est,
1407 2690 1565 2760 ﬁdem
1612 2687 1876 2761 prophetis

343 2789 445 2844 Itae
469 2790 523 2843 in
543 2800 601 2843 re
625 2774 915 2843 [iubendam
940 2786 1121 2841 tradit.

341 2881 437 2938 20.
466 2880 734 2950 Quantam
765 2892 903 2935 vero
936 2877 1217 2949 Scriptura
1249 2876 1432 2940 divina
1472 2874 1648 2930 Patris
1672 2883 1722 2928 et
1750 2871 1873 2928 Filii

268 2974 576 3033 secundum
608 2973 949 3029 divinitatem
973 2976 1307 3042 expresserit
1328 2970 1610 3035 unitatem,
1637 2966 1872 3038 prophe-

271 3071 380 3125 tica
425 3073 698 3124 testantur
740 3065 983 3121 Oracula.
1033 3062 1123 3119 Sic
1147 3062 1291 3118 enim
1322 3061 1452 3116 dicit
1498 3059 1757 3115 Dominus
1787 3070 1874 3112 sa-

270 3159 471 3216 lsauth:
502 3157 777 3213 Ldboravit
801 3153 967 3229 ω
996 3152 1284 3227 dignitas,
1304 3162 1353 3209 et
1373 3160 1627 3207 mercatus
1654 3149 1871 3205 IEthio-

1984 1941 2247 2010 Domino,
2291 1944 2554 2000 unitatem
2602 1942 2906 1999 divinitatis
2952 1955 3204 2014 agnosce.
3236 1922 3582 2012 dperationis

1982 2038 2126 2090 eiiim
2176 2035 2352 2091 unitas
2395 2051 2501 2091 non
2541 2034 2671 2091 facit
2716 2036 2983 2107 pluralem
3035 2028 3408 2099 divinitatem,
3438 2031 3582 2089 sicut

1982 2131 2099 2201 ipse
2141 2129 2405 2185 Dominus
2448 2124 2708 2192 ostendit,
2757 2129 2942 2185 dicens
2976 2144 2990 2187 :
3022 2127 3228 2183 Credite
3256 2127 3419 2194 mihi,
3460 2127 3581 2199 quia

1981 2238 2073 2295 ego
2092 2223 2147 2276 in
2170 2221 2349 2289 Patre,
2370 2230 2415 2275 et
2438 2218 2597 2276 Pai’er
2615 2222 2671 2275 in
2694 2236 2773 2275 me
2800 2237 2819 2276 :
2844 2214 3073 2291 alioguitt
3091 2220 3401 2293 uelpropter
3423 2234 3583 2290 opera

1981 2318 2095 2390 ipsa
2145 2312 2337 2373 credite
2371 2314 2572 2389 (Joan;
2606 2331 2661 2381 χ,
2695 2315 2810 2387 38).
2843 2308 2910 2370 Et
2941 2314 3029 2370 hic
3058 2314 3396 2369 advertimus
3438 2306 3585 2384 quod

1983 2406 2246 2465 unitatem
2285 2402 2590 2464 divinitatis
2625 2418 2722 2479 per
2757 2402 3024 2463 unitatem
3058 2402 3290 2477 operum
3320 2405 3580 2477 designa-

1978 2501 2138 2557 verit.

2049 2594 2142 2649 26.
2178 2593 2248 2650 Ut
2276 2602 2458 2650 autem
2484 2607 2593 2648 una
2623 2591 2802 2649 delius
2829 2602 2884 2647 et
2907 2592 3088 2648 Patris
3118 2598 3173 2647 et
3200 2590 3348 2657 Filii,
3380 2586 3438 2646 et
3468 2590 3575 2645 una

1979 2686 2283 2742 dominatio
2316 2686 2677 2757 probaretur;
2722 2700 2791 2742 ne
2825 2685 3047 2757 gentilis
3075 2686 3169 2740 aut
3207 2684 3448 2741 Jud‘dlca'
3478 2678 3581 2738 ῑιήο

1978 2781 2201 2852 pietatis
2250 2780 2665 2837 iucurreremus
2703 2788 2976 2848 errarem,
3016 2778 3311 2850 providens
3343 2774 3582 2849 Apdtto-

1977 2876 2099 2942 ius,
2147 2876 2276 2947 quid
2326 2875 2483 2947 sequi
2530 2876 2862 2931 deberemus
2893 2871 3393 2930 ostenditdicens:
3432 2869 3581 2926 Unus

1976 2970 2120 3027 Deus
2174 2971 2352 3038 Pater,
2394 2986 2458 3026 ea:
2496 2984 2597 3043 quo
2634 2972 2829 3038 omnia,
2868 2974 2914 3024 el
2943 2984 3033 3024 nos
3063 2970 3116 3023 in
3152 2962 3263 3040 ipso
3298 2982 3317 3022 :
3362 2964 3409 3023 et
3440 2962 3575 3022 unus

1978 3062 2235 3118 Dominus
2260 3061 2418 3117 Iesus
2446 3062 2700 3129 Christus,
2737 3076 2827 3132 per
2858 3074 3007 3131 quem
3047 3062 3251 3127 ottinia,
3292 3070 3337 3114 et
3363 3076 3455 3121 nos
3483 3068 3576 3129 per

1977 3157 2145 3226 ipsum
2163 3154 2206 3229 (l
2235 3150 2355 3211 Cor.
2377 3171 2489 3222 vui,
2515 3155 2594 3228 6).
2613 3150 2769 3211 Sient
2794 3152 2937 3211 enim
2958 3162 3120 3209 unum
3142 3153 3377 3209 dicendo
3395 3144 3579 3207 Domi-

224 3306 229 3309 ,
271 3269 398 3324 pum
444 3261 493 3307 et
539 3251 749 3307 Sebaim
779 3266 798 3304 :
846 3250 942 3304 viri
971 3248 1159 3304 excelsi
1198 3247 1268 3301 ad
1293 3254 1338 3300 te
1365 3243 1688 3309 transibunt,
1721 3252 1769 3297 et
1797 3243 1871 3298 tui
1900 3263 1938 3323 ρ
1980 3266 2107 3305 ιιυιη
2136 3249 2322 3305 Jesum
2354 3250 2654 3317 Clu-istum,
2689 3248 2907 3303 Patrem
2944 3246 3229 3303 hominum
3262 3252 3368 3301 non
3402 3247 3573 3317 ηομ-

274 3355 427 3400 erunt
464 3344 623 3410 serui,
669 3344 717 3398 et
757 3353 874 3416 post
922 3354 971 3398 te
1006 3350 1281 3413 sequentur
1318 3340 1520 3412 alligati
1553 3339 1791 3403 vinculis,
1822 3346 1872 3392 et

274 3436 567 3492 adorabunt
615 3447 664 3491 te
687 3479 702 3504 ,
754 3444 803 3491 et
842 3439 898 3490 in
928 3445 976 3491 te
1001 3434 1410 3506 deprecabuntur
1428 3449 1447 3497 ;
1468 3431 1712 3502 quoniam
1738 3431 1793 3486 in
1823 3439 1872 3486 te

271 3541 351 3586 est
383 3530 544 3598 Deus,
569 3542 615 3585 et
650 3536 752 3586 non
782 3540 854 3585 est
886 3527 1026 3584 Deus
1057 3536 1242 3600 praeter
1271 3535 1337 3582 te.
1369 3524 1451 3581 Tu
1471 3526 1603 3581 enim
1632 3541 1685 3579 es
1707 3522 1868 3590 Deus,

268 3638 319 3682 et
344 3626 716 3693 nesciebamus,
742 3624 882 3681 Deus
911 3623 1078 3679 Israel
1102 3622 1256 3696 (Esa.
1285 3638 1408 3688 XLV,
1427 3620 1544 3693 H).

343 3720 437 3775 21.
481 3720 623 3777 Audi
664 3720 1034 3791 propheticum
1083 3730 1270 3774 vocem
1307 3736 1320 3773 :
1372 3716 1439 3773 In
1466 3727 1533 3784 te,
1568 3718 1765 3788 inquit,
1797 3727 1870 3772 est

269 3816 443 3883 Deus,
474 3826 637 3873 etnon
662 3828 735 3873 est
764 3815 903 3873 Deus
931 3828 1116 3889 prieter
1135 3825 1202 3871 te.
1232 3816 1519 3885 Quomodo
1552 3819 1655 3871 hoc
1678 3830 1872 3871 secun-

267 3912 406 3968 dum
447 3912 681 3969 Arianos
707 3912 999 3967 convenit?
1029 3911 1264 3967 Necesse
1301 3922 1384 3967 est
1411 3914 1614 3983 negent
1652 3918 1744 3965 aut
1773 3910 1873 3966 Pa-

270 4007 376 4062 tris
415 4011 511 4062 aut
554 4006 675 4063 Filii
720 4007 1080 4074 divinitatem,
1124 4005 1229 4063 nisi
1281 4005 1526 4077 ejusdem
1570 4004 1871 4060 divinitatis

268 4099 614 4156 crediderint
642 4101 928 4157 unitatem.

344 4193 443 4248 22.
470 4192 621 4261 Inte,
651 4194 844 4264 inquit,
871 4204 944 4249 est
965 4192 1142 4259 Deus;
1165 4193 1423 4266 quoniam
1448 4192 1501 4248 in
1529 4192 1670 4250 Filio
1688 4192 1867 4250 Pater.

269 4286 556 4357 Scriptum
598 4295 681 4342 est
710 4285 856 4342 enim
890 4303 904 4341 :
937 4284 1099 4341 Pater
1130 4287 1220 4355 qui
1247 4287 1300 4341 in
1331 4302 1411 4340 me
1438 4296 1628 4351 manet,
1655 4286 1765 4356 ipse
1795 4286 1873 4340 lo-

269 4381 489 4453 quitur;
528 4389 582 4435 et
631 4398 644 4434 :
683 4379 855 4450 Opera
884 4396 999 4449 quia
1021 4397 1112 4453 ego
1139 4381 1293 4452 facio,
1323 4390 1367 4434 et
1398 4381 1509 4444 ipse
1538 4381 1663 4452 facit
1687 4379 1869 4448 (Joan.

272 4491 334 4543 ν,
357 4475 441 4543 5).
470 4474 574 4530 Sed
603 4485 659 4531 et
680 4475 809 4530 alibi
843 4477 894 4530 iu
929 4476 1088 4531 i’alre
1115 4474 1287 4531 Filius
1313 4484 1416 4542 est,
1444 4476 1532 4547 qui
1565 4477 1692 4531 dicit
1718 4494 1731 4531 :
1763 4475 1874 4550 Ego

274 4572 335 4624 in
358 4567 541 4634 Patre,
560 4576 611 4623 et
632 4562 790 4624 Pater
807 4560 857 4623 iii
881 4584 960 4623 me
976 4572 1047 4651 est
1071 4567 1253 4641 (Joau.
1278 4583 1386 4635 xxv,
1409 4568 1519 4641 10).
1542 4568 1869 4635 Dissolvant,

1981 3342 2090 3407 vit;
2137 3342 2208 3396 ita
2232 3354 2397 3396 unum
2428 3341 2662 3396 dicendo
2695 3341 2864 3395 Deum
2888 3338 3128 3408 Pati-ctu,
3161 3336 3315 3409 iit-que
3338 3355 3367 3394 a
3397 3338 3575 3395 deita-

1974 3435 2040 3489 tis
2070 3434 2300 3489 veritate
2331 3448 2432 3490 nec
2461 3433 2660 3489 Filium
2688 3432 2984 3503 separavit.
3019 3431 3179 3488 Unde
3218 3430 3320 3488 iiec
3348 3431 3573 3503 plurali-

1978 3535 2140 3584 tatem
2186 3527 2510 3593 divinitatis,
2541 3517 2636 3584 sed
2681 3528 2947 3583 unitatem
2973 3525 3264 3597 putesta'tis
3290 3525 3572 3595 Ostendit;

1974 3625 2099 3697 quia
2131 3625 2267 3681 etin
2295 3620 2666 3682 duntinatione
2696 3623 2975 3691 divinitas,
3001 3624 3058 3679 ἐι
3080 3624 3132 3679 in
3159 3616 3449 3679 divinitate
3478 3606 3577 3678 do;

1974 3718 2210 3774 minatus
2261 3729 2383 3785 est;
2434 3719 2575 3775 sicut
2618 3720 2881 3790 scriptum
2923 3727 3007 3774 est
3040 3724 3055 3772 :'
3087 3715 3284 3774 Scitote
3324 3716 3571 3789 quoniam

1975 3810 2141 3887 m
2174 3814 2425 3870 Dominus
2459 3815 2569 3885 ipse
2604 3825 2677 3870 est
2704 3813 2884 3882 Deus;
2914 3816 3024 3886 ipse
3062 3810 3183 3885 fecit
3223 3828 3349 3881 nos,
3390 3823 3436 3867 et
3472 3812 3573 3865 non

1974 3912 2074 3980 ipsi
2096 3927 2189 3965 nos
2219 3909 2391 3982 (Psal.
2419 3922 2565 3976 XCIX,
2590 3909 2669 3980 ὃ).

2045 4002 2138 4057 27.
2171 4000 2240 4057 In
2282 4011 2329 4057 te
2370 4001 2537 4074 igitur
2578 4012 2652 4056 est
2681 4000 2821 4058 Deus
2843 4043 2857 4067 ,
2890 3996 2988 4072 per
3014 3994 3279 4056 unitatem
3310 3996 3519 4054 naturai
3554 4016 3569 4053 :

1976 4106 2026 4152 et
2054 4113 2157 4151 non
2184 4107 2257 4151 est
2296 4095 2435 4151 Deus
2463 4106 2648 4167 prceter
2674 4103 2744 4162 te,
2778 4092 2873 4165 p'er
2904 4080 3296 4166 propiietatcm
3322 4086 3573 4147 substan-

1978 4195 2089 4259 tim,
2118 4192 2334 4263 repulsa
2358 4188 2688 4248 differentia.

2051 4287 2143 4344 28.
2183 4288 2240 4343 1η
2286 4276 2573 4343 Hieremias
2610 4290 2830 4357 quodue
2872 4286 3016 4340 libro
3044 4284 3210 4339 unum
3246 4280 3411 4339 Deum
3439 4282 3581 4340 Scri-

1977 4386 2133 4452 ptura
2164 4368 2320 4447 dicit,
2347 4392 2401 4437 et
2424 4391 2607 4436 tamen
2634 4390 2686 4437 et
2711 4378 2930 4435 Patrem
2960 4389 3015 4434 et
3043 4360 3240 4434 Filium
3265 4370 3581 4433 confitetur.

1976 4476 2162 4548 Itaque
2206 4477 2287 4532 sic
2327 4475 2535 4532 habes:
2574 4474 2675 4529 Hie
2715 4473 2856 4529 Deus
2893 4483 3088 4540 noster,
3113 4482 3159 4526 et
3185 4489 3289 4527 non
3313 4471 3579 4548 reputabi-

1980 4581 2061 4624 tur
2103 4569 2236 4623 alius
2280 4568 2347 4623 ad
2387 4585 2521 4623 eum.
2566 4552 2670 4622 Hic
2704 4565 2969 4621 adinvenit
3007 4579 3213 4649 omnem
3245 4554 3383 4617 υἱωιί
3424 4540 3573 4619 disci-

275 4661 329 4718 si
351 4672 600 4734 possunt,
634 4660 773 4718 hanc
798 4646 1004 4718 natura:
1034 4636 1443 4733 proprietatem,
1471 4636 1526 4717 et
1552 4662 1733 4731 operis
1753 4662 1872 4717 uui-
1898 4662 1949 4723 D
1977 4666 2154 4739 plinw,
2181 4675 2224 4720 et
2254 4664 2393 4720 dedit
2422 4680 2535 4719 eam
2561 4663 2723 4719 Iacob
2756 4679 2915 4733 puero
2942 4678 3064 4728 suo,
3105 4636 3155 4717 el
3184 4640 3353 4725 Israel
3393 4661 3579 4716 dilecto

281 4765 475 4812 tatem;

350 4853 446 4908 25.
475 4852 621 4907 Deus
644 4852 806 4923 igitur
834 4852 887 4906 in
922 4851 1033 4906 Deo
1059 4862 1164 4915 est,
1198 4847 1295 4905 sed
1329 4863 1434 4905 non
1460 4848 1569 4904 duo
1598 4848 1709 4913 dii;
1744 4848 1877 4904 scri-

279 4932 435 5018 ptum
481 4955 565 5001 est
605 4938 783 5013 edim,
827 4944 948 5017 quia
998 4960 1129 4998 unus
1170 4941 1307 4997 Deus
1350 4938 1527 5009 (Deut.
1565 4956 1643 5007 vn,
1686 4938 1749 5012 4)
1779 4959 1791 4995 :
1824 4949 1880 4996 et

281 5041 553 5098 Dominus
575 5040 628 5095 iu
650 5040 900 5107 Domino,
924 5026 1017 5096 sed
1039 5054 1146 5094 non
1172 5037 1278 5092 duo
1296 5035 1540 5102 Domini;
1571 5034 1692 5105 quia
1725 5052 1880 5105 tuque

278 5137 549 5206 scriptum
578 5145 664 5190 est
696 5153 709 5189 :
745 5134 919 5189 Nolite
943 5134 1143 5188 duobus
1173 5132 1393 5187 dominis
1422 5130 1610 5184 servire
1655 5126 1875 5198 (Matth.

280 5229 503 5302 v1.24):
519 5227 586 5284 Et
615 5226 697 5285 lex'
727 5224 1065 5295 dicitzAudi,
1094 5225 1281 5289 Israel,
1312 5222 1566 5278 Dominus
1596 5221 1735 5277 Deus
1762 5230 1878 5278 tuus

281 5312 429 5378 Deus
456 5339 593 5377 unus
620 5331 695 5377 est
727 5319 906 5395 (Deut.
943 5338 1016 5390 vi,
1048 5320 1122 5392 4).
1159 5320 1224 5376 Et
1258 5319 1443 5391 utique
1482 5319 1532 5372 in
1572 5314 1766 5373 eodem
1797 5326 1882 5372 est

281 5416 642 5473 Testamento
667 5432 680 5469 :
711 5412 855 5468 Pluit
891 5411 1145 5469 Dominus
1162 5430 1190 5466 tt
1215 5410 1604 5481 Dominowen.
1626 5426 1740 5477 XIX,
1761 5408 1877 5477 24).

283 5508 575 5576 Dominus,
622 5508 817 5578 inquit,
848 5502 878 5561 ὰ
918 5505 1145 5561 Domino
1186 5505 1336 5577 pluit.
1386 5504 1476 5562 Sic
1515 5516 1568 5561 et
1598 5504 1648 5561 in
1681 5502 1883 5562 Genesi

282 5600 457 5659 habes
483 5619 496 5658 :
526 5598 592 5653 Et
615 5600 744 5654 dixit
779 5594 939 5663 Deus,
970 5609 1016 5653 et
1047 5598 1164 5671 fecit
1189 5596 1358 5665 Deus;
1381 5607 1433 5653 ct
1460 5596 1600 5653 infra
1627 5614 1640 5651 :
1674 5594 1740 5651 Et
1763 5597 1911 5667 fecit'

284 5697 431 5753 Deus
478 5694 739 5749 hominem
763 5693 831 5748 ad
860 5693 1135 5766 imaginem
1162 5690 1260 5747 Dei
1286 5689 1442 5764 (Gen.
1475 5708 1512 5757 t,
1542 5693 1598 5759 ’5,
1629 5689 1724 5763 26)
1747 5708 1762 5755 ;
1787 5690 1882 5744 scd

1980 4775 2092 4814 suo.
2135 4756 2262 4812 Post
2310 4758 2420 4813 [nec
2453 4760 2507 4811 in
2545 4757 2695 4811 terris
2745 4756 2883 4810 risus
2922 4763 3027 4819 est,
3062 4764 3109 4809 et
3138 4754 3253 4808 cum
3289 4753 3581 4808 hominibus

1981 4859 2308 4906 conversatus
2350 4860 2421 4905 est
2453 4846 2668 4919 (Bai-uc.
2702 4865 2781 4915 Ill,
2815 4846 2908 4913 '56,
2938 4846 3051 4918 37).
3498 4916 3501 4921 η

2051 4941 2143 4997 29.
2180 4942 2254 4997 De
2291 4940 2433 4996 Filio
2475 4940 2648 4996 dicit:
2678 4939 2799 5010 Ipse
2827 4936 2973 4997 enim
3016 4928 3100 4991 eSt
3142 4952 3256 4991 cum
3288 4932 3581 4990 hominibus

1984 5045 2349 5101 conversatus;
2396 5045 2448 5090 et
2498 5034 2670 5089 dicit:
2709 5031 2807 5087 Hic
2845 5029 2986 5086 Deus
3014 5039 3217 5092 noster,
3251 5037 3299 5081 et
3325 5043 3426 5080 non
3444 5026 3585 5080 testi-

1985 5129 2207 5182 uiabitur
2248 5127 2382 5182 alius
2419 5127 2487 5180 ad
2516 5142 2649 5180 cum.
2679 5124 2815 5193 Quid
2847 5121 3169 5177 discutimus
3198 5116 3343 5181 cuin,
3377 5117 3446 5173 de
3473 5130 3583 5188 quo

1988 5232 2167 5295 tantus
2195 5222 2323 5276 dicit
2354 5220 2615 5295 propheta
2638 5262 2651 5283 ,
2686 5218 2827 5290 quod
2855 5212 2920 5272 ad
2950 5204 3077 5273 eum
3105 5218 3210 5270 non
3244 5214 3418 5285 possit
3446 5214 3585 5270 alius

1987 5316 2286 5373 msﬁmari?
2320 5316 2451 5384 Quae
2481 5316 2622 5370 enim
2653 5323 2834 5385 potest
2860 5326 2981 5367 esse
3018 5310 3124 5365 alia
3156 5309 3466 5374 aestimatio,
3493 5308 3585 5364 ubi

1987 5412 2205 5469 deitatis
2254 5413 2435 5467 unitas
2477 5409 2599 5466 est?
2629 5407 2995 5464 Couﬁtcbatur
3018 5405 3119 5459 hoc
3152 5402 3384 5473 populus
3406 5403 3457 5458 in
3493 5418 3585 5473 pe-

1988 5506 2175 5583 riculis
2217 5506 2544 5562 constitutus
2580 5522 2592 5557 :
2625 5499 2903 5558 nesciebat
2926 5512 3111 5554 serere
3140 5484 3469 5568 quaestiones
3493 5497 3585 5569 qui

1986 5602 2303 5672 religionem
2337 5599 2579 5656 timebat.

2059 5694 2149 5749 50.
2198 5694 2423 5758 Adesto,
2452 5698 2642 5746 sancte
2684 5684 2958 5758 Spiritus,
3000 5683 3281 5757 prophetis
3312 5683 3439 5752 tuis,
3469 5685 3589 5755 qui-

361 5909 385 5938 “
418 5897 538 5961 Non
563 5896 723 5973 pauci
744 5912 903 5969 mss.,
936 5897 1067 5955 dixit
1110 5895 1395 5971 PrOpIteta,
1427 5911 1519 5953 nec
1558 5895 1753 5952 Filium
1799 5894 2061 5967 denegavit
2084 5892 2285 5948 dicens.
