4042 6294
484 253 588 312 535

1832 247 2081 308 SANCTI
2121 242 2452 303 AMBROSII
3672 235 3762 295 536

476 369 579 425 bus
602 376 631 407 ι
657 368 844 425 inesse
865 369 1377 441 consuesti,quibus
1408 367 1703 425 credimus.
1722 364 1780 422 Si
1806 363 2090 437 prophetis
2117 371 2172 433 Α
2196 358 2359 428 tatis,
2392 358 2557 414 unius
2586 365 2735 413 esset
2767 354 2786 393 ί
2820 352 3062 412 laudatio
3089 351 3399 425 potestatis.
3432 350 3770 408 Benediceba-

479 476 589 518 non
632 462 948 533 credimus,
994 463 1337 534 sapientibus
1378 462 1595 519 credam
1650 460 1810 532 hujus
1860 457 2086 515 mundi?

478 554 590 613 Sed
622 555 717 613 ubi
744 556 987 629 sapiens,
1015 557 1110 616 ubi
1135 558 1356 615 scriba?
1383 556 1413 596 ιι
1442 556 1700 614 Rusticus
1741 566 1930 612 noster
1962 569 2085 610 cum

485 646 624 704 ficus
666 648 963 718 insereret,
991 650 1198 707 invenit
1234 650 1377 721 quod
1404 649 1762 721 philosophus
1792 649 2083 720 ignoravit.

486 739 622 808 Quae
665 739 834 798 stulta
863 750 993 798 sunt
1020 743 1163 798 enim
1195 743 1352 814 hujus
1395 742 1603 811 mundi,
1632 741 1799 813 elegit
1828 742 1992 811 Deus,
2028 752 2088 799 ut

484 832 782 888 confundat
825 849 948 905 quas
985 844 1112 889 sunt
1157 834 1312 891 fortia
1352 834 1398 909 (l
1428 834 1547 890 Cor.
1580 851 1618 903 ι,
1649 833 1768 907 27).
1798 834 2087 890 Credimus

487 925 732 996 Judaais,
773 929 905 998 quia
930 937 1093 984 notus
1119 928 1408 1000 aliquando
1438 928 1493 984 in
1518 927 1703 984 Jutlma
1738 928 1881 985 Deus
1910 926 2085 998 (Psal.

484 1036 653 1088 LXXV,
695 1020 798 1093 2)?
825 1022 930 1079 Sed
963 1023 1067 1080 hoc
1105 1024 1282 1094 ipsum
1313 1033 1515 1095 negant
1543 1034 1770 1095 propter
1794 1023 1938 1095 quod
1968 1037 2088 1079 cre-

484 1113 669 1172 dimus
692 1158 709 1185 ,
743 1118 870 1188 quia
903 1131 1008 1173 non
1045 1127 1244 1173 norunt
1272 1117 1513 1187 Patrem,
1546 1119 1636 1190 qui
1679 1118 1875 1175 Filium
1924 1133 2087 1190 nega-

486 1219 703 1265 VEI'IIIIL

1115 1281 1348 1341 CAPUT
1384 1281 1479 1338 ιν.

484 1394 811 1467 Argumentis
847 1395 1040 1465 aliquot
1062 1395 1132 1450 ad
1160 1396 1484 1467 probandam
1520 1396 1618 1453 Dei
1650 1398 1902 1454 unitatem
1932 1399 2087 1455 colle—

554 1488 674 1541 ctim
729 1489 1046 1560 propositis,
1103 1491 1183 1569 in,
1216 1491 1379 1546 tribus
1450 1508 1723 1563 magorum
1789 1494 2085 1548 muneribus

559 1580 756 1638 Christi
822 1583 1143 1639 divinitatem
1210 1585 1682 1657 humanitatemque
1751 1587 2086 1642 adumbratas

551 1677 811 1746 ostendit;
842 1694 944 1733 non
975 1694 1118 1733 secus
1156 1695 1219 1734 ac
1244 1680 1299 1734 in
1337 1681 1520 1752 angelo
1563 1697 1680 1736 cum
1708 1680 1871 1736 tribus
1910 1683 2085 1750 pueris

550 1773 684 1828 inter
710 1773 951 1842 ﬂammas
980 1773 1373 1842 deambulante,
1412 1774 1697 1829 divinitatis

549 1865 812 1921 ueritatem
826 1908 836 1919 .

545 2003 636 2058 31.
696 2014 718 2044 ο
764 2001 947 2059 Unum
992 2004 1158 2060 Deum
1206 2006 1519 2063 communis
1568 2015 1757 2061 natura
1805 2015 2078 2072 testatur,

412 2140 416 2144 .
474 2094 601 2166 quia
631 2109 771 2151 unus
799 2105 886 2152 est
915 2096 1168 2153 mundus.
1204 2097 1381 2153 Unum
1415 2097 1583 2154 Deum
1612 2098 1748 2153 fides
1774 2099 2074 2169 signiticat,

417 2198 420 2201 ‘
474 2188 600 2258 quia
653 2203 757 2244 una
804 2188 940 2245 fides
990 2189 1118 2245 novi
1165 2201 1221 2246 et
1268 2192 1476 2248 veteris
1506 2191 1867 2251 Testameuti.
1902 2192 2079 2249 Unum

472 2279 740 2351 Spiritum
783 2289 1033 2339 sanctum
1083 2283 1406 2340 testiﬁcatur
1460 2287 1638 2356 gratia
1668 2327 1683 2353 ,
1732 2286 1859 2358 quia
1914 2302 2078 2342 unum

480 2374 750 2443 baptisma
775 2375 828 2429 in
856 2375 1076 2433 nomine
1094 2369 1376 2434 Trinitatis
1399 2389 1503 2435 est.
1536 2378 1716 2437 Unum
1742 2380 1913 2436 Deum
1941 2381 2079 2436 Pro-

481 2466 662 2537 phetas
706 2466 923 2535 dicunt,
962 2468 1208 2540 Apostoli
1240 2471 1488 2527 audiunt.
1526 2471 1703 2529 Unum
1745 2474 1914 2530 Deum
1941 2474 2079 2545 Magi

474 2559 867 2627 crediderunt,
905 2572 961 2618 et
998 2580 1225 2631 aurum,
1257 2564 1381 2621 thus
1410 2575 1467 2622 et
1494 2568 1771 2638 myrrham
1800 2569 2080 2641 supplices

475 2653 546 2710 ad
566 2653 772 2712 Christi
796 2656 1062 2714 cunabula
1088 2658 1426 2727 detulerunt,
1446 2675 1580 2717 auro
1604 2677 1789 2734 regem
1819 2662 2077 2734 fatentes,

480 2758 541 2803 ut
587 2748 758 2805 Deum
809 2750 970 2807 thure
1005 2760 1354 2808 venerantes.
1387 2752 1705 2811 Thesaurus
1731 2755 1876 2812 enim
1903 2759 2078 2828 regni,

482 2841 816 2899 sacriﬁcium
848 2845 965 2910 Dei,
992 2845 1213 2917 myrrha
1242 2855 1327 2902 est
1350 2847 1673 2918 sepulturae.

555 2933 647 2990 39..
696 2936 836 3004 Quid
879 2937 1042 3009 igitur
1086 2940 1374 2996 voluerunt
1424 2940 1526 2998 sibi
1575 2942 1799 3014 mystica
1855 2959 2078 3001 munera

481 3028 627 3083 inter
671 3028 888 3099 abiecta
941 3032 1249 3103 prtesepia.
1296 3032 1403 3088 nisi
1447 3042 1508 3089 ut
1537 3034 1965 3105 intelligeremus
2024 3038 2077 3093 in

2195 461 2285 509 tur
2329 452 2496 517 Deus,
2527 448 2818 524 videbatur
2859 451 2913 505 in
2945 447 3139 519 angelo
3182 446 3279 503 Dei
3306 444 3502 513 Filius,
3530 454 3775 502 sanctast

2192 546 2458 620 spiritalis
2488 546 2544 602 in
2573 546 2761 618 pueris
2785 544 2960 618 gratia
2992 540 3341 613 loquebatur.

2190 757 2507 813 Arianorum
2562 755 2732 823 uariis:
2777 753 2832 808 in
2876 749 3139 806 Christum
3190 749 3525 821 blasphemia
3564 750 3774 818 referun-

2262 860 2364 914 tur,
2386 849 2566 921 quibus
2591 857 2864 919 antequam
2884 844 3278 916 respondeatur,
3304 849 3579 897 monentur
3600 840 3771 894 Catho-

2262 945 2351 1000 lici
2389 934 2599 999 caveant
2635 959 2669 996 a
2695 938 3030 1012 sophismatis
3057 935 3531 1006 philosophorum;
3568 948 3626 987 eo
3650 935 3773 1000 quod

2260 1037 2453 1093 scilicet
2504 1037 2559 1090 in
2603 1035 2708 1089 illis
2763 1030 2989 1089 heretici
3035 1045 3177 1102 spem
3218 1028 3532 1099 praecipuam
3571 1026 3774 1082 colloce-

2261 1143 2395 1189 rent.

2262 1267 2353 1323 54.
2407 1265 2578 1340 [Alias
2606 1310 2609 1311 ν
2635 1280 2752 1337 cap.
2794 1261 2912 1336 [IL]
2971 1261 3127 1318 Nunc
3182 1258 3597 1317 consideremus
3645 1272 3773 1329 quis

2190 1360 2381 1417 Ariani
2410 1360 2481 1416 de
2510 1359 2605 1415 Dei
2633 1357 2771 1413 Filio
2798 1357 3035 1413 inferant
3064 1355 3426 1426 quaestiones.

2260 1451 2350 1510 55.
2385 1450 2713 1507 Dissimilem
2741 1448 2887 1506 Patri
2928 1448 3120 1504 dicunt
3140 1460 3267 1502 esse
3295 1445 3390 1503 Dei
3427 1443 3641 1501 Filium.
3674 1442 3776 1499 [loc

2188 1546 2236 1602 si
2264 1545 2474 1602 homini
2500 1543 2817 1615 objiciatur,
2842 1541 3043 1611 injuria
3073 1548 3178 1595 est.

2258 1638 2353 1697 56.
2405 1638 2485 1693 Ex
2513 1646 2760 1708 tempore
2785 1635 3021 1706 cmpisse
3057 1633 3250 1689 dicunt
3280 1631 3375 1687 Dei
3405 1630 3632 1697 Filium;
3665 1645 3776 1686 cum

2114 1768 2161 1827 Β
2187 1732 2440 1790 conditor
2470 1732 2590 1803 ipse
2615 1730 2689 1787 sit
2709 1739 3033 1801 temporum.
3062 1726 3325 1783 Homines
3345 1740 3557 1794 sumus,
3587 1734 3775 1781 etesse

2188 1827 2441 1883 nolumus
2491 1823 2842 1897 temporales.
2891 1822 2969 1878 Ex
3000 1830 3251 1891 tempore
3278 1820 3567 1891 cmpimus,
3591 1829 3646 1876 et
3670 1819 3778 1875 sine

2188 1932 2442 1990 tempore
2469 1918 2684 1975 futuros
2712 1932 2838 1975 esse
2877 1931 2980 1972 nus
3010 1917 3308 1973 credimus.
3340 1915 3485 1972 Fieri
3512 1929 3608 1982 nos
3628 1925 3775 1986 opta-

2187 2028 2306 2069 mus
2334 2022 2590 2080 aeternos,
2614 2020 2672 2067 et
2710 2010 2985 2082 quomodo
3026 2024 3228 2081 negare
3257 2023 3548 2078 possumus
3576 2008 3668 2063 Dei
3698 2008 3778 2063 l-‘i-

2186 2107 2316 2162 lium
2352 2104 2770 2176 sempiternum,
2801 2120 2963 2175 quem
2995 2104 3390 2174 sempiternum
3436 2101 3593 2157 docet
3622 2109 3777 2173 atque

2184 2199 2526 2255 demonstrat
2555 2204 2772 2262 natura,
2804 2210 2912 2251 non
2938 2194 3156 2266 gratia?

2257 2292 2347 2346 57.
2392 2289 2649 2346 Creatum
2681 2288 2892 2345 dicunt.
2939 2287 3078 2355 Quis
3118 2296 3403 2344 auctorem
3450 2287 3590 2342 inter
3620 2300 3777 2358 opera

2184 2401 2282 2443 sua
2312 2385 2561 2456 deputet,
2597 2393 2658 2440 ut
2681 2382 2932 2439 videatur
2972 2382 3021 2437 id
3044 2396 3170 2438 esse
3199 2381 3345 2453 quod
3371 2381 3540 2437 fecit?

2254 2482 2346 2538 58.
2378 2481 2587 2536 Bonum
2619 2485 2845 2550 negant.
2873 2477 3158 2548 Sacrilega
3187 2491 3293 2533 vox
3321 2477 3437 2548 ipsa
3460 2491 3522 2534 se
3539 2475 3775 2541 damnat,

2186 2584 2244 2629 ut
2272 2572 2666 2643 indulgentiam
2699 2584 2927 2642 sperare
2954 2586 3061 2625 non
3092 2568 3288 2642 possit.

2255 2666 2345 2724 59.
2377 2665 2593 2736 Negant
2622 2678 2812 2720 verum
2844 2662 2944 2719 Dei
2970 2662 3190 2731 Filium,
3225 2671 3426 2735 negant
3445 2663 3777 2734 omnipoten-

2185 2769 2291 2816 tem
2319 2777 2335 2827 ;
2376 2774 2500 2814 cum
2532 2757 2815 2814 fateantur
2840 2757 3025 2813 omnia
3060 2756 3197 2812 facta
3227 2771 3328 2829 per
3354 2756 3574 2824 Filium,
3604 2758 3776 2813 omnia

2182 2862 2362 2910 creata
2394 2868 2494 2924 per
2534 2854 2625 2909 Dei
2664 2868 2786 2909 esse
2814 2852 3097 2909 virtutem.
3126 2851 3269 2921 Quid
3294 2862 3381 2909 est
3416 2854 3562 2909 enim
3590 2853 3771 2920 virtus,

2183 2949 2288 3005 nisi
2321 2948 2561 3019 perlecta
2591 2947 2831 3003 natura?
3661 2998 3669 3004 ,

2252 3041 2345 3097 4t).
2375 3040 2586 3113 Negant
2609 3039 2778 3096 etiam
2799 3038 3086 3096 divinitate
3111 3054 3276 3095 unum
3304 3053 3428 3096 esse
3449 3055 3570 3097 cum
3598 3039 3771 3096 Patre.

479 3118 700 3221 Christo
746 3120 1133 3221 differentiam
1154 3124 1536 3221 divinitatiset
1559 3129 1790 3221 carnis?
1817 3126 1983 3202 550
2009 3129 2080 3188 Ut
2108 3157 2153 3221 ρ
2184 3135 2415 3192 Deleaut
2453 3149 2586 3207 ergo
2629 3133 2986 3205 Evangelium
3010 3175 3027 3202 ,
3075 3134 3296 3191 deleant
3330 3133 3549 3191 Christi
3574 3149 3769 3191 vocem.

479 3212 650 3304 homo
696 3213 959 3281 cernitur,
993 3227 1053 3270 ut
1099 3215 1362 3272 Dominus
1402 3217 1664 3274 adoratur
1700 3236 1713 3274 :
1761 3217 1789 3255 ἀ
1830 3222 1978 3290 jacet
2024 3222 2078 3279 in
2115 3212 2153 3221 “
2183 3231 2304 3302 Ipse
2345 3230 2491 3287 enim
2532 3230 2710 3285 dixit:
2761 3226 2877 3304 Ego
2921 3240 2967 3283 et
3012 3227 3172 3282 Pater
3210 3244 3375 3283 unum
3404 3226 3769 3301 sumus(.loau.
3818 3282 3823 3285 _

481 3303 677 3373 pannis
702 3345 718 3371 ,
763 3305 862 3362 sed
892 3304 1065 3377 l‘ulget
1091 3305 1146 3361 in
1175 3308 1386 3364 stellis:
1411 3315 1567 3366 cunae
1595 3322 1913 3368 nascentem
1941 3313 2084 3370 indi-

479 3405 633 3465 cant,
661 3406 718 3452 et
759 3397 937 3453 stellae
979 3398 1352 3456 dominantem
1384 3419 1397 3455 :
1428 3416 1560 3457 caro
1588 3412 1673 3460 est
1700 3420 1822 3475 qua:
1853 3406 2084 3462 involvi-

483 3500 572 3544 tur
602 3505 617 3543 :
649 3489 938 3559 divinitas,
980 3491 1069 3546 cui
1106 3493 1175 3548 ab
1205 3492 1417 3564 angelis
1457 3495 1818 3552 ministratur.
1860 3497 1937 3555 lta
1982 3514 2083 3557 nec

482 3580 722 3652 dignitas
750 3583 1018 3639 naturalis
1044 3584 1350 3655 majestatis
1385 3588 1676 3657 amittitur,
1708 3599 1763 3647 et
1786 3603 2081 3665 assumpta:

480 3677 669 3733 carnis
699 3678 900 3733 \eritas
927 3679 1340 3749 comprobatur.

551 3769 640 3825 53.
696 3768 824 3826 Haec
868 3780 954 3825 est
1002 3771 1138 3828 fides
1169 3781 1378 3829 nostra.
1427 3773 1519 3831 Sic
1547 3791 1607 3832 se
1641 3776 1784 3835 Deus
1823 3783 2080 3852 cognosci

402 3920 405 3921 ν
478 3859 648 3916 voluit
693 3860 762 3916 ab
807 3862 1086 3935 omnibus,
1116 3864 1193 3919 sic
1244 3874 1354 3923 tres
1384 3871 1536 3939 pueri
1568 3856 1945 3944 crediderunt,
1980 3891 2082 3933 nec

478 3953 731 4011 incendia
764 3956 1115 4028 circumjccta
1143 3971 1474 4029 senserunt;
1503 3978 1627 4020 cum
1658 3966 1857 4025 infidos
1886 3971 2082 4028 noxius

481 4047 621 4116 ignis
671 4055 947 4113 exureret,
977 4055 1034 4103 et
1061 4048 1311 4106 fidelibus
1337 4051 1563 4110 innoxia
1589 4056 1804 4113 ﬂamma
1842 4073 2077 4131 roraret,

478 4139 676 4208 quibus
704 4139 938 4195 aliorum
970 4140 1221 4197 incendia
1250 4144 1693 4219 refrigerabaut;
1723 4156 1849 4224 quia
1880 4158 2081 4213 merito

483 4229 609 4287 iidei
660 4231 975 4302 perdiderat
1015 4247 1168 4289 suam
1212 4252 1372 4307 pmna
1400 4254 1670 4300 naturam.
1704 4248 1909 4304 Aderat
1934 4253 2079 4306 enim

480 4325 534 4381 in
582 4327 766 4394 specie
803 4325 979 4398 angeli
1005 4335 1028 4363 ε
1074 4328 1164 4397 qui
1192 4332 1452 4389 monebat
1478 4348 1533 4392 ut
1563 4338 1615 4393 in
1644 4354 1875 4398 numero
1899 4343 2083 4402 Trini-

2180 3339 2235 3390 x,
2279 3322 2398 3393 50).
2430 3321 2550 3378 Non
2582 3336 2685 3393 ego
2714 3324 2818 3377 hoc
2848 3321 3008 3389 dico,
3033 3314 3289 3379 Christus
3316 3320 3481 3377 dixit.
3513 3320 3769 3393 Numquid

2185 3416 2380 3483 lallax,
2425 3428 2483 3472 ut
2532 3415 2898 3473 mentiretur?
2946 3414 3221 3486 Numquid
3261 3415 3501 3488 impius,
3543 3427 3598 3472 ut
3635 3414 3768 3487 quod

2185 3525 2292 3567 non
2335 3520 2455 3567 erat
2484 3511 2811 3583 usurparet?
2846 3510 2953 3567 Sed
2985 3511 3195 3582 singula
3235 3511 3354 3568 suis
3397 3513 3535 3568 locis
3570 3511 3769 3584 plenius

2190 3607 2527 3678 digereutur.

2260 3700 2352 3755 M.
2398 3699 2551 3756 Nunc
2596 3700 2856 3771 quoniam
2897 3699 3184 3756 haereticus
3231 3699 3367 3755 dicit
3405 3714 3529 3757 esse
3551 3698 3767 3758 dissimi-

2191 3794 2321 3861 lem,
2372 3792 2535 3865 idque
2580 3794 2816 3850 vcrsutis
2865 3792 3330 3865 disputationibus
3369 3803 3612 3850 astruere
3652 3791 3765 3848 niti-

2190 3896 2296 3955 tur,
2332 3898 2356 3936 ε
2383 3888 2675 3944 dicendum
2704 3898 2787 3945 est
2815 3889 2974 3945 nobis
2999 3889 3142 3961 quod
3172 3890 3436 3960 scriptum
3462 3898 3548 3946 est
3573 3908 3588 3947 :
3614 3887 3759 3963 451

2190 3982 2369 4039 Cavete
2405 4000 2469 4038 ne
2503 3985 2619 4054 quis
2661 4001 2750 4040 vos
2789 3986 3113 4056 deprtedetur
3154 4003 3245 4059 per
3292 3987 3689 4061 philosophiam.
3712 3997 3763 4037 es

2184 4076 2387 4130 inanem
2424 4076 2771 4132 seductionem
2807 4077 3090 4133 secundum
3128 4079 3462 4136 traditionem
3490 4079 3755 4142 hominum,

2184 4179 2231 4222 et
2264 4169 2543 4223 secundum
2582 4170 2835 4225 elementa
2870 4170 3027 4244 hujus
3054 4172 3263 4237 mundi,
3301 4183 3350 4227 et
3375 4190 3480 4228 non
3501 4170 3781 4255 “tandem.

2185 4257 2491 4316 Christum:
2520 4254 2647 4332 quia
2682 4262 2737 4316 in
2774 4263 2888 4332 ipso
2926 4263 3123 4319 habitat
3168 4265 3333 4320 omnis
3363 4265 3622 4336 plenitudo
3642 4262 3757 4319 diri-

2184 4353 2360 4408 nitatis
2382 4354 2720 4423 corporaliter
2747 4354 2971 4427 (Coloss.
3000 4372 3058 4423 ιι,
3090 4357 3147 4423 8,
3180 4356 3260 4427 9).

554 4508 2071 4618 ἓλέιῖξῖῗτξῖξ;.ῗ³..⁹³.ῗ;.ῗ¹3.ξῖ¹.ἓθ;.ἓὲξ2ῑῗῖξνξῖτξῗξξέξζῗίίὶίῗῗξίὲε
2101 4531 2158 4593 1)
2181 4527 2448 4613 Ρέδίνίδυε-
2479 4531 2587 4588 ηοε
2609 4532 2752 4590 inter
2770 4535 3186 4618 αιιριρερμιφεῐ-
3220 4537 3351 4618 Χεμ
3384 4538 3618 4618 Τθεμηι-
3650 4538 3750 4594 '0"-

613 4579 2074 4676 thttL-aliu‘mjgusti‘c’umdesignatt’Antbrpsiusnquam
2102 4579 2154 4593 υ
2179 4579 2966 4676 {ait}BFJgr'ééiu'éi'Jt'nés'ﬁs

482 4651 774 4738 1Ieremiam
798 4669 813 4719 ;
839 4653 1030 4738 alludit
1054 4658 1198 4713 enim
1230 4659 1298 4714 ad
1328 4651 1524 4738 lic'uum
1553 4660 1802 4718 calathos
1823 4706 1839 4733 ,
1866 4651 2078 4738 de'qni-

482 4724 586 4780 bus
611 4724 764 4803 a_p_ud_
783 4727 1059 4795 eumdem,
1090 4743 1213 4803 cap.
1237 4746 1389 4803 xxiv,
1425 4732 1450 4786 1
1484 4739 1541 4787 et
1567 4749 1685 4803 seq.

560 4804 583 4833 ε
627 4795 875 4867 Plerique
906 4813 1061 4866 mss.,
1118 4795 1290 4857 Unum
1322 4801 1605 4858 Dominum
1704 4845 1719 4862 .
1770 4805 1944 4863 Umtm
1972 4808 2081 4863 Do-

482 4866 682 4941 minum
711 4866 841 4941 fides
862 4871 1147 4941 signiﬁcat.

488 5010 501 5023 .
553 4936 579 4976 ιι
608 4936 1058 5023 Αιιιετιὲρῌιπιέη
1083 4944 1240 5004 Rom.
1265 4945 1398 5023 edit.
1419 4960 1484 5003 ac
1510 4961 1642 5023 mss.
1669 4950 1937 5017 nonnulli,
1960 4953 2084 5008 latet

480 5010 535 5093 in
563 5011 711 5093 cuuis
741 5027 754 5065 :
783 5010 915 5068 Gill.
943 5028 1065 5070 cum
1099 5030 1231 5072 mss.
1275 5018 1449 5075 multo
1479 5019 1726 5090 pluribus
1761 5037 1825 5077 ac
1855 5010 2081 5093 potiori-

484 5082 605 5150 bus,
637 5084 791 5149 iaeet,
821 5093 928 5141 etc.

554 5163 580 5191 σ
608 5152 767 5234 liam.
814 5155 945 5212 edit.
995 5171 1060 5214 ac
1108 5173 1242 5234 m_ss.
1292 5175 1402 5216 non
1450 5161 1630 5227 multi,
1659 5164 1748 5234 qui
1787 5166 2081 5233 muniebat;

480 5226 624 5281 haud
658 5240 825 5307 pravo
850 5244 1054 5307 sensu:
1088 5231 1314 5307 reliqua:
1347 5242 1527 5307 tamen
1570 5226 1636 5307 ac
1666 5226 1800 5290 mss.
1835 5226 2083 5307 complu-

478 5310 591 5361 res,
621 5299 709 5379 qui
733 5300 1006 5379 monebat;
1042 5318 1146 5379 non
1187 5299 1354 5379 etiam
1396 5304 1800 5379 male.__Sensus
1828 5299 2082 5379 ergo'est

482 5368 732 5437 angelum
763 5370 1036 5449 indicasse
1063 5373 1115 5449 in
1148 5373 1321 5449 tribus
1347 5375 1533 5442 pueris
1553 5374 1859 5434 divinarum
1892 5368 2080 5449 perso-

484 5453 675 5512 narum
720 5441 1020 5498 trinitatem
1061 5441 1455 5512 signiﬁcatam,
1488 5460 1597 5500 non
1648 5462 1807 5505 secus
1833 5441 1907 5505 ac'
1931 5453 1983 5506 in
2020 5467 2081 5509 se

484 5510 577 5575 qui
606 5524 746 5563 unus
789 5523 910 5568 erat
962 5510 1311 5571 indicabatur
1336 5517 1518 5570 unitas
1546 5521 1832 5585 potestatis
1861 5537 1957 5578 seu
1987 5540 2083 5579 na-

487 5587 662 5659 ttirm;
713 5597 942 5659 namque
989 5586 1074 5659 has
1121 5600 1286 5659 voces
1331 5587 1644 5659 promiscue
1691 5604 1971 5659 ponuntur
2014 5596 2083 5653 ab

482 5648 1220 5734 ambrosioin'hochpet-e.
1252 5648 1404 5726 Quod
1438 5669 1619 5714 autem
1642 5648 1867 5719 docetur
1896 5648 1957 5720 inv
1981 5648 2079 5723 an:

485 5716 611 5796 gelo
652 5723 938 5796 exstitisse
974 5716 1085 5782 Dei'
1115 5716 1314 5789 Filium
1342 5742 1356 5794 ;
1388 5745 1450 5787 ea
1480 5716 2082 5796 sententia'n'on'unius

486 5782 762 5843 Atitbrosii
788 5802 891 5861 est,
922 5783 1111 5852 verum
1151 5782 1314 5855 etiam
1344 5782 1453 5858 non
1481 5782 2083 5880 ~puttciui-tini-cupii-sci};

2184 4670 2350 4743 Regni
2371 4670 2553 4729 mErito
2577 4676 2633 4731 in
2651 4670 2857 4732 camino
2882 4678 3145 4735 Christum
3164 4682 3310 4737 vidit.
3334 4682 3471 4740 Huic
3495 4692 3658 4740 tamen
3682 4683 3748 4733 vi-

2185 4744 2343 4823 detur
2372 4746 2649 4816 prmivisse
2676 4748 2733 4823 S.
2768 4760 2957 4823 uoster
2985 4752 3121 4807 infra
3152 4767 3274 4823 cap.
3303 4754 3393 4821 15,
3420 4771 3564 4811 num.
3587 4750 3747 4810 80.νὶ-

2186 4815 2255 4869 de
2293 4815 2621 4888 interpretes
2676 4822 2728 4875 in
2775 4819 3093 4886 Danielem,
3138 4834 3195 4879 et
3221 4815 3590 4883 scholasticos
3624 4831 3670 4881 in
3713 4837 3746 4875 It

2186 4888 2438 4971 Semen,
2463 4888 2601 4971 .dist.
2628 4888 2687 4951 8.
2716 4892 2857 4971 sicut
2883 4903 2938 4971 et
2965 4894 3017 4971 in
3051 4893 3114 4949 D.
3141 4894 3375 4971 Thomas
3405 4913 3423 4952 ι
3451 4916 3527 4971 p.,
3548 4914 3601 4969 q.
3638 4895 3711 4950 5t.

2266 4956 2309 5012 ῖ.
2328 4958 2566 5039 Quidam
2596 4978 2752 5030 mss.,
2783 4962 3015 5039 laudatio
3041 4969 3349 5039 majestatis.

2259 5039 2285 5077 κ
2328 5032 2569 5113 Hilarius
2574 5049 2788 5113 quoque
2804 5077 2820 5102 ,
2851 5035 3029 5113 relato
3041 5032 3230 5113 eodem
3251 5039 3355 5096 hoc
3370 5040 3603 5113 Apostoli
3626 5040 3741 5102 loco.

2186 5115 2286 5185 nos
2308 5105 2595 5185 praemunit
2622 5105 2886 5185 adversus
2916 5109 3366 5185 philosophorum
3390 5105 3682 5185 argumenta
3699 5119 3744 5185 et

2186 5172 2463 5258 fallacias;
2498 5192 2526 5230 a
2573 5178 2770 5258 quibus
2799 5172 2964 5258 etiam
3014 5172 3649 5258 cavendumipraa'cipiunt
3670 5181 3744 5236 alii

2187 5242 2376 5324 Patres
2401 5288 2416 5312 ,
2462 5242 2720 5324 maxime;
2751 5265 2885 5324 vero
2914 5251 3255 5324 Augustinus
3286 5242 3384 5314 lib.
3440 5242 3534 5314 xn't
3579 5263 3739 5313 contra

2185 5313 2397 5383 Faust.,
2421 5335 2541 5388 cap.
2568 5320 2655 5375 ts.
2687 5319 2795 5377 Sed
2845 5313 3179 5393 Epiphanius
3204 5313 3515 5387 Aristotelis
3533 5325 3742 5384 dialecti-

2185 5400 2801 5466 camcxpressenotat;
2850 5398 2917 5449 ad
2947 5411 3109 5466 quam
3140 5399 3304 5455 etiam
3344 5412 3608 5466 spectasse
3632 5400 3739 5456 Αιιιο

2189 5457 2426 5529 brosium
2462 5478 2568 5517 non
2598 5463 2747 5519 inviti
2772 5457 3344 5529 crediderimusﬂiuc
3369 5457 3507 5529 forte
3535 5482 3644 5528 nata
3670 5476 3738 5525 est

2168 5528 2276 5614 .il‘la
2310 5529 2520 5613 fabula,
2550 5532 2620 5614 de
2654 5551 2761 5614 qua
2794 5538 2945 5614 card.
2970 5536 3226 5614 Cusanus
3278 5528 3335 5599 in
3369 5528 3617 5614 Apologia
3656 5541 3737 5614 d0-

2185 5609 2285 5681 ctu:
2319 5602 2635 5681 ignorantia:
2660 5602 2686 5660 τ’
2706 5609 2918 5679 legitur,
2969 5610 3167 5681 inquit.
3192 5616 3397 5673 beatiss.
3420 5602 3433 5614 ’
3452 5602 3734 5671 Ambrosium

2186 5674 2381 5757 (fluuiis
2404 5675 2669 5757 addidisse
2692 5694 2712 5733 :
2741 5674 2786 5743 Ᾰ
2815 5674 3101 5757 dialecticis
3124 5684 3391 5757 (quidam,
3418 5706 3449 5745 α
3482 5681 3736 5749 distortis“)

2188 5744 2495 5816 Aristotelis,
2531 5749 2689 5805 libera
2710 5767 2824 5820 nos,
2853 5750 3091 5810 Domine.
