4042 6294
205 289 310 346 557

1604 287 1695 346 DE
1735 286 1892 346 FIDE
1930 286 2061 345 LIB.
2103 287 2149 344 l.

3402 279 3516 340 538

272 407 370 464 42.
410 407 645 466 Omnem
673 409 818 467 enim
848 408 954 466 vim
984 421 1317 466 venenorum
1346 420 1566 464 suorum
1597 408 1649 463 in
1685 407 1804 464 dia-
1833 411 1887 473 Α
1910 406 1954 461 si
1988 403 2157 461 Filius
2186 404 2553 476 degenerasse
2605 400 2785 473 petitis
2815 415 2846 459 a
2871 400 3033 458 Patre
3054 443 3069 469 ,
3099 412 3261 473 quam
3294 397 3513 457 Patrem

116 548 127 554 -
202 502 397 558 lectica
428 501 795 575 disputatione
818 501 1170 571 constituunt,
1201 516 1323 573 quas
1359 499 1804 572 philosophorum

202 595 474 651 sententia
519 594 776 652 delinitur
827 611 934 651 non
981 594 1257 653 astruendi
1299 595 1407 651 vim
1446 594 1680 662 habere,
1708 594 1805 651 sed

199 687 443 745 studium
492 688 827 746 destruendi.
856 687 963 747 Sed
994 703 1099 743 non
1142 688 1197 743 in
1233 688 1511 745 dialectica
1558 689 1805 760 compla-

200 780 313 835 cuit
337 780 449 837 Deo
468 780 677 838 salvum
700 781 875 837 facere
905 782 1160 852 populum
1189 796 1344 837 suum
1374 794 1395 837 :‘
1419 780 1647 854 Regnum
1670 783 1806 837 enim

201 870 302 927 Dei
347 874 402 928 in
444 873 779 944 simplicitate
828 874 952 944 ﬁdei
996 883 1101 941 est,
1134 890 1236 929 non
1266 875 1320 929 in
1345 875 1666 929 contentione
1698 890 1806 928 ser-

200 968 371 1024 monis
397 967 441 1041 (l
466 966 589 1025 Cor.
618 984 693 1037 tv,
722 969 840 1042 20).

822 1082 1049 1142 CAPUT
1091 1082 1181 1139 Vl.

199 1194 472 1252 Christum
520 1195 673 1253 Patri
700 1198 1000 1254 dissimilem
1028 1215 1134 1257 non
1153 1214 1262 1254 esse
1305 1198 1612 1271 probaturus
1634 1240 1650 1266 ,
1697 1216 1805 1255 me-

270 1290 484 1346 moratis
554 1290 915 1347 celebrior-ibus
964 1293 1273 1347 Arianorum
1340 1291 1559 1347 ducibus
1578 1332 1595 1359 ,
1650 1309 1802 1364 quant

270 1384 408 1439 male
436 1384 569 1440 inter
593 1401 680 1441 eos
710 1388 999 1453 conueniat,
1026 1386 1216 1455 aperit,
1245 1394 1398 1457 atque
1420 1387 1669 1441 adversus
1693 1402 1799 1454 eos,

268 1485 537 1545 tamquam
582 1477 639 1532 in
664 1486 895 1533 monstra
938 1475 1203 1550 quadam,
1237 1477 1539 1546 praesidium
1560 1477 1803 1548 Scriptu-

265 1586 448 1625 rarum
474 1571 713 1627 ostendit.

264 1708 359 1765 43.
391 1707 561 1781 [Alias
592 1724 710 1780 cap.
734 1707 852 1783 lV.]
886 1708 1216 1765 Dissimilem
1245 1710 1407 1781 igitur
1426 1708 1613 1765 dicunt
1637 1724 1797 1766 esse:

1910 513 2153 571 aequasse
2179 498 2454 555 credatur.

1978 592 2069 650 u.
2113 594 2190 650 Da
2234 594 2444 650 veniam
2470 634 2486 662 ,
2528 604 2718 651 sancte
2769 594 3112 665 imperator,
3148 591 3193 647 si
3244 590 3312 646 ad
3360 591 3511 663 ipsos

1910 685 2187 757 paulisper
2231 686 2397 743 verba
2447 698 2733 743 converto.
2793 684 2901 742 Sed
2950 699 3110 757 quem
3162 683 3508 755 potissimum

1909 779 2081 851 legam
2106 779 2134 820 ι»
2164 780 2594 851 Eunomiumne,
2624 796 2695 836 an
2744 780 2968 848 Arium,
3007 777 3092 835 vel
3123 776 3343 835 Aetium
3388 776 3513 847 ejus

1908 874 2235 946 magistros?
2264 874 2422 931 Plura
2466 876 2613 932 enim
2661 874 2913 955 nomina,
2948 871 3043 929 sed
3095 886 3201 927 una
3252 869 3541 942 perfidiap

1908 969 2188 1041 impietate
2214 986 2323 1026 non
2351 970 2641 1027 dissonans
2662 1011 2676 1037 ,
2706 968 3088 1025 communione
3133 964 3457 1022 discordans
3490 978 3506 1017 :

1909 1078 2015 1119 non
2064 1062 2347 1119 dissimilis
2379 1063 2602 1133 lraude,
2636 1074 2658 1102 ο
2690 1062 2785 1119 sed
2833 1062 3071 1118 coitione
3111 1060 3365 1117 discreta.
3395 1056 3509 1116 Cur

1906 1155 2056 1211 enim
2084 1170 2272 1212 secum
2296 1156 2472 1212 nolint
2501 1156 2819 1222 convenire,
2853 1170 2961 1211 non
2992 1155 3259 1226 intelligo.

1976 1246 2141 1322 552
2177 1249 2269 1304 45.
2311 1247 2567 1305 Eunomii
2615 1264 2906 1321 personam
2955 1248 3240 1321 defugiunt
3276 1247 3503 1315 Ariani,

1906 1344 2001 1398 sed
2047 1343 2166 1414 ejus
2197 1343 2481 1415 perfidiam
2509 1354 2802 1411 asserunt,
2832 1344 3168 1415 impietatem
3200 1356 3509 1413 exsequun-

1906 1443 2012 1490 tur.
2043 1436 2210 1491 Aiunt
2239 1451 2361 1491 eum
2387 1435 2691 1507 prodidisse
2714 1435 2958 1503 ell‘usius,
2988 1451 3111 1509 qua:
3141 1434 3303 1491 Arius
3333 1433 3506 1506 scrip-

1905 1528 2059 1584 serit.
2091 1529 2281 1600 Magna
2326 1531 2587 1587 caecitatis
2635 1531 2868 1587 ell'usio!
2902 1530 3195 1587 Auctorem
3235 1530 3503 1603 probant,

1904 1632 2285 1679 exsecutorem
2338 1623 2600 1680 refutant.
2637 1625 2819 1697 Itaque
2867 1640 3009 1681 nunc
3056 1625 3109 1680 in
3160 1625 3341 1696 plures
3384 1637 3508 1679 sese

1904 1715 2143 1773 divisere
2174 1716 2399 1774 formas.
2429 1716 2455 1754 ά
2482 1718 2588 1773 Alii
2630 1718 2950 1775 Eunomium
2973 1761 2989 1787 ,
3019 1704 3102 1774 (el
3135 1718 3348 1775 Aetium
3369 1758 3386 1785 ,
3416 1715 3507 1772 alii

186 1815 297 1858 nos
327 1816 626 1874 negamus;
654 1800 820 1857 immo
863 1802 1044 1873 potius
1073 1801 1358 1859 horremus
1408 1802 1547 1857 hanc
1583 1817 1792 1858 vocem.
1826 1812 1875 1872 Β
1902 1809 2201 1866 Palladium
2222 1854 2237 1877 ,
2264 1812 2347 1867 vel
2389 1811 2775 1883 Demophilnm
2818 1822 2981 1884 atque
3025 1812 3354 1868 Auxentium
3375 1853 3390 1876 ,
3420 1810 3507 1866 vel

185 1892 307 1950 Sed
356 1894 484 1950 nolo
533 1902 852 1965 argumento
897 1893 1121 1960 credas,
1152 1905 1341 1952 sancte
1389 1894 1718 1967 Imperator,
1745 1904 1801 1952 ct

183 1996 400 2044 nostra:
446 1988 841 2061 disputationi:
884 1987 1199 2061 Scripturas
1245 1991 1640 2059 interrogemus
1665 2032 1681 2057 ,
1718 1989 1798 2043 iu-

184 2093 539 2155 terrogemus
566 2083 878 2155 apostolos,
912 2083 1309 2155 interrogemus
1352 2084 1675 2156 prophetas,
1712 2084 1801 2139 in-

185 2187 537 2250 terrogemus
565 2176 866 2234 Christum.
900 2176 1044 2245 Quid
1074 2178 1279 2233 multa?
1306 2177 1522 2234 Patrem
1560 2181 1794 2238 interro-

182 2287 419 2344 gemus,
446 2272 603 2343 cujus
648 2272 843 2329 honori
896 2271 1118 2329 studere
1162 2287 1223 2328 se
1264 2271 1487 2339 dicunt,
1530 2275 1576 2329 si
1624 2275 1794 2331 Filius

187 2376 213 2403 η
234 2366 484 2438 degener
507 2366 798 2437 judicetur.
830 2365 937 2423 Sed
968 2382 1076 2421 non
1103 2366 1633 2439 est‘honorilicentia
1666 2370 1796 2425 boni

188 2460 396 2527 Patris,
429 2460 548 2517 Filii
580 2459 791 2532 injuria.
824 2459 940 2517 Non
989 2469 1171 2531 potest
1197 2459 1343 2516 bono
1374 2460 1517 2518 Patri
1549 2463 1791 2533 placere,

266 2709 296 2740 ε
329 2697 566 2771 Degener
608 2697 677 2755 ab
702 2697 1014 2771 Ambrosio
1062 2696 1262 2768 passim
1305 2697 1358 2753 in
1388 2697 1472 2754 his
1511 2698 1665 2756 libris
1703 2701 1795 2758 ille

183 2770 427 2840 dicitur,
456 2771 547 2841 qui
573 2787 601 2824 a
632 2770 899 2841 principio
930 2784 1030 2826 suo
1060 2785 1166 2825 non
1198 2779 1403 2825 tantum
1433 2772 1792 2841 perfectione,

184 2845 287 2902 sed
342 2848 511 2899 etiam
555 2853 744 2898 natura
774 2850 829 2897 et
855 2842 1154 2897 substantia
1185 2841 1459 2899 desciscit.
1490 2842 1601 2899 Nec
1637 2845 1797 2901 aliter

184 2918 357 2973 etiam
411 2916 479 2972 ab
522 2912 727 2970 Hilario
771 2914 1005 2970 sumitur
1053 2914 1144 2968 lib.
1175 2930 1265 2969 vin
1296 2915 1364 2969 de
1406 2913 1581 2971 'l‘riuit
1613 2935 1625 2971 :
1655 2917 1794 2972 Dum

185 2988 327 3044 nihil
352 2989 409 3042 in
438 3004 529 3059 eo,
565 2985 701 3042 Filio
744 2986 1034 3059 videlicet,
1066 3002 1131 3041 ea:
1160 3002 1212 3040 se
1238 2984 1381 3040 Deus
1411 2988 1670 3059 gignendo
1699 2991 1792 3043 de-

184 3069 425 3133 generat.
458 3058 665 3117 Nomen
715 3058 877 3115 etiun
904 3075 1064 3131 genus
1114 3061 1308 3133 passim
1355 3060 1423 3114 ab
1460 3059 1651 3115 eodem
1698 3076 1791 3131 po-

188 3132 344 3189 nitur
376 3147 477 3202 pro
502 3142 693 3188 natura
726 3150 739 3185 :
775 3133 825 3184 in
870 3146 978 3199 quo
1016 3132 1268 3201 congruit
1297 3145 1421 3185 cum
1448 3142 1670 3188 auctore
1699 3135 1790 3187 lib.

186 3206 263 3260 de
298 3201 518 3259 Delinit.
552 3202 690 3274 apud
706 3201 1104 3274 _Athanasium,
1136 3203 1222 3256 ubi
1251 3202 1500 3273 legimus,
1529 3202 1682 3267 Φύσις
1713 3211 1796 3262 καὶ

189 3280 376 3351 οὐρία,
408 3281 492 3333 καὶ
516 3269 659 3351 ἰἰῦφς
680 3269 764 3330 οὖν
790 3276 921 3330 ἐστι.

269 3347 299 3387 ιι
324 3332 539 3405 ύιῐιιιθέ
558 3332 693 3404 edit.
725 3356 779 3401 et
809 3361 939 3400 mss.
967 3343 1172 3414 aliquot
1199 3344 1286 3401 hic
1319 3356 1375 3400 et
1407 3346 1542 3402 infra
1583 3347 1797 3404 duobus
1824 3332 1870 3395 C

189 3421 337 3477 locis
362 3463 379 3487 ,
413 3419 701 3475 Eudoxinm
722 3459 737 3480 ,
785 3415 1094 3472 Eunomium
1114 3457 1130 3482 ,
1162 3429 1269 3473 etc.
1302 3434 1316 3471 :
1343 3418 1435 3473 alii
1485 3434 1614 3476 vero
1662 3437 1793 3477 mss.

187 3493 646 3565 tnajorinumero
674 3501 730 3565 et
757 3488 1080 3545 auctoritate
1108 3490 1304 3559 ubique
1330 3487 1586 3565 omittunt
1613 3488 1795 3546 Eudo-

180 3561 359 3622 xisim.
395 3564 463 3620 Et
490 3575 638 3621 certe
684 3563 822 3618 hanc
846 3576 966 3617 esse
1013 3576 1326 3631 germanam
1360 3561 1642 3617 lectionem
1669 3577 1797 3633 cog-

184 3639 481 3694 noscimus
507 3652 615 3693 non
653 3637 831 3691 solum
880 3636 1021 3703 quod
1051 3636 1104 3688 in
1148 3633 1356 3689 cunctis
1381 3633 1514 3689 edit.
1544 3650 1607 3689 ac
1660 3651 1791 3690 mss.

184 3711 467 3777 habetur,
495 3712 606 3781 ejus
628 3708 906 3781 magistros
927 3747 944 3774 ,
973 3705 1061 3781 ubi
1091 3704 1555 3781 dicendum_esse_t
1573 3747 1588 3770 .
1620 3723 1796 3781 eorum

180 3784 475 3855 magistros
501 3777 526 3848 ,’
546 3780 641 3837 sed
669 3780 832 3835 etiam
858 3777 998 3855 quod
1016 3819 1034 3855 _,
1063 3778 1268 3855 omisso
1294 3778 1484 3855 eodem
1514 3777 1791 3847 Eudoxio,

185 3849 315 3923 post
346 3868 554 3924 paucos
605 3868 795 3924 versus
841 3851 956 3924 agit
996 3849 1066 3924 de
1099 3850 1383 3924 I'Ittuornio.
1415 3849 1566 3924 Illum
1604 3860 1792 3924 autem

183 3920 430 3982 fortasse
460 3924 545 3980 hic
570 3922 841 3979 addiderit
869 3920 1162 3992 quispiam,
1195 3921 1285 3990 qui
1315 3920 1509 3991 legerit
1535 3922 1619 3976 vel
1651 3924 1792 3991 apud

185 3997 559 4055 Athanasium
590 3995 681 4051 lib.
715 3995 783 4049 de
813 3994 1046 4064 Synodis
1078 4006 1129 4061 p.
1162 3992 1290 4053 915.
1322 3995 1533 4048 Aetium
1566 3993 1795 4049 Eudoxii

180 4070 514 4142 magistrum
543 4063 958 4142 dici,_vel_apud_
977 4063 1382 4142 Tlieodoretum
1415 4065 1668 4142 lib._n,_c.
1696 4064 1791 4131 27,

178 4135 417 4199 Aetium
447 4138 750 4194 Antiochia:
782 4136 1054 4191 invenisse
1082 4135 1409 4201 Eudoxium,
1436 4138 1525 4207 qui
1556 4138 1674 4206 ejus
1704 4155 1793 4191 ur-

180 4214 273 4271 bis
304 4212 456 4269 sicut
484 4220 539 4265 et
564 4218 749 4281 postea
781 4207 1283 4278 Constantitmpolis
1312 4209 1680 4280 episcopatum
1713 4211 1795 4263 in-

177 4293 440 4349 vaserat,
471 4281 717 4338 doctrina
744 4294 926 4335 secum
948 4281 1400 4335 consentientem.
1426 4283 1611 4335 Aetius
1639 4297 1791 4347 vero,

173 4372 354 4430 quem
402 4354 624 4430 atheum
654 4353 813 4430 vulgo
861 4354 1276 4420 nuncupabant,
1313 4365 1437 4407 cum
1487 4352 1792 4430 Epiphanio

177 4426 364 4496 teste,
400 4428 609 4484 litteras
652 4426 721 4480 ad
751 4439 918 4496 usque
950 4437 1269 4496 provectam,
1304 4434 1518 4478 aetatem
1551 4427 1793 4494 ignoras-

175 4514 293 4568 set,
320 4494 547 4569 operam
571 4496 725 4555 dedit
751 4494 1069 4569 dialectica}.
1102 4494 1380 4565 Praecipua
1402 4498 1520 4564 ejus
1548 4499 1791 4552 doctrina

177 4576 235 4630 in
274 4568 649 4631 Aristotelicis
689 4568 979 4638 eategoriis
1010 4569 1180 4633 posita
1218 4578 1335 4621 erat
1360 4607 1375 4632 ,
1407 4582 1471 4622 ac
1503 4579 1645 4623 tutos
1674 4569 1792 4624 dies

176 4649 235 4701 in
266 4645 479 4701 divinis
509 4642 675 4698 rebus
705 4640 1174 4711 persyllogismos
1210 4639 1679 4711 geometricasque
1706 4657 1787 4698 re-

172 4718 347 4785 gulas
416 4712 741 4785 tractandis,
793 4709 1148 4785 deliniendis,
1200 4709 1509 4785 dividendis
1557 4709 1785 4771 terebat.

177 4781 354 4845 Venit
385 4784 767 4843 Alexandriam
800 4791 921 4852 post
970 4781 1232 4837 introsum
1268 4782 1318 4835 in
1350 4781 1532 4837 sedem
1564 4785 1792 4851 patriar-

174 4861 411 4915 cbalem
457 4855 749 4927 Georgium
772 4897 786 4921 ,
816 4870 844 4907 a
894 4868 1005 4927 quo
1031 4852 1193 4908 etiam
1237 4852 1584 4927 adobeunda
1612 4859 1791 4914 munia

173 4929 566 4988 ecclesiastica
608 4924 821 4982 videtur
860 4924 1168 4989 admissus;
1220 4924 1364 4980 unde
1414 4926 1638 4981 forsitan
1667 4943 1791 4985 eum

106 5060 115 5065 _
176 5001 530 5061 Athanasius
562 4999 765 5070 putavit
808 5011 839 5070 a
868 4996 1104 5066 Georgio
1129 4996 1432 5070 diaconum
1447 4997 1752 5054 ordinatum
1775 5043 1789 5066 ,

172 5092 311 5133 cum
347 5089 529 5129 tamen
560 5067 684 5128 eum
712 5069 956 5125 ordinem
987 5070 1054 5123 ab
1096 5070 1380 5124 eunencho
1411 5067 1639 5124 Leontio
1685 5073 1795 5126 An-

171 5146 414 5203 tiochizc
443 5145 766 5201 Arianorum
815 5140 1072 5210 episcopo
1115 5141 1432 5208 accepisset.
1466 5141 1514 5195 Is
1563 5145 1793 5200 rotunde

168 5221 504 5277 affirmabat
528 5216 723 5273 Filium
754 5212 927 5268 Patris
952 5214 1187 5286 ἁνομοῖον
1221 5227 1373 5286 esse,
1409 5215 1512 5270 hoc
1541 5222 1652 5279 est,
1683 5218 1795 5270 dis-

168 5293 467 5354 similem;
499 5288 643 5345 unde
671 5295 971 5342 sectatores
997 5284 1136 5356 ejus,
1170 5284 1258 5356 qui
1288 5300 1694 5356 nonnumquam
1723 5289 1792 5341 ab

166 5363 441 5422 auctoris
502 5360 720 5417 nomine
780 5354 1099 5414 dicebantur
1151 5354 1401 5424 Aeliani,
1456 5354 1791 5427 frequentius

170 5433 446 5493 Anomaai
475 5433 870 5490 vocitabantur.
897 5428 1113 5484 Aetium
1156 5428 1351 5500 reliqui
1390 5431 1574 5487 Ariani
1605 5434 1791 5502 exagi-

168 5517 406 5572 tarunt,
428 5520 532 5560 non
555 5504 698 5575 quod
719 5504 936 5558 diversa
960 5503 1049 5575 ille
1074 5503 1329 5575 sentiret,
1346 5502 1445 5558 sed
1471 5502 1613 5574 quod
1642 5517 1794 5558 meu-

169 5594 293 5637 tem
353 5593 512 5633 suam
545 5573 849 5646 simplicius
879 5573 1210 5646 patefaciens
1238 5615 1253 5639 ,
1284 5573 1636 5642 blasphemiis
1679 5577 1794 5629 suis

170 5654 279 5711 toti
318 5649 550 5707 factioni
580 5644 853 5704 conﬂahat
879 5645 1154 5700 invidiam.
1187 5644 1369 5717 Itaque
1397 5647 1669 5717 relegatus
1696 5646 1796 5701 fuit

169 5743 204 5782 a
232 5722 603 5789 Constantio,
627 5717 943 5789 Ambladam
977 5718 1031 5789 in
1064 5717 1260 5772 linibus
1287 5716 1502 5789 Pisidia:
1522 5716 1591 5773 ac
1618 5717 1793 5789 Phry-

316 5780 931 5870 aitamslubi-libellum
975 5785 1081 5870 309
1109 5786 1457 5870 ﬂuctuantis
1483 5794 1594 5870 ιιιιιΙ
1619 5780 1797 5870 vertile

171 5850 583 5943 Simonem
629 5856 796 5920 fatum
843 5855 1097 5931 Vulguvll.
1136 5850 1339 5916 uarum
1368 5850 1437 5916 47
1464 5850 1707 5916 confiunt
1735 5852 1792 5913 Β.

1905 1900 2149 1970 perfidiae
2196 1901 2361 1974 hujus
2411 1903 2660 1961 hmredes
2705 1913 3036 1976 sequuntur,
3084 1904 3176 1960 alii
3234 1903 3501 1961 diversos.

1903 1991 2169 2065 Numquid
2200 1995 2407 2052 divisus
2436 2008 2519 2053 est
2545 1997 2831 2054 Christus?
2872 1998 2977 2055 Sed
3008 1997 3099 2069 qui
3125 2012 3250 2054 eum
3286 2012 3315 2053 a
3344 1996 3505 2053 Patre

1898 2089 2168 2155 dividunt,
2196 2091 2302 2162 ipsi
2334 2106 2393 2147 se
2422 2092 2697 2148 scindunt.

1968 2183 2061 2238 46.
2106 2185 2173 2240 Ει
2210 2185 2334 2242 ideo
2382 2186 2644 2258 quoniam
2698 2188 3060 2244 communiter
3107 2186 3371 2243 adversus
3400 2186 3505 2243 Ec-

1899 2275 2121 2332 clesiam
2175 2277 2304 2344 Dei,
2351 2279 2550 2350 quibus
2608 2278 2753 2336 inter
2804 2280 3014 2353 seipsos
3062 2294 3168 2336 non
3209 2280 3504 2347 convenit,

1900 2374 2323 2443 conspirarunt,
2360 2376 2635 2432 communi
2688 2378 2909 2433 nomine
2957 2376 3278 2444 haereticos,
3307 2376 3505 2449 quibus

1902 2467 2340 2541 respondendum
2369 2480 2483 2539 est,
2514 2471 2830 2529 nominabo.
2866 2472 3100 2531 llmresis
3131 2474 3279 2530 enim
3300 2515 3314 2539 ,
3358 2471 3504 2529 velut

1901 2705 2262 2783 Epiphanius,
2292 2709 2381 2780 qui
2414 2719 2519 2783 tam
2549 2709 2615 2765 de
2637 2720 2859 2767 auctore
2887 2711 3003 2782 ipso
3032 2726 3193 2780 quam
3223 2712 3505 2783 deseqna-

1897 2778 2051 2834 cibus
2076 2779 2224 2856 ejus_
2246 2778 2352 2835 non
2403 2781 2767 2856 perfunctorie
2792 2778 2925 2852 agit.
2960 2778 3061 2838 Adi
3099 2800 3313 2856 quoque
3337 2778 3505 2840 Sozo-

1898 2867 2116 2924 menum
2173 2852 2265 2924 lib.
2297 2867 2374 2919 ιιι,
2399 2868 2518 2924 cap.
2548 2854 2604 2918 5,
2656 2856 2788 2909 edit.
2827 2855 2967 2920 Val.,
2996 2866 3049 2910 et
3091 2852 3370 2921 Socratem
3405 2856 3500 2911 lib.

1898 2938 2020 2994 cap.
2050 2923 2139 2997 35.
2174 2923 2477 2997 Eunomius
2507 2926 2823 2996 magistrum
2854 2926 3043 2983 habuit
3073 2928 3313 2995 Aetium,
3339 2944 3502 2997 quem

1898 3009 2021 3048 cum
2070 2995 2458 3051 Alexandriam
2506 2995 2650 3052 anno
2676 2997 2784 3053 556
2834 3000 3217 3065 convenisset,
3248 2995 3502 3055 eumdem

1898 3079 2043 3136 anno
2093 3067 2201 3122 558
2246 3067 2591 3124 Antiochiam
2635 3070 2701 3124 ad
2736 3071 3038 3125 Eudoxium
3066 3112 3081 3135 ,
3115 3072 3192 3126 uti
3226 3073 3501 3136 diximus,

1901 3135 2337 3212 proﬁciscentem
2360 3140 2651 3212 comitatus
2671 3149 2775 3197 est.
2793 3141 2991 3198 Factus
3016 3142 3159 3199 haud
3183 3144 3354 3199 multo
3379 3135 3507 3212 post

1900 3225 1971 3265 ex
2006 3209 2143 3285 Aetii
2195 3210 2749 3285 no_tario_Cyzicensis
2783 3215 3104 3285 episcopus.
3140 3224 3288 3269 tanta
3341 3209 3503 3268 vehe-

1903 3281 2103 3336 mantia
2138 3281 2448 3349 praedicavit
2479 3281 2699 3339 errores
2726 3281 2873 3349 suos,
2905 3281 3266 3341 ut'Eudoxitts
3293 3286 3345 3340 in
3373 3299 3504 3339 con-

1900 3353 2061 3428 cilia.
2105 3352 2741 3428 jubenteuimperatnre,
2795 3355 3266 3428 Constantinopoli
3316 3356 3504 3412 habito

1903 3424 2054 3499 illum
2086 3423 2579 3499 exueredignitate
2623 3441 2720 3481 sua
2747 3438 2972 3483 coactus
3004 3423 3187 3485 fuerit.
3217 3429 3350 3485 [tetu
3380 3430 3504 3499 qui-

1899 3495 2021 3571 dem
2053 3494 2212 3571 aliter
2247 3494 2639 3571 Philustorgius
2692 3507 2913 3571 narrat,
2940 3500 3033 3554 sed
3081 3501 3150 3553 ob
3195 3494 3498 3571 profession

1900 3567 1970 3643 in
1986 3566 2308 3643 Eunomium
2331 3566 2591 3643 studium,
2614 3570 2706 3639 qui
2734 3571 3007 3643 audiatur,
3039 3566 3209 3643 plane'
3225 3573 3497 3643 indignus.

1901 3637 2065 3709 Igitur
2110 3640 2395 3695 abdicatus
2442 3637 2754 3710 episcopatu
2799 3641 2939 3697 idem
2993 3637 3503 3706 liimomiusfordi-

1898 3712 2039 3784 natis
2080 3712 2347 3784 episcopis
2393 3726 2458 3765 ac
2507 3714 2869 3784 presbyteris,
2914 3718 3281 3771 secessionem
3334 3714 3498 3779 fecit;

1899 3782 2024 3857 l_ice_t
2069 3798 2176 3857 non
2228 3783 2477 3857 videatur
2529 3786 2631 3839 nisi
2661 3782 2761 3841 stth
2807 3785 3018 3842 Ioviani
3052 3788 3280 3857 imperio
3323 3787 3499 3857 palam

1902 3853 2144 3928 Eudoxio
2174 3855 2464 3928 amicitiam
2499 3858 2856 3914 renuntiasse.
2886 3857 2986 3926 Qui
3018 3853 3145 3913 non'
3180 3853 3500 3928 ignorabant

1899 3925 1952 4002 in
1984 3928 2173 4002 eadem
2205 3926 2464 4002 Opinione
2491 3939 2782 4002 utrumque
2817 3925 2939 3984 esse
2969 3925 3327 4002 episcopum,
3355 3931 3498 4002 quod

1900 3995 2178 4050 Eudoxius
2207 4010 2301 4065 per
2339 3997 2602 4066 ignaviam
2631 3995 2921 4057 defecisset
2957 3995 3032 4066 ab
3065 3995 3332 4057 Eunomio
3358 3995 3499 4056 indi-

1896 4084 2059 4135 gnum
2092 4063 2224 4139 rati,
2258 4063 2380 4122 cuni
2411 4068 2569 4139 hujus
2600 4069 2835 4128 laetiOttc
2885 4063 2985 4129 sub
3032 4074 3494 4128 Eunomiauurunt

1897 4138 2175 4215 vocabulo
2210 4138 2513 4215 cuiverunt.
2548 4140 2629 4196 Ex
2680 4141 2769 4198 his
2797 4145 2945 4199 fuere
2973 4143 3240 4215 Georgius
3265 4145 3499 4198 Alexan-

1895 4208 2376 4286 drinus,_Acac_ius
2422 4212 2803 4286 Qmsaricusis,
2839 4214 3038 4286 aliique
3086 4208 3267 4283 pl'urcs
3310 4215 3496 4269 orien-

1896 4282 2035 4359 tales
2059 4283 2300 4353 episcOpi
2322 4283 2593 4359 ;_et_inter
2617 4282 2980 4342 occidentales
3008 4282 3100 4359 qui
3132 4286 3351 4341 Arianis
3378 4302 3500 4356 par-

1898 4353 2637 4427 tibusAnonten‘dederunt,
2687 4372 2857 4427 prope
2904 4353 3161 4414 universi.
3210 4359 3317 4414 Eos
3368 4353 3500 4414 vero

1894 4425 2078 4501 caeteri
2107 4422 2316 4501 _Ari_a_ni
2366 4441 2429 4480 ac
2476 4422 2802 4501 Seiiiiariani
2848 4430 3184 4500 rejicicbant.
3218 4432 3500 4501 Scripsere

1894 4497 2187 4569 Gregorius
2217 4496 2494 4569 Nyssenus
2536 4510 2591 4554 et
2621 4500 2852 4558 Basilius
2899 4496 3086 4557 contra
3118 4496 3440 4557 Enniomi'um
3475 4525 3488 4560 :

1894 4571 1963 4624 de
1990 4586 2098 4639 quo
2142 4569 2387 4642 meminit
2414 4571 2578 4626 etiam
2630 4571 2963 4642 Epiphanius
3014 4575 3219 4630 Hmres.
3265 4574 3357 4640 76,
3387 4574 3497 4629 Au-

1893 4644 2143 4711 gustinus
2174 4643 2242 4695 de
2274 4640 2507 4714 limes,
2530 4659 2651 4712 cap.
2677 4640 2776 4709 ΞΑ,
2806 4656 3071 4714 θιιιτειηθι
3088 4646 3497 4703 Theodorctum

1896 4717 2172 4768 Socratem
2200 4719 2255 4766 et
2281 4711 2666 4782 Sozontenum,
2700 4716 2788 4771 alii
2820 4711 2994 4773 multi.

1971 4796 1993 4862 ς
2029 4783 2309 4862 Vet._edit.
2350 4800 2473 4840 cum
2525 4802 2633 4862 uno
2678 4790 2760 4862 vel
2809 4791 2980 4862 altero
3023 4789 3302 4862 mss.,sed
3349 4791 3494 4862 cogi-

1897 4857 2122 4923 tatione;
2150 4856 2309 4911 Rom.
2340 4872 2463 4911 cum
2509 4859 2753 4928 reliquis,
2784 4861 2874 4915 sed
2900 4861 3137 4915 coitione.
3172 4861 3341 4915 Multo
3368 4856 3499 4915 con-

1895 4927 2149 5002 cinnius;
2179 4927 2642 5002 respuitdet_ettitti
2694 4933 3066 5002 superioribus
3095 4933 3201 4987 illis
3220 4975 3236 4996 ,
3268 4948 3497 4986 commn-

1897 5000 2051 5053 nione
2095 4998 2419 5054 discordans.
2450 4999 2601 5057 Unus
2634 4998 2812 5059 tamen
2840 5020 2872 5060 e
2899 5003 3138 5070 Thuan.,
3163 5002 3255 5058 sed
3280 5012 3493 5056 conten-

1893 5072 2051 5137 tione,
2086 5088 2191 5126 non
2225 5087 2391 5139 pravo
2421 5088 2604 5129 sensu.

1967 5140 1993 5179 ἀ
2020 5146 2220 5198 Omnes
2249 5142 2382 5198 edit.
2416 5154 2472 5199 et
2516 5148 2667 5214 pauci
2709 5163 2864 5212 mss.,
2898 5148 3001 5202 Alii
3051 5144 3371 5208 Endoxinm,
3403 5143 3498 5199 alii

1897 5213 2249 5289 Eunomium:
2280 5218 2370 5271 alii
2425 5213 2598 5271 inulto
2628 5220 2809 5289 plures
2839 5220 3092 5274 omittunt
3114 5258 3128 5282 ,
3169 5229 3222 5270 ιιι
3280 5216 3493 5289 monui-

1897 5303 2037 5353 tnus,
2064 5288 2164 5361 alii
2194 5288 2489 5344 Endoxinm
2508 5287 2805 5361 ,‘Altgitltttlli
2837 5292 2999 5345 etiam
3030 5304 3127 5361 pro
3158 5289 3236 5342 vel
3267 5287 3492 5361 Aeliam,

1896 5360 2181 5429 utrobique
2212 5362 2439 5426 habent,
2470 5359 2551 5415 vel
2597 5358 2889 5426 Enticium,
2920 5358 3189 5416 non—satis
3226 5369 3394 5414 recte.
3426 5360 3497 5415 At

1897 5432 2034 5488 infra
2065 5433 2152 5487 ubi
2184 5449 2281 5489 nos
2311 5448 2431 5487 cum
2456 5432 2682 5502 reliquis
2704 5434 2839 5488 edit.
2864 5448 2928 5487 ac
2958 5448 3065 5487 non
3090 5432 3309 5485 minima
3338 5442 3491 5499 parte

1897 5519 2026 5558 nise.
2058 5505 2151 5559 alii
2178 5506 2405 5559 diuersos
2434 5520 2452 5558 :
2482 5506 2664 5558 caeteri
2693 5507 2827 5559 scite
2858 5504 3021 5557 etiam
3056 5503 3374 5571 prasfernnt,
3402 5503 3497 5557 alii

1894 5594 1921 5630 e
1947 5577 2148 5631 diverso
2198 5578 2444 5631 sentiunt.
2478 5574 2632 5642 Quod
2683 5589 2861 5630 autem
2911 5574 2977 5627 ad
3013 5586 3123 5627 tres
3162 5573 3286 5627 illos
3318 5577 3494 5627 hmrc-

1899 5648 2035 5702 ticos
2062 5648 2150 5717 qui
2182 5648 2559 5718 superioribus
2594 5646 2681 5701 hic
2707 5654 3095 5718 accensentur,
3128 5659 3250 5698 cum
3282 5643 3352 5699 de
3382 5647 3495 5714 p-i-

1900 5719 2003 5773 niis
2051 5717 2265 5776 duobus
2295 5722 2361 5775 ad
2389 5718 2680 5774 concilium
2731 5717 2910 5786 Aquil.
2946 5717 3014 5773 de
3046 5724 3320 5786 postremo
3369 5732 3499 5772 vero

1938 5791 2164 5859 [primus
2195 5791 2324 5859 locis
2372 5790 2547 5844 futura
2576 5786 2646 5843 slt
2679 5784 2929 5857 loquendi
2962 5784 3212 5849 occasio.
3243 5802 3384 5845 nunc
3425 5787 3495 5841 de

1939 5806 2164 5845 tttrtmus
2196 5806 2324 5846 IOCIS
2372 5806 2547 5844 lusura
2576 5806 2646 5843 sit
2680 5806 2929 5857 Inqueuut
2962 5806 3212 5849 occasio.
3243 5806 3384 5845 nunc

1900 5806 2005 5915 illis
2036 5854 2165 5914 nihil
2201 5856 2477 5914 addemus.
3402 5868 3407 5873 -
