4042 6294
525 268 632 327 559

1886 251 2134 326 SANCTI
2170 255 2498 327 AMBROSH

3714 267 3808 324 5&0

530 389 781 462 quaedam
811 400 838 428 δ
857 390 1039 462 Hydra
1069 389 1396 457 fabularum,
1428 363 1752 472 vulneribus.
1773 390 1886 446 suis
1916 389 2089 446 crevit
2120 406 2135 446 :
2165 361 2219 452 λ
2244 403 2350 445 ιιοιι
2381 390 2559 466 vultus
2587 399 2672 480 est
2701 377 3001 480 corporalis
3027 429 3040 452 ,
3073 402 3180 444 non
3211 373 3346 443 lucis
3373 374 3689 474 composita,
3719 402 3810 442 non

528 493 584 538 et
611 487 740 539 dum
787 499 939 556 stupe
964 484 1229 540 reciditur
1248 525 1264 552 ,
1297 483 1581 554 pullulavit
1604 523 1621 550 ,
1653 481 1762 556 igni
1805 481 1983 537 debita
2008 522 2024 549 ,
2053 481 2137 536 in-

529 570 838 648 cendioque
873 548 1121 648 peritura
1155 593 1169 632 :
1201 548 1310 632 aut
1324 559 1470 632 velut
1511 548 1757 650 mundam
1805 548 2134 630 monstruosi

531 667 712 741 Scylla
743 669 981 740 portenti
1011 669 1062 724 in
1104 669 1283 724 varias
1334 667 1534 724 formas
1560 652 1815 724 distincta
1847 653 2091 739 perﬁdia:
2115 706 2136 736 ,

533 759 685 816 velut
726 776 1120 830 supervacuum
1165 759 1486 816 Christiana:
1516 769 1680 816 secta;
1711 775 1906 814 nomen
1939 741 2134 815 obten-

531 837 611 910 dit
643 873 655 908 :
685 855 782 910 sed
821 869 958 926 quos
1107 853 1202 909 illo
1234 851 1524 926 impietatis
1572 868 1686 908 suae
1731 851 1870 935 freto
1907 853 2134 910 miseros

533 947 675 1003 inter
699 947 978 1020 naufragia
1003 926 1123 1002 ﬁdei
1148 946 1352 1018 reperit
1374 947 1716 1014 ﬁuctuantes,
1734 926 1988 1003 belluinis
2009 961 2134 1019 suc-

528 1041 704 1096 cincta
759 1041 1045 1112 prodigiis,
1097 1041 1225 1096 tetri
1272 1039 1542 1112 dogmatis
1595 1055 1742 1096 stevo
1787 1039 1951 1096 dente
1994 1024 2134 1094 dila-

531 1141 702 1216 cerat.

597 1213 687 1281 47.
728 1221 897 1296 Cujus
925 1225 1260 1304 speluncam,
1288 1232 1478 1281 sancte
1509 1213 1833 1296 imperator,
1866 1223 1925 1279 ut
1950 1218 2133 1281 fcrunt

528 1327 740 1388 nautte,
774 1318 933 1376 caacis
965 1319 1186 1376 latebris
1216 1319 1624 1387 inhorrentem,
1659 1333 1990 1391 omnemque
2012 1304 2132 1388 ejus

527 1413 783 1470 viciniam
811 1414 1060 1471 caeruleis
1087 1415 1313 1471 canibus
1363 1415 1504 1470 inter
1533 1413 1774 1487 perﬁdiae
1812 1430 1942 1470 saxa
1973 1401 2129 1470 reso-

522 1517 744 1564 nantem
767 1549 782 1574 ,
813 1507 996 1564 clausa
1025 1507 1428 1578 quodammodo
1472 1502 1754 1585 praeterire
1789 1520 1945 1562 aure'
1967 1495 2131 1585 debe-

518 1616 660 1656 mus.
683 1600 956 1670 Scriptum
982 1612 1064 1657 cst
1089 1601 1232 1656 enim
1251 1622 1262 1656 :
1282 1589 1408 1670 Sepi
1429 1616 1581 1655 aures
1604 1583 1719 1654 tuas
1763 1599 1928 1674 spinis
1953 1583 2126 1673 (Eccl.

521 1708 714 1758 xxvm,
745 1694 859 1763 28).
892 1686 956 1748 Et
981 1690 1109 1748 alibi
1143 1710 1156 1746 :
1197 1691 1380 1747 Videte
1409 1709 1583 1759 canes,
1615 1688 1779 1746 uidete
1818 1690 1982 1746 malos
2009 1706 2130 1762 ope-

2237 483 2376 538 ceris
2405 500 2418 537 :
2451 459 2544 554 sed
2591 459 2824 554 simplex
2866 472 2934 538 de
2963 459 3074 538 Deo
3095 523 3110 548 ,
3135 495 3357 552 egressa
3405 479 3472 536 de
3498 459 3654 536 Patre
3679 521 3694 546 ,
3731 495 3814 535 ex-

2238 565 2425 648 pressa
2458 575 2526 632 de
2559 557 2729 634 iouia.

2307 669 2398 725 50.
2441 667 2546 726 Per
2589 649 2727 726 hanc
2759 653 3046 740 imaginem
3098 657 3348 740 Philippo
3396 642 3608 722 Patrem
3651 666 3811 722 Domi-

2237 747 2338 818 nus
2367 752 2795 832 demonstravit,
2842 763 3030 852 dicens
3060 780 3074 816 :
3109 759 3389 852 Philippe,
3417 761 3507 831 qui
3551 777 3628 814 me
3662 761 3811 828 videt,

2235 857 2370 912 uidet
2415 867 2461 912 et
2510 856 2746 914 Patrem.
2779 855 2849 912 Et
2877 845 3132 928 quomodo
3170 867 3225 910 tu
3257 845 3438 928 dicis:
3471 853 3691 928 Ostende
3729 861 3812 908 no-

2236 948 2313 1003 bis
2343 947 2557 1006 Patrem
2579 952 2604 1004 .7
2632 948 2755 1005 Non
2781 925 2951 1004 credis
2988 940 3230 1024 quia'ego
3275 951 3327 1002 in
3369 927 3524 1002 Patre
3543 991 3560 1014 ,
3598 957 3646 1002 et
3676 925 3814 1000 Pater

2234 1042 2288 1096 in
2315 1059 2395 1096 me
2422 1052 2497 1098 est
2521 1041 2706 1115 (Joan.
2738 1057 2856 1109 xlv,
2878 1034 2912 1097 9
2931 1030 2980 1097 ἓι
3000 1015 3134 1099 ⁷ΙΟΥῘ
3165 1015 3320 1097 ἶτίιΙιει
3343 1041 3488 1097 enim
3523 1039 3576 1095 in
3602 1039 3812 1110 imagine

2235 1133 2482 1199 Patrem;
2511 1134 2601 1204 qut
2633 1127 2780 1190 ittlet
2823 1135 2878 1188 tn
2925 1132 3088 1190 Filio.
3143 1125 3308 1189 Vlties
3329 1141 3494 1200 quam
3549 1126 3812 1202 imagini-in

2233 1224 2424 1281 dicat?
2455 1221 2635 1297 Imago
2663 1225 2765 1281 ista
2794 1226 2995 1282 ret-llas
3025 1223 3126 1294 est,
3155 1225 3337 1297 iuiago
3365 1222 3467 1281 [sia
3491 1225 3698 1298 justiti:
3719 1235 3809 1290 est,

2236 1318 2415 1393 imago
2463 1320 2564 1376 ista
2615 1321 2714 1376 Del
2767 1321 2941 1376 virtus
2973 1333 2995 1359 ε·
3019 1327 3104 1376 est
3134 1335 3147 1375 :
3177 1331 3285 1376 non
3317 1333 3509 1386 muta;
3549 1322 3668 1391 quia
3698 1319 3815 1374 Ver-

2234 1413 2360 1468 bum
2389 1421 2472 1470 est
2503 1430 2518 1468 :
2547 1412 2656 1469 uult
2707 1413 3072 1480 Iasensiltills,
3107 1414 3234 1485 quia
3276 1413 3550 1484 sapientia
3577 1422 3657 1468 cst
3682 1429 3696 1468 :
3718 1417 3813 1468 non

2235 1505 2412 1561 inanis
2439 1549 2454 1573 ,
2480 1507 2602 1578 quia
2633 1507 2804 1562 virtus
2827 1516 2912 1563 est
2941 1524 2954 1560 :
2984 1523 3093 1562 non
3147 1521 3313 1562 vacua
3336 1541 3351 1572 ,
3383 1507 3514 1576 aula
3554 1505 3661 1561 vita
3687 1514 3764 1561 est
3798 1524 3812 1559 :

2235 1615 2341 1656 non
2389 1611 2634 1668 mortua,
2669 1600 2792 1672 quia
2838 1600 3172 1656 resurrectio
3195 1609 3302 1655 est.
3337 1598 3502 1655 Vides
3547 1613 3679 1671 ergo
3704 1600 3812 1670 quia

2205 1677 2360 1748 'dum
2408 1693 2583 1765 imago
2633 1693 2874 1761 dicitur,
2906 1693 3119 1748 Patrem
3183 1691 3460 1766 signiﬁcat
3505 1707 3626 1748 esse
3680 1691 3815 1762 cuius

518 1787 687 1844 rarius
719 1784 949 1858 (Philip.
982 1803 1072 1855 ιιι,
1098 1786 1178 1858 2).
1215 1771 1281 1842 Et
1331 1775 1524 1843 iteium
1557 1804 1570 1841 :
1603 1781 1920 1842 ercticum
1965 1783 2130 1841 homi-
2162 1795 2208 1855 Β
2235 1787 2414 1858 imago
2459 1788 2530 1843 sit
2581 1787 2792 1853 Filius;
2827 1788 2950 1860 quia
2980 1802 3140 1844 nemo
3174 1793 3352 1857 potest
3378 1786 3497 1858 ipse
3525 1786 3626 1842 sibi
3657 1785 3816 1854 imago

520 1896 636 1934 nent
683 1887 797 1950 post
842 1879 1063 1948 primam
1106 1879 1475 1952 correptionem
1506 1878 1699 1944 devita,
1729 1876 1758 1918 δ
1807 1879 1974 1934 sciens
2003 1878 2128 1950 quia

519 1972 792 2028 subversas
842 1983 917 2027 est
945 1973 1034 2043 qui
1091 1973 1346 2040 eiusmodi
1375 1983 1446 2028 est
1467 2013 1482 2037 ,
1513 1983 1560 2028 et
1597 1973 1880 2044 delinquit,
1913 1990 2029 2028 cum
2061 1973 2127 2026 sit

520 2068 736 2138 proprio
770 2065 975 2140 judicio
1021 2066 1295 2120 damnatus
1342 2063 1473 2137 (Tit.
1509 2057 1603 2132 ιιι,
1638 2049 1884 2137 10,“).
1941 2051 2126 2138 itaque

523 2168 800 2229 tamquam
833 2159 956 2215 boni
983 2158 1378 2231 gubernatores
1403 2175 1510 2231 qttu
1541 2147 1709 2215 tutius
1741 2171 2127 2229 praetermearo

524 2251 821 2320 possimus,
851 2250 978 2308 ﬁdei
1005 2253 1120 2308 vela
1151 2253 1455 2316 tendamus.
1489 2249 2004 2325 Scripturarutnque
2043 2268 2128 2310 re-

523 2343 770 2420 legamus
793 2345 1061 2405 ordinem.

1053 2434 1216 2536 (.53
1261 2461 1495 2520 CAPUT
1535 2461 1648 2519 vn.

525 2577 610 2634 Ea:
636 2575 839 2641 Paulo,
874 2576 1137 2660 prophetis
1165 2585 1318 2647 atque
1367 2573 1648 2664 Evangelia
1675 2575 1909 2664 Christus
1935 2576 2126 2631 asseris

595 2675 678 2722 tur
714 2665 862 2722 Patri
887 2665 1070 2722 similis
1085 2658 1354 2737 ﬁniatime
1381 2658 1499 2722 itero
1527 2683 1592 2722 ex
1614 2658 1839 2724 ltomittii
1869 2667 1939 2723 ad
1984 2667 2127 2724 simi-

596 2759 872 2815 litudinem
898 2759 1124 2814 divinam
1144 2760 1421 2815 creatione.

598 2899 690 2956 48.
733 2900 1029 2971 Apostolus
1092 2897 1227 2956 dicit
1275 2896 1566 2972 imaginem
1614 2869 1795 2958 Patris
1851 2871 2126 2960 Christum

523 3007 681 3061 esse;
709 2995 784 3050 ait
831 2993 976 3050 enim
1007 2992 1153 3065 quod
1195 2993 1309 3065 ipse
1338 2994 1408 3050 sit
1453 2995 1632 3066 imago
1674 2991 1772 3050 Dei
1801 2993 2122 3062 invisibilis,

519 3087 917 3160 primogenitus
944 3083 1209 3142 universae
1248 3091 1512 3142 creaturae
1541 3079 1764 3160 (Colass'.
1792 3101 1832 3155 ι,
1863 3083 1975 3161 15).
2005 3077 2126 3143 Pri-

2231 1896 2326 1937 sua
2355 1895 2496 1936 esse.

2300 1975 2391 2058 5i.
2439 1975 2599 2031 Plura
2643 1990 2857 2046 possem
2896 1971 2922 2012 ά
2953 1974 3021 2032 de
3069 1974 3190 2030 Filii
3238 1949 3570 2058 lesiimoniis
3613 1972 3813 2038 dicere,

2229 2052 2324 2122 sed
2375 2055 2443 2124 ite
2482 2065 2623 2124 forte
2674 2068 2791 2138 ipse
2837 2066 2940 2124 sibi
2969 2067 3193 2123 nimium
3236 2052 3432 2122 lavisse
3457 2065 3701 2133 dicatur,
3729 2064 3819 2118 Pa-

2231 2168 2366 2216 trem
2417 2161 2833 2233 interrogemus.
2882 2161 3091 2233 Nempe
3136 2161 3252 2232 ipse
3305 2145 3442 2216 dixit
3487 2177 3500 2212 :
3553 2155 3818 2213 Faciamus

2229 2256 2484 2312 hominem
2535 2245 2630 2311 ad'
2663 2257 2942 2332 imaginem
3009 2267 3058 2312 et
3127 2233 3523 2313 similitudinem
3605 2265 3818 2310 nostram

2227 2347 2382 2424 (Gen.
2415 2366 2462 2420 ι,
2494 2349 2610 2420 26).
2639 2341 2800 2406 Pater
2847 2349 2988 2406 Filio
3032 2350 3163 2406 dicit
3195 2367 3208 2404 :
3244 2350 3325 2404 Ad
3369 2349 3648 2422 imaginem
3691 2357 3736 2403 et
3759 2349 3799 2403 si

2148 2459 2152 2464 ·
2227 2443 2573 2500 militudinem
2617 2454 2969 2511 nostram;et
3018 2452 3075 2500 tu
3118 2433 3441 2501 dissimilem
3489 2443 3686 2499 Filium
3735 2441 3817 2498 llei

2226 2536 2400 2593 dicis?

2299 2629 2390 2686 52.
2431 2629 2669 2687 Joannes
2723 2629 2856 2686 dicit
2905 2645 2919 2686 :
2969 2629 3194 2697 Dilecti,
3247 2629 3347 2700 ﬁlii
3395 2628 3494 2686 Dei
3529 2640 3740 2695 sumus,
3777 2639 3818 2683 et

2227 2721 2457 2778 nondum
2485 2723 2698 2797 apparet
2718 2713 2850 2795 quid
2868 2722 3058 2780 erimtli
3086 2737 3106 2778 :
3129 2722 3320 2778 scimus
3337 2723 3461 2794 quia
3487 2723 3533 2777 si
3556 2721 3820 2776 revelatum

2227 2818 2403 2888 fuerit,
2436 2804 2630 2873 similes
2677 2819 2723 2874 ei
2753 2819 2942 2873 erimus
2969 2815 3014 2891 (l
3042 2815 3202 2872 Joan.
3238 2833 3316 2884 ut,
3344 2814 3424 2889 2).
3455 2803 3502 2872 ό
3531 2811 3819 2886 improvida

2227 2913 2499 2969 amentia!
2533 2930 2566 2967 ο
2621 2912 2904 2985 impudens
2949 2913 3290 2984 pervicacia!
3323 2912 3585 2968 llomlnes
3609 2925 3821 2978 sumus,

2227 3015 2283 3064 el
2311 3009 2360 3063 In
2393 3010 2500 3080 qud
2549 3015 2869 3080 possumus,
2901 3007 2968 3064 ad
2997 3005 3410 3063 similitudinem
3465 3007 3562 3064 Dei
3592 3007 3819 3072 erimus;

2225 3101 2282 3160 ei.
2307 3103 2538 3178 similem
2571 3099 2835 3159 audemus
2864 3099 2959 3158 Dei
2984 3099 3180 3158 Filium
3209 3101 3522 3173 denegare?

525 3182 834 3250 mogenitus
855 3222 871 3247 ,
902 3179 1111 3250 inquit,
1145 3196 1250 3237 non
1281 3173 1712 3254 primocre'atus;
1744 3195 1802 3238 ut
1829 3165 1884 3238 et
1910 3171 2124 3254 genitus
2151 3184 2197 3248 C
2297 3167 2466 3271 ἀει
2501 3198 2590 3254 55,
2632 3196 2778 3269 Ergo
2833 3198 2994 3254 pater
3047 3196 3185 3252 δίιίι
3216 3213 3228 3250 ε
3262 3165 3545 3266 nam"...
3573 3197 3822 3252 θεοιηξιιε,

522 3289 626 3346 pro
671 3282 864 3330 natura
891 3314 907 3342 ,
948 3283 1000 3329 et
1049 3275 1256 3345 primus
1303 3289 1401 3345 pro
1450 3275 1808 3346 perpetuitate
1850 3275 2124 3332 credatur.

527 3368 670 3424 Alibi
718 3379 934 3440 quoque
977 3368 1271 3440 Apostolus
1319 3369 1548 3425 asseruit
1575 3367 1720 3441 quod
1757 3369 1928 3442 lp's'ttm
1954 3367 2126 3443 postlil

527 3462 784 3518 htercdem
828 3461 1090 3530 omnium,
1121 3480 1212 3535 per
1235 3480 1386 3535 quem
1427 3447 1547 3534 fecit
1576 3474 1622 3518 et
1666 3451 1892 3539 saecula,
1925 3467 2014 3536 qui
2052 3458 2126 3520 ὁδὶ

524 3555 769 3628 splendor
796 3556 996 3626 glorior,
1029 3567 1078 3610 et
1104 3557 1370 3612 character
1391 3541 1691 3613 substantia:
1715 3559 1832 3631 ejus
1861 3557 2051 3632 (Hebr.
2083 3575 2124 3626 ι,

525 3649 561 3704 3
585 3648 627 3720 ).
660 3649 950 3719 Imaginem
996 3650 1291 3720 Apostolus
1343 3651 1506 3719 dicit,
1540 3661 1597 3708 et
1624 3651 1789 3708 Arius
1825 3650 1959 3708 dlcii
2004 3659 2128 3708 esse

526 3741 855 3800 diSsilttilem
892 3759 906 3798 :
941 3757 1040 3800 cur
1064 3743 1264 3816 imago,
1291 3739 1336 3802 si
1361 3743 1768 3804 similitudinem
1801 3765 1909 3804 nun
1942 3729 2128 3804 habet?

526 3836 582 3892 in
615 3836 842 3906 picturis
888 3836 1138 3893 homines
1169 3838 1358 3894 nolunt
1379 3855 1502 3895 esse
1529 3839 1825 3896 dissimiles
1844 3881 1860 3906 ,
1886 3848 1942 3896 et
1966 3840 2128 3897 Arius

527 3926 852 3986 dissimilem
881 3928 1096 3986 Patrem
1123 3931 1405 3987 contendit
1431 3931 1606 3999 Filio,
1635 3941 1688 3988 et
1724 3931 1837 3988 vult
1867 3939 1924 3988 ut
1966 3931 2128 3988 Pater

525 4023 852 4081 dissimilem
905 4027 1155 4098 genuerit
1184 4027 1266 4082 sui
1291 4068 1307 4096 ,
1341 4027 1491 4098 quasi
1523 4013 1798 4100 impotens
1823 4027 1914 4100 qui
1955 4043 2122 4102 gene-

522 4133 646 4174 rare
673 4118 905 4175 similem
938 4136 1042 4176 non
1077 4119 1332 4192 potuerit.

601 4211 693 4266 49.
735 4211 1020 4282 ΡιιορΙιθιω
1065 4214 1302 4270 dicunt:
1355 4213 1419 4270 ln
1467 4217 1664 4272 lumine
1711 4225 1802 4271 tuo
1845 4216 2128 4273 videbimus

527 4305 701 4360 lumen
729 4303 908 4371 (Psal.
937 4324 1099 4378 xxxv,
1132 4308 1242 4384 10).
1267 4309 1552 4384 Propheta:
1595 4309 1788 4369 dicunt
1819 4329 1832 4367 :
1864 4311 2128 4381 Splendor

532 4409 608 4485 est
638 4402 774 4454 enim
821 4401 950 4456 lucis
999 4414 1206 4460 ceterum
1227 4445 1243 4473 ,
1275 4415 1322 4461 et
1349 4406 1612 4476 speculum
1660 4407 1772 4462 sine
1799 4407 2004 4462 macula
2029 4405 2130 4466 Dei

523 4493 832 4561 maiestatis,
857 4505 904 4548 et
925 4495 1098 4567 imago
1123 4497 1362 4552 bonitatis
1381 4497 1524 4552 illius
1552 4497 1708 4570 (Sap.
1734 4513 1826 4567 ut,
1851 4497 1969 4570 26).
1995 4499 2130 4556 Vide

2227 3292 2297 3346 ad
2323 3293 2600 3366 imaginem
2652 3301 2698 3348 et
2726 3291 3121 3348 similitudinem
3170 3299 3421 3348 nostram.
3457 3291 3517 3347 In
3565 3292 3821 3364 principio

2228 3386 2400 3455 ipsius
2430 3379 2619 3440 mundi
2650 3381 2866 3441 Palrem
2900 3394 2954 3440 et
2990 3383 3184 3440 Filium
3215 3399 3340 3440 esse
3371 3385 3558 3454 audio,
3591 3392 3646 3442 et
3673 3401 3822 3441 unum

2227 3493 2364 3548 Opus
2388 3493 2575 3534 cerno.
2613 3479 2789 3534 Audin
2831 3480 3142 3550 loquentem
3165 3519 3182 3544 ,
3215 3495 3456 3550 agnosco
3504 3482 3821 3545 facientem;

2223 3573 2322 3629 sed
2349 3582 2404 3628 et
2424 3573 2600 3629 Patris
2646 3581 2701 3630 et
2727 3573 2849 3629 Filii
2880 3586 3040 3629 unam
3083 3573 3376 3644 imaginem
3404 3617 3419 3641 ,
3453 3583 3617 3630 unam
3647 3577 3819 3631 simili-

2230 3665 2472 3724 tiidinem
2520 3663 2661 3737 lego'.
2697 3661 3008 3724 Similitudo
3041 3667 3156 3726 lucc
3184 3684 3290 3726 non
3337 3669 3676 3727 diversitatis
3703 3713 3717 3740 ,
3741 3669 3820 3727 sed

2227 3749 2451 3819 unitatis
2480 3774 2585 3821 est.
2618 3764 2774 3834 Quod
2827 3765 2990 3836 igitur
3017 3765 3109 3822 tibi
3140 3780 3409 3833 usurpas,
3445 3765 3590 3822 Filio
3619 3767 3714 3822 Dei
3738 3767 3816 3821 de-

2226 3870 2426 3928 rogas;
2455 3867 2578 3912 cum
2629 3859 2817 3930 utique
2847 3859 2952 3914 nisi
2995 3871 3092 3930 per
3118 3859 3412 3930 imaginem
3449 3859 3582 3927 Dei,
3612 3861 3680 3916 ad
3707 3861 3796 3915 iuta

2226 3938 2408 4024 g'iuem
2441 3949 2534 4006 Dei
2565 3965 2688 4009 esse
2721 3964 2828 4008 non
2860 3955 3056 4025 possis.

2829 4065 3062 4124 CAPUT
3099 4066 3236 4124 Vill.

2229 4165 2316 4234 Ea:
2356 4171 2572 4254 probata
2617 4177 2748 4235 Filii
2795 4193 2916 4236 cum
2969 4172 3129 4236 Patre
3172 4179 3558 4244 similitudine.
3607 4185 3817 4238 cumdel

2301 4279 2551 4330 sternunt
2597 4277 2750 4330 etiam
2785 4292 2894 4332 esse
2923 4277 3064 4332 haud
3091 4292 3226 4352 egre
3256 4277 3659 4345 demonstrari,
3701 4279 3818 4348 quod

2305 4366 2644 4424 nihilominus
2690 4371 2940 4425 astraitur
2977 4379 3006 4425 ε
3046 4371 3314 4441 prophetia
3348 4369 3560 4440 Esaiae,
3589 4384 3655 4428 ac
3678 4372 3819 4428 Joan-

2302 4460 2383 4522 n'is
2413 4451 2730 4535 Evangelia;
2761 4461 2913 4533 cujus
2952 4445 3121 4518 nliit'ni
3147 4466 3460 4522 auctoritate
3491 4467 3648 4523 obrui
3674 4467 3817 4523 herr-

523 4556 722 4658 quant'a
771 4556 1054 4644 dicantur.”
1096 4587 1399 4662 Splendor;
1427 4556 1572 4662 quod
1619 4556 1837 4646 claritas
1885 4556 2130 4662 pateram
2159 4577 2208 4642 D
2302 4557 2521 4612 “an,”
2549 4556 2902 4613 ἀθειανθηίννο

521 4681 661 4738 lucis
689 4683 740 4738 in
768 4681 906 4738 Filio
935 4684 1007 4740 sit
1034 4699 1048 4737 :
1078 4685 1342 4758 speculum
1369 4683 1480 4740 sine
1505 4679 1750 4755 macula;
1779 4683 1924 4758 quod
1963 4683 2124 4742 Pater

524 4777 773 4834 videatur
797 4778 852 4834 in
885 4779 1025 4836 Filio
1056 4798 1070 4834 :
1099 4781 1272 4853 imago
1297 4780 1584 4849 bonitatis;
1609 4781 1751 4851 quod
1781 4786 1890 4837 non
1920 4791 2118 4852 corpus

525 4872 579 4928 in
607 4887 872 4944 corpore,
903 4875 996 4930 sed
1029 4873 1204 4930 virtus
1231 4875 1282 4930 in
1310 4875 1450 4932 Filio
1487 4879 1597 4932 tota
1631 4876 1908 4934 cernatur.
1936 4876 2121 4951 Imago

524 4965 680 5022 ducet
715 4983 821 5022 non
845 4983 967 5023 esse
992 4959 1335 5036 dissimilem,
1359 4967 1630 5025 character
1655 4986 1970 5042 expressum
1999 4971 2122 5028 esse

521 5058 822 5130 signiﬁcat,
859 5059 1107 5128 splendor
1154 5061 1333 5132 signat
1378 5073 1664 5119 aeternum.
1700 5065 1879 5137 Imago
1929 5065 2120 5138 utique

521 5244 530 5254 '
596 5249 620 5281 ει
654 5243 894 5320 Monstra
947 5248 1230 5320 poetarum
1263 5241 1458 5298 fabulis
1485 5244 1767 5320 decantata
1789 5288 1806 5313 ,
1840 5252 1898 5304 et
1935 5249 2120 5320 ignota

525 5315 747 5371 nemini.
796 5311 932 5370 Cum
950 5311 1049 5388 illis
1081 5325 1259 5388 autem
1293 5329 1456 5388 quin!
1486 5317 1704 5388 pulchre
1740 5311 2122 5388 cdmpbféntur

527 5388 942 5462 ltzrresisiatque
975 5387 1236 5462 haeretici,
1268 5385 1380 5440 tum
1413 5385 1608 5457 Hydra:
1639 5391 1788 5446 virus
1810 5385 1878 5457 a'c
1898 5403 2120 5462 septena

526 5463 701 5534 capita
730 5457 865 5514 dum
893 5458 1280 5534 truncabantur
1301 5501 1316 5522 ,
1350 5463 1748 5534 succrescentia
1781 5480 1795 5516 :
1828 5469 1942 5519 tum
1965 5457 2122 5534 scyl-

529 5529 755 5585 imorum
798 5545 988 5586 canum
1041 5533 1264 5585 latratus
1295 5539 1345 5586 et
1373 5530 1590 5596 rabies,
1625 5547 1723 5588 nec
1771 5550 1878 5588 non
1931 5529 2122 5592 crebra

531 5599 952 5677 imprudentium
985 5601 1346 5677 Aad‘eutndem
1375 5603 1655 5674 scopulum
1699 5605 1972 5677 naufragia
2007 5608 2136 5676 plus

531 5675 663 5727 satis
687 5674 948 5748 probant.
976 5673 1080 5733 Sed
1111 5675 1180 5731 de
1210 5677 1293 5733 his
1321 5677 1402 5733 vir
1429 5673 1650 5734 sanctus
1680 5678 1874 5736 iterum
1892 5673 2016 5738 “lib.
2035 5697 2126 5748 nt,

528 5757 649 5812 cap.
679 5757 730 5800 ι.

603 5814 631 5856 δ
659 5814 774 5872 Non
804 5819 962 5891 pauci
986 5835 1142 5891 mss.,
1167 5823 1331 5881 sciens
1355 5824 1477 5897 quia
1497 5829 1761 5897 peruersus
1781 5835 1874 5882 est.
1901 5821 1970 5882 Et
1988 5823 2128 5884 infra

2299 4693 2388 4749 5i.
2433 4693 2600 4768 [Alias
2628 4710 2747 4764 cap.
2773 4691 2865 4767 V.]
2895 4693 3075 4750 Claret
3105 4695 3266 4766 igitur
3289 4683 3398 4750 non
3429 4711 3558 4752 esse
3585 4696 3812 4752 dissima-

2231 4785 2372 4851 lcm,
2402 4794 2458 4841 et
2489 4786 2610 4842 ideo
2653 4788 2944 4860 proclivior
2964 4787 3076 4860 ,via
3107 4798 3189 4843 cst
3213 4830 3226 4849 .
3258 4797 3318 4842 ut
3347 4783 3515 4844 etiam
3546 4790 3815 4861 sempiter-

2231 4890 2358 4934 num
2405 4893 2528 4936 esse
2560 4876 2828 4936 fateamur
2850 4923 2866 4946 ,
2897 4881 3017 4936 cum
3063 4873 3259 4936 similis
3287 4883 3608 4952 sempiterni
3657 4885 3816 4951 utique

2229 4974 2593 5044 sempiternus
2617 4973 2708 5031 sit.
2736 4974 2791 5032 Si
2823 4985 3000 5031 autem
3033 4963 3248 5031 Patrem
3279 4975 3683 5048 sempiternum
3707 4975 3815 5030 dici-

2233 5083 2382 5136 mus,
2410 5078 2465 5124 et
2513 5068 2616 5125 hoc
2646 5069 2790 5126 idem
2818 5068 3018 5126 Filium
3062 5070 3396 5140 denegamus
3416 5110 3432 5134 ,
3457 5069 3694 5126 dicimus
3715 5081 3814 5124 esse

2223 5251 2628 5326 untts_,_pr0prio
2650 5237 2781 5326 guitio
2812 5253 3102 5326 damnatus.

2302 5334 2336 5400 ς
2361 5322 2487 5379 Mss.
2524 5323 2662 5380 haud
2707 5322 2866 5400 pauci
2893 5367 2907 5390 ,
2953 5342 3056 5380 non
3096 5324 3401 5400 mutabilis;
3434 5324 3632 5400 reliqui
3679 5333 3812 5392 atqu:

2227 5395 2520 5470 edit.,-_non
2555 5395 2948 5463 nnata'mclius,
2977 5407 3034 5452 ut
3079 5397 3319 5453 ostendit
3364 5395 3616 5470 subjecia
3661 5401 3812 5454 ratio.

2227 5467 2351 5540 quia
2372 5465 2610 5540 ⁸νενιιιιιιι
2640 5479 2734 5524 est.

2301 5535 2326 5576 τ’
2358 5534 2558 5611 omnes
2612 5541 2743 5611 edit.
2776 5551 2832 5596 et
2862 5537 3028 5611 pauci”
3050 5555 3209 5607 mss.,
3238 5537 3304 5594 de
3331 5534 3478 5596 Filio
3510 5543 3812 5598 testimonia:

2233 5609 2572 5666 commodius
2617 5608 2942 5682 reliquipde
2985 5610 3116 5666 Filii
3143 5611 3492 5682 testimoniis,
3533 5615 3584 5668 id
3626 5611 3812 5682 est,ab

2235 5682 2512 5810 ipsquil‘i‘o
2525 5681 2768 5751 redditis,
2787 5681 2842 5740 ut
2861 5700 2980 5758 qua:
3005 5683 3262 5742 continuo
3281 5681 3622 5756 sequuntur,
3636 5681 3811 5758 liquide

2235 5769 2332 5810 nro
2373 5771 2444 5810 un

2234 5764 2487 5825 produnt.
