4042 6294
255 391 348 452 541

1635 356 1723 436 DE
1762 364 1921 435 nos
1960 370 2093 433 Lte.
2135 370 2175 431 ι.

3434 358 3542 421 542.

253 504 595 574 dissimilem;
648 507 981 577 sempiterno
1027 502 1169 559 enim
1228 498 1530 573 temporale
1574 475 1837 554 dissimile
1864 466 1911 558 Α
1946 480 2185 545 tissimus
2232 482 2529 577 imperator
2562 528 2578 553 ,
2631 486 2689 539 tit
2732 478 2784 539 te
2814 466 2840 521 δ
2873 476 2977 577 non
3033 456 3377 551 collaqnendi
3427 470 3541 535 siu-

252 614 348 661 est.
381 600 589 656 Clamat
612 598 888 671 Propheta
918 597 1302 664 sempiternum
1323 636 1337 659 ,
1369 593 1569 671 clamat
1603 588 1655 645 et
1697 589 1839 658 Apo-

252 692 412 754 stolus
441 668 828 764 sempiternum
855 709 867 745 :
899 688 1118 762 plenum
1151 694 1234 743 est
1263 678 1415 741 ’velus
1432 668 1837 740 Tesiatneht‘um

255 784 569 847 testimoniis
597 784 715 839 Filii
745 780 1083 853 sempiterni,
1114 781 1334 857 plenum
1364 790 1444 833 est
1474 790 1693 857 novum.

319 863 413 957 55.
438 878 696 935 Ordinem
748 851 878 949 ergo
904 851 1202 931 teneamus.
1232 852 1506 944 Scriptum
1549 851 1637 925 esi
1664 866 1717 924 in
1750 884 1840 923 ve-

252 977 348 1033 teri
378 962 762 1035 Testamento,
793 978 851 1024 ut
897 968 980 1024 vel
1027 983 1192 1023 unum
1223 960 1291 1022 de
1338 962 1581 1037 pluribus
1612 961 1787 1017 dicam
1823 979 1836 1015 :

251 1066 374 1126 Ante
422 1083 499 1122 me
546 1082 648 1121 non
687 1065 789 1137 fuit
834 1062 968 1117 alius
1038 1058 1207 1128 Deus,
1235 1068 1280 1113 et
1310 1067 1423 1125 post
1471 1074 1550 1110 me
1596 1071 1699 1109 non
1746 1054 1840 1108 erit

251 1161 411 1241 (Esai.
446 1175 605 1224 mn,
640 1157 751 1229 10).
782 1152 921 1212 Nihil
950 1169 1080 1241 ergo
1109 1151 1558 1241 argumentaber,
1609 1148 1837 1220 teipsum

248 1232 535 1325 interrogo.
568 1250 702 1319 Quis
734 1248 838 1305 hoc
886 1234 1054 1316 dicit,
1085 1246 1245 1302 Pater
1269 1287 1285 1312 ,
1316 1260 1383 1299 an
1413 1232 1618 1299 Filius?
1647 1236 1838 1297 Utrum

248 1345 443 1405 dixeris
463 1387 478 1414 ,
512 1338 539 1381 ί
570 1360 636 1400 eo
684 1351 735 1399 te
782 1341 1033 1398 convinci
1081 1338 1355 1409 intelliges
1385 1356 1399 1394 :
1424 1337 1506 1392 vel
1536 1335 1578 1391 si
1608 1332 1797 1391 credas
1818 1376 1835 1414 ,_

246 1412 471 1519 docerii
510 1426 642 1519 Quis
688 1453 818 1509 ergo
848 1437 949 1491 hoc
995 1434 1167 1502 dicit,
1200 1433 1395 1498 Pater,
1435 1447 1505 1486 an
1548 1414 1755 1486 Filius?
1784 1412 1840 1484 Si

245 1514 406 1617 bilius
438 1548 452 1587 :
484 1512 618 1588 Ante
660 1548 768 1597 me,
814 1526 1025 1602 inquit,
1072 1545 1172 1583 non
1216 1526 1314 1600 fuit
1360 1518 1497 1593 alius
1546 1523 1688 1578 Deus
1718 1538 1737 1577 :
1784 1521 1839 1578 Si

244 1609 400 1684 Pater
433 1642 448 1680 :
481 1621 609 1679 Post
636 1640 715 1678 me
739 1664 754 1691 ,
783 1616 997 1692 inquit,
1028 1638 1131 1676 non
1170 1618 1283 1676 erit.
1318 1614 1416 1673 llic
1444 1612 1677 1690 priorem
1705 1659 1719 1683 ,
1750 1608 1840 1672 ille

243 1722 600 1788 posteriorem
648 1735 755 1775 non
803 1715 1260 1773 liabetzinvieem
1292 1714 1346 1769 in
1391 1729 1451 1768 se
1494 1722 1549 1769 et
1580 1706 1741 1768 Pater
1784 1694 1838 1765 in

244 1814 396 1882 Filio,
428 1822 485 1870 et
507 1813 677 1869 Filius
706 1812 760 1867 in
794 1810 957 1866 Patre
999 1808 1373 1879 cognoscitur.
1402 1805 1537 1861 Cum
1568 1805 1714 1861 enim
1739 1804 1835 1859 Pa.

1943 570 2054 647 dit),
2094 574 2192 637 hee
2240 554 2494 636 audiendi
2527 566 2849 647 'cupidilate,
2882 554 2975 629 Sed
3008 566 3312 643 exponendi
3347 565 3543 641 gratia,

1946 658 2219 749 pauliSper
2259 664 2507 746 alloquai‘
2538 690 2551 726 :
2584 670 2670 727 die
2727 669 2882 737 mihi,
2916 660 3157 737 inquam,
3216 666 3387 721 fuitne
3448 665 3546 719 ali-

1942 764 2158 843 quando
2210 760 2423 839 tempus
2468 782 2578 839 quo
2635 763 2982 835 omnipotens
3040 756 3180 816 Deus
3227 758 3385 815 Pater
3436 756 3541 813 non

1943 866 2080 929 erat,
2131 868 2185 920 et
2241 862 2381 919 Deus
2439 842 2891 928 eratiTcmpus,
2943 856 3140 926 inquis,
3176 854 3279 911 non
3336 864 3540 909 astruo.
3619 864 3623 873 ‘

1943 946 2091 1013 liene
2120 964 2175 1013 et
2198 962 2409 1027 argute.
2439 940 2498 1009 Si
2526 952 2671 1009 enim
2700 962 2913 1022 tempus
2936 948 3161 1013 dixeris,
3189 958 3243 1002 te
3271 947 3384 1017 ipse
3408 961 3544 1005 ,con-

1944 1038 2127 1103 vinces
2155 1064 2167 1100 :
2204 1038 2326 1117 quiti
2360 1038 2586 1100 necesse
2617 1048 2700 1098 est
2735 1036 2947 1097 asseras
2976 1038 3144 1095 fuisse
3174 1050 3383 1109 tempus
3419 1032 3543 1092 ante

1944 1132 2163 1206 Filium,
2196 1156 2316 1195 cum
2352 1126 2519 1193 Filius
2563 1135 2824 1208 temporis
2854 1144 3041 1189 auctor
3083 1130 3155 1190 sit
3198 1135 3251 1189 et
3279 1126 3495 1188 creator
3527 1150 3540 1197 ;

1942 1232 2053 1288 non
2106 1226 2281 1304 po'te'st
2328 1222 2650 1301 'e'nim'post
2706 1244 2844 1296 opus
2883 1242 3041 1282 suum
3093 1227 3206 1297 ipse
3262 1226 3541 1296 cmpisse:

1943 1320 2169 1382 necesse
2224 1334 2305 1381 est
2362 1322 2525 1394 igitur
2578 1324 2858 1378 auctorem
2912 1318 3101 1391 operis
3156 1310 3237 1374 Sui
3293 1334 3415 1374 esse
3462 1312 3535 1371 ia-

1942 1418 2127 1475 tearis.

2014 1506 2105 1567 59.
2136 1502 2279 1565 Ante
2330 1506 2601 1578 tenipora,
2635 1505 2837 1577 inquis,
2873 1521 2979 1561 non
3014 1520 3150 1574 nego
3179 1502 3376 1559 Filium
3406 1520 3419 1555 :
3449 1498 3544 1557 'sed

1942 1600 2065 1662 dum
2094 1588 2289 1662 Filium
2323 1601 2471 1668 ditio,
2498 1598 2731 1657 dstendo
2754 1594 2995 1671 priorem
3036 1597 3283 1677 Patrem,
3303 1595 3424 1667 quid
3444 1595 3543 1650 Ρει-

1947 1694 2052 1768 iet»,
2094 1696 2296 1771 inquis,
2328 1696 2469 1752 Filio
2502 1690 2672 1766 prior.
2731 1692 2870 1763 Quid
2922 1704 3004 1749 est
3035 1692 3182 1748 hoc?
3211 1688 3385 1762 Negas
3431 1705 3551 1745 esse

1948 1790 2159 1865 teinp'u's
2181 1784 2307 1848 artic
2338 1778 2562 1857 Filiiim,
2594 1798 2649 1846 et
2697 1792 2877 1865 tatnctt
2906 1787 3091 1843 nescio
3119 1786 3249 1857 qttid
3297 1793 3421 1841 ante
3463 1782 3545 1838 Fi-

246 1916 376 1964 treut
421 1905 669 1971 dixeris,
717 1908 839 1976 eius
885 1904 1051 1960 etiam
1069 1864 1292 1958 "Filium
1338 1900 1670 1971 designasti;
1717 1898 1841 1969 quia
1872 1894 1922 1960 B
1949 1874 2077 1940 Ιῖυηί
2102 1876 2583 1976 ὑῖξῌβθξῄιέέὲδίδεθο
2617 1864 2763 1976 (ψοᾷ
2805 1870 3067 1976 ίςιιιβονίε
3116 1879 3222 1943 hil;
3256 1887 3310 1932 ει
3365 1885 3549 1931 oblen-

241 2017 400 2059 nemo
446 2002 567 2073 ipse
607 2000 711 2056 sibi
762 2007 914 2070 pater
957 2006 1043 2054 est
1092 2012 1108 2052 :
1156 2011 1282 2052 cum
1333 1994 1533 2050 Filium
1560 1993 1838 2057 notniaas,

241 2097 400 2153 etiam
428 2095 648 2151 Putrem
672 2094 793 2163 eius
818 2093 1039 2158 tuteris;
1061 2092 1186 2162 quia
1213 2105 1379 2146 nemo
1400 2090 1517 2160 ipse
1565 2087 1670 2144 sibi
1697 2086 1841 2142 ﬁlius

242 2200 341 2246 est.
373 2188 562 2259 itaque
589 2201 692 2243 nec
736 2186 911 2243 Filius
939 2188 1058 2241 sine
1083 2184 1242 2241 Patre
1267 2216 1285 2249 ς
1317 2198 1417 2240 nec
1452 2182 1611 2238 Pater
1663 2190 1844 2252 potest

240 2296 357 2338 esse
376 2283 494 2339 sine
517 2282 677 2337 Filio.
699 2281 927 2351 Semper
949 2279 1111 2351 igitur
1129 2279 1313 2345 Pater,
1333 2288 1549 2348 semper
1571 2285 1625 2330 et
1653 2273 1835 2330 Filius.

309 2376 397 2435 56.
440 2376 510 2432 In
544 2378 805 2449 principio
854 2376 999 2432 enim
1049 2384 1159 2430 erat
1217 2371 1474 2439 Verbum,
1518 2379 1565 2425 et
1620 2368 1845 2423 Verbum

246 2482 349 2525 erat
373 2470 521 2542 apud
553 2469 755 2542 Deum,
782 2478 829 2525 et
873 2468 1016 2524 Deus
1059 2478 1170 2524 erat
1206 2466 1429 2521 Verbum
1451 2508 1465 2533 ,
1497 2465 1751 2542 Itoc.erat
1791 2464 1845 2517 in

245 2534 497 2633 principio
534 2538 681 2632 apud
708 2534 873 2615 Deum
907 2556 1089 2634 (Joan.
1116 2576 1154 2623 ι,
1188 2558 1264 2629 1).
1296 2555 1450 2623 Erat,
1475 2534 1676 2627 inquit,
1706 2555 1847 2634 apud

247 2654 427 2709 Deum.
458 2654 629 2721 Erat,
654 2644 795 2721 erat,
824 2632 965 2722 erat,
992 2661 1101 2707 erat
1133 2668 1150 2707 :
1179 2666 1305 2707 ecce
1345 2660 1536 2722 quater
1582 2659 1712 2705 erat.
1747 2632 1849 2705 Ubi

248 2742 440 2819 impius
468 2730 681 2803 invenit
706 2747 849 2827 quod
880 2762 984 2802 non
1014 2742 1337 2801 erattAlibi
1364 2760 1580 2816 quoque
1612 2736 1851 2799 Joannes

248 2843 299 2899 in
325 2844 555 2916 epistola
587 2859 683 2900 sua
710 2843 843 2899 dicit
878 2860 890 2896 ε
925 2839 1077 2911 Quod
1105 2850 1215 2895 erat
1240 2840 1295 2894 in
1337 2840 1594 2913 principio
1621 2837 1662 2911 (l
1684 2832 1845 2892 Joan.

246 2951 283 3002 ι,
316 2936 404 3009 i);
439 2932 724 3005 indeﬁnite
770 2935 1009 2990 tenditur
1033 2976 1046 3000 ,
1078 2943 1192 2989 erat
1225 2949 1243 2988 :
1274 2926 1529 3003 quidquid
1577 2930 1851 3004 excogita-

246 3016 408 3097 veris,
438 3039 562 3085 erat
588 3026 773 3084 Filius.
1506 3092 1511 3109 Ἣ
1724 3096 1729 3101 ,
1814 3094 1819 3099 _

316 3120 403 3176 57.
444 3118 653 3178 Omnes
692 3108 875 3177 autem
909 3119 1145 3199 Ittcreses
1175 3114 1277 3175 hoc
1314 3108 1551 3191 capitulo
1579 3116 1731 3199 brevi
1772 3117 1853 3188 pi-

247 3223 420 3272 scator
450 3223 641 3271 noster
668 3214 922 3271 exclusit.
956 3196 1110 3284 Quod
1137 3213 1281 3289 enim
1314 3228 1431 3268 erat
1460 3213 1511 3268 in
1543 3188 1810 3282 principio
1830 3252 1844 3277 ,

1943 1976 2026 2033 dis
2054 1960 2231 2033 media
2258 1968 2441 2032 ti'e'scio
2466 1991 2588 2047 qua:
2631 1968 2910 2029 molimina
2941 1970 3107 2026 fuisse
3146 1967 3463 2043 generandi,
3495 1968 3551 2024 in

1946 2090 2053 2144 quo
2081 2066 2489 2145 ﬁetieiatiOitem
2520 2050 2697 2126 Patris
2724 2056 2999 2140 significas
3023 2064 3395 2137 temporalem.
3416 2060 3548 2120 Nam

1943 2168 1991 2222 si
2022 2168 2180 2223 Pater
2208 2181 2331 2221 esse
2375 2164 2541 2234 cmpit
2565 2206 2579 2229 ,
2617 2164 2759 2218 Deus
2789 2177 2920 2230 ergo
2978 2161 3156 2230 primo
3186 2167 3327 2224 erat,
3363 2152 3549 2228 postea

1946 2256 2110 2323 Pater
2142 2262 2315 2319 factus
2344 2256 2450 2316 est.
2496 2242 2782 2327 Quomodo
2819 2248 2950 2327 ergo
2985 2240 3333 2309 immutabilis
3366 2250 3554 2307 Dens?

1948 2355 2005 2415 Si
2033 2332 2175 2412 euiin
2206 2364 2331 2410 ante
2361 2342 2518 2419 Deus,
2555 2344 2737 2422 postea
2770 2344 2967 2405 Pater:
2997 2340 3182 2417 utique
3238 2343 3550 2417 generatio-

1874 2470 1881 2475 '
1948 2440 2031 2506 itis
2061 2444 2383 2506 accessioue
2415 2440 2655 2501 mtitatus
2684 2432 2787 2501 est.

2023 2534 2112 2602 60.
2148 2522 2255 2602 Sed
2286 2532 2498 2599 avertat
2525 2541 2670 2597 Deus
2718 2526 2856 2595 hanc
2899 2530 3195 2594 amentiam
3223 2553 3237 2601 ;
3268 2549 3368 2591 nos
3407 2532 3552 2589 enim

1949 2622 2017 2695 ad
2074 2628 2406 2709 impietatem
2452 2628 2642 2713 eorum
2702 2627 3322 2704 redarguendam,ltanc
3367 2625 3558 2681 retuli-

1952 2722 2071 2786 mus
2125 2729 2505 2807 qttmstionetn.
2554 2718 2649 2781 Pia
2722 2722 2953 2796 uanique
3019 2738 3174 2778 mens
3238 2719 3555 2791 generatio-

1953 2834 2074 2882 ttetn
2105 2824 2222 2880 sine
2253 2834 2500 2894 tempore
2532 2820 2731 2876 asserit
2760 2836 2775 2885 ;
2808 2812 2865 2873 ut
2915 2828 2968 2874 et
3012 2812 3408 2888 sempiternum
3458 2812 3560 2867 Pa-

1954 2916 2095 2975 trein
2133 2932 2256 2973 cum
2306 2913 2444 2971 Filio
2473 2913 2643 2983 dicat,
2678 2928 2779 2968 nec
2824 2909 3120 2982 aliquando
3174 2918 3383 2965 asserat
3431 2921 3557 2963 esse

1954 3021 2244 3068 mutatum.

2027 3102 2116 3161 61.
2161 3092 2360 3174 iungat
2420 3100 2587 3173 igitur
2634 3097 3052 3155 honoriﬁcentia
3127 3095 3269 3151 Patri
3325 3093 3552 3161 Filium,

1956 3214 2116 3269 quem
2147 3198 2405 3253 divinitas
2443 3188 2659 3266 jttuxit:
2693 3209 2799 3248 non
2835 3200 3052 3261 separet
3086 3190 3360 3271 impietas,
3393 3203 3551 3257 quem

248 3323 351 3387 twn
400 3310 700 3367 includitur
729 3319 1006 3381 tempore,
1043 3325 1149 3365 non
1204 3284 1468 3380 principio
1493 3276 1841 3385 praevenitur,
1875 3297 1922 3363 (ζ
1952 3284 2322 3363 generationis
2400 3287 2707 3357 proltrictas
2755 3283 3081 3371 copulavit.‘
3117 3276 3557 3336 llonorilicemus

246 3396 386 3475 Ergo
398 3405 560 3461 Arius
585 3405 943 3462 conticescat.
971 3404 1126 3473 Quod
1150 3414 1329 3459 autem
1355 3413 1473 3458 erat
1492 3400 1631 3473 apud
1657 3388 1843 3464 Deum,

154 3554 161 3559 .
243 3513 350 3553 non
399 3500 767 3569 permixtione
798 3498 1208 3569 confunditur:
1243 3497 1337 3569 sed
1386 3496 1654 3551 manentis
1689 3488 1849 3548 Verbi

239 3590 377 3660 apud
400 3566 628 3648 Patrem
665 3566 837 3649 solida
865 3580 1197 3665 perfectione
1244 3566 1629 3662 distinguitur,
1662 3601 1713 3643 ιιι
1746 3586 1848 3644 Sa-

237 3684 432 3743 bellius
480 3688 846 3746 Obmutescat.
882 3686 949 3743 Et
976 3674 1112 3775 Deus
1139 3695 1255 3775 erat
1294 3683 1535 3742 Verbum.
1568 3683 1684 3739 Non
1714 3699 1845 3759 ergo

237 3778 289 3833 in
340 3780 651 3849 prolatione
701 3781 972 3837 sermonis
999 3779 1101 3835 hoc
1134 3777 1366 3834 Verbum
1403 3785 1519 3839 est,
1548 3776 1640 3831 sed
1669 3776 1719 3830 in
1753 3776 1842 3830 illa

236 3874 478 3931 caelestis
524 3875 906 3946 designatione
932 3874 1147 3949 virtutis
1165 3912 1179 3938 ,
1210 3870 1239 3910 δ
1265 3882 1322 3926 ιιι
1351 3870 1657 3925 conlutetur
1681 3865 1844 3943 555

234 3962 521 4021 Photinus.
557 3965 712 4035 Quod
754 3980 886 4023 vero
913 3975 1031 4021 erat
1061 3965 1115 4019 in
1161 3960 1429 4043 principio
1458 3960 1599 4031 apud
1634 3960 1797 4015 Deum
1824 4001 1841 4029 ,

234 4060 592 4131 sempiternm
619 4046 918 4115 divinitatis
945 4057 997 4113 iu
1029 4057 1189 4113 Patre
1216 4066 1273 4131 et
1302 4053 1441 4111 Filio
1468 4050 1847 4127 inseparabilis

234 4151 414 4205 unitas
445 4146 716 4207 edocetur
747 4161 769 4227 ε
804 4160 862 4207 ιιι
887 4150 1174 4207 erubescat
1206 4130 1525 4204 iiutunuitts.
1562 4146 1849 4202 Postremo

233 4260 355 4301 cum
387 4249 578 4320 omnia
612 4263 708 4318 per
752 4248 927 4319 ipsum
957 4248 1098 4321 iacta
1144 4242 1425 4311 dicantur,
1456 4243 1572 4316 ipse
1597 4242 1845 4299 conditor

232 4339 356 4395 novi
408 4332 606 4413 utique
650 4340 981 4397 Testamenti
1047 4328 1102 4395 et
1150 4330 1350 4395 veteris
1399 4328 1742 4413 designatur;
1789 4346 1847 4394 ut

231 4412 571 4492 Manichacus
601 4436 781 4492 locum
814 4428 1131 4491 tentationis
1177 4432 1374 4491 habere
1401 4449 1508 4489 non
1551 4412 1741 4505 p0ssit.
1768 4431 1842 4489 ita

229 4524 469 4596 piscator
504 4527 684 4583 bonus
714 4528 852 4584 intra
882 4542 1049 4583 unum
1085 4514 1277 4583 omnes
1308 4535 1425 4583 rete
1453 4525 1713 4581 conclusit
1739 4542 1755 4591 ;
1788 4535 1847 4581 ut

227 4612 437 4677 taceret
462 4610 736 4678 inhabiles
783 4604 980 4691 fraudi,
1005 4621 1249 4694 quamvis
1273 4627 1459 4678 essent
1480 4620 1698 4675 inutiles
1721 4636 1844 4691 cap-

228 4708 389 4772 tioni.
887 4724 891 4729 ‘

849 4808 1084 4869 CAPUT
1121 4807 1219 4865 IX:

229 4899 530 4960 Haereticos
574 4905 861 4977 interrogat
891 4904 988 4959 Vir
1032 4913 1263 4971 sanctus,
1287 4902 1593 4972 ostetisaque
1631 4901 1842 4957 illorum

302 4997 649 5069 responsione
675 5041 689 5065 ,
740 5014 845 5069 qua
908 4982 1111 5052 Filium
1165 4995 1309 5052 omni
1359 4996 1568 5068 quidem
1622 5006 1846 5066 tempore

298 5088 563 5158 priorem,
596 5087 759 5143 Patre
782 5100 957 5144 autem
998 5090 1337 5159 posteriorem
1352 5104 1463 5143 esse
1484 5086 1841 5158 afﬁrmabant,

212 5229 216 5231 Α
296 5180 352 5232 in
407 5177 585 5234 Deum
640 5178 824 5236 indltci
867 5181 1222 5248 mutationem,
1255 5176 1594 5237 teternitatet'n
1648 5180 1850 5252 utrique

300 5274 547 5346 persona:
570 5272 894 5331 tribuendam
919 5275 1140 5349 colligit.

297 5385 393 5444 58.
431 5389 535 5445 Dic
570 5380 723 5459 mitti,
751 5389 1030 5461 haeretice,
1060 5388 1155 5446 dat
1197 5389 1345 5446 enim
1376 5387 1588 5445 Veniam
1612 5388 1851 5446 clemen-

299 5562 327 5628 fl
356 5555 493 5628 Mss.
526 5556 756 5626 aliquot,
787 5572 902 5611 ecce
931 5556 1242 5628 terconvinci
1269 5554 1518 5628 intellige.
1792 5612 1801 5625 ,

296 5622 325 5663 ι’
358 5622 599 5698 Veteres
625 5620 756 5684 edit.
787 5638 841 5685 et
867 5627 1084 5698 quidam
1109 5644 1262 5697 tnss.,
1301 5638 1354 5683 ut
1377 5620 1682 5698 conﬁtetur;
1712 5620 1852 5698 opti-

223 5709 336 5781 me.
366 5697 540 5755 Rom.
573 5699 700 5781 edit.
739 5692 911 5781 etralii
944 5700 1069 5781 cod;
1103 5692 1292 5781 φιλῇ(ξῆ
1336 5692 1679 5781 ninnium-et
1711 5692 1853 5773 anti-

222 5769 472 5849 quitate,
524 5780 590 5849 ut
633 5764 1444 5849 έρηίυιεικνηΡιῑοιιίἴιξιέοςιιῇἥ
1490 5768 1617 5826 cuni
1661 5764 1853 5849 yet-usu

222 5828 405 5922 intuit
455 5828 790 5922 sententiain
835 5842 1113 5922 apericbtt
1139 5885 1152 5909 ,
1189 5828 1420 5922 veibuin
1454 5859 1560 5898 non
1592 5836 1857 5922 substat'tv

222 5913 358 5970 tiale
390 5923 572 5987 atque
606 5913 900 5985 ἐνδιάθετον,
942 5914 1037 5973 sed
1086 5915 1356 5973 transiens
1408 5931 1469 5973 ac
1513 5915 1851 5993 προσφορικὸν

1871 4687 1925 4753 D

1949 3376 2171 3447 Filium,
2219 3384 2277 3435 ut
2328 3376 2757 3434 hottorilicetuus
2810 3386 2863 3431 et
2895 3364 3105 3429 Patrem
3138 3417 3152 3441 ,
3208 3373 3346 3428 sicut
3390 3382 3445 3427 et
3500 3372 3552 3427 itt

1948 3468 2248 3543 Evangelio
2273 3466 2531 3543 seriptum
2560 3476 2645 3525 es't
2686 3458 2868 3542 (Ῐοηη.
2902 3484 2954 3535 v,
2984 3464 3102 3539 2’5).
3136 3464 3554 3538 Sempiterttitas

1947 3562 2071 3626 Filii
2130 3562 2380 3625 Paterna:
2431 3566 2732 3637 maiestatis
2766 3546 2975 3637 iuSigne
3030 3558 3132 3618 est.
3174 3563 3229 3620 Si
3284 3563 3387 3618 iste
3444 3580 3551 3617 non

1948 3650 2167 3732 sempéi'
2194 3644 2314 3727 ιαιι,
2346 3660 2476 3732 ergo
2525 3639 2617 3715 ille
2653 3640 2890 3713 mutatus
2939 3654 3023 3712 est
3051 3676 3062 3711 :
3089 3655 3184 3712 sed
3214 3672 3428 3726 semper
3456 3656 3557 3711 fuit

1950 3752 2140 3825 Filius,
2174 3748 2305 3827 ergo
2358 3748 2457 3810 nec
2488 3738 2648 3810 Pater
2677 3734 2972 3822 aiiquaudo
3005 3748 3243 3805 mutatus
3271 3760 3352 3804 est
3382 3766 3395 3816 ;
3430 3750 3555 3820 quia

1948 3842 2309 3904 immutabilis
2332 3848 2551 3920 semper
2578 3852 2683 3903 εει.
2712 3828 2897 3915 itaque
2929 3842 3176 3900 videmus
3202 3843 3344 3915 quod
3372 3845 3443 3898 illi
3462 3845 3553 3913 qui

1946 3942 2140 3997 volunt
2172 3957 2373 4013 negare
2400 3941 2595 3997 Filium
2651 3940 3071 4011 sempiternum,
3100 3936 3285 3993 volunt
3339 3932 3552 3993 Patrem

1958 4030 2161 4091 docere
2188 4036 2311 4091 esse
2344 4022 2632 4091 mutatum.

2452 4145 2621 4221 456
2689 4144 2917 4202 CAPUT
2956 4143 3022 4200 x.

1951 4239 2054 4297 Ubi
2092 4242 2288 4299 Christi
2312 4242 2649 4298 (eternitntem
2691 4239 3018 4311 conﬁrmauit
3058 4254 3121 4293 ex
3149 4237 3421 4309 Apostolo,
3458 4236 3555 4292 Di-

2019 4337 2192 4392 vinam
2221 4335 2606 4409 generationem
2649 4350 2751 4389 non
2780 4333 2848 4387 ad
2873 4330 3112 4385 humana:
3143 4330 3410 4384 modulum
3442 4330 3545 4384 exi-

2018 4410 2264 4506 gendam,
2291 4440 2379 4487 aut
2400 4430 2655 4485 curiosius
2677 4427 3056 4506 escutiendam.
3081 4435 3134 4480 at
3154 4424 3425 4480 declinatis
3440 4441 3556 4495 qua

2022 4504 2140 4579 ltinc
2170 4535 2471 4592 nascuntur,
2514 4504 2939 4596 difficultatibus,
2972 4517 3227 4589 quidquid
3257 4532 3399 4572 more
3441 4534 3552 4572 cor-

2020 4636 2178 4691 poreo
2209 4619 2271 4673 de
2295 4619 2391 4673 hac
2416 4618 2741 4688 generatione
2785 4614 3000 4679 dicitur,
3047 4611 3272 4684 spiritali
3297 4627 3449 4667 sensu
3476 4611 3554 4666 in-

2021 4713 2363 4786 telligendum
2424 4728 2536 4768 esse
2584 4710 2832 4765 declarat.

1950 4838 1961 4888 ζ
2022 4812 2113 4883 69.
2160 4822 2363 4899 Accipe
2413 4818 2557 4882 aliud
2609 4840 2717 4897 quo
2762 4825 2967 4880 clareat
3025 4820 3217 4879 Filium
3266 4822 3556 4891 sempiter-

1951 4938 2103 4979 num.
2139 4923 2436 4993 Apostolus
2484 4921 2617 4976 dicit
2669 4919 2814 4991 quod
2849 4920 2943 4974 Dei
2991 4920 3325 4987 Sempiterna
3380 4916 3556 4969 virtus

1949 5016 2023 5073 sit
2045 5030 2065 5053 ι·
2095 5025 2257 5089 atque
2287 5016 2548 5071 divinitas
2581 5014 2757 5082 (Rom.
2796 5030 2834 5080 ι,
2864 5011 2993 5084 9.0):
3024 5012 3200 5066 virtus
3249 5018 3428 5062 autem
3460 5006 3555 5060 Dei

1948 5109 2232 5177 Christus;
2258 5108 2521 5179 Scriptum
2553 5114 2640 5164 est
2664 5109 2808 5163 enim
2838 5106 3117 5163 Christum
3156 5117 3279 5159 esse
3315 5100 3409 5156 Dei
3446 5101 3553 5155 vir-

1949 5213 2121 5260 tutem
2152 5241 2167 5271 ,
2222 5212 2279 5260 et
2328 5202 2422 5258 Dei
2473 5201 2799 5271 sapientiam
2856 5200 2902 5271 (l
2929 5200 3051 5257 Cor.
3080 5216 3118 5266 ι,
3148 5197 3264 5269 ﬁt).
3320 5195 3460 5265 Ergo
3510 5196 3553 5249 si

1949 5296 2204 5355 Christus
2234 5304 2320 5353 est
2347 5296 2441 5353 Dei
2463 5296 2659 5363 virtus,
2691 5296 2811 5366 quia
2842 5295 3019 5349 virtus
3052 5291 3143 5347 Dei
3175 5288 3507 5358 sempiterna
3540 5305 3551 5338 :

1947 5389 2316 5462 sempiternus
2360 5388 2523 5461 igitur
2549 5388 2607 5446 et
2634 5387 2903 5446 Christus.
2926 5426 2939 5440 .

1953 5570 2076 5613 esse
2101 5532 2493 5625 contendebat,
2522 5562 2579 5609 ut
2601 5552 2710 5621 jam
2744 5550 2947 5606 dictum
3194 5602 3199 5609 ,
3244 5617 3252 5626 α

2034 5638 2055 5667 c
2092 5627 2260 5673 Ιίιιίι--
2290 5639 2344 5673 ut
2373 5628 2633 5673 erubescat
2657 5622 2932 5673 Eudoxius
2953 5630 3001 5673 et
3082 5633 3251 5673 unonu

2034 5638 2055 5667 ο
2092 5622 2261 5691 Edit.,
2290 5639 2344 5681 ut
2373 5628 2633 5681 erubescat
2657 5622 2932 5677 Eudoxius
2953 5630 3001 5674 et
3030 5622 3339 5691 Eunomius.

1978 5766 1981 5771 Α
2027 5695 2053 5736 ά
2085 5688 2493 5771 Εάίιζιιιιιιιθς,
2541 5712 2605 5751 ac
2643 5709 2771 5748 mss.
2815 5692 3045 5771 aliquot,
3075 5707 3176 5771 non
3215 5688 3561 5759 obloquendi;

1956 5766 2048 5828 alii
2081 5787 2209 5839 vero
2233 5772 2407 5827 etiam
2439 5770 2651 5839 plures,
2678 5781 2782 5819 non
2813 5762 3156 5839 colloquendi.
3492 5786 3499 5789 -

2035 5789 2048 5826 Ι
2081 5789 2145 5828 V8
2178 5789 2209 5826 ο
2233 5789 2407 5827 cuum
2439 5789 2651 5839 pullus,
2678 5789 2782 5819 nou
2813 5789 2985 5831 sustuq:

2034 5853 2057 5881 ι’
2092 5789 2500 5907 Ebrulxodex,
2534 5832 2685 5909 atque
2708 5836 2985 5906 sapientia.
