4042 6294
462 327 567 387 545
1827 324 2077 385 SANCTI
2114 323 2450 384 AMBROSII
3654 315 3739 371 ω

472 442 479 447 “
512 443 623 505 65.
647 443 766 502 Non
791 460 925 518 ergo
953 460 1019 503 ex
1050 460 1148 503 usu
1179 445 1555 520 generationis
1595 444 1846 502 humanm
1867 443 2075 501 calum-
2100 444 2155 506 Λ
2180 443 2346 501 tionis
2374 444 2609 502 incurrit
2635 452 2878 513 :rtatem,
2910 457 3011 502 nec
3042 442 3134 499 ille
3153 437 3457 515 generandi
3482 434 3644 495 evasit
3666 451 3748 508 pu-

460 536 635 606 niam,
693 539 980 606 haeretica,
1012 549 1229 608 struas;
1262 556 1438 613 neque
1481 555 1548 597 ex
1597 549 1785 597 nostro
1812 552 2071 596 sermone
2173 536 2384 593 dorem.

460 647 786 705 componas.
821 632 1012 707 Neque
1042 634 1190 690 enim
1219 634 1466 707 angustis
1492 634 1842 691 sermonibus
1867 632 2074 689 nostris
2244 630 2334 686 67.
2356 630 2496 700 Quid
2524 640 2576 689 te
2604 631 2705 687 ista
2727 631 3092 704 quaestionum
3148 635 3421 684 tormenta
3452 624 3749 682 delectant!

460 725 749 783 immensae
781 726 1220 800 magnitudinem
1246 741 1539 799 possumus
1567 725 1874 783 divinitatis
1893 724 2074 781 inclu-
2176 724 2347 781 Audis
2374 726 2469 782 Dei
2492 725 2688 782 Filium
2721 718 2735 781 :
2761 735 2855 781 aut
2884 726 3006 782 dele
3028 738 3254 791 nomen,
3284 731 3380 777 aut
3408 733 3639 792 agnosce
3676 733 3753 773 ns-

462 817 621 887 dere,
648 817 808 890 cujus
838 819 1229 891 magnitudinis
1257 836 1364 875 non
1392 829 1477 875 est
1503 819 1627 876 linis
1648 818 1960 892 (Ps.csuv,
1990 817 2071 890 3).
2178 829 2376 874 turam.
2416 817 2443 857 ά
2465 819 2641 875 Audis
2671 827 2906 885 uterum,
2940 830 3177 891 agnosce
3229 811 3605 887 generationis
3651 826 3756 882 per-

461 910 713 984 Namque
762 910 1001 967 hominis
1028 912 1445 984 generationem
1478 912 1524 967 si
1552 910 1788 968 delinire
1841 920 2077 968 conten-
2177 913 2385 983 spicua:
2410 913 2721 969 veritatem.
2752 912 2923 969 Audis
2950 902 3087 977 cor,'
3102 909 3349 966 Verbum
3382 906 3641 976 intellige.
3665 907 3756 959 An-

468 1003 592 1072 das,
626 1013 841 1076 tempus
865 1004 1111 1061 ostendis
1143 1022 1156 1058 :
1188 1006 1468 1076 generatio
1489 1012 1675 1061 autem
1699 1004 1884 1061 divina
1914 1018 2078 1076 supra
2178 1004 2262 1061 dis
2288 1005 2591 1073 dexteram,
2623 1020 2861 1077 agnosce
2912 1004 3196 1060 virtutem.
3244 1000 3418 1057 Audis
3442 1014 3527 1064 os,
3552 1010 3760 1069 agnosce

469 1097 658 1152 omnia
683 1106 769 1152 est
795 1114 809 1153 :
839 1098 948 1153 late
979 1104 1146 1166 patet,
1175 1111 1338 1166 supra
1382 1112 1574 1154 omnes
1605 1098 1968 1168 cogitationes
1992 1112 2081 1152 as-
2180 1099 2527 1169 sapieutiam.
2570 1097 2686 1153 Non
2718 1098 2835 1153 haec
2862 1107 2993 1152 sunt
3019 1098 3073 1152 in
3115 1095 3230 1151 Deo
3255 1092 3619 1164 corporaliter
3637 1088 3761 1145 asti-

469 1189 658 1246 cendit
684 1197 742 1246 et
765 1204 980 1245 sensus.
1008 1188 1291 1261 Scriptum
1318 1201 1405 1247 est
1446 1192 1592 1247 enim
1619 1209 1631 1244 :
1658 1190 1827 1247 Nemo
1851 1192 1985 1246 venit
2012 1191 2080 1245 ad
2183 1190 2402 1246 manda.
2436 1189 3072 1260 lncomprehensibiliter
3127 1195 3424 1260 generatur
3453 1183 3624 1240 Filius
3643 1198 3658 1236 :
3676 1181 3762 1236 imo

473 1280 709 1349 Patrem,
732 1282 833 1337 nisi
853 1297 944 1351 per
992 1296 1075 1336 me
1121 1281 1307 1355 (loan.
1338 1299 1452 1350 xxv,
1483 1283 1563 1356 6).
1596 1283 1872 1355 Quidquid
1918 1285 2082 1355 igitur
2183 1281 2511 1352 passibiliter
2536 1291 2762 1353 generat
2788 1280 2984 1347 Pater;
3010 1289 3063 1336 et
3094 1288 3276 1335 tztmen
3299 1293 3366 1333 ex
3395 1290 3458 1333 se
3485 1273 3764 1347 generavit,

470 1374 540 1431 de
568 1374 732 1431 Patre
775 1375 1125 1446 cogitaveris,
1182 1377 1486 1446 quamlibet
1532 1377 1654 1448 ejus
1692 1379 2079 1444 aeternitatem,
2182 1384 2239 1431 et
2277 1386 2404 1431 ante
2456 1391 2674 1431 omnem
2722 1375 3059 1433 intellectum
3109 1372 3392 1446 generavit
3420 1371 3570 1427 Deus
3625 1381 3764 1424 verus

471 1481 581 1524 non
637 1475 794 1537 potes
821 1466 892 1522 de
923 1481 990 1522 eo
1016 1467 1225 1538 aliquid
1267 1468 1373 1524 nisi
1409 1484 1503 1539 per
1534 1468 1733 1525 Filium
1790 1469 2035 1539 cogitare
2065 1487 2078 1524 :
2188 1469 2358 1525 Deum
2383 1486 2592 1525 verum.
2616 1469 2779 1524 Pater
2812 1468 3011 1540 diligit,
3026 1480 3080 1524 et
3098 1477 3155 1523 tu
3173 1466 3431 1522 discutis:
3454 1464 3619 1519 Pater
3640 1475 3761 1517 com-

472 1572 577 1615 nec
603 1566 789 1629 potest
819 1558 962 1614 ullus
988 1558 1059 1615 ad
1090 1559 1309 1616 Patrem
1362 1561 1461 1615 nisi
1494 1577 1595 1634 per
1614 1559 1813 1617 Filium
1844 1561 2084 1618 transire
2184 1562 2384 1636 placet,
2412 1572 2467 1617 et
2509 1571 2563 1617 tu
2593 1576 2717 1617 cum
2766 1559 2975 1616 Judaeis
3024 1559 3239 1616 invides
3269 1575 3282 1612 :
3317 1558 3477 1613 l’ater
3530 1553 3767 1613 honoriti.

467 1666 689 1709 sensus.
744 1651 847 1707 Hic
876 1663 974 1723 est,
1026 1654 1239 1727 inquit,
1298 1652 1474 1711 Filius
1522 1673 1667 1712 meus
1722 1658 2085 1713 dilectissimus
2187 1665 2299 1720 cat,
2333 1666 2388 1712 et
2415 1665 2468 1712 tu
2496 1670 2621 1711 cum
2645 1654 2900 1727 gentibus
2935 1653 3285 1709 conviciaris.

469 1745 689 1845 (Matth.
714 1763 850 1845 avri,
877 1747 960 1845 52.
992 1758 1017 1786 ει
1037 1748 1155 1845 Est,
1175 1751 1383 1845 inquit,
1415 1753 1507 1823 qui
1546 1752 1692 1824 quod
1720 1763 1825 1818 est,
1856 1769 2088 1845 semper
2779 1780 3009 1845 CAPUT
3050 1783 3139 1841 XL

470 1850 576 1896 est.
608 1838 767 1897 Unde
819 1849 875 1896 ct
913 1842 1128 1897 David:
1163 1840 1230 1898 In
1264 1852 1534 1911 internum,
1587 1844 1784 1917 inquit,
1838 1844 2078 1912 Domine,
2116 1847 2161 1907 B
2714 1902 2726 1914 ,
2788 1838 2895 1845 ψ’
2924 1838 3000 1914 ,F
3442 1899 3454 1912 ,
3484 1898 3496 1911 ,
3638 1898 3650 1910 ,

474 1945 740 1960 ,,,,,,,,,,,,.
787 1932 1013 1960 νηιημ,
1244 1937 1295 1960 _-_
1348 1938 1466 1960 η..-
1527 1937 1543 1960 ,
1572 1936 1634 1960 ,μ
1710 1953 1869 1960 --ψη
1963 1938 2056 1960 οη.
2191 1903 2312 1960 Non
2341 1919 2491 1960 posse
2518 1903 2724 1960 probari
2752 1919 2780 1957 e
2818 1901 3095 1960 Scriptura
3140 1898 3355 1955 Patrem
3385 1897 3529 1953 Ftlto
3569 1914 3649 1960 νη

473 1945 740 2003 permanet
787 1932 1013 1990 Verbum
1057 1947 1203 1992 tuum
1242 1937 1298 1991 in
1341 1938 1469 1992 emlo
1524 1913 1678 2011 (Ps:
1703 1953 1910 2006 cxvm,
1961 1938 2079 2011 89).
2191 1913 2312 1960 N0"
2340 1919 2491 1974 pm“
2516 1913 2724 2011 promit.
2752 1919 2780 1957 ⁸
2818 1913 3771 2011 δτηρωηξηνᾳπῗιέψῖ

472 2023 630 2093 Quod
679 2025 829 2082 enim
888 2037 1076 2084 manet
1101 2070 1116 2095 ,
1149 2043 1251 2086 nec
1277 2030 1587 2099 substantia
1606 2070 1623 2097 ,
1648 2046 1749 2087 nec
1774 2031 2068 2087 aeternitate

2260 2013 2402 2063 esse;
2425 2012 2586 2067 neque
2630 1996 2785 2051 etiam
2828 1994 3144 2067 argumentis
3182 2009 3247 2047 ea:
3282 1991 3552 2048 hominum
3579 2006 3772 2062 genera-

474 2090 687 2176 dencit,
1106 2090 1113 2095 ⁷
1436 2093 1443 2099 ’
1608 2090 1622 2097 ⁷
2259 2094 2397 2149 tione
2426 2093 2761 2165 desumptis;
2798 2108 2915 2147 cum
2953 2092 3076 2146 inde
3103 2090 3376 2145 innumera
3420 2096 3658 2143 secutura
3700 2103 3771 2143 et-

546 2210 640 2270 64⁵.
675 2214 894 2285 Quaeris
921 2231 951 2272 a
984 2231 1072 2273 me
1092 2217 1373 2290 quomodo
1400 2218 1577 2276 Filius
1599 2220 1690 2287 sit,
1725 2221 1770 2276 si
1800 2236 1909 2277 non
1936 2222 2085 2293 prio-
2259 2195 2370 2293 ξω
2395 2184 2663 2293 αι”ῗηξαδ
2693 2184 3031 2293 “odium”

476 2317 595 2360 rem
620 2305 817 2362 habeat
846 2307 1110 2364 Patrem?
1133 2308 1334 2378 Quaero
1366 2311 1497 2366 item
1523 2311 1620 2367 abs
1646 2320 1723 2379 te,
1747 2312 1968 2377 quando
1990 2324 2085 2369 aut
2260 2305 2353 2382 (⁸⁸ῗῖ

478 2396 758 2468 quomodo
784 2397 983 2455 Filiqu
1029 2409 1187 2471 putes
1230 2417 1353 2459 esse
1381 2404 1752 2475 generatum?
1780 2405 1909 2462 Mihi
1937 2407 2084 2463 enim
2259 2379 2400 2426 mm‘
3140 2452 3147 2457 .

476 2488 819 2560 impossibile
849 2501 933 2547 est
959 2496 1332 2563 generationis
1386 2498 1528 2553 scire
1578 2507 1851 2555 secretum
1884 2516 1898 2553 :
1931 2514 2087 2556 mens
2164 2488 2169 2491 ’
2263 2493 2353 2551 68.
2388 2494 2604 2564 Quaeris
2628 2509 2657 2549 a
2687 2509 2775 2549 me
2798 2502 2982 2550 utrum
3018 2493 3168 2563 prior
3196 2506 3306 2548 non
3333 2491 3510 2564 possit
3536 2504 3674 2558 esse,
3696 2489 3776 2561 qui

479 2580 689 2651 deﬁcit,
723 2597 827 2639 vox
860 2585 1010 2654 silet,
1042 2602 1150 2642 non
1196 2602 1317 2643 mea
1371 2600 1605 2658 tantum,
1654 2591 1752 2647 sed
1779 2600 1835 2648 et
1864 2593 2086 2663 angelo-
2188 2587 2351 2644 Pater
2374 2597 2477 2643 est.
2514 2587 2713 2655 Ουίὲΐο
2740 2602 2772 2643 ³
2802 2596 2877 2652 ιε’
2905 2597 2964 2641 ιιι
2995 2586 3194 2642 doce“
3221 2584 3439 2657 (1⁸⁸³⁸³ἀο
3459 2583 3624 2640 Pw”
3644 2582 3777 2653 Ρτίθτ

478 2690 621 2730 rum.
647 2674 826 2747 Supra
873 2676 1211 2746 Potestates,
1246 2694 1412 2752 supra
1440 2681 1706 2754 Angelos,
1739 2698 1904 2756 supra
1937 2684 2084 2742 Che-
2189 2681 2377 2748 fuerit,
2404 2680 2758 2749 testimoniis,
2787 2689 2880 2735 aut
2903 2678 3243 2751 argumentis
3263 2678 3462 2750 collige
3484 2678 3771 2733 veritatem.

477 2767 680 2837 rubim,
710 2784 872 2840 supra
906 2768 1219 2843 Seraphim,
1253 2788 1416 2847 supra
1447 2792 1668 2831 omnem
1701 2792 1924 2833 sensum
1957 2789 2081 2845 est;
2186 2777 2243 2834 Si
2302 2776 2631 2834 testimoniis
2657 2817 2674 2843 ,
2720 2775 2981 2846 accepisti
3027 2775 3213 2845 utique
3260 2772 3649 2843 sempiternam
3694 2766 3775 2824 Dei

478 2860 608 2933 quia
636 2861 901 2935 scriptum
929 2875 1014 2921 est
1045 2882 1060 2924 :
1091 2864 1211 2923 Pax
1242 2878 1414 2923 autem
1442 2868 1635 2924 Christi
1656 2868 1685 2907 ι)
1706 2887 1821 2939 φατε
1873 2881 1947 2926 est
1989 2889 2083 2926 su-
2187 2883 2309 2925 esse
2335 2871 2613 2926 virtutem.
2641 2868 2840 2941 Legisti
2870 2869 3036 2924 etiam
3064 2868 3374 2923 dicentem:
3403 2865 3597 2934 Israel,
3632 2866 3675 2919 si
3708 2878 3778 2917 nte

483 2973 579 3026 pra
603 2973 802 3013 omnem
824 2976 1031 3016 sensum
1055 2960 1222 3033 (Phil.
1258 2978 1330 3028 tv,
1361 2963 1441 3034 7).
1470 2963 1525 3020 Si
1565 2979 1666 3034 pax
1691 2964 1893 3021 Christi
1920 2980 2084 3037 supra
2185 2963 2433 3032 audieris,
2474 2980 2576 3019 nou
2626 2966 2723 3019 erit
2747 2964 2803 3018 in
2829 2974 2879 3019 te
2904 2961 3047 3017 Deus
3094 2978 3294 3028 recens,
3343 2975 3508 3031 neque
3555 2956 3778 3013 adorabis

477 3062 701 3107 omnem
753 3065 973 3108 sensum
1003 3062 1109 3122 est,
1143 3056 1604 3126 quemadmodum
1652 3068 1876 3115 nonest
1922 3074 2087 3131 supra
2191 3058 2357 3115 Deum
2382 3059 2613 3114 alienum
2639 3057 2757 3130 (Ps.
2791 3073 2959 3124 Lxxx,
2994 3054 3105 3129 l0).
3137 3055 3298 3111 Aliud
3338 3053 3533 3111 horum
3573 3051 3777 3108 :eterni-

481 3158 703 3201 omnem
732 3160 954 3203 sensum
987 3156 1133 3204 tanta
1152 3151 1481 3220 generatio?
2189 3164 2378 3220 tatem,
2404 3153 2559 3210 aliud
2585 3164 2608 3191 ο
2639 3155 3028 3224 proprietatem
3069 3150 3390 3207 substantia:
3439 3146 3778 3204 indifferentis

551 3237 641 3294 65.
667 3239 748 3296 Tu
778 3256 995 3315 quoque
1028 3258 1245 3299 manum
1268 3246 1351 3300 ori
1382 3245 1635 3313 admove,
1664 3258 1686 3286 ο
1716 3250 1951 3305 scrutari
1975 3266 2083 3306 non
2113 3246 2154 3309 C
2188 3248 2497 3318 signiﬁcat;
2531 3254 2589 3302 ut
2617 3261 2793 3317 neque
2824 3244 3184 3317 posteriorem
3229 3242 3415 3305 Patre.
3448 3256 3617 3313 neque
3647 3241 3776 3295 alte-

477 3330 605 3387 licet
634 3348 868 3404 superna
900 3337 1184 3408 mysteria.
1214 3337 1370 3395 Licet
1422 3339 1566 3395 scire
1587 3341 1731 3411 quod
1780 3354 1940 3398 natus
1968 3345 2040 3399 sit
2069 3362 2082 3398 :
2190 3344 2302 3398 rius
2330 3341 2635 3397 divinitatis
2658 3339 2853 3395 Filium
2896 3353 3022 3395 esse
3045 3337 3357 3395 credamus.
3384 3335 3516 3392 Nam
3547 3336 3590 3390 si
3625 3333 3778 3389 Patre

479 3440 588 3482 non
628 3427 753 3483 licet
802 3429 1079 3487 discutere
1108 3433 1567 3503 quemadmodum
1616 3446 1775 3491 natus
1824 3437 1917 3494 sit.
1952 3438 2085 3494 Illud
2189 3436 2462 3508 posterior
2485 3444 2593 3500 est,
2621 3448 2814 3490 recens
2836 3441 2921 3488 est
2944 3449 2958 3486 :
2983 3440 3038 3488 et
3059 3431 3104 3486 si
3134 3430 3296 3486 unius
3326 3444 3434 3484 non
3479 3436 3560 3483 est
3591 3424 3775 3481 divini-

479 3535 680 3591 negarc
708 3522 841 3578 mihi
872 3519 980 3580 non
1006 3525 1156 3591 licet,
1189 3526 1295 3585 hoc
1338 3544 1587 3600 quaerere
1616 3540 1794 3585 metus
1816 3539 1919 3587 est.
1950 3531 2083 3588 Nam
2189 3532 2337 3597 tatis,
2356 3531 2569 3586 alienus
2599 3538 2702 3585 est.
2725 3527 2835 3585 Sed
2867 3541 2971 3583 nec
2995 3525 3296 3597 posterior;
3317 3524 3442 3596 quia
3471 3533 3655 3577 recens
3675 3535 3771 3574 non

482 3614 530 3667 si
552 3612 755 3669 Paulus
780 3630 844 3671 ea
870 3632 993 3688 quae
1019 3618 1228 3675 audivit
1273 3630 1457 3691 raptus
1504 3623 1559 3678 in
1592 3625 1812 3679 tertium
1862 3625 2084 3686 etnlum.
2187 3632 2271 3678 est
2303 3640 2318 3675 :
2347 3638 2447 3678 nec
2490 3620 2725 3685 alienus,
2764 3619 2890 3689 quia
2922 3634 2991 3675 ex
3020 3617 3182 3673 Patre
3239 3626 3441 3683 natus;
3480 3616 3597 3687 quia
3621 3627 3772 3683 supra

481 3704 776 3762 ineffabilia
803 3708 975 3777 dicit,
1003 3711 1281 3782 quomodo
1319 3729 1420 3769 nos
1447 3716 1755 3787 exprimere
1797 3731 2087 3787 possumus
2188 3717 2363 3771 omnia
2390 3726 2465 3771 est
2494 3712 2636 3771 Deus
2682 3713 2977 3769 benedictus
3005 3712 3058 3767 in
3086 3710 3277 3767 swcnla
3302 3708 3481 3782 (Rom.
3507 3722 3577 3771 Ix,
3600 3706 3679 3778 5).
3706 3707 3771 3760 si.

486 3810 731 3871 paterna:
755 3804 1127 3873 generationis
1155 3821 1437 3878 arcanum,
1464 3809 1607 3881 quod
1626 3825 1727 3868 nec
1750 3812 1958 3869 sentire
1983 3826 2083 3885 po-
2186 3818 2279 3866 cut
2299 3810 2563 3880 scriptum
2592 3816 2702 3863 est.

481 3892 711 3960 tuimus,
738 3909 839 3950 nec
868 3897 1104 3953 audire?

2260 3902 2349 3959 69.
2380 3901 2488 3958 Sed
2539 3900 2583 3956 si
2631 3900 2869 3956 alienum
2904 3906 3113 3968 putant,
3150 3896 3170 3935 ί
3219 3911 3318 3952 cur
3364 3895 3586 3951 adorant
3627 3907 3763 3957 eum,

551 3986 641 4043 66.
676 3986 872 4045 Verum
900 3991 947 4046 si
976 4007 1064 4049 me
1093 3991 1160 4048 ad
1215 3986 1672 4053 consuetudinem
1716 3999 1889 4054 trahis
1919 4014 2086 4071 gene—
2187 4014 2311 4054 cum
2359 3996 2625 4068 scriptum
2668 3995 2785 4051 sit:
2840 3992 3021 4064 Neque
3068 3990 3310 4047 adorabis
3351 3989 3516 4045 Deum
3559 3988 3764 4043 alienum

480 4080 711 4137 rationis
733 4080 984 4139 humanm
1015 4126 1031 4152 ,
1081 4097 1138 4141 ut
1170 4086 1385 4144 Patrem
1419 4089 1573 4145 dicas
1618 4092 1863 4161 priorem
1901 4110 1917 4159 ;
1957 4093 2085 4150 vide
2192 4091 2310 4166 (Ps.
2336 4106 2500 4158 Lxxx,
2532 4090 2619 4159 10)
2644 4089 2668 4144 ?
2693 4092 2792 4145 Aut
2825 4088 2870 4144 si
2900 4102 3008 4143 non
3037 4087 3288 4150 adorant,
3318 4085 3604 4149 fateantur,
3627 4092 3676 4137 et
3710 4082 3764 4133 ﬁ-

480 4178 663 4227 utrum
714 4172 783 4228 ad
836 4177 1249 4244 generationem
1300 4179 1396 4235 Dei
1431 4191 1666 4237 terrente
1710 4184 2086 4253 generationis
2191 4186 2274 4242 nis
2296 4195 2410 4253 est;
2441 4200 2507 4240 ne
2538 4198 2701 4254 quem
2756 4182 2858 4237 sub
2890 4180 3130 4252 religiosi
3180 4179 3424 4234 nominis
3456 4173 3765 4249 professione

483 4265 736 4335 exempla
762 4269 1112 4326 conveniant.
1145 4272 1201 4327 Si
1232 4273 1532 4331 secundum
1575 4276 1853 4332 hominem
1899 4276 2088 4348 loqua-
2188 4279 2486 4351 decipiant.
2505 4276 2631 4333 Have
2657 4290 2853 4346 nempe
2878 4282 3004 4330 sunt
3035 4275 3344 4330 testimonia
3366 4274 3760 4344 Scripturarum.

484 4368 631 4427 mur,
654 4373 854 4431 negare
881 4378 987 4417 non
1023 4364 1226 4433 poteris
1252 4367 1467 4438 priores
1508 4383 1632 4424 esse
1662 4369 1715 4424 in
1745 4367 1967 4426 homine
1993 4386 2089 4442 pa-
2189 4374 2298 4429 Aut
2324 4371 2374 4427 si
2397 4370 2569 4428 habes
2596 4368 2764 4434 aliud,
2795 4370 3043 4440 proferre
3070 4367 3317 4423 debebis.

481 4448 584 4504 tris
627 4464 791 4521 quam
825 4452 920 4507 lilii
972 4456 1271 4523 passiones.
1297 4457 1459 4532 557
1489 4459 1647 4517 Prior
1693 4462 1890 4528 crevit,
1938 4464 2088 4533 prior
2262 4464 2352 4520 70.
2379 4464 2640 4535 Superest
2690 4471 2748 4518 ut
2784 4472 2836 4518 et
2869 4464 3207 4533 argumentis
3252 4460 3456 4517 veritas
3478 4458 3760 4529 colligatur.

481 4543 691 4611 senuit,
725 4544 879 4615 prior
907 4544 1102 4619 doluit,
1147 4551 1297 4621 prior
1327 4553 1500 4610 ﬂevit.
1527 4554 1582 4610 Si
1639 4554 1919 4625 igiturhic
1947 4566 2087 4612 tem~
2191 4558 2529 4629 Quamquam
2586 4556 2751 4612 etiam
2809 4554 3066 4610 humanis
3115 4552 3445 4609 testimoniis
3477 4557 3764 4623 argumenta

486 4650 618 4708 pore
648 4638 848 4707 minor,
883 4639 977 4698 ille
1004 4645 1281 4716 antiquior
1312 4648 1587 4718 passione.
1635 4650 1691 4705 Si
1740 4651 1827 4707 hic
1855 4666 2088 4722 genera-
2114 4644 2167 4705 D
2192 4654 2393 4710 cedere
2436 4652 2688 4717 soleant;
2730 4657 3115 4721 argmnentare
3171 4658 3377 4715 tamen,
3429 4646 3681 4709 hmretice,
3711 4651 3765 4695 ut

2260 2287 2370 2331 tum
2398 2276 2589 2332 audent
2637 2276 3004 2349 pronuntiare,
3045 2273 3103 2329 id
3135 2274 3400 2329 tantulum
3448 2287 3556 2329 esse
3608 2271 3772 2343 impie-

490 4849 503 4862 _
555 4786 579 4862 ’ξ
620 4775 743 4862 γει.
768 4778 903 4862 edit.
930 4797 1061 4840 cum
1085 4799 1219 4841 mss.
1246 4786 1562 4857 perpaucis,
1592 4784 1709 4854 Est,
1731 4787 1918 4858 inquit,
1947 4787 2089 4860 quod
2208 4787 2294 4862 ___d
2323 4784 2707 4862 Mss._aliqu_ot,
2746 4783 2912 4839 Audis
2951 4800 3148 4851 verum,
3184 4798 3521 4856 agnosce"...
3549 4791 3763 4851 corpora-

483 4848 834 4909 iudesineuter
855 4864 946 4908 est.
1248 4848 1263 4856 ’
1349 4848 1361 4857 ’
1548 4848 1557 4853 ’
1696 4848 1706 4854 ’
1799 4848 1811 4858 ’
1907 4848 1972 4860 ”
2196 4860 2332 4915 libus
2358 4848 2686 4913 restimanda.

553 4920 581 4960 ι’
601 4919 741 5002 Μέθη
773 4939 880 5002 non
914 4926 1093 4997 pauci,
1120 4945 1235 4997 qure
1264 4928 1505 4985 exuberat
1530 4945 1729 4986 omnem
1767 4947 1994 4987 sensum.
2026 4930 2088 4987 Si
2273 4941 2295 5002 εξ
2319 4929 2482 5002 Rom.
2512 4929 2645 5002 edit.
2668 4928 2815 5002 sola,
2844 4928 3095 5002 unitatem
3115 4926 3471 5002 substantic.__
3566 4995 3587 5002 Δ
3707 4991 3735 5002 Α,

483 5008 589 5065 PM
604 4989 811 5070 Εέιτξεεί
831 4989 1199 5068 ευρεναιν’θίοο
2274 5000 2293 5039 ί
2331 5001 2459 5056 Haec
2483 4999 2719 5070 obiectio
2745 4989 2889 5070 haud
2918 4999 3112 5056 leviter
3134 5001 3369 5068 urgebat
3420 4998 3539 5070 illos
3566 4991 3765 5070 haereti-

555 5077 577 5101 ο
603 5063 837 5145 Nimiam
884 5063 937 5123 i'n
968 5063 1280 5145 scrutandis
1322 5072 1490 5145 rebus
1528 5072 1725 5129 divinis
1754 5089 1819 5129 ac
1874 5074 2091 5145 potissi-
2196 5088 2311 5138 eos.
2342 5088 2505 5143 quam
2531 5063 2758 5145 proinde
2779 5069 2910 5139 ipsis
2932 5071 3168 5145 subinde
3204 5063 3453 5145 obiicere
3480 5064 3764 5145 Ambrosius

482 5150 629 5215 mum
656 5136 795 5215 ‘Filii
832 5144 1189 5215 generatione
1219 5144 1592 5215 curiositatem
1625 5161 1729 5200 non
1755 5136 1907 5201 solus
1932 5146 2090 5201 dam-
2200 5136 2307 5200 non
2329 5136 2678 5213 praetermisit
2709 5158 2723 5195 :
2750 5136 2990 5198 attamen
3012 5143 3188 5198 eidem
3217 5136 3553 5215 reponebam
3580 5140 3760 5215 Patre“!

480 5208 627 5286 navit
641 5207 995 5286 Ambrosius;
1016 5214 1304 5286 camenim
1329 5217 1514 5270 caeteri
1543 5214 1662 5271 fere
1682 5217 1871 5273 Patres
1900 5218 2092 5272 eodem
2197 5217 2253 5273 in
2284 5207 2422 5272 Filio
2451 5224 2723 5286 tamquam
2763 5229 2952 5286 regem
3003 5215 3057 5270 iu
3091 5207 3325 5286 imagine
3371 5213 3471 5286 abs
3495 5227 3554 5267 se
3579 5207 3762 5286 adorari

480 5278 644 5358 modo
668 5284 1031 5358 proscriptum
1065 5285 1377 5358 voluerunt.
1403 5286 1498 5358 Sic
1512 5286 1843 5343 Athanasius
1883 5286 2037 5344 Orat.
2062 5290 2097 5343 ὅ
2199 5288 2438 5358 colique,
2488 5295 2546 5341 ut
2582 5278 2659 5342 ὀι
2689 5278 2973 5341 Athanasii
3002 5295 3144 5341 orat.
3172 5278 3225 5338 4⁷
3247 5286 3297 5340 iu
3328 5285 3559 5341 Arianos
3582 5282 3764 5358 discere

480 5348 765 5428 inA_ria'n_.,
795 5348 1052 5411 Basilius.
1082 5357 1239 5428 l|o_m.
1264 5356 1358 5421 29.
1389 5356 1684 5428 Gregorius
1707 5358 2096 5415 Nazian.0rat.
2201 5348 2441 5416 est.'Sed
2488 5373 2611 5414 cum
2661 5369 2919 5427 sequatur
2960 5373 3027 5413 ex
3071 5359 3173 5413 hoc
3222 5370 3491 5428 responso
3515 5427 3521 5428 γ
3547 5348 3762 5428 eamdem

478 5422 534 5502 1’
555 5423 806 5502 51y_ril_lu_s
836 5428 1111 5502 Ιῖἰθῖοξοιο
1138 5425 1462 5502 CalecltJl,
1486 5422 1726 5502 Cyrillus
1756 5430 1922 5502 Alex.
1955 5431 2094 5486 Dial.
2202 5446 2420 5502 quoque
2451 5422 2859 5502 venerationem
2910 5428 3114 5485 homini
3164 5422 3353 5502 utpote
3402 5428 3468 5502 ad
3511 5425 3759 5502 imaginet"

481 5490 830 5570 gdc'_Trinit.
864 5497 1141 5570 Hilarius,
1177 5496 1250 5554 lib
1279 5514 1335 5562 ιι,
1386 5490 1550 5570 atque
1602 5500 1715 5556 alii.
1762 5501 1873 5557 Nec
1916 5512 2095 5557 tamen
2204 5490 2296 5558 Dei
2331 5490 2553 5558 condito
2597 5501 2842 5557 exhiberi
2901 5515 3105 5569 posse;
3146 5490 3243 5555 illo
3277 5499 3477 5570 en‘ugio
3520 5490 3652 5570 nihil
3679 5490 3761 5544 0b-

484 5563 728 5642 Ψθοιοκὶ
772 5569 966 5636 nostri,
992 5569 1084 5639 qui
1112 5563 1183 5624 de
1208 5569 1399 5625 eadem
1430 5563 1790 5642 generatione
1814 5574 1867 5627 in
1897 5574 2100 5629 scholis
2200 5585 2400 5640 stante,
2447 5584 2700 5629 auctores
2741 5572 2861 5642 ejus
2890 5563 2945 5627 in
2977 5563 3319 5627 ethnicorum
3349 5563 3519 5625 le'rme
3546 5565 3755 5642 ordinem

484 5633 1268 5719 άξερυιάειιρ.υτοβιέτεε-ξιιηι
1308 5633 1757 5719 ροῑκῖιξηιιιαηάίξς
1807 5658 1920 5719 non
1950 5646 2099 5719 enim
2206 5633 2574 5719 τειιρεὺετιιρι
2622 5633 3145 5719 ἰςιβιηᾊιιιπηξῇυβ
3199 5652 3339 5719 0."!-
3369 5643 3428 5719 ,ξι
3463 5641 3759 5719 «κάτωρ

491 5706 1177 5785 amminit!“'.t_t_c'tsuperbi
1234 5712 1404 5785 animi
1433 5713 1586 5782 vitio,
1619 5723 1679 5769 ut
1724 5706 1775 5771 in
1807 5715 2101 5783 haereticis,
2206 5706 2471 5785 eosdem,
2523 5716 2752 5785 Basilius
2803 5713 2959 5785 hom.
3000 5710 3069 5785 27
3118 5712 3454 5785 itp_Sabeli.,
3503 5706 3759 5785 Gregorius

488 5785 795 5899 nauigatur
835 5776 1058 5836 illorum
1100 5781 1524 5899 dl‘sputatlones.
1572 5776 1671 5842 sed
1715 5787 1787 5843 at»
1819 5784 2008 5843 huntili
2039 5776 2103 5845 ac
2208 5789 2365 5869 Nysa.
2399 5776 2595 5851 et'alii.
2624 5783 2865 5844 Consule
2895 5784 3057 5844 etiam
3110 5776 3308 5843 valesii
3342 5776 3497 5843 non.
3514 5776 3575 5838 ttd
3603 5776 3680 5835 liba
3704 5784 3754 5826 ιη

709 5845 893 5899 unum
921 5840 1146 5899 discenti
1179 5878 1188 5899 τ
2210 5853 2344 5899 μετ-ον.
2366 5848 2633 5899 τκιιηὴηρ.
2658 5850 2749 5899 Iit.

489 5836 575 5915 NI
608 5836 893 5904 νοῑυυιιιο
921 5836 1205 5906 utmnd’t‘:
1238 5836 1281 5837 π
1330 5836 1337 5837 ί
2040 5836 2085 5844 ψ.

1153 5836 1205 5899 θ’
1238 5836 1281 5837 π
1330 5836 1337 5837 ί
2040 5836 2103 5845 ””
2208 5836 2748 5915 ὶήἶξιῖ’τῖιιῖιξὶἧν.’ἱὶέ
