4042 6294
260 213 366 273 545

1649 214 1740 274 DE
1786 211 1942 273 FIDE
1982 209 2113 271 LIB.
2162 211 2202 270 1.

3463 211 3572 275 546

261 331 436 386 voles.
474 331 608 395 Usu,
645 331 846 404 inquis,
885 332 1186 398 accipimus
1213 347 1283 388 eo
1305 333 1396 404 qni
1426 332 1689 396 nascitur,
1720 332 1862 400 prio—
1891 329 1937 392 Α
1967 343 2148 384 causa:
2201 327 2361 383 alicui
2435 328 2522 383 vel
2576 329 2788 385 auctori
2845 331 2868 382 Τ
2921 330 3176 387 Profecto
3228 329 3381 385 nihil.
3433 328 3572 396 Quid

262 439 378 480 rem
422 439 546 479 esse
569 425 660 495 qui
693 435 942 495 general.
988 425 1326 497 Perseqnere
1358 424 1521 495 igitur
1570 426 1751 480 omnia
1781 439 1870 478 vc-

263 516 424 586 stigia
449 517 890 583 consuetudinis,
915 527 970 573 et
989 517 1238 574 sicaetera
1261 518 1613 585 conveniunt,
1641 532 1747 572 non
1775 517 1870 573 ob-

265 610 402 665 sisto
431 610 563 680 quin
591 619 647 665 ct
673 610 817 665 istud
847 610 1092 680 requiras
1120 628 1132 664 :
1167 611 1210 665 si
1250 619 1430 666 autem
1453 611 1598 666 nulla
1637 624 1869 665 concor-

265 704 421 770 dant,
447 703 904 776 quemadmodum
927 719 1052 759 cum
1094 703 1274 760 desint
1297 713 1518 768 caetera.
1551 704 1656 759 hoc
1694 703 1869 758 solum

266 797 486 869 exigis?
518 796 660 868 Ergo
681 798 808 866 quia
852 813 1007 852 usum
1041 797 1302 868 requiris,
1331 795 1548 867 quando
1579 803 1871 865 generatus

265 900 348 946 cst
378 907 442 946 ex
471 890 655 957 Patre,
683 889 939 960 parvulus
988 890 1107 946 fuit.
1139 890 1333 945 Vidisti
1365 891 1417 944 in
1451 889 1611 945 cunis
1633 889 1868 944 infantu-

265 985 375 1042 Ium
417 985 746 1056 vagientem,
777 1000 1071 1055 processus
1102 985 1314 1057 aliquos
1340 985 1552 1054 accepit
1578 985 1792 1050 anatis;
1825 981 1868 1038 si

265 1079 412 1134 enim
436 1078 806 1134 inﬁrmitatem
859 1078 1233 1150 generationis
1277 1078 1486 1144 habuit,
1533 1092 1758 1134 necesse
1787 1086 1873 1132 est

263 1167 434 1244 558
460 1179 522 1225 ut
545 1184 650 1225 non
679 1170 856 1226 solum
908 1170 1186 1237 nascendi,
1233 1169 1328 1226 sed
1357 1170 1520 1226 etiam
1549 1168 1766 1226 vivendi
1799 1169 1873 1224 in-

263 1266 466 1321 ciderit
499 1265 896 1320 inﬁrmitatem.

336 1358 427 1414 7i.
461 1358 568 1414 Sed
599 1358 828 1414 fortasse
852 1373 917 1414 eo
946 1358 1248 1430 prolabaris
1294 1358 1571 1426 amentiae,
1597 1369 1656 1414 ut
1683 1359 1752 1415 de
1776 1359 1869 1416 Dei

265 1451 404 1508 Filio
438 1454 538 1508 ista
567 1469 674 1508 non
702 1454 930 1520 abnuas,
952 1455 1043 1524 qui
1066 1470 1190 1510 eum
1217 1470 1280 1509 ex
1309 1454 1625 1511 inﬁrmitate
1664 1455 1872 1511 metiris

263 1546 506 1601 humana
535 1546 704 1618 ;qnid
727 1546 772 1602 si
809 1547 979 1602 Deum
1031 1563 1232 1619 negare
1274 1563 1381 1603 non
1432 1559 1584 1617 potes
1626 1549 1868 1616 nomine,

261 1641 585 1696 inlirmitate
619 1651 797 1696 tamen
855 1640 1133 1697 hominem
1182 1641 1266 1697 vis
1297 1643 1580 1712 probare?
1631 1641 1773 1711 Quid
1827 1642 1870 1698 si

1972 437 2106 492 ergo
2133 421 2358 477 dicitis?
2389 421 2485 477 Est
2526 421 2718 477 horum
2775 422 2976 494 aliquid
3034 439 3143 494 quo
3184 434 3340 494 egeat
3372 423 3577 479 Pater?

1971 513 2198 585 lmpium
2235 523 2319 570 est
2347 514 2550 570 dicere.
2583 515 2724 585 Ergo
2757 526 2849 568 aut
2899 514 3158 581 desinite,
3210 530 3334 587 qua:
3363 524 3579 570 creatu-

1970 621 2152 660 rarum
2203 615 2377 675 sunt,
2431 616 2619 676 aptare
2657 605 2928 662 divinitati
2965 625 2977 661 :
3012 614 3103 661 aut
3154 607 3200 662 si
3257 621 3580 678 comparare

1971 699 2324 766 contenditis,
2375 698 2722 756 considerate
2750 715 2859 771 quo
2886 708 3066 755 vestra
3099 699 3359 772 procedat
3387 701 3581 770 impie-

1974 801 2090 858 tas;
2121 792 2264 863 quod
2297 792 2436 848 absit
2461 802 2522 849 ut
2566 792 2648 850 vel
2701 794 2752 848 in
2803 808 2998 849 sensus
3043 803 3261 849 nostros
3285 791 3578 864 aliquando

1973 887 2172 942 veniat.

2045 979 2134 1035 75.
2159 979 2268 1035 Nos
2297 981 2441 1037 enim
2485 982 2628 1052 piam
2660 980 3072 1053 responsionem
3108 989 3376 1038 tenemus.
3411 979 3576 1036 Nam-

1971 1090 2077 1146 que
2105 1075 2455 1145 omnipotens
2485 1075 2628 1130 Deus
2675 1085 2783 1140 est,
2807 1085 2864 1132 et
2887 1075 3011 1132 ideo
3055 1075 3208 1130 nullo
3238 1089 3430 1130 eorum
3473 1074 3578 1129 Pa-

1975 1177 2058 1224 ter
2083 1168 2311 1239 indiget,
2345 1169 2437 1239 qui
2470 1185 2576 1226 non
2609 1169 2774 1226 habet
2819 1168 3181 1225 mutationem
3205 1169 3288 1224 sui
3317 1168 3579 1237 aliquam,

1973 1261 2060 1316 vcl
2088 1261 2391 1331 profectum
2416 1279 2525 1332 quo
2553 1278 2653 1319 nos
2679 1278 2924 1333 egemus,
2955 1279 3181 1334 quorum
3205 1264 3488 1320 inﬁrmitas
3513 1277 3583 1319 ex

1973 1353 2283 1424 hujusmodi
2314 1356 2480 1411 rebus
2502 1357 2806 1426 profectum
2834 1359 3054 1428 accipit.
3101 1357 3205 1426 Qui
3254 1369 3433 1414 autem
3463 1371 3582 1414 om-

1976 1448 2230 1519 nipotens
2248 1456 2353 1515 est,
2373 1447 2740 1522 “simque
2765 1465 2873 1507 non
2890 1460 3129 1517 creatus,
3146 1462 3198 1506 et
3226 1453 3342 1507 sine
3366 1452 3510 1517 loco,
3533 1457 3590 1507 et

1973 1557 2138 1612 supra
2192 1553 2438 1614 tempora
2493 1550 2601 1598 est.
2635 1542 2778 1599 Nihil
2829 1543 2975 1600 enim
3007 1554 3135 1600 ante
3189 1545 3379 1612 Deum,
3412 1543 3581 1600 immo

1976 1635 2078 1692 hoc
2111 1638 2285 1707 ipsum
2308 1637 2569 1706 Verbum,
2593 1647 2720 1695 ante
2750 1639 2919 1694 Deum
2940 1652 2960 1678 ε
2993 1639 3176 1696 dicere
3203 1654 3326 1696 esse
3353 1638 3580 1710 aliquid,

261 1735 393 1792 dum
422 1734 618 1790 Filium
650 1735 898 1800 discutis,
927 1735 1140 1791 Patrem
1169 1736 1386 1807 arguis:
1418 1744 1473 1791 et
1498 1735 1626 1791 dum
1653 1735 1872 1792 Christo
1901 1731 1949 1792 B
1975 1746 2161 1802 grave.
2189 1732 2331 1802 Ergo
2360 1732 2405 1786 si
2452 1732 2523 1786 ita
2555 1741 2658 1800 est,
2689 1733 2814 1804 quia
2845 1732 2977 1788 nihil
3006 1733 3200 1788 horum
3233 1741 3319 1788 est
3366 1733 3418 1788 in
3469 1732 3582 1788 Deo

262 1827 614 1898 pra-judicas,
645 1827 860 1883 Patrem
888 1827 1216 1899 adjudicas?

337 1920 428 1974 72.
470 1919 604 1975 Nam
621 1921 664 1975 si
691 1920 875 1975 divina
905 1922 1189 1991 generatio
1211 1922 1457 1994 subjecta
1489 1923 1718 1993 tempori
1747 1923 1867 1988 fuit,

263 2020 320 2068 et
350 2011 404 2067 id
427 2027 496 2067 ex
530 2028 632 2068 usu
677 2015 1047 2084 generationis
1079 2023 1369 2083 usurpatur
1415 2015 1665 2070 humanm
1692 2031 1706 2079 ;
1739 2031 1871 2086 ergo

264 2116 323 2160 et
377 2105 539 2163 Pater
591 2107 867 2178 corporali
919 2116 1076 2164 utero
1125 2110 1360 2179 portavit
1412 2110 1647 2175 Filium,
1680 2109 1867 2166 decem

263 2198 541 2254 mensium
572 2198 858 2255 curriculis
887 2214 1029 2256 onus
1075 2201 1247 2256 vexit.
1298 2201 1405 2258 Sed
1449 2201 1723 2273 quomodo
1752 2202 1872 2258 sine

263 2306 406 2347 sexu
435 2291 611 2348 altero
659 2293 1032 2362 generationis
1064 2309 1193 2349 usus
1215 2295 1240 2347 ?
1262 2293 1428 2350 Vides
1456 2295 1757 2352 solemnem
1779 2311 1872 2368 ge-

264 2385 572 2442 nerationis
598 2386 799 2443 seriem
830 2402 938 2443 non
962 2388 1217 2458 cmpisse,
1248 2397 1304 2444 et
1333 2398 1386 2444 tu
1419 2398 1442 2425 ει
1478 2400 1662 2460 partus
1689 2390 1871 2460 cujus-

263 2476 394 2533 dam
413 2493 692 2549 corporcac
721 2480 1060 2536 necessitatis
1089 2490 1244 2552 putas
1272 2481 1438 2538 fuisse
1468 2483 1759 2539 solemnes.
1792 2481 1872 2539 Tu

262 2585 426 2625 usum
454 2571 675 2642 quaeris,
709 2586 810 2644 ego
840 2588 1026 2628 sexum
1060 2592 1072 2625 :
1110 2583 1163 2630 tu
1188 2584 1400 2646 tempus
1429 2576 1628 2648 exigis,
1652 2591 1756 2648 ego
1785 2591 1874 2632 or-

260 2661 494 2718 dinem:
531 2674 586 2718 tu
633 2664 793 2721 ﬁnem
849 2665 1100 2736 discutis,
1129 2684 1229 2740 ego
1278 2685 1465 2740 quaero
1525 2670 1870 2741 principium,

259 2754 474 2827 Nempe
494 2756 616 2813 ﬁnis
638 2773 703 2815 ex
745 2758 1039 2831 principio,
1070 2776 1176 2817 non
1220 2762 1546 2835 principium
1577 2764 1774 2836 pendet
1805 2782 1869 2822 ex

263 2848 403 2905 ﬁne.

339 2941 431 2997 75.
463 2940 659 3009 Omne,
687 2943 1048 3016 inquis.quod
1082 2955 1268 3003 natum
1292 2957 1399 3015 est,
1428 2951 1755 3022 principium
1781 2953 1874 3008 ha-

260 3034 360 3092 bet
386 3052 400 3099 ;
435 3045 490 3092 ct
520 3037 640 3093 ideo
683 3039 808 3109 quia
835 3037 1008 3096 Filius
1033 3051 1140 3108 est,
1173 3043 1490 3114 principium
1513 3045 1697 3114 habet,
1727 3056 1784 3103 ct
1809 3064 1876 3104 ex

1973 1824 2156 1891 Patre,
2187 1840 2310 1895 qua:
2362 1826 2663 1896 proiectum
2715 1824 3060 1896 significent;
3089 1825 3214 1894 quia
3255 1823 3398 1880 Deus
3447 1835 3531 1879 est
3564 1840 3579 1878 :

1972 1915 2110 1972 nihil
2139 1915 2332 1972 borum
2361 1917 2536 1988 aptari
2561 1916 2726 1972 etiam
2759 1924 2943 1988 potest
2975 1916 3066 1971 Dei
3098 1915 3262 1985 Filio,
3287 1915 3450 1972 utvel
3482 1915 3585 1970 ini-

1972 2013 2105 2064 tium
2153 2010 2404 2082 accipiat,
2429 2011 2513 2067 vel
2552 2010 2857 2082 profectum
2885 2029 2899 2079 ;
2929 2013 3055 2084 quia
3104 2011 3249 2066 Deus
3300 2027 3464 2068 verus
3515 2028 3584 2068 cx

1975 2103 2086 2158 Deo
2117 2119 2250 2158 vero
2277 2114 2380 2158 est.

2045 2195 2134 2250 76.
2168 2194 2314 2266 Ergo
2355 2196 2480 2267 quia
2527 2197 2786 2252 usitatum
2818 2213 2925 2253 non
2964 2197 3269 2268 reperimus
3299 2198 3576 2266 ordinem,

1974 2289 2296 2359 acquiesce,
2335 2287 2576 2358 Ariane,
2623 2292 2951 2362 prrccipuam
3008 2291 3130 2347 Filii
3171 2293 3582 2364 generationem

1956 2383 2168 2439 fuisse.
2217 2384 2541 2455 Acquiesce,
2589 2386 2842 2456 inquam;
2886 2393 2942 2440 et
2971 2385 3016 2439 si
3059 2385 3192 2440 mihi
3240 2400 3347 2442 non
3378 2386 3583 2457 credis,
3669 2382 3671 2384 ’

1978 2479 2245 2536 erubesce
2291 2480 2376 2534 vel
2425 2479 2518 2536 Dei
2549 2495 2738 2536 vocem
2792 2479 3029 2536 dicentis
3057 2478 3193 2537 :Cui
3239 2497 3321 2536 me
3361 2481 3584 2538 similem

1973 2573 2459 2647 wstimastis(Esai.
2491 2589 2650 2638 vat,
2688 2572 2772 2644 5)?
2788 2573 2855 2629 Et
2895 2576 3116 2630 iterum:
3151 2574 3290 2642 Quia
3311 2591 3416 2630 non
3449 2575 3583 2630 sicut

1977 2669 2150 2732 homo,
2174 2667 2247 2720 ita
2277 2675 2325 2721 et
2356 2664 2498 2720 Deus
2529 2665 2716 2737 (Num.
2748 2682 2904 2732 xxm,
2930 2665 3044 2739 i9).
3071 2667 3285 2724 Etenim
3309 2667 3358 2722 si
3386 2681 3584 2736 Opera-

1975 2761 2052 2814 tio
2083 2759 2174 2814 Dei
2205 2758 2474 2828 praecipua
2498 2769 2602 2826 est,
2631 2759 2756 2828 quia
2786 2774 2895 2814 non
2918 2759 3173 2815 manibus
3192 2770 3454 2831 Operatur
3479 2760 3582 2816 ali-

1976 2853 2125 2926 quid,
2157 2867 2262 2907 non
2299 2852 2483 2907 labore
2514 2851 2756 2919 conﬁcit,
2791 2868 2901 2908 non
2931 2852 3127 2909 diebus
3161 2853 3431 2919 absolvit;
3458 2851 3582 2923 Ipse

1975 2945 2118 3001 enim
2147 2945 2300 3010 dixit,
2333 2955 2379 2999 et
2407 2947 2545 3016 [acta
2567 2954 2710 3010 sunt,
2735 2946 2845 3014 ipse
2873 2945 3160 3012 mandavit,
3187 2955 3236 3001 et
3261 2956 3434 3000 creata
3459 2955 3582 3000 sunt

1979 3039 2157 3110 (Ps-al.
2190 3054 2413 3104 chvnt,
2455 3036 2561 3108 5):
2607 3054 2706 3094 cur
2753 3054 2860 3094 non
2911 3037 3200 3096 credamus
3247 3040 3578 3111 prazcipuam

264 3136 518 3199 tempore
555 3144 677 3186 esse
704 3131 892 3203 coepit.
921 3131 1078 3200 Quod
1119 3134 1361 3204 ipsorum
1403 3153 1498 3192 ore
1550 3139 1623 3193 sit
1651 3138 1874 3195 dictum.
1907 3128 1951 3189 C
1981 3132 2389 3203 generationem
2426 3144 2550 3186 esse
2579 3131 2700 3199 ejus
2729 3130 2783 3186 in
2817 3129 2980 3198 Filio,
3009 3131 3165 3201 cujus
3192 3129 3219 3168 ιι
3246 3132 3581 3202 ιιι-ωειριιιιιῐι

266 3222 390 3294 Ego
407 3231 590 3282 autem
612 3224 810 3282 Filium
858 3235 1043 3284 natum
1077 3244 1200 3286 esse
1243 3231 1543 3303 proﬁteor:
1575 3234 1720 3305 quod
1747 3235 1876 3292 reli-

267 3329 445 3386 quum
498 3325 580 3372 est
628 3317 945 3389 impietatis,
1004 3319 1291 3378 horresco.
1346 3323 1516 3380 Deum
1573 3327 1874 3397 conﬁteris,

269 3408 468 3474 homo,
499 3420 553 3465 et
599 3411 696 3466 tali
744 3413 1154 3484 circumscribis
1204 3415 1516 3473 calumnia?
1556 3418 1700 3476 Deus
1741 3420 1880 3478 hanc

260 3510 607 3560 averruncet
631 3504 948 3562 amentiam.

889 3621 1121 3682 CAPUT
1160 3624 1279 3682 XII.

262 3732 488 3793 Iteratte
526 3737 581 3792 in
630 3736 824 3794 Filium
850 3738 1125 3810 objectioni
1183 3743 1374 3798 iterum
1418 3746 1752 3818 respondetur
1769 3763 1880 3802 enin

342 3833 632 3902 retorqueri
682 3833 838 3888 etiam
873 3833 926 3888 in
960 3832 1168 3890 Patrem
1197 3853 1382 3907 posse;
1416 3854 1536 3893 cum
1560 3856 1682 3911 ergo
1722 3839 1884 3895 Pater

345 3940 444 3980 nec
465 3924 602 3992 loco,
625 3941 718 3980 nec
760 3934 1004 3996 tempore,
1037 3925 1204 3982 aliave
1226 3929 1338 3984 ulla
1368 3941 1604 3985 creatura
1631 3932 1879 4004 indigeat,

345 4019 425 4073 sic
443 4033 538 4073 nec
565 4034 743 4073 eorum
791 4018 1130 4090 indigentiam
1157 4021 1539 4077 attribuendam
1579 4022 1758 4080 Filio:
1788 4042 1884 4080 cu-

338 4117 438 4188 jus
461 4113 746 4186 singularis
789 4115 1051 4186 generatio
1091 4125 1165 4170 est
1195 4133 1299 4172 non
1342 4117 1512 4173 solum
1539 4135 1567 4173 e
1595 4117 1771 4188 Patre,
1795 4121 1884 4175 sed

349 4208 559 4264 etiame
594 4207 804 4280 Virgine
825 4225 844 4275 ;
867 4217 1236 4282 proptereaque
1276 4227 1392 4265 cum
1420 4213 1472 4266 in
1494 4212 1592 4267 hac
1606 4229 1708 4267 non
1731 4229 1885 4268 sexus

350 4311 450 4355 aut
473 4300 666 4355 similia
707 4301 876 4356 locum
903 4301 1198 4369 habuerint,
1227 4302 1280 4357 in
1302 4302 1395 4358 illa
1419 4321 1621 4376 quoque
1659 4322 1759 4360 non
1794 4309 1885 4361 ha-

353 4395 547 4450 buisse.

355 4533 454 4589 74.
484 4532 698 4590 Rursus
720 4534 986 4606 objiciunt
1017 4553 1030 4591 :
1067 4536 1212 4606 Ergo
1241 4552 1350 4594 non
1379 4548 1463 4594 εει
1488 4539 1681 4606 Filius,
1709 4541 1753 4596 si
1787 4557 1894 4598 non
1921 4527 1975 4590 Ῑ)

280 4630 459 4688 habet
485 4644 609 4700 qua:
636 4629 839 4686 habent
865 4630 980 4686 ﬁlii.
1029 4629 1278 4702 Ignoscat
1306 4631 1438 4688 mihi
1481 4633 1660 4702 Pater,
1714 4634 1896 4706 ignos-

281 4735 380 4784 cat
412 4722 606 4786 Filius.
661 4724 905 4796 ignoscat
935 4733 991 4782 et
1045 4725 1284 4796 Spiritus
1317 4737 1557 4795 sanctus,
1583 4727 1610 4766 ι’
1640 4730 1898 4798 quaestio-

285 4834 418 4876 nem
453 4832 555 4889 pro
579 4817 784 4888 pietate
813 4816 1020 4874 referre
1055 4817 1316 4887 cupienti.
1348 4818 1448 4875 Est
1471 4829 1619 4876 certe
1639 4820 1819 4888 Pater,
1844 4831 1900 4878 et

288 4923 484 4971 manet
505 4925 763 4981 semper:
792 4920 922 4970 sunt
941 4913 1104 4968 etiam
1126 4923 1392 4970 creatura:
1419 4929 1520 4987 pro
1547 4914 1902 4986 dispositione

290 5007 504 5064 divina.
536 5006 638 5062 Est
671 5020 802 5078 ergo
829 5004 1032 5077 aliquid
1063 5021 1251 5062 earum
1282 5007 1424 5078 quod
1456 5023 1564 5064 non
1598 5008 1902 5079 subjectum

294 5099 371 5156 sit
413 5107 511 5155 aut
558 5097 718 5167 Iocis,
748 5106 842 5153 aut
887 5097 1226 5169 temporibus
1259 5140 1274 5165 ,
1328 5110 1420 5156 aut
1457 5099 1722 5157 creationi
1753 5143 1770 5171 ,
1811 5110 1906 5158 aut

376 5266 404 5295 ει
431 5255 636 5332 Omnes
679 5252 810 5332 edit.
835 5269 956 5310 cum
985 5256 1172 5332 paucis
1194 5255 1374 5324 'mss.,
1405 5269 1585 5325 partus
1633 5263 1906 5332 cujusdam

299 5327 539 5401 corporei
579 5327 946 5404 necessitates;
967 5327 1060 5382 alii
1117 5342 1249 5383 mss.
1306 5335 1476 5385 multo
1523 5327 1709 5398 plures
1738 5337 1915 5404 potio-

300 5399 525 5470 resque,
555 5408 734 5467 partus
761 5399 1325 5479 cujusdamcorporea:
1344 5405 1658 5479 necessitatis
1678 5424 1713 5479 ,j
1729 5399 1780 5460 id
1803 5417 1908 5479 est,

301 5481 498 5544 partus
523 5470 828 5544 corporea!
847 5470 1179 5527 conditionis
1215 5475 1528 5530 necessitati
1556 5470 1805 5534 subditos
1831 5470 1916 5534 ειιὲ

298 5542 411 5618 que
435 5542 697 5618 astrictos
726 5550 905 5618 putas.

377 5613 406 5654 ι’
438 5613 650 5671 Teller.
707 5614 881 5672 codex
929 5628 1070 5670 unus
1102 5655 1119 5683 ,
1174 5617 1511 5684 qurestionem
1563 5620 1628 5676 de
1679 5623 1918 5694 proprie-

387 5771 410 5799 ε
442 5758 576 5817 Mss.
603 5757 835 5831 aliquot,
861 5760 1052 5827 dicere,
1087 5769 1159 5816 est
1188 5761 1388 5832 aliquid
1410 5781 1581 5835 grave.

1977 3224 2310 3279 creationem
2344 3222 2398 3278 in
2442 3221 2703 3294 operibus
2731 3225 3121 3295 agnoscimus?
3160 3224 3398 3296 Dignutn
3426 3235 3580 3284 certe

1977 3328 2064 3375 est
2089 3327 2146 3374 ut
2171 3317 2482 3390 specialiter
2505 3327 2560 3374 et
2586 3319 2858 3389 praecipue
2883 3318 3134 3375 videatur
3159 3334 3458 3390 generasse
3484 3319 3581 3377 Fi-

1977 3411 2132 3467 lium.
2159 3410 2366 3465 Habeat
2394 3411 2764 3482 generationis
2794 3411 3070 3468 inusitatm
3089 3412 3344 3485 gloriam,
3370 3413 3462 3486 qui
3483 3413 3583 3472 Ita-

1977 3504 2072 3560 bet
2101 3503 2386 3573 potestatis
2407 3503 2680 3558 inusitata:
2707 3504 2958 3575 gratiam.

2051 3596 2139 3652 77.
2155 3595 2273 3651 Non
2291 3595 2404 3652 sola
2427 3593 2768 3652 admirabilis
2794 3612 2859 3654 ex
2879 3595 3040 3654 Patre
3057 3603 3341 3671 generatio
3353 3600 3582 3672 Christi,

1979 3689 2311 3747 admirabilis
2342 3690 2506 3747 etiam
2540 3691 2656 3763 ipsa
2679 3692 2958 3764 generatio
2987 3694 3108 3764 ejus
3133 3710 3198 3752 ex
3232 3695 3476 3769 Virgine.
3501 3697 3585 3756 Tu

1978 3785 2132 3842 illam
2153 3785 2289 3841 dicis
2311 3794 2512 3840 nostra:
2534 3785 2772 3842 similem
2795 3787 3190 3858 conceptionis,
3213 3799 3268 3846 et
3287 3804 3392 3862 ego
3413 3793 3589 3862 probo

1981 3889 2037 3937 et
2067 3880 2222 3936 istam
2248 3888 2450 3934 nostra:
2469 3892 2592 3935 esse
2621 3877 2969 3944 dissimilem,
3003 3881 3170 3936 immo
3200 3892 3254 3938 te
3286 3883 3466 3954 ipsum
3490 3899 3587 3940 co-

1983 3990 2104 4046 gam
2133 3972 2314 4029 fateri.
2350 3973 2448 4029 Dic
2478 3972 2940 4044 quemadmodum
2972 3973 3044 4030 sit
3087 3985 3245 4034 natus
3291 3993 3358 4034 ex
3393 3978 3587 4047 Maria,

1985 4085 2091 4142 quo
2122 4084 2224 4125 usu
2269 4077 2458 4125 uterus
2501 4084 2625 4125 eum
2672 4067 2926 4125 habuerit
2957 4069 3266 4142 virginalis,
3314 4072 3592 4142 quomodo

1985 4165 2104 4222 sine
2131 4166 2340 4222 semine
2361 4165 2465 4222 viri
2490 4175 2697 4236 partus,
2718 4166 2864 4223 unde
2887 4167 3040 4237 virgo
3064 4183 3374 4238 praegnans,
3402 4184 3595 4240 quem-

1988 4257 2280 4314 admodum
2318 4268 2339 4294 θ
2365 4257 2546 4330 puella
2590 4269 2764 4316 mater
2794 4269 2923 4314 ante
2951 4259 3117 4325 fetus,
3151 4275 3313 4332 quam
3342 4262 3594 4332 copulam

1988 4361 2048 4408 ut
2076 4368 2211 4409 uxor
2235 4353 2492 4424 experta?
2513 4349 2688 4408 Causa
2716 4352 2925 4417 deerat,
2950 4361 3005 4410 et
3035 4353 3401 4426 generabatur
3422 4355 3594 4415 ﬁlius.

1992 4445 2147 4503 Unde
2177 4460 2309 4517 ergo
2337 4445 2472 4516 legis
2508 4453 2719 4500 novata:
2750 4445 2977 4516 partus?

2073 4541 2160 4598 78.
2196 4540 2253 4596 Si
2302 4540 2466 4612 igitur
2507 4543 2561 4596 in
2607 4539 2828 4611 Virgine
2864 4554 2994 4596 usus
3035 4540 3204 4598 deluit
3232 4545 3605 4615 generationis

1997 4635 2267 4701 humanm,
2302 4633 2769 4706 quemadmodum
2805 4633 2860 4689 in
2891 4633 3003 4689 Deo
3035 4633 3200 4692 Patre
3230 4637 3474 4709 propria:
3503 4654 3602 4712 ge-

1998 4729 2301 4787 nerationis
2343 4745 2499 4786 usum
2547 4729 2819 4801 requiris?
2858 4727 3020 4787 Certe
3064 4746 3194 4788 usus
3237 4733 3290 4788 in
3325 4749 3460 4791 sexu
3491 4745 3598 4804 est,

1997 4824 2125 4896 quia
2165 4838 2328 4880 sexus
2368 4825 2423 4879 in
2452 4837 2617 4880 carne
2647 4833 2732 4880 est
2774 4841 2788 4878 :
2833 4824 2924 4880 ubi
2971 4840 3102 4898 ergo
3154 4841 3285 4884 caro
3333 4844 3442 4885 non
3495 4837 3604 4894 est.

2004 4915 2462 4989 quemadmodum
2513 4915 2697 4972 carnis
2748 4915 3124 4974 inﬁrmitatem
3178 4919 3386 4990 exigis?
3430 4917 3606 4976 Nemo

2006 5010 2287 5067 meliorem
2316 5009 2538 5065 discutit
2565 5027 2578 5063 :
2609 5009 2836 5066 credere
2863 5010 2964 5066 tibi
2982 5010 3194 5082 jussum
3220 5021 3327 5082 est,
3352 5027 3461 5068 non
3493 5012 3610 5068 dis-

2005 5113 2194 5161 cutere
2219 5103 2550 5175 permissum
2579 5111 2684 5160 est.
2725 5101 3008 5176 Scriptum
3037 5113 3125 5162 est
3149 5104 3296 5161 enim
3327 5121 3342 5157 :
3375 5102 3612 5161 Credidit

2088 5264 2113 5302 ά
2143 5265 2347 5322 Omnes
2372 5263 2504 5321 edit.
2533 5279 2597 5320 ac
2624 5266 2778 5336 pauci
2819 5279 2977 5330 mss.,
3008 5265 3322 5337 praecipuam
3350 5266 3614 5337 operatio-

2019 5353 2170 5401 nem;
2198 5338 2288 5392 alii
2330 5337 2598 5403 nonnulli,
2626 5338 2945 5406 prtecipuam
2973 5336 3389 5408 generationem;
3429 5339 3616 5396 caeteri

2020 5411 2237 5483 melius,
2267 5410 2586 5480 praecipuam
2611 5409 2944 5483 creationem,
2984 5409 3211 5463 activam
3239 5409 3468 5477 scilicet,
3509 5425 3616 5483 qua

2023 5482 2231 5561 creavit
2258 5479 2505 5561 universa
2537 5495 2634 5561 per
2661 5479 2877 5534 Filium.

2099 5564 2122 5592 θ
2152 5552 2228 5608 Ita
2262 5569 2393 5609 mss.
2429 5549 2702 5626 plerique;
2738 5550 2986 5626 nonnulli
3022 5549 3136 5626 alii,
3175 5552 3357 5608 matris
3385 5563 3506 5626 ante
3539 5559 3619 5626 fe-

2027 5636 2130 5692 tus,
2163 5641 2319 5698 quam
2348 5622 2838 5698 copulantumoris;
2875 5621 2969 5698 alii
3006 5621 3224 5698 demum
3255 5633 3311 5698 et
3339 5621 3623 5698 editioni.

2029 5713 2148 5761 nes,
2176 5693 2477 5753 nobiscum
2513 5693 2739 5759 faciunt,
2789 5693 2892 5750 nisi
2933 5693 3075 5766 quod
3115 5709 3213 5774 pro
3249 5697 3404 5768 fetus,
3437 5697 3624 5772 plures

2031 5769 2264 5826 eﬁ‘erunt
2290 5773 2412 5826 rcta.

2031 5773 2264 5828 ederunt
2288 5773 2412 5841 fcta.
