4042 6294
227 322 336 381 555

1605 331 1692 386 DE
1734 330 1891 386 FIDE
1918 329 2044 385 LIB.
2093 331 2130 384 l.

3415 339 3520 399 554

221 443 428 513 juncta
477 454 644 515 atque
669 445 984 515 compositae
1015 462 1027 497 :
1061 453 1085 482 α
1116 445 1201 500 cui
1253 445 1384 499 nihil
1437 445 1678 513 accedat,
1725 445 1821 501 sed
1852 453 1901 509 Α
1927 446 2078 499 exire
2131 454 2152 480 ε
2206 444 2351 514 quod
2400 445 2510 515 jam
2549 446 2640 510 sit,
2690 456 2742 499 et
2788 461 2855 501 ex
2896 446 3246 506 interioribus
3291 455 3521 510 secretis

228 537 406 591 solum
464 538 608 608 quod
661 539 901 594 divinum
953 547 1029 592 est
1086 539 1138 592 in
1192 548 1380 593 natura
1433 537 1628 594 habeat
1681 554 1819 595 sua:

227 632 510 700 complens
532 633 736 700 omnia,
772 648 1034 703 nusquam
1067 634 1183 704 ipse
1208 635 1498 690 confusus:
1534 647 1825 703 penetrans

227 726 431 789 omnia,
482 739 748 796 nusquam
793 727 911 798 ipse
958 722 1361 796 penetrandus’:
1393 727 1589 798 ubique
1637 735 1820 793 totus,

227 815 530 887 eodemque
583 828 828 890 tempore
858 821 941 874 vel
978 819 1029 874 in
1079 820 1216 875 cmlo
1238 863 1253 889 ,
1287 820 1367 876 vel
1418 820 1469 874 in
1502 821 1692 885 terris,
1737 820 1824 876 vel

229 905 281 962 in
312 908 610 964 novissimo
661 911 828 966 maris
876 927 1114 982 prwsens
1143 929 1156 964 :
1185 914 1301 967 visu
1352 912 1823 983 incomprehensi-

229 997 372 1066 bilis,
397 999 509 1056 fatu
534 1003 1042 1074 ininterpretabilis,
1081 1020 1244 1060 sensu
1278 1005 1694 1073 inmstimabilis,
1721 1005 1825 1062 [ide

228 1095 574 1164 sequendus,
623 1097 887 1169 religione
916 1099 1287 1165 venerandus;
1322 1107 1380 1154 ut
1408 1099 1666 1170 quidquid
1699 1099 1825 1154 reli-

227 1191 412 1261 giosus
441 1193 636 1250 sentiri
669 1205 866 1265 potest,
895 1197 1156 1268 quidquid
1187 1199 1534 1267 praestantius
1561 1199 1627 1253 ad
1657 1199 1823 1254 deco-

227 1303 365 1353 rem,
398 1289 658 1360 quidquid
684 1290 966 1346 sublimius
994 1291 1057 1346 ad
1090 1300 1436 1362 potestatem,
1470 1293 1571 1348 hoc
1599 1293 1710 1348 Deo
1737 1293 1822 1348 in-

228 1380 441 1450 telligas
471 1383 787 1437 convenire.

299 1476 425 1530 107.
471 1476 614 1546 Ergo
643 1477 768 1548 quia
803 1477 856 1532 in
892 1478 1032 1533 Filio
1057 1481 1360 1550 cumplacet
1390 1481 1549 1536 Pater
1590 1479 1820 1550 (Matth.

225 1585 360 1634 xvu,
401 1569 495 1640 5),
525 1571 692 1625 crede
717 1572 841 1641 quia
869 1574 1063 1644 dignus
1093 1574 1251 1630 Patre
1290 1575 1480 1639 Filius,
1510 1574 1671 1630 crede
1700 1573 1823 1643 quia

221 1677 252 1718 a
284 1663 399 1718 Deo
430 1664 599 1719 exivit
641 1663 836 1731 Filius,
867 1677 920 1719 ιιι
951 1668 1065 1736 ipse
1095 1675 1328 1722 testatur
1349 1668 1534 1724 dicens
1564 1685 1576 1720 :
1607 1665 1691 1721 Ex
1719 1665 1824 1720 Deo

223 1758 491 1826 processi,
542 1766 590 1812 et
628 1759 740 1811 veni
785 1758 976 1828 (Joan.
1007 1776 1123 1826 vnn,
1155 1759 1292 1833 42);
1340 1772 1395 1816 et
1437 1761 1602 1815 alibi:
1637 1761 1680 1812 Α
1713 1757 1824 1814 Deo

1929 538 2147 608 prodire
2187 539 2471 602 videatur,
2521 539 2663 610 quod
2696 540 2849 596 exire
2890 543 3208 612 Perhihetur
3238 564 3250 598 :
3282 551 3524 617 angustis

1929 632 2052 687 licet
2091 634 2435 689 sermonibus
2472 637 2862 706 proprietatem
2911 636 3107 692 divina:
3153 642 3525 710 generationis

1927 729 2289 795 advertimus;
2334 742 2388 784 ut
2423 747 2528 785 non
2561 746 2631 786 ex
2665 731 2786 786 loco
2826 732 3010 801 aliquo
3040 733 3291 790 videatur
3319 736 3525 804 exisse,

1928 822 2026 878 sed
2058 833 2113 877 ut
2146 823 2286 879 Deus
2329 840 2393 878 ex
2442 824 2572 890 Deo,
2613 824 2781 880 Filius
2811 840 2876 880 ex
2903 825 3096 891 Patre;
3130 843 3230 883 nec
3277 828 3525 885 videatur
3589 845 3598 852 '

1927 917 2160 986 cmpisse
2187 933 2253 972 ex
2282 928 2544 986 tempore,
2568 918 2659 988 qui
2691 933 2756 972 ex
2791 918 2950 973 Patre
2999 921 3273 977 nascendo
3319 921 3522 990 prodit,

1927 1020 1986 1064 ut
2027 1009 2162 1064 dixit
2210 1012 2324 1080 ipse
2354 1013 2444 1081 qui
2477 1020 2637 1066 natus
2681 1019 2802 1066 est:
2837 1011 2920 1066 Ex
2949 1029 3036 1067 ore
3063 1012 3318 1069 Altissimi
3355 1015 3526 1086 prodii

1931 1102 2170 1174 (Eccles.
2206 1121 2352 1170 xxiv,
2382 1108 2468 1175 5).

2001 1198 2123 1251 111.
2154 1196 2260 1252 Sed
2294 1198 2336 1252 si
2382 1208 2626 1254 naturam
2682 1216 2789 1256 non
2835 1211 3158 1272 agnoscunt,
3191 1202 3236 1257 si
3266 1219 3370 1259 non
3405 1220 3522 1262 cre-

1928 1287 2063 1344 dunt
2089 1288 2405 1359 Scripturis,
2439 1293 2522 1346 vel
2555 1294 2816 1364 operibus
2846 1295 3095 1350 credant.
3129 1294 3230 1351 Cui
3261 1297 3395 1354 dicit
3425 1298 3529 1354 Pa—

1930 1391 2051 1438 ter:
2085 1381 2364 1440 Faciamus
2407 1386 2665 1441 hominem
2707 1385 2868 1460 (Gen.
2905 1405 2944 1455 ι,
2981 1389 3111 1462 26),
3146 1391 3248 1446 nisi
3281 1393 3332 1447 ei
3364 1409 3523 1461 quem

1927 1492 2115 1532 verum
2169 1477 2359 1534 Filium
2413 1480 2618 1535 sciret?
2660 1480 2716 1535 In
2767 1496 2877 1550 quo
2925 1483 3032 1537 nisi
3089 1486 3139 1538 in
3187 1499 3321 1539 vero
3370 1501 3522 1541 suam

1928 1569 2218 1640 imaginem
2251 1573 2712 1638 recognosceret?
2746 1572 2864 1628 Non
2896 1585 2980 1629 est
3025 1590 3190 1630 unum
3237 1577 3527 1648 adoptivus

1928 1671 1983 1718 et
2011 1678 2207 1727 vetus;
2254 1679 2354 1718 nec
2389 1663 2563 1718 Filius
2612 1665 2860 1720 diceret:
2899 1665 3073 1720 Unum
3112 1685 3289 1724 sumus
3330 1669 3524 1741 (Joan.

1928 1772 2038 1822 xvi,
2061 1756 2195 1826 22);
2229 1755 2247 1793 ί
2284 1759 2328 1811 si
2353 1773 2412 1812 se
2442 1773 2564 1812 cum
2598 1773 2750 1823 vero,
2778 1759 2866 1829 qui
2891 1775 3051 1814 verus
3081 1777 3187 1816 non
3214 1773 3361 1818 esset
3384 1763 3524 1833 ipse,

222 1851 359 1904 exivi
413 1848 612 1922 (Joan.
649 1867 769 1914 xw,
820 1851 950 1919 27).
983 1854 1084 1921 Qui
1112 1869 1175 1908 ex
1226 1854 1337 1910 Deo
1380 1855 1676 1925 processit,
1720 1862 1773 1908 et
1801 1868 1830 1908 a
1863 1843 2231 1906 Bconferret.
2282 1850 2560 1907 Faciamus
2606 1868 2739 1923 ergo
2782 1853 2913 1907 dicit
2963 1854 3144 1910 Pater.
3201 1856 3305 1925 Qui
3350 1857 3527 1925 dixit,

223 1945 341 2002 Deo
373 1947 562 2014 exivit,
617 1947 753 2002 nihil
779 1947 921 2003 aliud
958 1961 1135 2019 potest
1162 1951 1389 2019 habere,
1431 1954 1531 2008 nisi
1563 1953 1704 2024 quod
1735 1953 1828 2008 Dei

219 2048 328 2094 est.

799 2134 1033 2192 CAPUT
1074 2135 1234 2190 XVII.

221 2262 498 2321 Christum
546 2267 710 2322 Deum
756 2287 928 2325 verum
968 2288 1077 2327 esse
1115 2289 1178 2326 ea:
1213 2291 1269 2327 eo
1316 2275 1530 2344 probat,
1576 2277 1711 2345 quod
1767 2278 1833 2331 sit

298 2361 548 2433 praprius
578 2360 674 2417 Dei
703 2361 750 2414 F
755 2365 873 2419 ilius
897 2382 915 2431 ;
943 2366 1310 2436 prtemissaque
1334 2367 1653 2438 diﬂicultatis
1679 2369 1831 2424 subo-

296 2457 480 2510 rientis
506 2458 782 2522 solutione,
813 2459 1043 2514 eamdem
1073 2477 1180 2514 rem
1211 2462 1331 2514 inde
1369 2463 1666 2532 conﬁrmat,
1693 2465 1832 2535 quod

296 2549 364 2602 sit
409 2550 650 2620 genitus,
696 2551 932 2621 quodque
985 2569 1051 2607 ea:
1101 2552 1212 2608 Deo
1261 2556 1464 2609 exierit.
1518 2555 1616 2611 llis
1662 2557 1832 2611 subdit

300 2641 485 2697 Patris
514 2659 578 2696 ac
608 2642 738 2697 Filii
782 2646 1030 2700 unitatem
1071 2648 1385 2717 Operationis
1428 2665 1488 2702 ac
1528 2651 1826 2705 voluntatis.

298 2735 436 2790 Tum
467 2737 720 2806 apostolis
745 2746 792 2791 et
820 2738 1128 2794 Centurione
1153 2756 1306 2810 quem
1331 2757 1449 2794 cum
1475 2742 1682 2797 Arionis
1705 2760 1828 2797 con-

300 2832 506 2899 tendit,
552 2832 604 2886 in
655 2833 1006 2888 testimonium
1043 2835 1280 2889 adductis
1313 2834 1526 2890 Esaiam
1557 2837 1734 2909 jungit
1771 2854 1833 2892 ac

300 2924 582 2980 Joannem.

305 3058 436 3114 108.
480 3057 635 3114 Unde
681 3074 789 3114 non
821 3059 847 3097 ι)
879 3061 1053 3116 solum
1096 3063 1274 3132 Deus,
1323 3064 1420 3121 sed
1463 3067 1626 3121 etiam
1673 3083 1834 3123 verus

228 3151 403 3217 Deus,
438 3166 601 3207 verus
634 3167 662 3206 e
692 3167 848 3220 vero,
896 3162 953 3209 et
981 3154 1118 3210 adeo
1142 3171 1322 3220 verus,
1359 3166 1416 3212 ιιι
1454 3159 1567 3229 ipse
1598 3161 1667 3215 sit
1693 3162 1835 3217 veri-

1933 1961 2095 2000 verus
2123 1955 2244 2000 est:
2287 1954 2536 2013 potestne
2567 1961 2697 2016 ergo
2729 1961 2892 2001 verus
2931 1963 3038 2001 non
3087 1963 3210 2004 esse
3261 1950 3384 2015 ille,
3433 1951 3525 2022 qui

1933 2038 2088 2104 fecit;
2123 2046 2177 2093 et
2208 2037 2351 2109 quod
2379 2039 2582 2094 dicenti
2612 2039 2878 2106 defertur,
2911 2039 3132 2095 facienti
3168 2044 3438 2113 negatur?

2008 2130 2132 2187 H2.
2161 2131 2445 2199 Quomodo
2476 2143 2658 2187 autem
2709 2134 2810 2187 nisi
2861 2149 3047 2188 verum
3095 2134 3292 2190 Filium
3341 2139 3528 2204 sciret,

1933 2226 2302 2281 committeret
2333 2226 2382 2280 ei
2428 2225 2721 2280 voluntatis
2765 2241 2877 2281 sum
2911 2229 3202 2294 unitatem,
3256 2237 3309 2284 et
3351 2230 3534 2299 operis

1931 2319 2256 2374 veritatem?
2301 2319 2440 2374 Cum
2486 2319 2632 2374 enim
2663 2319 2852 2374 eadem
2909 2320 3071 2376 faciat
3117 2321 3288 2378 Filius
3336 2339 3523 2394 opera,

1934 2427 2052 2483 qua:
2084 2412 2241 2466 Pater
2271 2410 2421 2475 facit,
2456 2422 2510 2466 et
2537 2427 2673 2482 quos
2706 2414 2822 2467 vult
2869 2413 3103 2470 vivilicet
3154 2415 3344 2480 Filius,
3391 2418 3530 2470 sicut

1934 2509 2194 2576 scriptum
2220 2515 2305 2562 est
2334 2504 2526 2568 (Joan.
2557 2523 2606 2572 v,
2640 2508 2730 2572 19,
2758 2507 2821 2562 2i
2844 2508 2896 2578 );
2930 2524 3028 2562 nec
3058 2508 3315 2564 dill‘erens
3353 2520 3535 2580 poles-

1935 2609 2066 2669 tate,
2092 2610 2146 2656 et
2168 2602 2303 2656 liber
2333 2610 2416 2656 est
2439 2604 2713 2657 voluntate
2740 2620 2750 2656 :
2786 2603 2854 2656 ita
2885 2605 3064 2658 unitas
3095 2616 3376 2671 servatur;
3409 2608 3532 2673 quia

1935 2705 1989 2750 et
2020 2693 2191 2748 virtus
2225 2695 2317 2749 Dei
2350 2695 2401 2748 in
2435 2695 2737 2750 divinitatis
2769 2698 3099 2766 proprietate
3135 2709 3251 2765 est;
3283 2710 3340 2755 et
3369 2701 3535 2758 liber-

1937 2793 2019 2839 tas
2047 2802 2150 2838 non
2184 2786 2234 2839 in
2266 2786 2443 2857 aliqua
2491 2786 2791 2843 dill'erentia
2815 2829 2830 2854 ,
2863 2790 2964 2846 sed
2999 2791 3049 2845 in
3091 2791 3298 2848 unitate
3327 2804 3410 2849 est
3437 2810 3534 2849 vo-

1935 2876 2177 2933 luntatis.

2010 2971 2131 3026 115.
2176 2971 2397 3026 Turbati
2449 2973 2502 3027 in
2535 2973 2674 3029 freto
2705 2986 2729 3022 Β
2760 2976 3018 3044 apostoli,
3052 2975 3177 3032 licet
3218 2979 3394 3035 adhuc
3427 2998 3534 3038 non

1937 3063 2224 3118 credentes
2273 3064 2459 3128 corde,
2495 3066 2583 3119 ubi
2619 3069 2849 3135 primum
2899 3070 3001 3124 sub
3048 3072 3274 3141 pedibus
3325 3075 3538 3132 Domini

1939 3154 2130 3210 ludere
2165 3172 2349 3221 aquas,
2386 3168 2440 3210 et
2470 3158 2712 3228 inquieto
2766 3162 2929 3215 maris
2959 3173 3094 3217 testu
3138 3164 3540 3223 deambulanlis

231 3252 341 3300 tas.
369 3245 554 3316 Itaque
582 3246 628 3301 si
652 3261 850 3302 nomen
868 3249 1185 3318 quaerimus,
1211 3252 1416 3306 veritas
1437 3253 1614 3307 estzsi
1639 3254 1837 3324 majes-
1863 3239 1910 3304 C
1943 3247 2151 3301 Domini
2187 3264 2351 3316 snper
2383 3265 2548 3319 aquas
2583 3252 2846 3321 intrepida
2881 3254 3067 3310 videre
3094 3258 3324 3324 vi'stigia
3350 3276 3363 3323 ;
3395 3262 3540 3314 subi-

235 3345 411 3392 tatem
442 3349 462 3377 ε
496 3340 788 3409 quaerimus
837 3343 1140 3398 naturalem
1162 3385 1176 3408 ,
1212 3359 1279 3400 eo
1321 3361 1492 3416 usque
1536 3346 1707 3401 Filius
1741 3348 1833 3404 Dei

236 3448 407 3489 verus
435 3444 538 3500 est,
568 3448 625 3491 ut
656 3444 710 3491 et
756 3437 1039 3507 proprius.
1068 3438 1339 3508 Scriptum
1387 3450 1469 3496 est
1507 3442 1652 3497 enim
1683 3461 1696 3497 :
1733 3444 1837 3511 Qui

232 3529 458 3600 proprio
485 3527 534 3582 F
536 3529 636 3583 ilio.
651 3547 752 3584 non
794 3533 1042 3602 pepercit,
1082 3535 1172 3586 sed
1199 3549 1292 3602 pro
1318 3535 1462 3590 nobis
1485 3537 1698 3590 tradidit
1722 3554 1835 3591 eum

234 3620 422 3693 (Rom.
455 3637 572 3690 νιιι,
601 3622 728 3688 32):
761 3623 982 3678 tradidit
1012 3627 1198 3696 utique
1246 3626 1543 3682 secundum
1591 3644 1832 3685 carnem.

229 3715 556 3786 Proprietas
577 3716 876 3774 divinitatis
904 3728 1010 3785 est,
1039 3721 1242 3776 veritas
1266 3723 1636 3793 proprietatis.
1670 3726 1834 3783 mise-

230 3811 474 3868 ricordia
507 3807 746 3881 pietatis,
771 3812 978 3868 oblatio
1005 3816 1332 3871 securitatis.
1383 3849 1393 3868 ς

311 3904 440 3960 109.
481 3903 587 3960 Sed
617 3920 685 3962 ue
720 3905 1215 3975 calumniarentur,
1248 3910 1370 3980 quia
1399 3911 1662 3982 scriptum
1709 3920 1793 3968 est
1821 3930 1832 3965 :

229 3996 479 4054 Tradidit
528 4015 645 4053 eum
705 3997 910 4065 Pater;
952 4000 1069 4071 ipse
1116 4000 1412 4071 Apostolus
1470 4004 1599 4058 alibi
1656 4004 1833 4060 dixit:

231 4091 361 4148 Pax
388 4109 419 4145 a
447 4090 555 4146 Deo
584 4091 763 4156 Patre,
794 4101 839 4148 et
881 4092 1104 4148 Domino
1134 4105 1307 4148 nostro
1334 4093 1461 4150 Jesu
1497 4097 1722 4163 Christo,
1750 4099 1838 4168 qui

229 4203 292 4242 se
321 4187 462 4241 dedit
492 4204 588 4258 pro
611 4187 834 4256 peccatis
860 4189 1046 4242 nostris
1075 4186 1276 4257 (Galat.
1305 4205 1343 4251 ι,
1373 4191 1424 4254 5,
1453 4189 1512 4260 4)
1537 4207 1550 4256 ;
1584 4201 1635 4245 et
1667 4191 1792 4246 alibi
1822 4209 1833 4246 :

232 4281 396 4338 Sicut
433 4279 670 4335 Christus
707 4277 733 4316 ἀ
766 4281 944 4335 dilexit
998 4297 1112 4348 nos,
1157 4292 1203 4336 et
1251 4283 1463 4336 tradidit
1512 4284 1839 4353 semetipsum

231 4393 336 4448 pro
362 4376 508 4429 nobis
537 4373 756 4446 (Ephcs.
781 4390 835 4440 v,
861 4375 940 4443 2).
971 4375 1026 4430 Si
1055 4389 1185 4445 ergo
1213 4383 1269 4430 et
1304 4375 1536 4432 traditus
1567 4386 1652 4432 est
1679 4392 1706 4430 a
1738 4376 1840 4430 Pa-

231 4477 346 4537 tre,
377 4478 435 4523 et
458 4469 573 4537 ipse
601 4483 659 4522 se
690 4467 935 4532 tradidit,
963 4477 1189 4538 apparet
1219 4482 1376 4522 unam
1420 4482 1541 4524 esse
1567 4468 1840 4539 operatio-

231 4579 390 4629 nem,
424 4575 582 4615 uuam
613 4575 735 4616 esse
765 4560 938 4615 Patris
963 4568 1020 4636 et
1044 4560 1165 4614 Filii
1193 4561 1548 4616 voluntatem.

1943 3351 2106 3412 toquc
2140 3343 2258 3396 navi
2288 3360 2407 3410 qua!
2440 3344 2692 3398 ﬂuctibus
2716 3347 3050 3414 turbaretur,
3082 3350 3172 3406 ubi
3206 3368 3322 3406 eam
3358 3361 3537 3409 tamen

1941 3436 2192 3491 Christus
2239 3437 2518 3502 ascendit;
2573 3438 2840 3507 placidala
2893 3439 3132 3511 mquord,
3174 3453 3226 3498 et
3269 3445 3537 3502 elementa

1940 3543 2283 3598 conspexere
2331 3528 2677 3594 famulantia,
2710 3546 2896 3587 verum
2934 3533 3024 3588 Dei
3056 3533 3251 3589 Filium
3293 3538 3535 3593 credide-

1941 3632 2066 3676 runt
2093 3663 2108 3685 ,
2143 3620 2386 3676 dicentes
2413 3641 2424 3675 :
2467 3620 2597 3678 Vere
2623 3622 2720 3678 Dei
2752 3623 2925 3678 Filius
2955 3641 3006 3680 es
3039 3625 3268 3694 (Matth.
3306 3645 3400 3684 xiv
3424 3673 3438 3697 ,
3471 3630 3542 3686 25

1942 3727 1989 3772 et
2017 3735 2118 3788 seq.
2144 3720 2187 3790 ).

2016 3813 2140 3870 114.
2185 3814 2297 3869 Hoc
2345 3814 2485 3870 idem
2537 3810 2972 3872 Centurio'cum
3019 3818 3144 3872 aliis
3202 3819 3294 3889 qui
3351 3834 3534 3874 secum

1942 3917 2120 3972 erant,
2157 3906 2490 3962 tremefactis
2519 3907 2702 3961 mundi
2733 3908 3044 3962 cardinibus
3075 3910 3125 3963 in
3161 3911 3409 3988 passione
3436 3911 3534 3964 Do-

1943 4003 2076 4055 mini
2127 4000 2453 4055 conlitetur:
2488 4009 2542 4055 et
2572 4010 2625 4054 tu
2651 4042 2664 4066 ,
2714 4000 2993 4058 haeretica.
3028 4003 3231 4070 negas!
3285 4004 3538 4058 Centurio

1943 4092 2075 4149 dicit
2102 4114 2114 4150 :
2159 4093 2280 4148 Vere
2313 4092 2481 4146 Filius
2514 4091 2602 4146 Dei
2648 4103 2757 4147 erat
2810 4094 2902 4147 iste
2931 4092 2951 4164 (
2978 4093 3162 4148 Matth.
3203 4111 3371 4160 xxvtt,
3401 4095 3468 4151 51
3497 4097 3534 4166 ).

1943 4185 2093 4255 Erat,
2122 4187 2295 4260 inquit
2319 4188 2602 4252 Centurio,
2629 4195 2684 4243 et
2703 4187 2937 4243 Arianus
2965 4189 3116 4255 dicit,
3147 4207 3252 4246 non
3281 4203 3416 4247 erat.
3445 4193 3541 4250 Ille

1943 4297 2075 4353 ergo
2100 4281 2464 4352 generationis
2494 4289 2548 4335 et
2571 4282 2856 4336 veritatem
2882 4289 2939 4337 et
2961 4285 3321 4340 aeternitatem
3347 4287 3541 4341 asserit

1944 4391 2104 4430 manu
2137 4383 2426 4436 cruentus,
2475 4374 2568 4429 sed
2603 4383 2786 4429 mente
2817 4375 3043 4430 devotus
3081 4394 3092 4429 :
3129 4386 3204 4443 ιιι,
3241 4377 3497 4437 liaeretice
3524 4423 3537 4444 ,

1944 4474 2226 4524 veritatem
2256 4467 2624 4539 generationis
2667 4483 2854 4539 negas.
2889 4476 3098 4539 tempus
3124 4471 3375 4527 ascribis.
3431 4471 3544 4528 Uti-

1954 4577 2077 4616 nam
2108 4576 2299 4616 manus
2341 4564 2515 4630 potius
2562 4577 2722 4631 quam
2755 4562 2990 4616 animam
3022 4566 3402 4620 cruentassesl
3436 4565 3543 4623 Sed

315 4658 443 4712 110.
469 4656 525 4712 Si
549 4656 847 4710 naturalem
866 4670 995 4724 ergo
1011 4655 1349 4725 maiestatem
1366 4655 1681 4726 quatrimus,
1701 4656 1846 4728 geni-
1870 4637 1924 4698 Ῑ)
1951 4673 2052 4714 nec
2082 4673 2241 4712 manu
2273 4658 2558 4722 innocens,
2589 4667 2643 4710 et
2673 4665 2855 4711 mente
2880 4657 3084 4720 leralis,
3117 4669 3376 4727 quantum
3410 4660 3460 4712 in
3493 4668 3547 4713 te

229 4760 330 4807 tus
351 4758 458 4803 est.
478 4748 578 4814 Qui
601 4747 841 4817 genitum
866 4747 1162 4811 iuliciatur,
1208 4747 1480 4818 pr0prium
1525 4757 1686 4819 negat
1713 4767 1724 4802 :
1755 4750 1845 4819 qui

230 4844 526 4918 proprium
555 4840 761 4904 abnuit,
792 4855 1138 4896 communem
1166 4839 1379 4895 caneris
1409 4840 1726 4895 arbitratur.
1749 4841 1843 4899 Sin

231 4953 378 4994 vero
407 4935 782 5007 generatimtis
829 4934 996 5003 ipsius
1039 4934 1426 5003 proprietatem
1479 4935 1802 5005 requirimus
1828 4977 1842 5002 ,

233 5045 312 5086 ex
345 5030 456 5084 Deo
483 5027 672 5082 exivit.
715 5023 850 5079 Nam
875 5023 1041 5095 ἥδε
1075 5039 1193 5078 cum
1240 5025 1291 5079 in
1322 5038 1417 5079 usu
1465 5033 1650 5080 nostro
1695 5025 1746 5080 id
1775 5026 1846 5081 sit

234 5189 248 5207 -
317 5179 345 5205 ἰ
394 5167 516 5222 Vet.
549 5164 679 5220 edit.
731 5179 795 5217 ac
838 5177 968 5216 mss.
1017 5161 1284 5221 nonnulli.
1321 5161 1404 5214 cui
1433 5162 1562 5215 nihil
1604 5162 1841 5227 accidat;

232 5243 412 5298 Rom.
444 5237 577 5292 edit.
612 5246 664 5289 et
692 5235 780 5288 alii
815 5249 943 5288 mss.
990 5234 1489 5305 punierosiorcs,...
1516 5234 1744 5288 accedat.
1781 5234 1845 5286 Et

233 5313 388 5371 infra
426 5310 513 5363 ubi
567 5323 665 5362 nos
704 5323 824 5360 cum
867 5304 1054 5360 eadem
1098 5305 1255 5358 Rom.
1287 5304 1417 5359 edit.
1451 5319 1533 5358 ac.
1564 5320 1693 5358 mss.
1723 5305 1843 5374 plu-

232 5385 425 5441 ribus.
461 5385 576 5450 fatu
613 5376 1034 5447 interpretabilts,
1068 5387 1157 5450 aut
1187 5377 1360 5446 affatu
1391 5387 1448 5450 ut
1480 5376 1531 5429 in
1565 5390 1694 5430 mss.
1714 5377 1844 5450 qui-

233 5447 515 5516 busdam;
567 5451 748 5504 cmtcri
788 5463 916 5503 mss.
948 5459 1002 5504 et
1042 5448 1198 5514 edit.,
1248 5451 1385 5518 factu
1425 5447 1842 5517 interpretabilis.

231 5527 368 5584 Non
415 5522 643 5575 utimino
672 5522 830 5585 male,
872 5519 917 5573 si
943 5524 1078 5588 factu
1109 5517 1340 5589 positum
1371 5518 1532 5573 fuerit
1579 5534 1677 5588 pro
1706 5517 1850 5572 facto

233 5601 368 5657 sive
421 5592 764 5660 operatione,
821 5594 961 5645 unde
1018 5593 1183 5646 Deum
1239 5593 1662 5660 interpretamur
1686 5598 1852 5659 atque

233 5666 655 5738 cognoscimus.

269 5733 349 5778 εἴ)
400 5742 476 5790 lta
509 5734 636 5788 Gill.
683 5749 744 5788 ac
784 5735 946 5788 Rom.
997 5733 1130 5788 edit.
1184 5748 1306 5787 cum
1353 5747 1483 5788 mss.
1536 5733 1854 5803 plerisque:

236 5808 487 5872 Amorb.
518 5820 646 5876 vero
672 5815 726 5860 et
749 5805 923 5871 Eras.,
957 5815 1003 5859 et
1028 5823 1060 5858 a
1083 5804 1190 5859 Deo
1213 5821 1382 5869 verus;
1413 5805 1605 5876 reliqui
1627 5805 1861 5876 denique

237 5898 418 5949 11155.,
456 5885 503 5934 et
533 5892 566 5929 a
591 5873 700 5931 Deo
730 5877 888 5932 Deus.

710 5970 982 6032 Ριτιιοι..
1033 5969 1195 6030 XVI.

1951 4759 2053 4815 est,
2091 4759 2320 4803 mortem
2347 4747 2536 4813 infers,
2587 4749 2676 4815 qui
2712 4747 2983 4802 infirmum
3028 4750 3309 4818 Opinaris;
3356 4753 3542 4820 immo,

1950 4840 2092 4912 quod
2125 4839 2340 4911 gravius
2369 4850 2470 4905 est,
2503 4839 2606 4894 etsi
2652 4839 2907 4894 divinitas
2944 4842 3138 4897 vulnus
3185 4844 3387 4899 sentire
3435 4859 3545 4898 non

1952 4932 2146 5002 possit,
2175 4931 2317 5000 quod
2366 4933 2417 4986 in
2461 4941 2514 4986 te
2547 4942 2725 4986 tamen
2767 4941 2870 5000 cst,
2919 4933 3256 5003 maiestatem
3304 4950 3455 4990 suam
3489 4935 3544 4989 in

1951 5025 2194 5090 Christo,
2232 5041 2338 5078 non
2367 5040 2564 5096 corpus
2592 5023 2903 5081 interﬁcere
2930 5027 3165 5081 conaris.

2027 5171 2047 5198 ο
2091 5158 2215 5214 Mss.
2244 5176 2353 5214 non
2382 5163 2556 5228 pauci,
2579 5161 2855 5228 quaerimus
2880 5163 3190 5226 naturalem,
3215 5163 3432 5228 gemitus
3454 5171 3527 5214 es!

2023 5229 2049 5267 ά
2092 5231 2220 5286 Mss.
2253 5235 2479 5296 aliquot,
2507 5232 2688 5286 dilexit
2716 5248 2824 5295 vos,
2855 5243 2992 5288 et....
3023 5251 3116 5302 pro
3143 5229 3298 5289 voliis.

2029 5312 2050 5338 ο
2095 5305 2220 5356 Mss.
2251 5314 2381 5358 tres.
2423 5306 2561 5373 quod
2601 5303 2712 5374 jam
2756 5305 2820 5358 sit
2865 5321 2928 5358 ea:
2972 5305 3299 5359 interioribus
3351 5310 3554 5362 secretis

1955 5374 2132 5434 exire,
2165 5376 2332 5444 quod,
2369 5389 2516 5438 elc.;
2566 5391 2735 5440 unus,
2779 5376 2916 5446 quod
2957 5379 3068 5447 jam
3120 5394 3182 5430 ea:
3232 5377 3557 5432 interioribus

1955 5447 2159 5500 secretis
2183 5450 2387 5514 prodire
2412 5447 2670 5508 uideatur.
2702 5458 2808 5500 etc.

2039 5517 2055 5554 τ
2099 5518 2297 5572 Otnue-
2332 5520 2461 5571 edit.
2501 5533 2562 5571 ac
2617 5521 2767 5583 pauci
2799 5533 2953 5584 niss.,
2984 5520 3029 5570 si
3058 5535 3112 5572 se
3140 5535 3254 5572 cum
3288 5536 3422 5586 uno;
3452 5535 3559 5575 ca:-

1961 5591 2165 5662 leri,is‘i
2191 5606 2244 5641 se
2274 5606 2389 5643 cum
2420 5606 2536 5642 vero
2558 5605 2576 5642 :
2612 5590 2822 5662 melus.
2859 5600 2913 5662 ιιι
2937 5606 3039 5662 per
3071 5605 3128 5644 se
3159 5594 3344 5662 liquet.

2038 5672 2061 5707 ις
2104 5659 2217 5713 Non
2265 5663 2414 5727 panici
2464 5678 2619 5723 mss.,
2668 5659 2882 5710 Turbati
2928 5661 2978 5712 in
3027 5665 3156 5730 freto
3207 5659 3562 5730 apostolorum

1966 5732 2082 5786 licet
2109 5732 2281 5784 adltuc
2313 5749 2411 5783 non
2447 5731 2762 5783 credentium
2789 5730 2970 5794 chori;
3004 5748 3160 5798 unus,
3199 5733 3480 5789 Turbatum
3513 5740 3566 5791 in

1970 5803 2099 5870 freto
2143 5804 2489 5878 apostolorum
2548 5803 2660 5878 licet
2711 5800 2880 5878 adhuc
2925 5819 3024 5856 non
3073 5805 3386 5862 credentium
3413 5824 3568 5878 corr;

1965 5868 2302 5931 Commodius
2335 5874 2421 5926 alii
2453 5880 2507 5925 et
2537 5868 2666 5924 edit.
2701 5882 2757 5926 ut
2790 5873 2844 5927 in
2875 5881 3043 5929 textu.
3110 5897 3114 5900 ·

3060 5966 3134 6029 18
