4042 6294
262 340 370 399 ξδ’]

1658 361 1748 419 DE
1786 360 1946 421 FIDE
1986 361 2116 419 LIB.
2158 362 2199 420 Ι.

3461 370 3568 431 558

263 460 435 554 etrusa
463 476 524 519 se
554 476 652 521 sua
675 466 889 524 viscera
920 469 1215 537 volutanti;
1247 479 1307 526 ut
1336 488 1765 545 agnosceremus
1790 478 1865 534 si.
1892 481 1940 539 Α
1970 477 2099 533 lium
2127 478 2394 534 creaturis
2421 474 2617 549 quibus
2645 476 2904 549 pretium
2932 478 2959 521 δ
2987 495 3048 538 se
3073 481 3357 554 simulam,
3380 487 3568 541 conte-

263 553 450 611 milem
480 556 635 613 Judae
662 561 956 630 proditoris
981 564 1094 622 Arii
1124 581 1340 639 quoque
1372 569 1537 625 luisse
1562 571 1863 641 perﬁdiam,

261 663 426 718 quem
456 652 656 708 similis
688 670 845 725 paena
873 657 1184 715 damnavit?

335 742 464 797 124.
508 743 688 803 Eliusa
721 760 848 803 sunt
876 752 1019 805 enim
1048 761 1105 807 et
1136 754 1249 809 Arii
1280 756 1513 823 viscera,
1566 760 1735 829 pudet
1778 760 1866 815 die

262 846 390 889 cere
415 835 527 899 ubi,
560 850 721 907 atque
753 841 824 895 ita
854 845 1070 913 crepuit
1103 847 1339 915 medius,
1375 861 1680 918 prostratus
1708 853 1758 906 in
1791 852 1870 907 fa—

261 926 436 992 ciem;
465 943 531 985 ea
556 930 756 1001 quibus
784 932 1064 993 Christum
1098 952 1408 1011 negaverat,
1435 943 1576 1000 lmda
1619 960 1715 1000 ora
1746 946 1867 1016 pol-

266 1018 436 1075 lutus.
489 1022 713 1093 Crepuit
750 1028 927 1097 enim,
981 1032 1123 1087 sicut
1172 1036 1336 1089 etiam
1389 1037 1457 1091 de
1506 1036 1645 1093 Juda
1674 1039 1873 1095 Petrus

265 1117 552 1186 apostolus
579 1119 715 1176 dixit
748 1122 888 1195 (Act.
921 1126 1099 1197 ι,18),
1140 1129 1265 1197 quia
1297 1131 1542 1198 possedit
1584 1147 1772 1203 agrum
1800 1133 1872 1189 de

267 1212 526 1268 mercede
560 1216 863 1284 injttstitizc,
897 1229 950 1274 et
976 1220 1028 1276 in
1068 1221 1259 1278 faciem
1309 1232 1616 1294 prostratus
1658 1226 1873 1296 crepuit

266 1310 502 1373 medius,
536 1319 591 1365 et
620 1312 789 1368 ell'usa
832 1325 960 1371 sunt
998 1319 1180 1373 omnia
1222 1321 1431 1376 viscera
1461 1322 1600 1390 ejus.
1632 1322 1745 1376 Non
1789 1331 1874 1377 est

264 1400 488 1458 fortuita
547 1420 716 1473 mors,
771 1407 860 1463 ubi
893 1408 945 1464 in
992 1412 1284 1483 sacrilegio
1312 1414 1425 1483 pari
1455 1430 1628 1483 pinnae
1686 1416 1875 1485 parilis

264 1496 542 1566 processit
569 1500 1009 1569 exemplum;ut
1065 1503 1209 1560 idem
1261 1505 1513 1561 subirent
1551 1508 1872 1577 supplicium

263 1589 359 1658 qui
389 1590 644 1645 eumdem
675 1592 965 1649 Dominum
1010 1608 1372 1668 negaverunt;
1403 1609 1458 1654 et
1485 1600 1574 1670 qui
1623 1599 1875 1657 eumdem

266 1682 563 1739 Dominum
603 1685 987 1756 prodiderunt.

341 1775 465 1831 £25.
492 1776 788 1833 Veniamus
808 1779 873 1833 ad
892 1780 1022 1839 alia.
1042 1783 1203 1837 Arius
1238 1783 1369 1840 dicit
1395 1803 1407 1840 :
1436 1785 1736 1857 Antequam
1752 1800 1876 1841 nas.

267 1880 509 1937 ceretur,
540 1886 647 1926 non
678 1880 824 1926 erat:
851 1872 946 1927 sed
978 1873 1256 1945 Scriptura
1278 1875 1411 1932 dicit
1439 1879 1618 1932 omnia
1639 1893 1759 1933 esse
1782 1893 1878 1949 per
1909 1872 1955 1937 Β

264 1960 492 2017 Filium.
535 1960 820 2029 Quomodo
845 1981 978 2036 ergo
1008 1965 1128 2021 aliis
1154 1966 1303 2023 dedit
1324 1984 1466 2031 esse.
1489 1970 1579 2041 qui
1598 1986 1701 2025 non
1722 1970 1875 2027 erat?

266 2051 407 2110 Cum
434 2066 617 2111 autem
648 2056 779 2112 dicit
809 2058 1031 2129 impius,
1056 2061 1278 2130 quando
1299 2071 1352 2115 et
1375 2072 1519 2128 ante,
1548 2062 1660 2117 hinc
1692 2064 1877 2133 utique

265 2149 378 2205 duo
409 2149 572 2205 verba
609 2159 819 2220 tempus
843 2152 1157 2209 ostendunt.
1198 2154 1487 2221 Quomodo
1517 2170 1647 2227 ergo
1677 2164 1876 2226 negant

268 2253 489 2313 tempus
508 2253 632 2299 ante
661 2243 882 2314 Filium,
914 2257 967 2300 et
989 2247 1179 2309 volunt
1210 2248 1363 2318 prius
1394 2248 1563 2304 fuisse
1589 2264 1710 2319 qua:
1743 2260 1878 2304 tem-

267 2338 421 2406 poris
442 2346 570 2392 sunt
587 2354 599 2390 :
615 2352 735 2391 cum
756 2338 1011 2409 idipsum,
1032 2340 1247 2411 quando
1271 2348 1329 2396 et
1355 2348 1483 2397 ante
1500 2349 1557 2396 et
1583 2340 1877 2412 aliquando

267 2443 380 2482 non
412 2428 602 2492 fuisse,
628 2429 699 2482 sit
724 2431 1016 2498 temporis?

340 2520 510 2597 5,69
551 2520 674 2575 126.
720 2522 1122 2578 Ariusdicitex
1154 2525 1324 2580 nihilo
1357 2526 1452 2581 Dei
1494 2525 1880 2596 Filium.Qito-

269 2616 444 2670 modo
475 2630 605 2686 ergo
644 2616 733 2671 Dei
766 2614 981 2673 Filius?
1009 2618 1283 2687 quomodo
1323 2628 1552 2689 paterno
1581 2630 1878 2690 generatus

268 2726 336 2765 ex
372 2711 573 2765 utero?
600 2711 874 2780 quomodo
896 2722 1197 2767 eruclalum
1229 2729 1292 2767 ex
1320 2714 1488 2767 corde
1523 2713 1762 2768 Verbum
1797 2715 1871 2769 le-

268 2806 442 2875 gitur,
468 2804 571 2858 nisi
598 2812 661 2858 m
681 2820 748 2859 ex
782 2804 976 2859 intimo
996 2815 1050 2860 et
1080 2807 1445 2861 inaestimabili
1480 2807 1658 2862 Patris
1681 2809 1882 2862 intelli-

269 2882 543 2971 gatur,'ut
595 2900 856 2970 scriptum
913 2908 1037 2965 est,
1082 2900 1347 2969 prodiisse
1400 2902 1659 2957 secreto?
1713 2901 1880 2957 Filius

268 2994 419 3048 enim
455 2999 549 3046 aut
577 3006 673 3061 per
702 2990 1074 3061 adoptionem,
1117 3002 1210 3045 aut
1232 3009 1325 3062 per
1359 3002 1602 3047 naturam
1635 3004 1718 3049 est
1746 3014 1758 3049 :
1788 3011 1882 3069 per

270 3084 624 3153 adoptionem
656 3098 755 3138 nos
791 3083 880 3137 lilii
914 3083 1167 3148 dicimur,
1196 3085 1289 3139 ille
1339 3101 1437 3154 per
1468 3088 1756 3141 veritatem
1789 3104 1883 3140 ua-

271 3189 411 3234 turaz
439 3187 541 3235 est.
567 3179 853 3247 Quomodo
881 3194 1012 3249 ergo
1042 3194 1105 3233 ex
1140 3178 1313 3233 nihilo
1336 3180 1456 3245 ille,
1491 3180 1582 3250 qui
1612 3196 1678 3235 ex
1713 3182 1881 3237 nihilo

272 3271 409 3326 fecit
442 3270 621 3324 omnia
653 3268 827 3344 (Psal.
853 3286 997 3331 mv,
1034 3271 1129 3343 l)?

270 3370 275 3375 “
354 3366 477 3420 127.
517 3364 633 3419 Non
662 3364 825 3420 habet
853 3364 1074 3431 Filium,
1106 3364 1197 3435 qui
1230 3366 1405 3420 nescit
1438 3366 1581 3420 unde
1607 3366 1696 3421 sit.
1726 3366 1887 3421 Deni-

273 3472 386 3527 que
439 3472 541 3513 nec
583 3458 755 3513 Judaei
816 3458 1085 3513 habebant
1137 3458 1361 3523 Filium,
1414 3461 1537 3528 quia
1570 3458 1711 3513 unde
1739 3468 1888 3515 cs~et

270 3552 618 3607 nesciebant.
658 3552 724 3605 Et
752 3551 878 3606 ideo
906 3551 1047 3605 dixit
1083 3551 1165 3605 his
1193 3551 1733 3607 DominuB:Nesrilis
1756 3552 1892 3607 unde

265 3648 418 3718 ueni(
439 3645 601 3701 Joan.
628 3662 716 3701 vm
736 3687 750 3711 ,
778 3646 865 3712 M)
894 3662 908 3711 ;
932 3655 989 3701 et
1020 3644 1155 3699 infra
1182 3663 1193 3697 :
1224 3644 1402 3714 Neque
1426 3662 1504 3699 me
1526 3646 1886 3715 uostis,neque

270 3739 501 3795 Patrem
516 3756 686 3794 meum
707 3739 849 3792 scitis
875 3736 1043 3807 (Ibid.
1068 3738 1177 3809 l9).
1205 3738 1303 3806 Qui
1336 3739 1476 3792 enim
1509 3749 1664 3809 negat
1696 3753 1760 3793 ex
1786 3738 1885 3792 Pa-

264 3841 352 3888 tre
382 3832 604 3896 Filium,
636 3847 739 3887 nec
762 3832 980 3887 Patrem
1014 3847 1077 3885 ex
1108 3846 1218 3902 quo
1241 3839 1328 3886 est
1357 3831 1709 3897 Filius,novit
1742 3850 1755 3886 :
1785 3847 1881 3887 ne-

263 3942 375 3998 que
408 3926 606 3982 Filium
639 3926 829 3989 novit;
857 3926 981 3997 quia
1009 3925 1218 3980 Patrem
1246 3926 1415 3981 nercit
1447 3924 1645 3995 (Galat.
1675 3939 1747 3992 tv,
1798 3927 1878 3997 5).

342 4019 474 4075 128.
520 4020 681 4075 Arius
713 4018 848 4074 dicit
880 4037 892 4071 :
924 4018 1009 4074 Ex
1041 4019 1142 4072 alia
1173 4018 1497 4073 substantia.
1541 4017 1673 4086 QtllB
1717 4019 1883 4088 igitur

263 4114 378 4170 alia
401 4113 712 4171 substantia
744 4123 989 4183 aaquatur
1016 4113 1112 4167 Dei
1139 4112 1296 4179 Filio,
1332 4122 1391 4167 ut
1417 4129 1479 4167 ex
1513 4114 1626 4183 ipsa
1673 4114 1766 4168 Dei
1793 4112 1876 4167 Fi-

265 4210 379 4266 lius
405 4209 515 4265 sit?
543 4209 651 4264 Aut
678 4209 951 4280 quomodo
982 4207 1392 4278 reprehendunt
1415 4209 1537 4277 quin
1567 4224 1663 4261 nos
1689 4207 1738 4261 in
1770 4206 1880 4262 Deo

263 4318 363 4359 aut
412 4306 596 4360 οὐσίαν
644 4303 861 4370 Cra-ce,
888 4311 982 4357 aut
1014 4302 1203 4356 Latine
1234 4302 1590 4356 substantiam
1624 4300 1876 4366 dicimus,

268 4413 404 4455 cum
438 4413 507 4454 ex
555 4398 660 4452 alia
694 4397 930 4452 dicendo
970 4396 1272 4453 substantia
1317 4406 1341 4434 ⁸
1377 4398 1467 4452 Dei
1500 4413 1623 4452 esse
1654 4396 1875 4465 Filium,

263 4493 441 4549 etiam
472 4492 578 4561 ipsi
610 4492 970 4547 substantiam
1002 4491 1098 4547 Dei
1127 4506 1248 4545 esse
1275 4490 1636 4545 confirment?

347 4585 475 4640 129.
520 4584 628 4640 Sed
650 4583 698 4638 si
724 4584 793 4640 de
820 4585 1042 4639 nomine
1093 4584 1414 4639 substantia)
1444 4594 1537 4638 aut
1566 4592 1768 4639 naturae
1799 4583 1877 4636 ili-

1969 570 2159 626 rendo.

2045 665 2170 721 150.
2209 664 2374 720 Arius
2398 664 2532 721 dicit
2558 675 2866 722 creaturam
2892 667 2989 723 Dei
3021 668 3242 735 Filium,
3281 686 3387 727 non
3428 673 3572 729 sicut

1970 764 2198 810 cieteras
2225 764 2524 812 creaturas.
2578 757 2711 825 Qua:
2761 760 2905 814 enim
2939 769 3190 816 creatura
3226 772 3249 801 ο
3276 776 3385 818 non
3429 766 3573 820 sicut

1970 847 2077 902 alia
2098 859 2345 904 creatura
2368 866 2476 905 non
2507 852 2632 907 est?
2680 850 2857 906 Homo
2890 868 2994 907 non
3028 862 3086 908 ut
3110 852 3375 926 Angelus,
3421 865 3569 913 terra

1974 956 2079 996 non
2108 951 2165 995 ut
2187 943 2406 1007 caelum,
2430 944 2514 999 sol
2543 957 2650 999 non
2674 952 2733 998 ut
2754 959 2915 1015 aqua,
2950 946 3130 1002 lumen
3184 963 3293 1004 non
3323 958 3383 1004 ut
3418 958 3575 1006 terte-

1975 1033 2107 1088 brte.
2136 1032 2281 1090 Nihil
2307 1049 2439 1105 ergo
2468 1035 2811 1104 praferde
2832 1036 3078 1105 donavit,
3128 1039 3226 1095 sed
3256 1040 3324 1095 ad
3365 1043 3575 1111 simpli-

1972 1142 2065 1183 ces
2093 1127 2448 1197 decipiendos
2476 1131 2683 1188 misero
2710 1132 2899 1187 colore
2928 1132 3174 1188 fraudem
3230 1148 3343 1190 suns
3382 1136 3575 1205 impie-

1974 1220 2101 1272 tatis
2126 1218 2373 1281 obduxit.

2046 1313 2170 1370 151.
2212 1313 2378 1369 Arius
2405 1314 2538 1371 dicit
2586 1316 2909 1373 mutabilem
2934 1328 2985 1373 et
3012 1319 3430 1375 convertibilcm
3483 1320 3579 1379 Dei

1976 1403 2196 1463 Filium.
2227 1404 2520 1474 Quomodo
2541 1422 2670 1477 ergo
2703 1409 2867 1474 Deus,
2896 1411 2942 1465 si
2966 1410 3285 1476 mutabilis;
3316 1427 3440 1468 cum
3462 1411 3581 1482 ipse

1975 1495 2179 1557 dixerit
2206 1516 2217 1551 :
2258 1496 2373 1570 Ego
2403 1515 2537 1567 sum,
2569 1516 2661 1571 ego
2690 1517 2826 1570 sum,
2854 1510 3022 1559 etnon
3042 1519 3157 1559 sum
3182 1513 3411 1560 mutatus
3434 1504 3581 1579 (Ha-

1978 1591 2079 1649 lac.
2113 1608 2193 1661 tu,
2224 1592 2283 1664 6)
2301 1592 2324 1647 ?

2619 1687 2849 1745 CAPUT
2879 1688 3001 1744 XX.

1983 1799 2142 1872 Optat
2166 1802 2236 1855 ad
2270 1818 2324 1857 se
2352 1803 2711 1857 ntundattdum
2735 1816 2793 1858 ut
2814 1804 2942 1859 olim
2966 1804 3036 1859 ad
3059 1804 3276 1861 Esaiam
3299 1806 3578 1879 Seraphin:

2052 1896 2277 1968 aliquem
2299 1898 2548 1955 advolare
2574 1915 2592 1967 ;
2611 1900 2765 1955 immo
2785 1914 2907 1963 vero
2925 1900 2997 1955 ad
3018 1917 3094 1968 se,
3126 1902 3195 1961 ad
3207 1899 3580 1973 Imperatorem

2048 1992 2279 2063 aliosque
2308 1992 2521 2049 lectores
2567 2009 2687 2048 satos
2740 1991 3005 2047 Christum
3031 1994 3214 2047 istoito!
3242 2011 3260 2048 :
3286 2011 3347 2049 as
3375 1996 3583 2050 tandem

2049 2081 2322 2138 Dominico
2349 2084 2534 2156 poculo
2555 2085 2767 2157 mystice
2796 2084 3086 2156 designato,
3139 2094 3193 2138 at
3229 2089 3345 2159 ejus
3397 2087 3584 2143 uirtute

2052 2177 2337 2232 Gratianus
2372 2179 2648 2249 cwteriqne
2667 2178 2846 2247 ﬁdeles
2873 2178 3215 2246 inebrieutur,
3244 2179 3388 2247 petit.

2049 2336 2173 2391 t32'.
2217 2336 2415 2391 Verum
2445 2352 2590 2392 nunc
2617 2336 2747 2395 mihi
2771 2336 3147 2406 praphetieutn
3180 2336 3316 2393 illud
3343 2346 3428 2395 est
3451 2353 3583 2395 con-

1979 2428 2261 2494 ﬁtendum,
2293 2429 2437 2497 quod
2485 2429 2909 2500 prophetaturus
2938 2430 3006 2484 de
3036 2430 3266 2486 Domino
3298 2431 3582 2501 praemittit

1978 2521 2166 2577 Esaias
2205 2520 2396 2576 dicens
2431 2539 2443 2575 :
2482 2522 2526 2575 0
2558 2524 2716 2578 miser
2739 2541 2857 2596 ego,
2890 2533 2936 2578 et
2964 2535 3269 2594 compuncto
3297 2525 3470 2593 corde,
3500 2529 3589 2598 qui

1979 2616 2548 2671 cumimmundalubia
2571 2616 2808 2674 habeam.
2850 2618 2905 2672 in
2945 2618 3114 2673 medio
3160 2634 3362 2690 quoque
3405 2620 3587 2689 populi

1979 2707 2258 2763 inhabilem
2278 2709 2547 2763 immunda
2569 2709 2707 2763 labia
2726 2711 2996 2777 habentis;
3024 2715 3132 2768 nidi
3156 2712 3434 2769 Dominum
3479 2715 3586 2769 Sa-

1982 2801 2134 2856 baoth
2168 2800 2339 2873 (Esai.
2374 2818 2450 2869 vi,
2481 2804 2559 2871 5).
2596 2802 2741 2872 Ergo
2762 2805 2807 2858 si
2840 2804 3030 2861 Esaias
3062 2808 3321 2862 miserum
3350 2823 3410 2863 se
3428 2808 3583 2874 dicit,

1981 2897 2071 2965 qui
2123 2895 2255 2951 vidit
2288 2895 2573 2953 Dominum
2601 2894 2767 2967 470
2792 2896 3031 2952 Sabamh
3063 2916 3075 2951 :
3106 2899 3233 2969 quid
3261 2914 3366 2970 ego
3385 2897 3463 2955 'de
3494 2915 3584 2954 me

1982 2986 2182 3067 dicam,
2227 2988 2317 3067 qui
2372 3001 2495 3041 cum
2559 2987 2836 3041 immunda
2879 2989 3014 3042 labia
3046 2988 3298 3058 habeam,
3330 3006 3491 3060 cogor
3517 2990 3588 3047 de

1989 3082 2078 3134 Dei
2108 3080 2460 3151 generatione
2490 3078 2765 3133 tractare?
2794 3078 2911 3147 Quo
2939 3080 3101 3149 igitur
3125 3080 3192 3134 de
3230 3081 3296 3135 iis
3323 3098 3442 3151 qua:
3473 3098 3589 3137 mc-

1985 3181 2099 3239 tuo,
2134 3174 2415 3229 locuturus
2445 3186 2674 3241 ernmpo
2697 3188 2710 3237 ;
2737 3186 2858 3226 cum
2891 3170 3053 3231 Dat-id
3076 3172 3148 3227 de
3179 3172 3247 3228 iis
3271 3188 3392 3244 qua:
3447 3174 3587 3229 sciat

1905 3264 1949 3326 C
1981 3273 2062 3326 ori
2093 3285 2194 3326 suo
2213 3269 2515 3327 citatodiam
2550 3278 2695 3341 petat
2724 3265 2901 3339 (Psal.
2937 3282 3160 3337 xxxviii,
3185 3268 3284 3338 2)?
3314 3267 3359 3323 Ο
3381 3269 3422 3323 si
3452 3267 3583 3323 mihi

1989 3378 2204 3435 quoque
2236 3378 2374 3418 unus
2399 3362 2468 3417 de
2498 3360 2783 3433 Seraphim
2817 3361 3138 3423 candentem
3195 3361 3347 3419 illum
3393 3363 3585 3420 carbo—

1989 3474 2132 3527 nem,
2164 3473 2325 3529 qucm
2357 3457 2424 3512 de
2444 3456 2604 3511 altari
2631 3455 2814 3513 divino
2841 3457 3092 3533 sumpsit,
3135 3457 3418 3533 utriusque
3466 3458 3579 3515 for-

1986 3552 2106 3621 cipe
2129 3550 2383 3609 deferens
2404 3549 2760 3617 Tcstamcnti,
2797 3550 3075 3619 immunda
3111 3551 3304 3607 adurat
3327 3552 3468 3623 labia
3495 3556 3508 3606 !

2057 3646 2180 3700 155.
2220 3643 2292 3701 At
2320 3643 2447 3714 quia
2479 3652 2606 3699 tunc
2633 3641 2918 3715 Seraphim
2964 3644 3245 3705 descendit
3292 3645 3349 3703 in
3412 3646 3579 3717 ﬁgura

1985 3738 2050 3795 ad
2084 3737 2405 3809 prophetam
2454 3734 2627 3807 (Esai.
2689 3752 2764 3802 Vl,
2817 3736 2913 3808 6):
2952 3747 3006 3793 tu
3060 3748 3270 3804 autem,
3334 3738 3583 3804 Domine,

1984 3833 2227 3889 revelato
2285 3833 2544 3904 mysterio
2592 3833 2659 3886 ad
2707 3848 2806 3889 nos
2836 3835 2886 3889 in
2916 3850 3081 3890 carne
3108 3835 3329 3903 venisti,
3358 3851 3461 3890 non
3492 3852 3590 3908 per

1983 3926 2239 3998 legatum,
2274 3940 2449 3997 neque
2473 3939 2570 3995 per
2597 3924 2865 3991 nuntium,
2894 3926 2988 3995 sed
3018 3929 3135 3996 ipse
3163 3943 3258 3999 per
3290 3938 3362 3994 te,
3403 3929 3473 3983 ab
3492 3943 3589 3985 oc-

1983 4019 2144 4081 cultis
2170 4019 2307 4073 meis
2333 4017 2723 4077 conscientiam
2757 4034 2938 4075 meam
2973 4020 3237 4086 mundes;
3258 4030 3316 4085 ut
3338 4036 3585 4091 egoque-

1981 4129 2085 4186 que
2109 4112 2311 4169 dudum
2356 4113 2690 4175 immundus,
2721 4114 2816 4168 sed
2836 4113 2949 4185 jam
2982 4131 3077 4185 per
3092 4123 3237 4173 tuam
3264 4116 3581 4173 misericor-

1980 4208 2123 4265 diam
2155 4208 2261 4265 lido
2295 4209 2548 4274 mundus,
2596 4206 2725 4264 illud
2761 4207 3073 4265 Davidicum
3105 4215 3319 4277 canam,
3347 4209 3535 4269 dicens
3564 4228 3580 4268 :

1981 4300 2215 4357 Psallam
2248 4301 2338 4359 tibi
2357 4301 2411 4355 in
2437 4300 2658 4366 cithara,
2687 4300 2823 4359 Deus
2862 4298 3031 4363 Israel
3064 4318 3077 4355 :
3104 4300 3398 4373 gaudebunt
3443 4302 3583 4357 labia

1981 4410 2115 4460 mea,
2144 4394 2266 4447 dum
2292 4402 2559 4448 cautauero
2583 4393 2702 4459 tibi;
2731 4402 2779 4447 et
2800 4391 2976 4447 anima
2997 4409 3295 4464 numquam
3319 4392 3582 4449 redetnisti

1982 4488 2153 4561 (Psal.
2178 4504 2271 4553 vn,
2296 4488 2387 4551 22,
2418 4487 2532 4549 ‘25).

2052 4582 2175 4638 154.
2218 4581 2423 4652 Itaque,
2447 4580 2700 4647 Domine,
2723 4580 3144 4636 calumniatores
3168 4589 3288 4636 tuos
3314 4591 3366 4636 et
3396 4581 3581 4638 hostes

260 4683 416 4736 vinas
441 4681 718 4735 voluerint
763 4680 970 4747 dicere,
1002 4679 1164 4735 facile
1212 4679 1594 4745 reriucentur;
1652 4680 1772 4749 quia
1818 4688 1875 4734 et
1902 4652 1951 4710 Ῐ)
1979 4676 2319 4743 relinquens,
2373 4675 2558 4732 confer
2599 4684 2652 4730 te
2697 4676 2762 4729 ad
2813 4689 2951 4741 nos;
2986 4685 3041 4730 et
3091 4675 3368 4730 sanetilica
3416 4692 3579 4733 aures

259 4776 455 4830 οὐσίαν
469 4771 684 4839 Graiae,
705 4782 761 4827 et
791 4771 983 4826 Latine
1005 4772 1363 4827 substantiam
1395 4770 1711 4842 frequenter
1734 4772 1881 4826 Scri-

258 4877 430 4941 ptura
459 4866 806 4922 memoravit.
839 4866 905 4920 Et
940 4865 1134 4921 Petrus
1154 4866 1267 4921 vult
1295 4881 1418 4931 nos,
1444 4875 1504 4919 ut
1534 4866 1763 4934 legimus
1787 4864 1805 4936 (
1830 4865 1873 4919 ll

262 4960 424 5016 Petr.
448 4975 489 5021 ι,
520 4959 599 5031 4),
631 4959 829 5014 divinzn
855 4970 1137 5015 consortes
1161 4958 1279 5014 ﬁeri
1310 4966 1537 5013 naturae.
1563 4958 1719 5025 Quod
1744 4957 1789 5012 si
1808 4973 1874 5013 ex

258 5056 377 5110 alia
414 5054 722 5109 substantia
765 5053 958 5113 Filium
1010 5052 1212 5120 dicent,
1246 5052 1351 5123 ipsi
1380 5069 1439 5107 se
1485 5053 1790 5115 revincunt,
1821 5060 1878 5107 et

257 5147 507 5205 verbum
530 5147 849 5203 substantia:
875 5146 1019 5218 quod
1045 5156 1295 5203 metuunt
1321 5144 1655 5212 confitendo,
1700 5156 1752 5201 et
1786 5144 1876 5199 Fi-

254 5346 383 5398 nem
406 5332 742 5390 Athanasius
770 5342 1036 5388 memorat
1072 5332 1222 5387 Orat.
1259 5348 1276 5386 ι
1305 5333 1355 5387 in
1399 5332 1586 5386 Arian.
1615 5338 1667 5385 et
1691 5329 1860 5385 fusius

254 5407 456 5465 adhuc
485 5407 646 5476 epist.
672 5406 737 5460 ad
762 5404 985 5473 Serap.,
1020 5405 1108 5460 ubi
1154 5405 1440 5461 Macarium
1484 5405 1859 5476 presbyterum

258 5474 535 5545 eiusdem
563 5477 887 5543 narrationis
935 5477 1169 5548 przedent
1215 5480 1362 5535 citat.
1419 5476 1664 5548 Meminit
1697 5474 1860 5548 etiam

255 5552 394 5621 ejus
419 5549 751 5618 Epiphanius
783 5546 974 5621 hmresi
1005 5547 1091 5603 60.
1118 5548 1267 5616 Quod
1298 5557 1473 5603 autem
1493 5546 1864 5621 adhistoricos

1982 4771 2242 4841 principis
2280 4770 2543 4837 Gratiani,
2576 4770 2927 4841 omniumque
2954 4781 3218 4842 praeterea
3249 4786 3475 4841 quorum
3520 4769 3575 4824 iu

1980 4878 2174 4919 manus
2199 4863 2287 4917 hic
2306 4863 2517 4919 libellus
2545 4864 2777 4932 venerit,
2805 4878 3001 4919 vacuas
3023 4864 3152 4918 mihi
3181 4871 3372 4933 praesta
3396 4877 3578 4928 aures;

1983 4956 2177 5013 necubi
2210 4954 2408 5010 auditas
2462 4954 2699 5025 perfidia:
2754 4956 2945 5011 sordes
2998 4956 3291 5012 resideant.
3335 4955 3579 5009 Emunda

1982 5067 2135 5122 ergo,
2166 5050 2399 5106 emunda
2445 5063 2631 5104 aurem
2689 5064 2795 5104 non
2825 5048 3063 5104 fontanis
3093 5049 3321 5120 poculis,
3352 5061 3451 5102 nec
3478 5046 3580 5101 ilu-

1982 5145 2108 5199 viali
2156 5145 2386 5213 haustu,
2447 5157 2547 5199 nec
2599 5157 2824 5199 susurro
2878 5142 3315 5215 praetermeantis
3361 5139 3576 5195 rivuli:

1965 5342 2067 5383 nec
2090 5325 2393 5392 inferiores,
2418 5324 2513 5381 Dei
2536 5343 2645 5381 esse
2671 5324 2867 5380 Filium
2897 5342 2912 5378 :
2938 5334 2997 5379 ut
3028 5339 3121 5393 per
3150 5337 3211 5378 se
3234 5322 3439 5377 clarum
3466 5334 3573 5381 est.

2038 5473 2066 5514 ι)
2108 5472 2272 5537 Edit.,
2301 5472 2371 5527 Se
2394 5470 2658 5536 simulant,
2686 5468 3036 5538 coaquubunt.

2045 5557 2066 5584 ο
2112 5536 2487 5601 lidit.omnes.
2522 5550 2576 5595 et
2604 5556 2733 5597 mss.
2767 5536 2988 5609 aliquot,
3018 5552 3124 5592 non
3147 5538 3276 5591 sicut
3298 5536 3404 5591 alia
3432 5554 3573 5593 crea-

256 5609 717 5681 Pfcclesia'sticos,
742 5638 864 5674 cum
898 5620 985 5673 vix
1014 5609 1162 5674 ullus
1181 5620 1531 5675 eornmillam
1560 5618 1869 5689 praetermi-
1970 5627 2087 5673 tura
2107 5616 2232 5671 est?
2266 5615 2432 5679 Male;
2484 5611 2589 5692 hoc
2622 5612 2778 5692 enim
2826 5610 3235 5692 signiﬁcaretur
3274 5609 3574 5692 quamlibet

255 5694 437 5761 serit,
464 5680 926 5765 supervacaneum
960 5699 1106 5749 esset
1132 5693 1375 5761 ipsorum
1389 5680 1603 5757 nomine
1633 5692 1725 5747 hic
1747 5704 1872 5760 pro.
1973 5699 2275 5765 creaturam
2332 5683 2635 5765 assensieut
2664 5684 2851 5765 aliam,
2882 5680 3186 5765 quodcum
3215 5683 3572 5765 sequentibus

257 5767 626 5892 deﬂe.Omnes
651 5834 780 5890 edit.
809 5851 930 5891 cum
955 5843 1110 5906 parte
1143 5850 1247 5889 non
1296 5834 1518 5888 minima
1548 5847 1678 5889 mss.
1710 5831 1879 5906 Deum

258 5924 390 5969 esse
445 5908 619 5977 ﬁlium
648 5925 661 5960 :
696 5907 886 5964 melius
946 5904 1127 5963 tamen
1158 5906 1272 5970 alii,
1322 5906 1411 5976 qui
1446 5918 1546 5959 nec
1572 5904 1879 5973 pauciores,

1979 5776 2085 5814 non
2139 5758 2397 5813 coluerat.
2454 5752 2671 5821 Optime
2723 5752 2883 5825 igitur
2916 5767 2982 5807 ex
3009 5752 3135 5817 aliis
3163 5752 3574 5825 ηιεεζῃθμιῑίι-

1983 5846 2107 5954 non:
2160 5828 2385 5898 quidam
2430 5830 2733 5888 removeat.
2758 5821 2944 5892 plum
2969 5839 3104 5889 vero
3135 5821 3493 5899 seminantut
3518 5825 3571 5880 in

2012 5916 2077 5954 ex
2109 5916 2162 5954 u.

2012 5916 2162 5956 estu.
