4042 6294
506 360 614 419 559

1855 347 2102 408 SANCTI
2138 342 2467 406 AMBROSII
3644 337 3663 351 '
3675 337 3758 394 560

501 480 600 539 sed
629 477 974 536 sermonibus
1001 475 1069 533 ad
1101 476 1278 533 vicem
1306 485 1567 546 aquarum
1608 467 1986 540 operantibus,
2019 481 2113 521 su-
2141 468 2193 527 Α
2219 476 2308 519 res
2334 456 2567 533 Augusti
2592 458 2790 515 mentis
2814 455 3093 521 emunda,‘
3125 460 3186 509 ut
3222 454 3366 510 sicut
3414 450 3532 508 vino
3568 452 3758 505 naturali

503 591 603 648 pra
632 575 866 631 nitorem
901 587 1167 642 aquarum
1211 568 1534 641 perSpicuis,
1560 574 1615 623 et
1640 561 2113 632 omnipurioribus

505 670 680 735 nive;
715 667 822 724 illis
875 667 1064 739 utique
1112 663 1487 729 sermonibus,
1540 659 1733 730 quibus
1787 655 1968 711 dixisti
2004 670 2018 707 :
2051 653 2113 709 Si

506 761 705 830 fuerint
730 767 939 829 peccata
964 768 1134 813 uestra
1164 757 1296 812 sicut
1336 751 1664 826 phmnicium,
1696 758 1751 803 ut
1780 748 1946 803 niuem
1966 744 2115 802 deal-

506 853 637 908 babo
658 850 832 925 (Esai.
860 867 900 915 l,
928 848 1041 921 18).

579 944 708 1001 155.
748 944 845 1001 Est
875 942 1040 999 etiam
1069 939 1323 1012 poculum
1352 952 1459 1011 quo
1488 943 1701 993 secreta
1730 932 1927 990 mentis
1954 946 2112 988 mun-

506 1040 641 1097 dare
661 1036 1019 1103 consuevisti,
1049 1034 1301 1106 poculum
1330 1048 1437 1089 nou
1486 1042 1695 1088 naturae
1734 1031 1959 1094 veteris,
2010 1043 2113 1084 nec

506 1148 579 1190 ex
602 1132 717 1188 vite
752 1129 981 1186 solemni
1013 1145 1027 1184 :
1051 1126 1149 1183 sed
1174 1125 1425 1197 poculum
1452 1139 1653 1182 novum
1681 1122 1753 1179 de
1792 1121 1934 1179 ctelo
1963 1120 2114 1176 dela—

510 1235 625 1282 tum
657 1225 713 1280 in
766 1231 987 1289 terram,
1049 1235 1371 1291 expressum
1402 1234 1469 1276 ex
1500 1218 1593 1273 illo
1637 1217 1908 1290 botryone
1950 1230 2113 1287 pere-

498 1321 679 1394 grino,
733 1318 823 1389 qui
852 1317 994 1372 sicut
1020 1315 1219 1371 uva'de
1242 1314 1376 1379 vite,
1408 1314 1480 1368 ita
1514 1312 1608 1367 ille
1656 1312 1709 1366 in
1741 1325 1907 1367 carne
1933 1308 2113 1365 crucis

501 1413 762 1489 pependit
785 1429 819 1470 e
848 1412 1014 1485 ligno.
1049 1411 1128 1466 Ex
1154 1410 1258 1467 hoc
1281 1424 1412 1481 ergo
1433 1407 1701 1480 botryone
1729 1414 1757 1442 ι
1801 1414 1888 1461 est
1927 1404 2112 1459 vinum

502 1509 649 1582 quod
701 1507 949 1564 lmtiﬁcat.
990 1519 1086 1562 cor
1137 1502 1397 1569 hominis,
1446 1500 1799 1557 sobrietatem
1854 1498 2107 1565 inebriat,

500 1602 780 1673 crapulam
809 1600 933 1657 ﬁdei
957 1609 1014 1657 et
1044 1611 1189 1655 verte
1215 1595 1499 1669 religionis
1524 1593 1775 1662 exhalat,
1829 1593 2108 1665 crapulam

504 1693 776 1752 castitatis
808 1692 1063 1749 infundit.

575 1789 700 1847 156.
755 1788 870 1846 Hoc
905 1786 1071 1859 igitur
1090 1786 1239 1855 vino,
1263 1784 1491 1843 Domine
1516 1798 1694 1850 meus,
1727 1781 1753 1821 ι’
1787 1781 1993 1839 domini
2017 1795 2113 1836 au-

2215 555 2467 613 homines
2492 552 2771 619 inebriati,
2811 552 3051 623 quietem
3080 548 3347 617 diligunt,
3382 546 3613 601 timorem
3646 559 3763 598 mor-

2218 647 2286 703 tis
2308 647 2619 718 expcllunt,
2655 644 2881 715 injurias
2901 658 3008 699 non
3038 642 3305 702 sentiunt,
3337 638 3510 694 aliena
3537 652 3632 692 non
3648 648 3766 707 qua:-

2216 751 2366 807 runt,
2397 755 2618 797 suorum
2669 736 3104 795 obliviscuntur:
3133 736 3206 789 ita
3231 735 3395 789 etiam
3424 730 3544 786 vino
3563 738 3645 786 tuo
3668 744 3764 788 cra-

2215 836 2456 909 pulatus,
2491 848 2678 905 pacem
2700 832 2910 905 diligat,
2940 843 2992 888 et
3024 829 3147 886 ﬁdei
3173 827 3538 885 exsultatione
3564 838 3767 891 securus,

2215 938 2447 987 mortem
2503 927 2844 985 inﬁdelitatis
2885 926 3119 999 ignoret,
3166 921 3484 995 patientiam
3530 917 3768 975 charitatis

2217 1024 2469 1080 exhibeat
2491 1066 2507 1091 ,
2538 1021 2823 1091 sacrilegia
2851 1019 3028 1075 aliena
3056 1033 3164 1074 non
3193 1024 3378 1074 teneat
3405 1056 3422 1080 ,
3449 1013 3599 1069 ﬁdem
3636 1011 3768 1069 etiam

2221 1127 2243 1155 ε
2266 1116 2587 1188 pignoribus
2612 1114 2726 1170 suis
2753 1116 3029 1187 praeferat,
3049 1110 3351 1169 secundum
3382 1106 3526 1179 quod
3550 1106 3770 1175 scriptum

2216 1217 2301 1265 est
2328 1224 2347 1262 :
2379 1208 2635 1279 Relinque
2656 1207 2830 1264 omnia
2861 1215 2969 1273 tua,
3006 1214 3052 1260 et
3076 1204 3193 1260 ueni
3209 1246 3225 1273 ,
3255 1217 3469 1273 sequere
3494 1216 3571 1255 me
3592 1198 3770 1272 (Metti.

2216 1318 2334 1369 xix,
2362 1302 2479 1374 21).

2292 1400 2416 1455 137.
2449 1397 2564 1455 Hoc
2590 1397 2740 1466 vino,
2776 1395 3007 1453 Domine
3029 1394 3182 1464 Jesu,
3204 1405 3398 1449 sensus
3417 1390 3580 1447 etiam
3599 1393 3776 1444 nostros

2219 1494 2386 1560 dilue,
2422 1503 2483 1550 ut
2510 1501 2564 1550 te
2591 1492 2907 1558 adoremus,
2955 1500 3011 1547 te
3049 1490 3294 1546 colamus
3324 1484 3622 1541 visibilium
3645 1490 3693 1537 et
3714 1481 3777 1537 in-

2216 1587 2514 1643 visibilium
2535 1596 2859 1643 creatorem.
2917 1581 3036 1640 Non
3062 1589 3219 1654 potes
3244 1594 3379 1651 ergo
3408 1572 3687 1633 invisibilis
3707 1578 3781 1627 aut

2215 1679 2392 1737 bonus
2441 1695 2549 1736 non
2604 1694 2748 1746 esse,
2804 1675 2898 1750 qui
2936 1675 2990 1733 id
3032 1675 3194 1733 etiam
3222 1674 3332 1729 tuis
3355 1668 3610 1743 operibus
3626 1674 3779 1723 contu-

2219 1773 2351 1830 lisli.

573 1924 599 1953 ι
645 1912 743 1969 Hic
765 1920 821 1968 et
846 1910 987 1965 infra
1009 1910 1098 1965 ubi
1127 1908 1366 1979 plurium
1390 1907 1778 1977 potiorumque
1809 1920 1942 1962 mss.
1978 1922 2109 1979 auc-
2143 1911 2191 1972 B
2216 1904 2654 1979 diligentissimis
2683 1920 2900 1979 quoque
2929 1903 3192 1979 librariis,
3251 1911 3431 1979 tamen
3486 1897 3653 1979 eidem
3683 1895 3779 1979 jam

497 1987 722 2043 toritate
750 1982 1107 2048 restituitnus,
1139 1982 1312 2035 vinum
1341 1989 1396 2035 et
1425 1980 1577 2045 uino;
1613 1980 1666 2033 in
1713 1979 1922 2034 cunctis
1969 1978 2107 2035 edit.

497 2070 560 2117 et
588 2072 722 2114 mss.
747 2054 1025 2111 nonnullis
1048 2053 1278 2107 habetur
1305 2052 1547 2121 poculum
1572 2061 1628 2106 et
1654 2059 1847 2121 quater
1894 2052 2105 2116 poculo.

576 2128 604 2169 δ
646 2129 775 2185 Mss.
839 2125 1068 2195 aliquot,
1122 2124 1360 2187 Domine,
1414 2138 1567 2177 aures
1611 2132 1846 2194 augusta:
1896 2123 2106 2177 mentis.

504 2202 684 2259 Minus
708 2197 1014 2255 commode.

581 2285 603 2312 ο
649 2272 748 2326 Vix
778 2269 926 2323 aliud
953 2265 1322 2323 testimonium
1340 2265 1408 2320 de
1435 2265 1681 2320 Gratiani
1713 2264 1903 2320 liberis
1944 2264 2111 2320 habe-

501 2360 631 2401 mus
657 2345 936 2414 quambnc
949 2333 1691 2414 Ambrosianum._Ci§ib_ntur
1706 2335 1923 2414 quidem
1948 2336 2110 2414 etiam

503 2405 796 2485 Augustini
818 2411 970 2465 locus
1001 2408 1096 2463 lib.
1125 2424 1159 2485 v
1189 2408 1257 2485 de
1285 2406 1579 2485 Civit._Dei
1599 2405 1734 2477 cap.
1753 2405 1847 2472 25,
1880 2408 1934 2485 i_n
1967 2408 2114 2485 anti—

503 2478 630 2559 quis
653 2484 785 2541 edit.
818 2492 1118 2550 conceptus
1137 2481 1189 2535 in
1221 2480 1335 2559 llaec
1367 2479 1676 2559 verba_,cum
1712 2478 1987 2559 parvulum
2014 2478 2111 2559 Ita-

506 2549 705 2615 beretet
724 2560 935 2623 fratrem
959 2570 973 2609 :
998 2549 1057 2607 at
1076 2567 1199 2607 cum
1232 2552 1284 2605 in
1307 2565 1445 2606 nova
1469 2549 1602 2623 edit.
1634 2549 1894 2623 particula
1911 2559 1961 2605 et
1986 2551 2115 2605 sub-

2218 1967 2373 2049 plctizt
2404 1980 2541 2036 ﬁdes
2568 1967 2752 2034 babe'ri
2780 1967 2990 2049 nequit.
3017 1967 3471 2049 Discinittsigitur
3499 1986 3563 2049 ex
3590 1967 3782 2049 Ambro-

2216 2042 2300 2107 sio
2324 2052 2531 2107 liberos
2580 2050 2841 2107 Gratiano
2869 2042 3233 2113 'fuisse,dtun
3263 2042 3380 2099 huc
3419 2042 3779 2098 scriberentur.

2216 2121 2298 2179 Au
2327 2139 2459 2179 vero
2490 2138 2656 2176 unum
2697 2122 2952 2190 pluresve
3001 2117 3386 2190 progenuer_it,_
3417 2116 3780 2190 incompertum

2216 2202 2321 2251 est.
2353 2194 2518 2250 Certe
2545 2192 2677 2250 illud
2698 2181 2809 2247 non
2840 2200 2925 2247 est
2946 2181 3193 2255 dubiu'm,
3234 2187 3485 2243 sobolem
3509 2186 3576 2241 de
3603 2199 3693 2254 qua
3715 2181 3784 2235 hic

2218 2268 2425 2337 agitur,
2453 2280 2559 2320 non
2578 2263 2867 2337 etsecunda
2896 2262 3126 2337 conjuge
3146 2276 3311 2331 quam
3338 2273 3538 2337 regens
3567 2256 3780 2314 duxerat,

2218 2329 2276 2392 ul
2295 2329 2535 2393 diximus
2562 2335 2629 2391 ad
2660 2335 2864 2407 Expos.
2895 2329 3031 2407 psal.
3053 2329 3300 2407 unpag.
3328 2329 3459 2395 963,
3485 2338 3656 2407 natatu
3668 2339 3782 2381 esse:

2220 2424 2409 2464 verum
2438 2425 2469 2464 e
2498 2408 2705 2477 priore,
2736 2399 2909 2476 quam
2927 2399 3321 2477 Constantiam
3336 2412 3551 2457 vocant.
3578 2399 3665 2477 liis
3684 2410 3786 2477 por—

2215 2495 2280 2536 ro
2300 2469 2574 2536 Ambro'sii
2599 2469 3077 2534 cohortationibus
3098 2473 3439 2540 attribuitur,
3499 2471 3636 2543 quod
3678 2469 3787 2525 Gra-

2217 2551 2401 2607 tianus
2438 2566 2626 2607 amore
2683 2550 2919 2621 propriae
2964 2548 3155 2618 prolis,
3211 2542 3788 2621 quoininusadoptaret

507 2631 618 2686 lata
658 2621 823 2683 fuerit
850 2626 1173 2680 auctoritate
1203 2637 1336 2677 mss.
1371 2621 1741 2690 probatiorum
1768 2637 1783 2686 ;
1813 2621 1941 2676 licet
1978 2636 2113 2676 neu-

507 2701 716 2774 tiquaui
744 2712 870 2755 raro
896 2696 1135 2763 eveniat,
1160 2704 1218 2749 ut
1261 2693 1571 2765 huiusmodi
1620 2693 1831 2762 copula:
1855 2692 2110 2748 excidant

1618 2888 1964 2973 LIBER
2037 2888 2701 2978 SECUNDUS.
2788 3002 2797 3011 _

2217 2621 2609 2687 Theodosium,
2638 2615 2885 2679 revocari
2908 2615 3103 2676 senon
3131 2615 3325 2689 pasSus
3348 2615 3536 2672 fuerit.

1022 3154 1183 3230 δτι
1224 3118 1616 3212 pnowcus.

518 3299 818 3357 Ambrosius
843 3297 978 3354 libro
1005 3295 1262 3369 superiori
1289 3294 1428 3350 hunc
1468 3294 1795 3366 adiecturus,
1846 3294 2122 3351 duodecim

594 3393 806 3448 nomina
838 3388 963 3445 Filii
993 3387 1094 3444 Dei
1120 3389 1293 3459 primo
1347 3387 1604 3459 trifariam
1656 3387 1824 3443 diuisa
1868 3404 1971 3442 non
2010 3391 2125 3462 ejus

597 3492 820 3548 tantum,
854 3482 942 3536 sed
968 3479 1146 3536 Patris
1176 3481 1329 3536 etiam
1377 3481 1717 3536 a'ternitatem
1763 3482 1982 3551 probare
2034 3482 2129 3537 do-

598 3586 697 3633 cet.
728 3574 859 3630 Mox
887 3575 1064 3630 eadem
1114 3592 1227 3630 cum
1276 3575 1550 3631 duodecim
1603 3577 1942 3633 sacerdotalis
1974 3579 2129 3634 uestis

604 3666 870 3736 lapidibus
896 3668 1087 3723 cursim
1108 3683 1441 3737 comparans,
1465 3685 1622 3732 quant
1670 3671 1957 3725 necessario
2004 3687 2130 3726 con-

593 3759 869 3835 jungenda
896 3760 1019 3823 sint,
1051 3759 1266 3814 inducta
1290 3760 1525 3830 ipsorum
1574 3762 1706 3815 notia
1759 3763 2131 3819 distributione

607 3852 874 3925 patefacit.
910 3850 1114 3906 Deinde
1134 3851 1203 3905 ad
1243 3855 1564 3923 prapositam
1595 3855 2031 3924 comparationem
2052 3871 2132 3910 re-

607 3946 777 4013 diens,
816 3943 1095 4015 allegorice
1117 3944 1386 3999 memorati
1407 3943 1628 3999 amictus
1654 3953 1911 4001 texturam
1954 3963 2016 4001 ac
2056 3948 2135 4002 la-

608 4038 768 4111 pillos
795 4036 995 4094 laudat.
1028 4034 1169 4092 Hinc
1192 4038 1409 4108 mystica
1435 4037 1591 4091 etiam
1624 4039 1844 4107 gemina:
1866 4039 2136 4094 divisionis

610 4135 813 4209 ratione
839 4132 1021 4197 allata,
1049 4131 1336 4186 institutam
1359 4116 1801 4203 comparationem
1844 4134 2012 4206 pergit
2042 4149 2134 4189 ea:-

614 4244 830 4300 ponere;
865 4243 928 4281 ex
946 4242 1046 4296 qua
1072 4226 1227 4294 ﬁdem
1249 4224 1493 4296 operibus
1521 4225 1775 4297 colligens
1803 4228 2138 4283 attexendam
2172 4236 2173 4239 ‘

616 4336 746 4387 esse,
778 4327 1092 4373 contractam
1114 4316 1350 4389 ejusdem
1381 4316 1501 4375 ﬁdei
1554 4316 1618 4371 de
1657 4315 1801 4372 Filio
1832 4317 2140 4389 descriptio-

624 4429 738 4467 nem
764 4411 953 4466 subdit.

2149 3177 2196 3239 ρ
2224 3154 2408 3211 dinem
2442 3153 2624 3210 Patris
2654 3161 2711 3209 et
2741 3137 2909 3209 Filii:
2953 3160 3083 3209 sunt
3107 3151 3273 3209 etiam
3314 3166 3440 3224 quae
3481 3148 3794 3224 perspicuam

2227 3245 2427 3303 divina:
2460 3245 2765 3316 maiestatis
2795 3245 3107 3316 exprimant
3131 3245 3417 3302 unitatem.
3471 3239 3795 3315 Proprietalis

2231 3339 2415 3411 itaque
2462 3348 2622 3407 sunt,
2650 3339 2953 3409 generatio,
3004 3339 3151 3396 Deus
3173 3380 3189 3407 ,
3210 3338 3407 3406 Filius,
3436 3337 3671 3395 Verbum
3699 3352 3711 3389 :
3738 3334 3795 3390 si-

2230 3433 2575 3499 militudinis,
2607 3433 2895 3505 splendor,
2927 3434 3238 3502 character,
3265 3433 3577 3506 speculum,
3604 3432 3791 3501 imago:

2232 3527 2458 3583 unitatis
2487 3536 2734 3595 aeterna,
2765 3528 3059 3601 sapientia,
3087 3529 3263 3584 virtus
3282 3570 3297 3595 ,
3329 3528 3563 3596 veritas,
3594 3527 3712 3582 vita.

2305 3621 2362 3677 5.
2403 3620 2530 3678 Hmc
2555 3620 2754 3677 indicia
2793 3621 2867 3677 ita
2898 3621 2996 3678 Dei
3039 3621 3235 3678 Filium
3276 3622 3521 3692 signant,
3580 3629 3635 3676 ut
3657 3616 3797 3676 exbis

2234 3722 2289 3770 et
2315 3714 2709 3785 sempiternum
2741 3713 2961 3771 Patrem
2996 3728 3120 3771 esse
3148 3729 3473 3786 cognoscas,
3520 3729 3621 3771 nec
3662 3711 3725 3768 ab
3747 3722 3798 3767 eo

2235 3805 2434 3861 Filium
2465 3804 2897 3875 discrepantem.
2929 3806 3009 3862 Ex
3035 3821 3101 3863 eo
3135 3807 3284 3863 enim
3311 3807 3406 3878 qui
3443 3815 3534 3863 est
3557 3851 3573 3875 ,
3603 3816 3799 3879 genera-

2238 3902 2353 3968 tio;
2397 3917 2465 3958 ex
2511 3902 2854 3974 sempiterno
2906 3902 3073 3971 Deus,
3112 3918 3180 3960 ex
3210 3902 3368 3958 Patre
3397 3900 3596 3970 Filius,
3624 3898 3797 3958 exDeo

2243 3996 2517 4063 Verbum,
2568 3997 2831 4067 splendor
2879 3997 3107 4069 gloriae,
3140 3996 3428 4052 character
3473 3993 3797 4053 substantia.

2239 4089 2519 4162 speculum
2545 4089 2666 4158 Dei,
2697 4091 2998 4162 majestatis
3028 4091 3229 4162 imago,
3274 4089 3304 4129 ι»
3329 4089 3403 4146 de
3431 4089 3580 4147 bono
3601 4087 3800 4149 bonitas,

2242 4182 2311 4240 de
2337 4183 2581 4254 sapiente
2609 4183 2899 4254 sapientia,
2930 4183 2998 4239 de
3033 4181 3158 4237 forti
3188 4183 3385 4249 virtus,
3431 4181 3501 4239 de
3527 4195 3656 4239 vero
3682 4177 3801 4235 veri-

2245 4288 2350 4349 tas,
2395 4278 2465 4336 de
2484 4279 2703 4337 vivente
2725 4278 2858 4335 vita.
2884 4276 3234 4334 Concordant
3264 4279 3433 4351 igitur
3467 4277 3644 4334 Patris
3669 4283 3720 4333 et
3741 4270 3805 4329 Fi-

2247 4372 2306 4428 lii
2337 4372 2559 4440 indicia,
2590 4373 2787 4445 quibus
2815 4386 2923 4430 non
2946 4371 3262 4445 discrepare
3290 4374 3434 4430 inter
3454 4388 3537 4439 se,
3561 4372 3654 4430 sed
3675 4368 3804 4426 unius

2248 4467 2552 4539 majestatis
2580 4481 2704 4524 esse
2735 4481 2900 4543 nemo
2929 4466 3282 4525 dubitaverit.
3311 4467 3557 4536 Quorum
3592 4463 3804 4538 singulo-

620 4553 675 4608 1.
718 4550 881 4614 Satis.
916 4557 974 4605 ut
999 4547 1261 4610 arbitror.
1290 4546 1431 4604 libro
1458 4548 1767 4620 superiore,
1820 4555 2012 4604 sancte
2035 4546 2124 4603 Im.

2247 4576 2370 4618 rum
2398 4560 2777 4632 proferremus
2801 4562 3051 4634 exempla
3079 4563 3385 4631 nominum,
3416 4562 3519 4619 nisi
3557 4570 3806 4619 eoarctan-

557 4654 798 4717 perator,
826 4643 1080 4700 edoctum
1109 4650 1195 4698 est
1216 4641 1613 4713 sempiternum
1640 4656 1763 4699 esse
1792 4641 1888 4698 Dei
1919 4641 2143 4709 Filium,
2250 4651 2306 4709 di
2337 4652 2611 4709 sel-monis
2641 4652 2826 4709 studio
2857 4663 3193 4712 ιοηετεωιπ,

550 4737 1000 4796 uoudissimilem
1029 4735 1203 4801 Patri,
1231 4736 1498 4808 genitum,
1531 4749 1639 4791 non
1664 4743 1941 4791 creatum:
1972 4734 2141 4791 Deum
2320 4745 2377 4801 4,
2423 4744 2517 4801 His
2543 4744 2837 4802 duodecim
2869 4755 3147 4818 tamquam
3177 4746 3450 4819 lapidibus
3480 4746 3720 4820 pretiosis
3760 4740 3807 4797 li-

548 4848 765 4906 quoquc
791 4845 978 4887 verum
1005 4828 1101 4885 Dei
1124 4827 1321 4885 Filium
1361 4827 1771 4900 Scripturarum
1819 4827 2124 4883 lectionibu:

2250 4836 2338 4893 dei
2368 4837 2622 4893 columna
2650 4838 2951 4909 consurgit.
2987 4837 3060 4893 lli.
3076 4847 3206 4895 sunt
3230 4840 3377 4896 enim
3407 4839 3629 4911 pretiosi
3656 4836 3723 4893 illi
3747 4833 3807 4889 la—

550 4926 993 5035 approbavimus,
1020 4933 1077 4981 et
1105 4924 1311 4997 apertis
1343 4923 1650 5009 majestatis
1678 4938 1791 4978 sua:
1813 4922 2030 4979 indiciis
2051 4922 2147 4980 de-
2251 4927 2408 5001 pides
2433 4929 2645 5001 (Exod.
2709 4946 2901 4997 xxvtu,
2939 4932 3002 4987 l7
3046 4941 3095 4986 et
3123 4949 3230 5005 seq.
3257 4933 3301 5005 ),
3340 4934 3550 4991 sardius
3571 4975 3588 5001 ,
3622 4928 3804 5004 jaspis,

552 5035 849 5095 signatum.

624 5118 678 5172 2.
723 5117 909 5188 Itaque
957 5111 1206 5186 quamvis
1250 5110 1351 5165 ista
1402 5110 1471 5166 ad
1499 5108 1663 5166 ﬁdem
1703 5110 1924 5182 c0piose
1950 5109 2149 5166 redun-

556 5212 737 5268 dantia
764 5211 898 5274 sint,
921 5207 1066 5276 quod
1094 5220 1125 5260 a
1155 5202 1325 5259 fontis
1356 5209 1537 5257 meatu
1571 5202 1886 5273 magnitudo
1908 5202 2149 5273 plerum-

553 5322 657 5378 que
682 5296 1022 5362 decurrentis
1049 5296 1294 5355 ﬂuminis
1321 5296 1663 5360 aestimatur;
1702 5304 1888 5350 tamen
1911 5311 2019 5368 quo
2044 5311 2147 5366 pu.

549 5401 666 5455 rius
692 5399 863 5454 niteat
894 5394 1029 5450 ﬁdes
1060 5400 1274 5455 nostra,
1307 5387 1583 5459 tripartito
1641 5386 1858 5445 videtur
1898 5389 2152 5445 derivan-

552 5492 619 5549 da
669 5489 974 5548 distinctio.
1017 5494 1045 5524 ⁸
1099 5483 1241 5541 Sunt
1278 5481 1430 5537 enim
1475 5479 1744 5536 evidentia
1781 5479 1981 5536 indicia
2027 5496 2150 5551 quae

555 5587 946 5659 pr0prietatem
980 5580 1199 5637 deitatis
1231 5573 1561 5633 ostendant:
1591 5582 1720 5628 sunt
1745 5588 1866 5645 qua:
1894 5572 2152 5629 similitu-

2253 5022 2597 5094 smaragdus,
2655 5022 3058 5096 chrysolitbus,
3093 5034 3150 5081 et
3197 5027 3379 5083 caeteri
3406 5068 3423 5095 ,
3448 5026 3642 5098 quibus
3664 5018 3808 5081 saneti

2253 5117 2461 5181 Aaron,
2502 5113 2649 5170 illius
2676 5117 2865 5187 utique
2890 5117 2983 5188 qui
3014 5117 3245 5189 ﬁguram
3269 5118 3415 5189 gerit
3457 5117 3691 5183 Christi,
3716 5111 3808 5167 veri

2251 5207 2465 5262 scilicet
2518 5207 2906 5263 vestimentum
2946 5210 3251 5267 sacerdotis
3282 5210 3808 5268 intexiturzcircunt-

2253 5297 2365 5354 dati
2406 5315 2543 5355 aurn
2585 5299 2818 5371 lapides,
2851 5309 2908 5357 et
2956 5302 3217 5374 insculpti
3249 5302 3317 5359 de
3342 5303 3653 5359 nominibus
3673 5298 3811 5373 ‘72

2253 5390 2492 5447 ﬁliorum
2525 5392 2716 5462 Israel,
2758 5393 3047 5450 duodecim
3094 5393 3304 5467 lapides
3335 5395 3437 5452 sibi
3488 5394 3711 5450 invicem
3736 5405 3812 5444 cu-

2255 5482 2550 5541 limrentes.
2576 5484 2710 5541 Nam
2741 5486 2787 5542 si
2815 5501 2912 5544 eos
2934 5489 3129 5561 aliquis
3153 5499 3367 5560 separet
3383 5498 3540 5562 atque
3566 5491 3811 5547 secernat,

2255 5578 2436 5633 omnis
2464 5577 2587 5635 ﬁdei
2623 5589 2896 5636 structura
2934 5580 3270 5638 dissolvitur.

630 5709 655 5736 ιι
696 5700 856 5768 Rom.
887 5694 1020 5751 edit.
1052 5692 1166 5768 sola
1188 5734 1203 5757 ,
1234 5690 1371 5747 Sunt
1423 5687 1560 5743 enim
1606 5686 1815 5742 nomina
1860 5687 2096 5758 quadam
2122 5729 2140 5758 ,
2254 5700 2527 5747 moratum
2557 5701 2662 5768 est,
2699 5692 2863 5768 etiam
2899 5694 2957 5768 in
2986 5694 3262 5768 plerisque
3284 5712 3416 5754 mss.
3440 5697 3693 5752 omissum
3714 5689 3812 5751 luit;

553 5786 664 5846 ιμιςε
688 5767 944 5846 quenter
960 5765 1360 5846 proprietatem,
1387 5770 1511 5846 etc._
1618 5845 1641 5846 ﬁt
1688 5842 1702 5846 Α
1824 5844 1835 5846 A
1929 5844 1941 5846 _
2243 5778 2367 5846 cum
2400 5773 2577 5821 tamen
2629 5767 2680 5820 in
2727 5763 2849 5821 aliis
2885 5763 3131 5838 aliquot,
3172 5763 3248 5824 ἐι
3277 5769 3482 5825 cunctis
3520 5766 3652 5823 edit.
3676 5773 3812 5835 repe-

622 5840 650 5882 δ
689 5837 770 5896 De
799 5837 931 5898 bono
955 5832 1152 5889 bonitas
1181 5832 1325 5905 quod
1349 5832 1655 5889 membrum
1682 5842 1847 5902 supra
1878 5844 1991 5891 non
2017 5846 2133 5891 mo-
2238 5834 2427 5892 riatur.
