4042 6294
307 276 418 335 563

1655 275 1747 335 DE
1791 276 1954 337 FIDE
1991 277 2122 336 LIB.
2169 279 2235 336 ll.

3526 283 3630 344 566

304 394 429 449 eulo
455 395 714 465 quodam,
749 397 1028 453 stellarum
1050 396 1346 452 lucentium
1370 396 1703 467 refulgerent
1723 397 1901 468 globi;
1932 397 1987 459 Δ
2008 398 2135 468 quis
2164 396 2281 469 ipse
2305 405 2390 453 est
2417 398 2691 465 speculanti
2716 398 2828 454 sine
2854 401 3083 467 macula,
3113 408 3163 456 et
3183 403 3363 475 imago
3382 404 3627 460 bonitatis

304 487 380 543 ita
423 488 590 544 etiam
636 490 1011 559 apostolorum
1039 496 1095 546 ct
1125 496 1425 562 martyrum
1456 499 1511 546 ct
1538 489 1911 556 sacerdotum,

303 584 425 640 vice
476 586 760 642 stellarum
792 586 1136 657 fulgentium,
1185 594 1299 641 toto
1331 585 1721 642 illucescerent
1751 583 1913 640 chori

303 678 516 735 mundo
535 677 573 751 ἲ,

372 772 466 829 25.
498 773 643 845 Ergo
670 789 778 829 non
822 773 998 830 solum
1028 774 1227 841 bonus,
1271 774 1368 829 sed
1397 774 1563 829 etiam
1602 780 1788 843 pastor
1816 772 1913 828 bo-

300 880 430 932 nus,
463 866 566 921 hoc
599 875 708 935 est,
735 884 844 924 non
868 869 971 924 sibi
1005 877 1234 933 tantum,
1264 869 1359 923 sed
1382 870 1546 925 etiam
1575 868 1767 923 ovibus
1798 866 1912 921 suis

300 959 482 1015 bonus
518 958 738 1015 :Bonus
777 961 922 1016 enim
965 970 1140 1031 pastor
1175 962 1400 1016 animam
1440 976 1587 1014 suam
1626 961 1771 1032 ponit
1815 975 1909 1031 pro

298 1052 477 1108 ovibus
507 1054 615 1108 suis
643 1052 822 1124 (Joan.
857 1070 909 1121 ι,
941 1052 1048 1125 ll).
1076 1054 1259 1109 Posuit
1279 1054 1439 1124 plane
1464 1054 1700 1108 animum
1728 1067 1906 1118 suam,

299 1156 359 1201 ιιι
389 1156 627 1202 nostram
653 1148 857 1204 levaret
888 1164 901 1202 :
934 1147 1027 1202 sed
1058 1162 1154 1218 pro
1184 1142 1481 1203 divinitatis
1513 1156 1784 1218 potestate
1813 1160 1911 1216 po-

296 1242 410 1298 suit
436 1252 490 1298 et
515 1244 759 1312 sumpsit,
795 1243 935 1298 sicut
962 1243 1219 1313 scriptum
1252 1251 1335 1297 est
1364 1260 1376 1296 :
1406 1241 1720 1297 Potestatent
1748 1241 1908 1295 habeo

298 1336 529 1405 ponendi
557 1336 787 1390 animum
814 1350 997 1402 nteant,
1039 1345 1084 1390 et
1125 1344 1424 1405 potestatem
1467 1331 1627 1388 habeo
1671 1331 1909 1387 sumendi

292 1447 433 1486 eam.
466 1430 661 1485 Nullus
676 1444 787 1484 eam
814 1430 950 1485 tollit
977 1446 1010 1484 a
1040 1445 1140 1497 me,
1164 1430 1254 1486 sed
1285 1446 1378 1502 ego
1397 1447 1428 1483 a
1455 1430 1747 1493 ntcmctipso
1771 1444 1907 1499 pono

291 1541 406 1579 eam
452 1523 645 1596 (lbid.,
682 1523 908 1597 i7,18).

362 1615 455 1672 26.
502 1616 668 1673 Vides
719 1616 1038 1683 bonitatem,
1071 1617 1195 1688 quia
1245 1624 1438 1688 sponte
1482 1617 1659 1687 posuit
1697 1635 1710 1671 :
1756 1616 1906 1673 vides

291 1721 642 1782 potestatem,
681 1712 802 1782 quia
832 1709 1092 1778 sumpsit;
1127 1718 1182 1767 ct
1208 1718 1262 1765 tu
1312 1712 1512 1766 bonum
1560 1724 1743 1781 negas,
1778 1723 1903 1764 cum

2020 491 2165 547 illius
2198 490 2357 563 (Sap.
2384 507 2480 559 vn,
2505 491 2619 562 διδ).

2642 603 2875 662 CAPUT
2912 594 2998 661 ill.

2020 710 2067 771 F
2073 717 2221 773 ilium
2266 714 2362 775 Dei
2404 712 2573 775 Deum
2619 718 2807 775 bonum
2839 739 2897 775 ac
2939 736 3114 777 verum
3151 734 3281 789 esse,
3328 733 3447 780 cum
3482 716 3624 782 Deus

2692 830 2830 869 unus
2857 816 2942 871 sit.

2089 953 2177 1008 55.
2210 952 2381 1024 [Alias
2408 970 2523 1023 cap.
2563 952 2655 1025 1L]
2709 953 2818 1012 Sed
2862 954 2993 1025 quid
3043 954 3199 1011 vobis
3244 954 3479 1025 videtur,
3524 958 3617 1029 qui

2016 1046 2215 1101 bonum
2255 1056 2309 1102 et
2354 1063 2543 1103 verum
2576 1048 2745 1105 Deum
2792 1049 2889 1105 Dei
2914 1049 3106 1105 Filiqu
3145 1051 3454 1121 denegatis;
3494 1067 3618 1111 cum

2013 1141 2273 1211 scriptum
2303 1141 2374 1195 sit
2400 1141 2543 1210 quod
2574 1142 2755 1197 nullus
2786 1143 2946 1210 Deus,
2978 1144 3081 1199 nisi
3108 1158 3249 1199 unus
3286 1143 3325 1211 (l
3347 1142 3466 1200 Cor.
3501 1158 3613 1212 vm,

2013 1232 2107 1305 4)?
2136 1233 2270 1288 Nam
2292 1235 2392 1288 etsi
2420 1246 2546 1290 sunt
2572 1236 2663 1305 qui
2687 1235 2934 1289 dicantur
2957 1235 3053 1301 dii,
3077 1251 3146 1291 an
3176 1236 3319 1293 inter
3341 1252 3437 1293 eos
3462 1238 3620 1294 Chri-

2013 1336 2154 1381 stum
2184 1328 2574 1393 anuumeratis,
2609 1328 2702 1398 qui
2737 1328 3007 1395 dicuntur,
3042 1340 3093 1384 et
3123 1344 3233 1384 non
3273 1330 3435 1384 sunt?
3474 1329 3613 1386 Cum

2010 1422 2247 1492 speciale
2268 1421 2337 1475 sit
2366 1421 2503 1491 ejus,
2533 1431 2590 1475 ut
2617 1437 2832 1492 semper
2862 1422 2927 1476 sit
2957 1440 2969 1474 :
2997 1431 3053 1477 et
3089 1433 3284 1490 praeter
3316 1423 3488 1493 ipsum
3517 1424 3613 1479 ho-

2011 1529 2114 1568 nus
2141 1522 2193 1568 et
2216 1529 2375 1568 verus
2404 1515 2539 1569 alius
2568 1513 2709 1568 Deus
2736 1530 2840 1568 non
2873 1510 2939 1568 sit
2964 1531 2977 1579 ;
3008 1516 3265 1585 quoniam
3293 1513 3345 1570 in
3382 1515 3499 1587 ipso
3530 1530 3615 1573 est

2014 1606 2154 1661 Deus
2182 1626 2194 1661 :
2223 1606 2458 1677 speciale
2489 1618 2668 1663 autem
2697 1606 2859 1661 etiam
2886 1605 3060 1685 Patris
3088 1606 3179 1672 sit,
3207 1614 3261 1661 ιιι
3292 1614 3413 1677 post
3437 1608 3613 1679 ipsum

2012 1716 2171 1756 verus
2195 1701 2329 1755 alius
2363 1702 2501 1756 Deus
2534 1716 2640 1756 non
2674 1700 2772 1766 sit;
2806 1702 2926 1771 quia
2971 1715 3109 1755 unus
3146 1698 3306 1766 Deus,
3345 1712 3444 1757 nec
3461 1701 3615 1773 juxta

287 1804 411 1876 ipse
440 1805 506 1859 dc
536 1818 595 1861 se
625 1804 678 1859 in
709 1804 1000 1873 Evangelio
1040 1804 1274 1859 dixerit:
1304 1804 1363 1859 Si
1393 1820 1485 1876 ego
1526 1804 1709 1867 bonus,
1742 1819 1903 1872 quare
1933 1798 1981 1858 B
2009 1792 2349 1849 Sabelliauos
2377 1793 2589 1848 Patrem
2617 1793 2922 1864 Filiumque
2952 1791 3312 1853 confundens.
3340 1806 3438 1849 nec
3457 1793 3612 1866 juua

286 1899 475 1953 oculus
500 1908 616 1952 tuus
653 1914 869 1968 nequam
896 1896 1108 1969 (Matth.
1139 1913 1231 1961 xx,
1265 1898 1397 1967 13))?
1450 1899 1681 1967 lngrate,
1709 1906 1733 1933 τι
1766 1896 1893 1968 quid

283 1992 438 2064 agis?
470 1990 679 2045 Bonum
711 2005 896 2061 negas,
934 2006 1030 2061 per
1071 2006 1231 2062 quem
1281 1990 1418 2045 bona
1465 2005 1673 2059 speras,
1724 1990 1771 2045 si
1820 1998 1898 2044 ta-

284 2101 413 2141 men
446 2084 893 2139 credaslBonum
925 2100 1112 2155 negas,
1142 2086 1231 2154 qui
1263 2083 1412 2139 dedit
1440 2084 1596 2138 nobis
1623 2099 1742 2154 quae
1766 2098 1897 2139 ocu-

282 2174 372 2231 lus
401 2192 506 2231 non
536 2175 687 2244 vidit,
720 2191 819 2232 nec
843 2178 991 2231 auris
1019 2176 1223 2231 audivit
1254 2175 1297 2245 (Ι
1323 2172 1445 2231 Cor.
1470 2191 1531 2241 tt,
1558 2176 1657 2243 9)?

357 2271 449 2327 27.
486 2270 616 2327 Mihi
661 2272 882 2341 expedit
918 2281 977 2326 ut
1020 2272 1221 2327 bonum
1266 2271 1528 2326 credam:
1568 2266 1773 2324 Bonum
1819 2279 1896 2325 est

279 2367 429 2420 enim
464 2365 721 2434 conlidere
752 2364 974 2419 Domino
1006 2363 1179 2436 (Psal.
1213 2380 1374 2429 cxvn,
1403 2366 1479 2435 8).
1516 2362 1644 2418 Mihi
1675 2363 1891 2432 expedit

281 2469 342 2514 ut
372 2458 657 2514 Dominum
700 2457 988 2525 conﬁtear;
1026 2461 1288 2525 scriptum
1326 2468 1407 2514 est
1443 2460 1587 2514 enim
1621 2475 1634 2511 :
1667 2457 1894 2527 Con/tte—

280 2553 413 2606 mini
440 2550 681 2614 Domino,
712 2553 953 2621 quoniam
982 2553 1142 2605 bonus
1173 2550 1359 2623 (Ibid.,
1396 2552 1458 2619 t).

352 2646 446 2701 28.
472 2640 503 2681 δ
533 2644 659 2701 Mihi
689 2645 930 2716 expedit,
963 2644 1279 2715 utjudicem
1328 2658 1507 2700 meum
1559 2646 1757 2700 bonum
1800 2660 1890 2700 ar-

278 2740 496 2806 bitrer;
558 2740 815 2794 Dominus
860 2738 1005 2793 enim
1046 2739 1209 2808 judex
1250 2739 1424 2793 bonus
1468 2738 1653 2802 domui
1699 2738 1882 2793 l~rael.

278 2836 423 2905 Ergo
462 2835 487 2865 ⁸
517 2837 562 2890 si
601 2830 767 2903 iudex
798 2831 893 2887 Dei
946 2831 1135 2895 Filius,
1187 2834 1371 2901 utique
1423 2831 1678 2901 quoniam
1719 2830 1887 2900 iudex

276 2929 427 2984 Deus
458 2926 652 2995 bonus,
678 2926 846 2997 iudex
870 2934 1051 2981 autem
1085 2925 1181 2981 Dei
1207 2924 1376 2979 Filius
1402 2932 1513 2989 est;
1547 2925 1685 2980 Deus
1714 2926 1887 2979 bonos

268 3022 440 3092 judcx
469 3030 525 3076 et
554 3020 649 3077 Dei
683 3020 852 3077 Filius
883 3029 988 3075 est.

348 3116 442 3172 29.
472 3112 580 3172 Sed
614 3116 842 3171 fortasse
881 3126 1002 3170 non'
1030 3114 1221 3171 credas
1252 3114 1395 3181 aliis,
1432 3130 1539 3169 non
1571 3115 1762 3169 credas
1797 3113 1887 3169 Fi-

280 3213 390 3277 lio;
438 3213 560 3267 audi
608 3212 822 3268 Patrem
873 3211 1145 3266 dicentem
1191 3230 1202 3263 :

290 3301 515 3359 Verbum
540 3304 722 3359 bonum
753 3303 929 3375 (Psal.
960 3319 1103 3366 thv,
1138 3303 1212 3373 1).
1238 3302 1443 3357 Bonum
1476 3317 1605 3371 ergo
1641 3303 1877 3358 Verbum

279 3408 392 3468 est,
444 3400 672 3457 Verbum
704 3401 805 3455 hoc
844 3400 912 3456 de
959 3415 1066 3467 quo
1105 3400 1363 3468 scriptum
1398 3409 1520 3452 est:
1556 3398 1623 3452 Et
1662 3397 1878 3452 Verbum

275 3504 394 3549 erat
422 3494 562 3564 apud
592 3492 781 3561 Deum,
825 3503 871 3547 et
902 3492 1043 3547 Deus
1076 3502 1187 3547 erat
1228 3491 1453 3546 Verbum
1488 3490 1666 3560 (Joan.
1706 3504 1745 3557 ι,
1796 3491 1875 3562 l).

273 3586 422 3655 Ergo
450 3585 495 3640 si
524 3584 758 3641 Verbum
801 3584 1023 3651 bonum,
1072 3580 1243 3639 Filius
1279 3593 1458 3639 autem
1503 3582 1597 3639 Dei
1645 3582 1875 3639 Verbum

270 3688 359 3735 est
388 3685 410 3733 :‘
431 3678 604 3734 bonus
640 3679 821 3749 utique
852 3679 994 3734 Deus
1018 3689 1103 3733 est
1135 3677 1229 3733 Dei
1261 3678 1461 3744 Filius;
1504 3678 1720 3733 etiamsi
1769 3695 1874 3734 non

271 3767 442 3844 476
470 3769 679 3840 placeat
700 3770 939 3825 Arianis.
977 3770 1309 3827 Erubescant
1336 3770 1647 3841 aliquando.

345 3864 436 3920 50.
465 3863 634 3920 Ιιιιιωί
664 3864 950 3921 dicebant:
975 3863 1152 3919 Bonus
1176 3875 1246 3919 est
1279 3863 1457 3932 (Joan.
1486 3880 1578 3931 vn,
1615 3864 1725 3937 lit).
1766 3864 1876 3921 Etsi

270 3958 364 4012 alii
391 3957 648 4015 dicebant
682 3976 695 4014 :
739 3957 862 4011 Non
901 3968 996 4025 est,
1039 3956 1129 4012 alii
1156 3957 1410 4013 dicebant
1438 3968 1616 4015 tamen
1655 3975 1666 4012 :
1698 3956 1877 4014 Bonus

273 4063 381 4118 est;
413 4062 469 4108 et
495 4067 592 4109 vos
618 4066 810 4108 omnes
837 4053 1033 4108 bonum
1063 4053 1291 4122 negatis.

344 4145 435 4201 51.
466 4145 649 4201 Bonus
678 4154 780 4211 est,
815 4145 903 4216 qui
942 4155 1219 4216 peccatum
1249 4145 1406 4201 unius
1442 4144 1647 4213 donat;
1688 4153 1742 4201 et
1784 4146 1877 4201 bo-

273 4252 375 4294 nus
407 4253 515 4293 non
542 4247 647 4304 est,
691 4238 780 4309 qui
826 4249 1105 4308 peccatum
1137 4239 1321 4295 mundi
1351 4239 1614 4294 abstulit?
1650 4239 1726 4295 De
1760 4238 1877 4311 ipso

269 4334 416 4387 enim
444 4331 647 4387 dictum
676 4341 792 4387 est:
821 4330 955 4387 Ecce
980 4332 1158 4403 Agnus
1189 4330 1310 4399 Dei,
1335 4349 1449 4387 ecce
1472 4332 1558 4403 qui
1592 4334 1727 4388 tollit
1754 4349 1873 4404 pec-

269 4436 445 4481 catum
474 4426 656 4481 mundi
688 4424 867 4497 (Joan.
900 4443 939 4489 ι,
966 4426 1083 4497 ‘29).

339 4520 430 4574 52.
466 4516 574 4574 Sed
621 4516 748 4590 quid
795 4517 1140 4573 dubitamus?
1182 4510 1422 4572 Credidit
1462 4517 1574 4588 jam
1630 4517 1870 4572 Ecclesia

2002 1888 2234 1942 Ariauos
2291 1887 2505 1943 Patrem
2546 1887 2855 1957 Filiumque
2900 1902 3211 1943 secernens.
3270 1887 3429 1944 Pater
3462 1890 3607 1945 enim

2001 1992 2055 2038 et
2084 1980 2250 2036 Filius
2292 1981 2703 2036 distinctionem
2751 1964 2974 2048 habent,
3004 1993 3062 2036 ut
3102 1981 3263 2037 Pater
3303 1992 3356 2036 et
3405 1982 3606 2049 Filius;

2000 2078 2399 2148 separationem
2431 2077 2737 2132 divinitatis
2766 2092 2875 2131 non
2898 2076 3119 2131 habent.

2631 2204 2858 2269 CAPUT
2896 2202 2988 2269 ιν.

2001 2330 2408 2403 Omnipotentem
2440 2348 2551 2385 esse
2591 2331 2683 2384 Dei
2714 2328 2762 2383 F
2767 2332 2911 2385 ilium
2952 2331 3110 2400 prisci
3145 2333 3361 2403 novique
3388 2333 3595 2404 [aderis

2424 2424 2734 2477 auctoritate
2767 2422 3169 2479 demonstratur.

2066 2516 2154 2569 Si.
2188 2514 2355 2587 [Alias
2382 2533 2499 2587 cap.
2521 2513 2603 2569 Ill.
2631 2514 2651 2587 ]
2689 2515 2874 2584 Itaque
2904 2531 3027 2571 cum
3046 2532 3210 2572 verus
3231 2529 3287 2572 et
3311 2518 3480 2574 bonus
3508 2519 3606 2574 Dei

1996 2607 2184 2670 Filius,
2214 2609 2399 2678 utique
2432 2609 2776 2676 omnipotens
2798 2609 2939 2663 Deus
2970 2610 3062 2664 Ι)ρὶ
3093 2610 3259 2665 Filius
3285 2628 3297 2664 :
3324 2628 3449 2666 num
3480 2612 3607 2668 hinc

1992 2718 2209 2773 quoque
2243 2702 2477 2757 dubitari
2509 2704 2732 2772 potest?
2778 2702 2949 2773 Supra
2997 2706 3111 2768 (lib.
3136 2721 3174 2770 ι,
3224 2723 3344 2776 cap.
3382 2704 3433 2777 l)
3463 2707 3604 2763 dixi-

1993 2812 2112 2851 mus
2141 2796 2340 2852 lectum
2367 2798 2493 2868 quia
2522 2798 2787 2853 Dominus
2806 2800 3153 2868 omnipotens
3185 2816 3382 2855 nomen
3407 2811 3491 2857 est
3519 2802 3592 2857 ei.

1994 2888 2135 2960 Ergo
2167 2891 2287 2960 quia
2315 2889 2482 2944 Filius
2524 2889 2802 2949 Dominus.
2838 2890 3099 2945 Dominus
3136 2901 3317 2948 autem
3345 2893 3595 2963 omnipo-

1990 2989 2142 3045 tens;
2176 2980 2520 3051 omnipotens
2548 2993 2631 3038 est
2668 2983 2760 3038 Dei
2803 2983 2995 3038 Filius.

2062 3118 2151 3172 55.
2178 3117 2285 3173 Sed
2316 3119 2503 3187 accipe
2519 3116 2678 3173 etiam
2697 3134 2817 3173 eam
2845 3118 2913 3173 de
2938 3134 3041 3188 qua
3064 3120 3314 3175 dubitare
3335 3132 3596 3190 nequeas,

1260 3208 1532 3264 Eructavit
1575 3226 1661 3264 cor
1710 3226 1879 3264 meum
1908 3195 1953 3256 (ἶ
1987 3210 2307 3265 lectionem:
2345 3210 2477 3263 Ecce
2506 3213 2657 3278 venit,
2683 3212 2874 3280 inquit,
2902 3228 3019 3265 cum
3050 3212 3287 3278 nubibus,
3325 3224 3371 3267 et
3406 3215 3593 3269 videbit

1985 3320 2097 3357 eum
2121 3305 2287 3357 omnis
2314 3306 2515 3371 oculus,
2545 3314 2590 3358 et
2612 3306 2701 3374 qui
2728 3322 2842 3358 eum
2876 3318 3289 3378 compuuxerunt
3320 3323 3337 3361 .'
3363 3318 3410 3362 et
3441 3309 3597 3380 plalt-

1983 3406 2102 3467 gent
2124 3412 2177 3450 se
2206 3411 2363 3463 super
2393 3412 2507 3449 eunt
2551 3413 2727 3450 omnes
2758 3395 2918 3450 tribus
2955 3407 3126 3453 terrm.
3176 3396 3377 3465 Etiam,
3418 3416 3590 3455 amen.

1984 3486 2098 3558 Ego
2137 3503 2251 3541 sum
2289 3497 2327 3543 Δ
2357 3496 2404 3541 et
2433 3499 2503 3549 Ω,
2536 3488 2661 3540 dicit
2695 3486 2948 3543 Dominus
2974 3484 3139 3551 Deus,
3181 3492 3389 3559 quiest,
3417 3501 3464 3545 et
3506 3494 3598 3563 qui

1983 3594 2109 3649 erat,
2146 3593 2191 3636 et
2218 3583 2303 3652 qui
2343 3592 2583 3638 venturus
2627 3592 2701 3637 est
2743 3586 3065 3656 omnipotens
3105 3583 3292 3659 (Apoc.
3335 3602 3374 3652 l,
3423 3586 3474 3654 7,
3509 3584 3590 3660 8).

1984 3680 2155 3745 Quem
2194 3677 2357 3748 igitur
2384 3674 2851 3746 compunxerunt,
2877 3689 2933 3735 et
2966 3696 3125 3749 quem
3154 3695 3439 3749 speramus
3468 3696 3592 3757 esse

1984 3784 2298 3838 venturum,
2344 3770 2445 3825 nisi
2489 3769 2727 3824 Filium?
2757 3771 2904 3841 Ergo
2945 3770 3297 3841 omnipotens
3331 3772 3592 3828 Dominus

1983 3871 2038 3917 et
2066 3863 2209 3917 Deus
2236 3861 2483 3916 Christus
2514 3870 2616 3915 est.

2052 3956 2140 4012 56.
2176 3956 2377 4024 Accipe
2435 3953 2603 4021 aliud,
2660 3963 2845 4009 sancte
2892 3952 3214 4025 imperator,
3288 3963 3343 4010 et
3400 3955 3591 4027 accipe

1981 4048 2257 4103 Christum
2298 4048 2609 4117 loquentem
2654 4064 2666 4101 :
2718 4045 2842 4100 llwc
2889 4047 3011 4099 dicit
3060 4045 3312 4101 Dominus
3353 4049 3591 4116 omnipo-

1985 4152 2092 4193 tens
2127 4155 2144 4194 :
2182 4139 2309 4194 Post
2338 4139 2586 4194 honorent
2619 4139 2756 4192 misit
2778 4155 2857 4192 me
2886 4155 3040 4207 super
3064 4148 3256 4210 gentes,
3290 4156 3403 4210 qua!
3422 4140 3586 4214 ‘77

1982 4232 2405 4304 depra’daverunl
2431 4250 2555 4299 vos;
2595 4232 2833 4303 quoniam
2866 4233 2955 4304 qui
2989 4234 3153 4306 tangit
3184 4248 3293 4299 vos,
3325 4235 3473 4303 quasi
3501 4237 3590 4306 qui

1981 4328 2141 4399 tangit
2163 4328 2419 4398 pupillum
2442 4325 2578 4379 oculi
2610 4326 2741 4396 ejus.
2763 4324 2896 4392 Quia
2920 4341 3032 4378 ecce
3061 4342 3154 4395 ego
3172 4325 3350 4395 iniicio
3375 4342 3587 4380 manum

1980 4438 2146 4477 meum
2177 4438 2327 4493 super
2350 4438 2452 4490 eos,
2468 4425 2553 4493 qui
2577 4422 3003 4493 deprtedaverunt
3018 4437 3124 4485 vos,
3144 4431 3378 4476 eternant
3398 4437 3485 4477 vos
3502 4439 3518 4487 ,'
3536 4432 3589 4477 et

1980 4519 2194 4572 eruntin
2224 4515 2475 4589 prwdant,
2506 4518 2596 4589 qui
2623 4517 3043 4588 drprtcdatterunt
3074 4531 3180 4576 vos,
3202 4525 3249 4569 et
3269 4519 3423 4570 scient
3454 4516 3580 4588 quia

265 4612 492 4677 bonum,
525 4623 574 4667 et
605 4610 849 4667 confessa
873 4622 956 4666 est
980 4609 1211 4665 dicendo
1238 4626 1251 4663 :
1285 4612 1561 4665 Usculctur
1596 4628 1674 4665 me
1696 4610 1759 4663 ab
1783 4628 1867 4666 os-
1900 4597 1952 4657 Ι)
1983 4611 2235 4665 Dominus
2256 4610 2727 4680 omnipoteusmisit
2753 4628 2827 4662 me
2846 4607 3121 4677 (Zaccltar.
3140 4610 3266 4673 11,8,
3286 4606 3585 4680 9).Utique

265 4706 403 4760 culis
432 4706 536 4758 oris
574 4706 692 4768 sui;
722 4704 967 4774 quoniam
999 4705 1129 4757 bona
1168 4704 1327 4757 ubera
1368 4715 1456 4756 tua
1499 4720 1652 4775 super
1698 4705 1870 4758 vinum

265 4795 496 4868 (Cautio.
534 4814 571 4863 t,
621 4797 698 4868 l);
729 4806 783 4852 et
815 4796 939 4851 alibi
971 4815 982 4849 :
1023 4795 1084 4850 lit
1118 4798 1241 4866 {nux
1276 4806 1364 4849 tua
1395 4804 1651 4867 tamquam
1697 4801 1869 4851 vinum

266 4902 345 4947 est
387 4895 644 4962 optimum
675 4892 900 4961 (Cautio.
938 4908 1035 4957 vn,
1064 4890 1140 4962 9).
1160 4891 1339 4946 Bonus
1358 4905 1488 4960 ergo
1514 4891 1601 4945 ille
1629 4908 1727 4947 nos
1758 4892 1861 4949 Le-

264 4987 348 5058 gis
378 4994 434 5041 et
461 4987 651 5056 gratiae
679 4986 843 5039 nutrit
867 4984 1140 5050 uberibus,
1169 4985 1372 5040 cmlesti
1401 4999 1560 5038 curas
1590 4984 1866 5040 hominum

270 5079 651 5151 praedicatione
699 5076 1047 5143 demulcens;
1093 5084 1144 5133 et
1193 5084 1291 5132 nos
1338 5076 1534 5132 bonum
1587 5091 1865 5146 negamus,

266 5187 387 5229 cum
426 5174 499 5228 sit
549 5173 726 5242 imago
772 5171 1051 5235 bonitatis,
1104 5172 1413 5242 exprimens
1456 5179 1671 5225 acterna:
1726 5171 1775 5225 iu
1808 5186 1870 5229 se

269 5263 524 5320 bonitatis
545 5262 803 5334 el'ligiem,
820 5263 958 5318 sicut
977 5276 1027 5319 et
1055 5279 1214 5334 supra
1236 5264 1569 5318 ostendimus
1581 5264 1865 5335 scriptum,

340 5408 365 5434 ⁸
400 5398 559 5453 Rom.
601 5396 735 5451 edit.
768 5400 905 5460 sola,
938 5398 1061 5462 quid
1086 5398 1201 5454 ais?

340 5468 366 5506 δ
399 5469 518 5524 Vel.
546 5468 706 5531 edit.,
735 5468 843 5522 Nec
868 5471 920 5521 in
943 5470 1131 5523 bonum
1150 5472 1392 5524 credam?
1423 5468 1621 5525 Bonum
1644 5482 1715 5525 est
1731 5473 1866 5527 enim

268 5541 500 5609 conﬁteri
533 5539 774 5593 Domino.
814 5539 944 5594 .lliltt'
985 5543 1189 5605 expedit
1211 5552 1265 5596 ut
1287 5542 1566 5596 Dominum
1589 5546 1861 5603 conﬁtear.

266 5609 400 5665 Cum
436 5615 519 5667 liis
544 5611 706 5666 etiam
732 5613 931 5666 iaciunt
960 5630 1091 5667 mss.
1126 5615 1386 5673 nonnulli,
1420 5614 1521 5667 nisi
1542 5615 1681 5681 quod
1706 5615 1865 5671 omit-

270 5691 409 5737 tunt.
444 5699 535 5736 nec
557 5685 611 5736 in
644 5684 833 5736 bonum
859 5684 1086 5736 credunt.
1118 5684 1272 5738 llum.
1302 5685 1587 5747 edit.sol;t,
1611 5682 1741 5738 Mihi
1773 5704 1862 5741 ex-

278 5756 414 5819 pedit
437 5767 491 5809 ut
517 5753 789 5809 Dominum
822 5756 1165 5823 con,‘itear....
1197 5755 1327 5810 Milli
1350 5755 1551 5824 expedit
1580 5765 1631 5808 ut
1655 5760 1858 5812 bonum.

278 5825 489 5903 Optime
524 5842 649 5884 vero
687 5827 873 5883 caeteri
913 5840 1041 5882 mss.
1074 5836 1130 5882 ut
1161 5842 1259 5883 nos
1288 5830 1339 5884 in
1372 5837 1543 5894 textu,
1586 5828 1687 5882 nisi
1719 5829 1863 5898 quod

1980 4705 2069 4774 qtti
2102 4704 2234 4757 dicit
2277 4719 2289 4756 :
2338 4702 2599 4757 Dominus
2630 4712 2714 4757 est
2756 4703 3102 4771 omnipotens
3145 4719 3157 4754 :
3200 4713 3250 4756 et
3293 4705 3382 4773 qui
3416 4703 3584 4771 misit,

1983 4796 2240 4851 Dominus
2287 4807 2368 4851 est
2416 4800 2782 4866 omnipotens.
2843 4795 2989 4869 Ergo
3038 4806 3093 4853 et
3141 4797 3314 4852 l‘atris
3356 4807 3406 4854 et
3464 4796 3591 4855 Filii

1980 4893 2374 4962 nnmipotentia
2408 4909 2420 4944 :
2477 4890 2570 4947 sed
2606 4901 2782 4947 tamen
2829 4892 2969 4949 Deus
3010 4909 3152 4949 unus
3197 4893 3585 4964 omnipatcns;

1979 4987 2103 5057 quia
2139 4987 2317 5038 unitas
2344 4987 2626 5054 putt-statis
2659 4994 2765 5040 est.

2050 5078 2140 5133 ⁸57.
2171 5078 2346 5149 Atque
2377 5086 2433 5133 ut
2464 5080 2629 5145 scius,
2668 5079 2965 5146 Imperator
3011 5089 3255 5151 auguste,
3298 5077 3580 5133 Christum

1977 5188 2118 5242 esse,
2151 5175 2240 5244 qui
2271 5173 2485 5229 locutus
2516 5185 2594 5229 est
2626 5184 2679 5230 et
2712 5174 2762 5228 in
2795 5175 3060 5245 propheta
3092 5183 3144 5229 et
3176 5174 3227 5227 itt
3257 5171 3581 5241 Evangt-lio,

1979 5278 2251 5339 tamquam
2290 5269 2343 5323 in
2385 5269 2868 5340 prmdestinutione
2909 5265 3180 5337 Evangelii
3229 5280 3324 5334 per
3364 5264 3580 5320 Esaiam

1978 5418 2077 5473 pro
2102 5404 2378 5467 conﬁdere.
2415 5406 2468 5459 iu
2500 5404 2824 5474 quibusdam
2854 5403 3047 5471 legitur
3076 5399 3331 5474 conﬁteri.

2048 5487 2068 5515 ο
2104 5474 2308 5529 Omnes
2334 5477 2464 5530 edit.
2497 5467 2560 5529 ac
2583 5492 2713 5530 mss.
2748 5467 3014 5533 nonnulli,
3049 5472 3093 5524 si
3116 5471 3306 5540 judeai.
3343 5468 3437 5523 Dei
3478 5467 3578 5525 Fi-

1975 5548 2074 5601 lius
2117 5548 2314 5614 utique;
2349 5547 2592 5616 quoniam
2632 5545 2797 5616 inde;
2836 5539 3124 5616 Dominus,
3150 5551 3195 5593 et
3242 5539 3383 5595 Deus
3412 5540 3579 5616 bonus

1972 5628 2069 5671 est.
2122 5611 2295 5671 1.ιᾶιέ
2334 5611 2504 5670 αἰιιινιιι
2549 5611 2640 5668 Dei
2672 5614 2840 5668 Filius
2875 5624 2968 5673 est,
3000 5622 3045 5664 ιιι
3072 5611 3231 5671 Deus,
3265 5623 3369 5666 rte.
3413 5613 3578 5671 Rom.

1974 5690 2229 5753 edit.,....
2270 5698 2315 5740 et
2364 5687 2499 5739 Deus
2529 5687 2711 5749 bonus,
2750 5683 2919 5755 judea:
2945 5693 3115 5755 autem
3147 5681 3243 5737 Dei
3275 5680 3449 5739 Filius
3500 5695 3577 5742 est

1976 5759 2139 5827 Deus,
2175 5772 2283 5815 etc.
2324 5759 2535 5826 lleliqui
2561 5770 2690 5809 mss.
2723 5754 2938 5821 melius,
2969 5764 3027 5810 ut
3058 5754 3112 5811 in
3139 5766 3417 5813 contextu.
