  <div class='ocr_page' id='page_1' title='image "/cluster/home/n/w/nwhite01/storage/ocr_20150623/16/hvd.32044015471998/290.png"; bbox 0 0 4042 6294; ppageno 0'>
   <div class='ocr_carea' id='block_1_1' title="bbox 218 281 324 340">
    <p class='ocr_par' dir='ltr' id='par_1_1' title="bbox 218 281 324 340">
     <span class='ocr_line' id='line_1_1' title="bbox 218 281 324 340; baseline 0.019 -2"><span class='ocrx_word' id='word_1_1' title='bbox 218 281 324 340; x_wconf 77' lang='grc'><strong>569</strong></span> 
     </span>
    </p>
   </div>
   <div class='ocr_carea' id='block_1_2' title="bbox 1575 278 2142 338">
    <p class='ocr_par' dir='ltr' id='par_1_2' title="bbox 1575 278 2142 338">
     <span class='ocr_line' id='line_1_2' title="bbox 1575 278 2142 338; baseline -0.004 -3"><span class='ocrx_word' id='word_1_2' title='bbox 1575 278 1664 336; x_wconf 83' lang='lat' dir='ltr'><strong>DE</strong></span> <span class='ocrx_word' id='word_1_3' title='bbox 1704 279 1865 338; x_wconf 83' lang='lat' dir='ltr'><strong>FIDE</strong></span> <span class='ocrx_word' id='word_1_4' title='bbox 1902 279 2032 337; x_wconf 87' lang='lat' dir='ltr'><strong>LIB.</strong></span> <span class='ocrx_word' id='word_1_5' title='bbox 2079 280 2142 334; x_wconf 90' lang='lat' dir='ltr'><strong>ll.</strong></span> 
     </span>
    </p>
   </div>
   <div class='ocr_carea' id='block_1_3' title="bbox 3411 279 3520 359">
    <p class='ocr_par' dir='ltr' id='par_1_3' title="bbox 3411 279 3520 359">
     <span class='ocr_line' id='line_1_3' title="bbox 3411 279 3520 359; baseline -0.009 -22"><span class='ocrx_word' id='word_1_6' title='bbox 3411 279 3520 359; x_wconf 76' lang='lat'><strong>570</strong></span> 
     </span>
    </p>
   </div>
   <div class='ocr_carea' id='block_1_4' title="bbox 216 391 3518 474">
    <p class='ocr_par' dir='ltr' id='par_1_4' title="bbox 216 391 3518 474">
     <span class='ocr_line' id='line_1_4' title="bbox 216 391 3518 474; baseline 0.001 -24"><span class='ocrx_word' id='word_1_7' title='bbox 216 393 467 464; x_wconf 86' lang='lat' dir='ltr'><strong>corporis</strong></span> <span class='ocrx_word' id='word_1_8' title='bbox 494 391 929 458; x_wconf 69' lang='lat' dir='ltr'><strong>demonstrabat,</strong></span> <span class='ocrx_word' id='word_1_9' title='bbox 957 391 1208 463; x_wconf 80' lang='lat' dir='ltr'><strong>aequabat</strong></span> <span class='ocrx_word' id='word_1_10' title='bbox 1232 392 1449 460; x_wconf 82' lang='lat' dir='ltr'><strong>affectu,</strong></span> <span class='ocrx_word' id='word_1_11' title='bbox 1474 400 1534 447; x_wconf 91' lang='lat' dir='ltr'><strong>ut</strong></span> <span class='ocrx_word' id='word_1_12' title='bbox 1562 391 1806 448; x_wconf 89' lang='lat' dir='ltr'><strong>diceret:</strong></span> <span class='ocrx_word' id='word_1_13' title='bbox 1839 396 1893 457; x_wconf 79' lang='grc' dir='ltr'><strong>Α</strong></span> <span class='ocrx_word' id='word_1_14' title='bbox 1916 398 2069 467; x_wconf 75' lang='lat' dir='ltr'><strong>ﬁcat;</strong></span> <span class='ocrx_word' id='word_1_15' title='bbox 2098 406 2146 452; x_wconf 86' lang='lat' dir='ltr'><strong>et</strong></span> <span class='ocrx_word' id='word_1_16' title='bbox 2168 396 2342 453; x_wconf 81' lang='lat' dir='ltr'><strong>Filius</strong></span> <span class='ocrx_word' id='word_1_17' title='bbox 2364 412 2493 474; x_wconf 84' lang='lat' dir='ltr'><strong>quos</strong></span> <span class='ocrx_word' id='word_1_18' title='bbox 2518 397 2628 452; x_wconf 78' lang='lat' dir='ltr'><strong>uult</strong></span> <span class='ocrx_word' id='word_1_19' title='bbox 2652 437 2667 465; x_wconf 92' lang='lat'><strong>,</strong></span> <span class='ocrx_word' id='word_1_20' title='bbox 2697 397 2944 468; x_wconf 78' lang='lat' dir='ltr'><strong>uiuiﬁcat,</strong></span> <span class='ocrx_word' id='word_1_21' title='bbox 2972 398 3115 454; x_wconf 91' lang='lat' dir='ltr'><strong>sicut</strong></span> <span class='ocrx_word' id='word_1_22' title='bbox 3142 398 3405 468; x_wconf 84' lang='lat' dir='ltr'><strong>scriptum</strong></span> <span class='ocrx_word' id='word_1_23' title='bbox 3432 406 3518 456; x_wconf 86' lang='lat' dir='ltr'><strong>est</strong></span> 
     </span>
    </p>
   </div>
   <div class='ocr_carea' id='block_1_5' title="bbox 218 484 1811 556">
    <p class='ocr_par' dir='ltr' id='par_1_5' title="bbox 218 484 1811 556">
     <span class='ocr_line' id='line_1_5' title="bbox 218 484 1811 556; baseline -0.001 -14"><span class='ocrx_word' id='word_1_24' title='bbox 218 484 327 542; x_wconf 87' lang='lat' dir='ltr'><strong>Sed</strong></span> <span class='ocrx_word' id='word_1_25' title='bbox 352 494 524 544; x_wconf 81' lang='lat' dir='ltr'><strong>tamen</strong></span> <span class='ocrx_word' id='word_1_26' title='bbox 549 502 655 540; x_wconf 85' lang='lat' dir='ltr'><strong>non</strong></span> <span class='ocrx_word' id='word_1_27' title='bbox 681 487 811 542; x_wconf 82' lang='lat' dir='ltr'><strong>sicut</strong></span> <span class='ocrx_word' id='word_1_28' title='bbox 837 501 930 556; x_wconf 89' lang='lat' dir='ltr'><strong>ego</strong></span> <span class='ocrx_word' id='word_1_29' title='bbox 954 486 1090 551; x_wconf 80' lang='lat' dir='ltr'><strong>uolo,</strong></span> <span class='ocrx_word' id='word_1_30' title='bbox 1118 484 1209 539; x_wconf 86' lang='lat' dir='ltr'><strong>sed</strong></span> <span class='ocrx_word' id='word_1_31' title='bbox 1240 485 1369 539; x_wconf 87' lang='lat' dir='ltr'><strong>sicut</strong></span> <span class='ocrx_word' id='word_1_32' title='bbox 1403 494 1458 538; x_wconf 91' lang='lat' dir='ltr'><strong>tu</strong></span> <span class='ocrx_word' id='word_1_33' title='bbox 1491 486 1567 539; x_wconf 79' lang='lat' dir='ltr'><strong>uis</strong></span> <span class='ocrx_word' id='word_1_34' title='bbox 1597 485 1811 556; x_wconf 79' lang='lat' dir='ltr'><strong>(Matth.</strong></span> 
     </span>
    </p>
   </div>
   <div class='ocr_carea' id='block_1_6' title="bbox 217 572 1812 649">
    <p class='ocr_par' dir='ltr' id='par_1_6' title="bbox 217 572 1812 649">
     <span class='ocr_line' id='line_1_6' title="bbox 217 572 1812 649; baseline 0.003 -17"><span class='ocrx_word' id='word_1_35' title='bbox 217 592 364 643; x_wconf 79' lang='lat' dir='ltr'><strong>xxvi,</strong></span> <span class='ocrx_word' id='word_1_36' title='bbox 416 574 542 649; x_wconf 79' lang='lat'><strong>59);</strong></span> <span class='ocrx_word' id='word_1_37' title='bbox 589 592 714 633; x_wconf 90' lang='lat' dir='ltr'><strong>cum</strong></span> <span class='ocrx_word' id='word_1_38' title='bbox 754 578 940 647; x_wconf 90' lang='lat' dir='ltr'><strong>utique</strong></span> <span class='ocrx_word' id='word_1_39' title='bbox 991 575 1243 632; x_wconf 73' lang='lat' dir='ltr'><strong>similiter</strong></span> <span class='ocrx_word' id='word_1_40' title='bbox 1287 572 1364 633; x_wconf 93' lang='lat' dir='ltr'><strong>sit</strong></span> <span class='ocrx_word' id='word_1_41' title='bbox 1402 576 1605 634; x_wconf 85' lang='lat' dir='ltr'><strong>Christi</strong></span> <span class='ocrx_word' id='word_1_42' title='bbox 1655 579 1812 646; x_wconf 88' lang='lat' dir='ltr'><strong>velle,</strong></span> 
     </span>
    </p>
   </div>
   <div class='ocr_carea' id='block_1_7' title="bbox 216 669 1816 744">
    <p class='ocr_par' dir='ltr' id='par_1_7' title="bbox 216 669 1816 744">
     <span class='ocr_line' id='line_1_7' title="bbox 216 669 1816 744; baseline 0.003 -19"><span class='ocrx_word' id='word_1_43' title='bbox 216 669 360 742; x_wconf 89' lang='lat' dir='ltr'><strong>quod</strong></span> <span class='ocrx_word' id='word_1_44' title='bbox 409 670 573 725; x_wconf 86' lang='lat' dir='ltr'><strong>Pater</strong></span> <span class='ocrx_word' id='word_1_45' title='bbox 606 670 721 725; x_wconf 94' lang='lat' dir='ltr'><strong>vult</strong></span> <span class='ocrx_word' id='word_1_46' title='bbox 761 689 773 723; x_wconf 93' lang='lat'><strong>:</strong></span> <span class='ocrx_word' id='word_1_47' title='bbox 819 672 974 741; x_wconf 83' lang='lat' dir='ltr'><strong>cujus</strong></span> <span class='ocrx_word' id='word_1_48' title='bbox 1004 669 1258 727; x_wconf 74' lang='lat' dir='ltr'><strong>similiter</strong></span> <span class='ocrx_word' id='word_1_49' title='bbox 1306 681 1393 727; x_wconf 87' lang='lat' dir='ltr'><strong>est</strong></span> <span class='ocrx_word' id='word_1_50' title='bbox 1440 671 1642 739; x_wconf 83' lang='lat' dir='ltr'><strong>facere,</strong></span> <span class='ocrx_word' id='word_1_51' title='bbox 1673 673 1816 744; x_wconf 89' lang='lat' dir='ltr'><strong>quod</strong></span> 
     </span>
    </p>
   </div>
   <div class='ocr_carea' id='block_1_8' title="bbox 216 761 549 817">
    <p class='ocr_par' dir='ltr' id='par_1_8' title="bbox 216 761 549 817">
     <span class='ocr_line' id='line_1_8' title="bbox 216 761 549 817; baseline -0.006 0"><span class='ocrx_word' id='word_1_52' title='bbox 216 762 379 817; x_wconf 87' lang='lat' dir='ltr'><strong>Pater</strong></span> <span class='ocrx_word' id='word_1_53' title='bbox 400 761 549 817; x_wconf 81' lang='lat' dir='ltr'><strong>facit.</strong></span> 
     </span>
    </p>
   </div>
   <div class='ocr_carea' id='block_1_9' title="bbox 290 854 1812 929">
    <p class='ocr_par' dir='ltr' id='par_1_9' title="bbox 290 854 1812 929">
     <span class='ocr_line' id='line_1_9' title="bbox 290 854 1812 929; baseline 0.003 -19"><span class='ocrx_word' id='word_1_54' title='bbox 290 854 383 910; x_wconf 70' lang='lat' dir='ltr'><strong>t6.</strong></span> <span class='ocrx_word' id='word_1_55' title='bbox 415 856 535 923; x_wconf 86' lang='lat' dir='ltr'><strong>Quo</strong></span> <span class='ocrx_word' id='word_1_56' title='bbox 558 854 680 912; x_wconf 88' lang='lat' dir='ltr'><strong>loco</strong></span> <span class='ocrx_word' id='word_1_57' title='bbox 705 856 868 912; x_wconf 89' lang='lat' dir='ltr'><strong>etiam</strong></span> <span class='ocrx_word' id='word_1_58' title='bbox 898 856 988 912; x_wconf 89' lang='lat' dir='ltr'><strong>illa</strong></span> <span class='ocrx_word' id='word_1_59' title='bbox 1011 865 1190 913; x_wconf 87' lang='lat' dir='ltr'><strong>vestra</strong></span> <span class='ocrx_word' id='word_1_60' title='bbox 1216 858 1444 929; x_wconf 70' lang='lat' dir='ltr'><strong>qumstio</strong></span> <span class='ocrx_word' id='word_1_61' title='bbox 1472 860 1812 929; x_wconf 73' lang='lat' dir='ltr'><strong>conticescit,</strong></span> 
     </span>
    </p>
   </div>
   <div class='ocr_carea' id='block_1_10' title="bbox 215 948 1815 1021">
    <p class='ocr_par' dir='ltr' id='par_1_10' title="bbox 215 948 1815 1021">
     <span class='ocr_line' id='line_1_10' title="bbox 215 948 1815 1021; baseline 0.002 -16"><span class='ocrx_word' id='word_1_62' title='bbox 215 963 374 1020; x_wconf 84' lang='lat' dir='ltr'><strong>quam</strong></span> <span class='ocrx_word' id='word_1_63' title='bbox 405 948 595 1004; x_wconf 86' lang='lat' dir='ltr'><strong>soletis</strong></span> <span class='ocrx_word' id='word_1_64' title='bbox 625 949 885 1020; x_wconf 88' lang='lat' dir='ltr'><strong>objieere,</strong></span> <span class='ocrx_word' id='word_1_65' title='bbox 918 952 1045 1021; x_wconf 84' lang='lat' dir='ltr'><strong>quia</strong></span> <span class='ocrx_word' id='word_1_66' title='bbox 1071 950 1203 1007; x_wconf 83' lang='lat' dir='ltr'><strong>dixit</strong></span> <span class='ocrx_word' id='word_1_67' title='bbox 1229 952 1496 1008; x_wconf 91' lang='lat' dir='ltr'><strong>Dominus</strong></span> <span class='ocrx_word' id='word_1_68' title='bbox 1523 972 1536 1007; x_wconf 91' lang='lat'><strong>:</strong></span> <span class='ocrx_word' id='word_1_69' title='bbox 1567 952 1688 1008; x_wconf 87' lang='lat' dir='ltr'><strong>Non</strong></span> <span class='ocrx_word' id='word_1_70' title='bbox 1713 955 1815 1009; x_wconf 86' lang='lat' dir='ltr'><strong>sic-</strong></span> 
     </span>
    </p>
   </div>
   <div class='ocr_carea' id='block_1_11' title="bbox 214 1043 1815 1115">
    <p class='ocr_par' dir='ltr' id='par_1_11' title="bbox 214 1043 1815 1115">
     <span class='ocr_line' id='line_1_11' title="bbox 214 1043 1815 1115; baseline 0.005 -18"><span class='ocrx_word' id='word_1_71' title='bbox 214 1054 271 1097; x_wconf 86' lang='lat' dir='ltr'><strong>ut</strong></span> <span class='ocrx_word' id='word_1_72' title='bbox 303 1059 395 1115; x_wconf 88' lang='lat' dir='ltr'><strong>ego</strong></span> <span class='ocrx_word' id='word_1_73' title='bbox 438 1043 575 1109; x_wconf 84' lang='lat' dir='ltr'><strong>volo,</strong></span> <span class='ocrx_word' id='word_1_74' title='bbox 616 1045 707 1099; x_wconf 88' lang='lat' dir='ltr'><strong>sed</strong></span> <span class='ocrx_word' id='word_1_75' title='bbox 732 1046 865 1100; x_wconf 84' lang='lat' dir='ltr'><strong>sicut</strong></span> <span class='ocrx_word' id='word_1_76' title='bbox 918 1055 973 1100; x_wconf 92' lang='lat' dir='ltr'><strong>tu</strong></span> <span class='ocrx_word' id='word_1_77' title='bbox 1015 1047 1124 1113; x_wconf 76' lang='lat' dir='ltr'><strong>vis;</strong></span> <span class='ocrx_word' id='word_1_78' title='bbox 1159 1055 1214 1103; x_wconf 88' lang='lat' dir='ltr'><strong>et</strong></span> <span class='ocrx_word' id='word_1_79' title='bbox 1242 1047 1373 1102; x_wconf 84' lang='lat' dir='ltr'><strong>alibi</strong></span> <span class='ocrx_word' id='word_1_80' title='bbox 1409 1066 1422 1102; x_wconf 90' lang='lat'>:</span> <span class='ocrx_word' id='word_1_81' title='bbox 1454 1048 1537 1102; x_wconf 83' lang='lat' dir='ltr'><strong>Ad</strong></span> <span class='ocrx_word' id='word_1_82' title='bbox 1581 1050 1677 1104; x_wconf 85' lang='lat' dir='ltr'><strong>hoc</strong></span> <span class='ocrx_word' id='word_1_83' title='bbox 1722 1052 1815 1104; x_wconf 86' lang='lat' dir='ltr'><strong>de—</strong></span> 
     </span>
    </p>
   </div>
   <div class='ocr_carea' id='block_1_12' title="bbox 211 1136 1815 1212">
    <p class='ocr_par' dir='ltr' id='par_1_12' title="bbox 211 1136 1815 1212">
     <span class='ocr_line' id='line_1_12' title="bbox 211 1136 1815 1212; baseline 0.004 -19"><span class='ocrx_word' id='word_1_84' title='bbox 211 1136 387 1194; x_wconf 87' lang='lat' dir='ltr'><strong>scendi</strong></span> <span class='ocrx_word' id='word_1_85' title='bbox 427 1137 491 1192; x_wconf 88' lang='lat' dir='ltr'><strong>de</strong></span> <span class='ocrx_word' id='word_1_86' title='bbox 521 1138 670 1207; x_wconf 72' lang='lat' dir='ltr'><strong>caelo,</strong></span> <span class='ocrx_word' id='word_1_87' title='bbox 696 1156 799 1194; x_wconf 90' lang='lat' dir='ltr'><strong>non</strong></span> <span class='ocrx_word' id='word_1_88' title='bbox 828 1148 883 1194; x_wconf 86' lang='lat' dir='ltr'><strong>ut</strong></span> <span class='ocrx_word' id='word_1_89' title='bbox 909 1141 1099 1212; x_wconf 78' lang='lat' dir='ltr'><strong>faciam</strong></span> <span class='ocrx_word' id='word_1_90' title='bbox 1131 1141 1443 1196; x_wconf 75' lang='lat' dir='ltr'><strong>uoluntatem</strong></span> <span class='ocrx_word' id='word_1_91' title='bbox 1490 1159 1686 1211; x_wconf 83' lang='lat' dir='ltr'><strong>meum,</strong></span> <span class='ocrx_word' id='word_1_92' title='bbox 1723 1146 1815 1201; x_wconf 86' lang='lat' dir='ltr'><strong>sed</strong></span> 
     </span>
    </p>
   </div>
   <div class='ocr_carea' id='block_1_13' title="bbox 212 1230 1516 1307">
    <p class='ocr_par' dir='ltr' id='par_1_13' title="bbox 212 1230 1516 1307">
     <span class='ocr_line' id='line_1_13' title="bbox 212 1230 1516 1307; baseline 0.002 -19"><span class='ocrx_word' id='word_1_93' title='bbox 212 1230 524 1288; x_wconf 75' lang='lat' dir='ltr'><strong>voluntatem</strong></span> <span class='ocrx_word' id='word_1_94' title='bbox 553 1234 667 1304; x_wconf 90' lang='lat' dir='ltr'><strong>ejus</strong></span> <span class='ocrx_word' id='word_1_95' title='bbox 705 1233 794 1303; x_wconf 91' lang='lat' dir='ltr'><strong>qui</strong></span> <span class='ocrx_word' id='word_1_96' title='bbox 832 1250 912 1288; x_wconf 86' lang='lat' dir='ltr'><strong>me</strong></span> <span class='ocrx_word' id='word_1_97' title='bbox 939 1235 1076 1289; x_wconf 91' lang='lat' dir='ltr'><strong>misit</strong></span> <span class='ocrx_word' id='word_1_98' title='bbox 1103 1232 1369 1307; x_wconf 83' lang='lat' dir='ltr'><strong>(Joan.vt,</strong></span> <span class='ocrx_word' id='word_1_99' title='bbox 1400 1235 1516 1307; x_wconf 75' lang='lat'><strong>58).</strong></span> 
     </span>
    </p>
   </div>
   <div class='ocr_carea' id='block_1_14' title="bbox 737 1366 1275 1441">
    <p class='ocr_par' dir='ltr' id='par_1_14' title="bbox 737 1366 1275 1441">
     <span class='ocr_line' id='line_1_14' title="bbox 737 1366 1275 1441; baseline -0.002 -17"><span class='ocrx_word' id='word_1_100' title='bbox 737 1366 902 1441; x_wconf 65' lang='lat'><strong>479</strong></span> <span class='ocrx_word' id='word_1_101' title='bbox 931 1367 1157 1425; x_wconf 77' lang='lat' dir='ltr'><strong>CAPUT</strong></span> <span class='ocrx_word' id='word_1_102' title='bbox 1191 1370 1275 1424; x_wconf 75' lang='lat' dir='ltr'><strong>vr.</strong></span> 
     </span>
    </p>
   </div>
   <div class='ocr_carea' id='block_1_15' title="bbox 212 1482 1814 1562">
    <p class='ocr_par' dir='ltr' id='par_1_15' title="bbox 212 1482 1814 1562">
     <span class='ocr_line' id='line_1_15' title="bbox 212 1482 1814 1562; baseline 0.006 -25"><span class='ocrx_word' id='word_1_103' title='bbox 212 1482 501 1539; x_wconf 77' lang='lat' dir='ltr'><strong>Occasione</strong></span> <span class='ocrx_word' id='word_1_104' title='bbox 525 1485 854 1555; x_wconf 75' lang='lat' dir='ltr'><strong>superiorum</strong></span> <span class='ocrx_word' id='word_1_105' title='bbox 888 1485 1182 1554; x_wconf 79' lang='lat' dir='ltr'><strong>Scriptura:</strong></span> <span class='ocrx_word' id='word_1_106' title='bbox 1213 1487 1439 1543; x_wconf 87' lang='lat' dir='ltr'><strong>locorum</strong></span> <span class='ocrx_word' id='word_1_107' title='bbox 1456 1492 1711 1562; x_wconf 91' lang='lat' dir='ltr'><strong>tantisper</strong></span> <span class='ocrx_word' id='word_1_108' title='bbox 1734 1493 1814 1547; x_wconf 84' lang='lat' dir='ltr'><strong>di-</strong></span> 
     </span>
    </p>
   </div>
   <div class='ocr_carea' id='block_1_16' title="bbox 280 1578 1810 1658">
    <p class='ocr_par' dir='ltr' id='par_1_16' title="bbox 280 1578 1810 1658">
     <span class='ocr_line' id='line_1_16' title="bbox 280 1578 1810 1658; baseline 0.007 -26"><span class='ocrx_word' id='word_1_109' title='bbox 280 1580 545 1650; x_wconf 82' lang='lat' dir='ltr'><strong>grediens,</strong></span> <span class='ocrx_word' id='word_1_110' title='bbox 581 1579 864 1634; x_wconf 88' lang='lat' dir='ltr'><strong>libertatem</strong></span> <span class='ocrx_word' id='word_1_111' title='bbox 892 1578 1106 1636; x_wconf 87' lang='lat' dir='ltr'><strong>Domini</strong></span> <span class='ocrx_word' id='word_1_112' title='bbox 1133 1584 1359 1655; x_wconf 89' lang='lat' dir='ltr'><strong>primum</strong></span> <span class='ocrx_word' id='word_1_113' title='bbox 1387 1601 1452 1639; x_wconf 79' lang='lat' dir='ltr'><strong>ea:</strong></span> <span class='ocrx_word' id='word_1_114' title='bbox 1478 1602 1538 1639; x_wconf 88' lang='lat' dir='ltr'><strong>eo</strong></span> <span class='ocrx_word' id='word_1_115' title='bbox 1562 1590 1698 1658; x_wconf 88' lang='lat' dir='ltr'><strong>quod</strong></span> <span class='ocrx_word' id='word_1_116' title='bbox 1721 1605 1810 1642; x_wconf 75' lang='grc' dir='ltr'><strong>θα·</strong></span> 
     </span>
    </p>
   </div>
   <div class='ocr_carea' id='block_1_17' title="bbox 280 1670 1813 1745">
    <p class='ocr_par' dir='ltr' id='par_1_17' title="bbox 280 1670 1813 1745">
     <span class='ocr_line' id='line_1_17' title="bbox 280 1670 1813 1745; baseline 0.008 -22"><span class='ocrx_word' id='word_1_117' title='bbox 280 1671 395 1724; x_wconf 85' lang='lat' dir='ltr'><strong>dem</strong></span> <span class='ocrx_word' id='word_1_118' title='bbox 445 1670 700 1741; x_wconf 71' lang='lat' dir='ltr'><strong>prazditus</strong></span> <span class='ocrx_word' id='word_1_119' title='bbox 738 1674 1020 1744; x_wconf 78' lang='lat' dir='ltr'><strong>a/ﬁrmetur</strong></span> <span class='ocrx_word' id='word_1_120' title='bbox 1067 1673 1302 1744; x_wconf 76' lang='lat' dir='ltr'><strong>Spiritus</strong></span> <span class='ocrx_word' id='word_1_121' title='bbox 1344 1687 1575 1745; x_wconf 81' lang='lat' dir='ltr'><strong>sanctus,</strong></span> <span class='ocrx_word' id='word_1_122' title='bbox 1624 1680 1813 1736; x_wconf 84' lang='lat' dir='ltr'><strong>deinde</strong></span> 
     </span>
    </p>
   </div>
   <div class='ocr_carea' id='block_1_18' title="bbox 1920 488 3513 561">
    <p class='ocr_par' dir='ltr' id='par_1_18' title="bbox 1920 488 3513 561">
     <span class='ocr_line' id='line_1_18' title="bbox 1920 488 3513 561; baseline 0.004 -19"><span class='ocrx_word' id='word_1_123' title='bbox 1920 488 2103 560; x_wconf 84' lang='lat' dir='ltr'><strong>(Joan.</strong></span> <span class='ocrx_word' id='word_1_124' title='bbox 2138 505 2191 556; x_wconf 90' lang='lat' dir='ltr'><strong>v,</strong></span> <span class='ocrx_word' id='word_1_125' title='bbox 2222 488 2342 561; x_wconf 67' lang='grc'><strong>21).</strong></span> <span class='ocrx_word' id='word_1_126' title='bbox 2375 489 2471 545; x_wconf 89' lang='lat' dir='ltr'><strong>Dic</strong></span> <span class='ocrx_word' id='word_1_127' title='bbox 2501 505 2644 547; x_wconf 89' lang='lat' dir='ltr'><strong>nunc</strong></span> <span class='ocrx_word' id='word_1_128' title='bbox 2670 505 2810 561; x_wconf 86' lang='lat' dir='ltr'><strong>quos</strong></span> <span class='ocrx_word' id='word_1_129' title='bbox 2837 489 3199 547; x_wconf 85' lang='lat' dir='ltr'><strong>vivificaverit</strong></span> <span class='ocrx_word' id='word_1_130' title='bbox 3230 489 3421 558; x_wconf 82' lang='lat' dir='ltr'><strong>Filius,</strong></span> <span class='ocrx_word' id='word_1_131' title='bbox 3454 501 3513 548; x_wconf 88' lang='lat' dir='ltr'><strong>et</strong></span> 
     </span>
    </p>
   </div>
   <div class='ocr_carea' id='block_1_19' title="bbox 1919 583 3520 654">
    <p class='ocr_par' dir='ltr' id='par_1_19' title="bbox 1919 583 3520 654">
     <span class='ocr_line' id='line_1_19' title="bbox 1919 583 3520 654; baseline -0.001 -13"><span class='ocrx_word' id='word_1_132' title='bbox 1919 585 2083 641; x_wconf 90' lang='lat' dir='ltr'><strong>Pater</strong></span> <span class='ocrx_word' id='word_1_133' title='bbox 2102 584 2650 650; x_wconf 82' lang='lat' dir='ltr'><strong>vivificarenoluerit.</strong></span> <span class='ocrx_word' id='word_1_134' title='bbox 2675 584 2811 640; x_wconf 88' lang='lat' dir='ltr'><strong>Cum</strong></span> <span class='ocrx_word' id='word_1_135' title='bbox 2831 593 3013 641; x_wconf 89' lang='lat' dir='ltr'><strong>autem</strong></span> <span class='ocrx_word' id='word_1_136' title='bbox 3031 583 3206 640; x_wconf 89' lang='lat' dir='ltr'><strong>Filius</strong></span> <span class='ocrx_word' id='word_1_137' title='bbox 3227 598 3363 654; x_wconf 89' lang='lat' dir='ltr'><strong>quos</strong></span> <span class='ocrx_word' id='word_1_138' title='bbox 3390 584 3520 640; x_wconf 80' lang='lat' dir='ltr'><strong>velit</strong></span> 
     </span>
    </p>
   </div>
   <div class='ocr_carea' id='block_1_20' title="bbox 1918 680 3516 752">
    <p class='ocr_par' dir='ltr' id='par_1_20' title="bbox 1918 680 3516 752">
     <span class='ocr_line' id='line_1_20' title="bbox 1918 680 3516 752; baseline 0.002 -19"><span class='ocrx_word' id='word_1_139' title='bbox 1918 680 2177 746; x_wconf 85' lang='lat' dir='ltr'><strong>vivificet,</strong></span> <span class='ocrx_word' id='word_1_140' title='bbox 2213 688 2269 735; x_wconf 91' lang='lat' dir='ltr'><strong>et</strong></span> <span class='ocrx_word' id='word_1_141' title='bbox 2294 682 2544 751; x_wconf 87' lang='lat' dir='ltr'><strong>operatio</strong></span> <span class='ocrx_word' id='word_1_142' title='bbox 2569 696 2672 736; x_wconf 87' lang='lat' dir='ltr'><strong>una</strong></span> <span class='ocrx_word' id='word_1_143' title='bbox 2703 681 2813 746; x_wconf 88' lang='lat' dir='ltr'><strong>sit;</strong></span> <span class='ocrx_word' id='word_1_144' title='bbox 2854 680 3005 737; x_wconf 81' lang='lat' dir='ltr'><strong>vides</strong></span> <span class='ocrx_word' id='word_1_145' title='bbox 3033 682 3162 752; x_wconf 87' lang='lat' dir='ltr'><strong>quia</strong></span> <span class='ocrx_word' id='word_1_146' title='bbox 3191 694 3299 734; x_wconf 89' lang='lat' dir='ltr'><strong>non</strong></span> <span class='ocrx_word' id='word_1_147' title='bbox 3339 683 3516 736; x_wconf 87' lang='lat' dir='ltr'><strong>solum</strong></span> 
     </span>
    </p>
   </div>
   <div class='ocr_carea' id='block_1_21' title="bbox 1917 771 3520 841">
    <p class='ocr_par' dir='ltr' id='par_1_21' title="bbox 1917 771 3520 841">
     <span class='ocr_line' id='line_1_21' title="bbox 1917 771 3520 841; baseline 0.001 -14"><span class='ocrx_word' id='word_1_148' title='bbox 1917 772 2088 828; x_wconf 87' lang='lat' dir='ltr'><strong>Filius</strong></span> <span class='ocrx_word' id='word_1_149' title='bbox 2121 773 2454 829; x_wconf 91' lang='lat' dir='ltr'><strong>voluntatem</strong></span> <span class='ocrx_word' id='word_1_150' title='bbox 2483 773 2678 841; x_wconf 83' lang='lat' dir='ltr'><strong>Patris,</strong></span> <span class='ocrx_word' id='word_1_151' title='bbox 2710 774 2805 830; x_wconf 91' lang='lat' dir='ltr'><strong>sed</strong></span> <span class='ocrx_word' id='word_1_152' title='bbox 2829 774 2995 829; x_wconf 88' lang='lat' dir='ltr'><strong>etiam</strong></span> <span class='ocrx_word' id='word_1_153' title='bbox 3026 773 3186 829; x_wconf 88' lang='lat' dir='ltr'><strong>Pater</strong></span> <span class='ocrx_word' id='word_1_154' title='bbox 3208 772 3328 828; x_wconf 84' lang='lat' dir='ltr'><strong>Filii</strong></span> <span class='ocrx_word' id='word_1_155' title='bbox 3352 771 3520 829; x_wconf 80' lang='lat' dir='ltr'><strong>faciat</strong></span> 
     </span>
    </p>
   </div>
   <div class='ocr_carea' id='block_1_22' title="bbox 1916 865 3516 938">
    <p class='ocr_par' dir='ltr' id='par_1_22' title="bbox 1916 865 3516 938">
     <span class='ocr_line' id='line_1_22' title="bbox 1916 865 3516 938; baseline 0.001 -18"><span class='ocrx_word' id='word_1_156' title='bbox 1916 870 2252 922; x_wconf 79' lang='lat' dir='ltr'><strong>voluntatem</strong></span> <span class='ocrx_word' id='word_1_157' title='bbox 2279 867 2303 920; x_wconf 84' lang='lat'><strong>?</strong></span> <span class='ocrx_word' id='word_1_158' title='bbox 2329 866 2468 936; x_wconf 80' lang='lat' dir='ltr'><strong>Quid</strong></span> <span class='ocrx_word' id='word_1_159' title='bbox 2499 875 2585 922; x_wconf 87' lang='lat' dir='ltr'><strong>est</strong></span> <span class='ocrx_word' id='word_1_160' title='bbox 2612 878 2795 922; x_wconf 91' lang='lat' dir='ltr'><strong>autem</strong></span> <span class='ocrx_word' id='word_1_161' title='bbox 2822 867 3120 934; x_wconf 86' lang='lat' dir='ltr'><strong>vivificare,</strong></span> <span class='ocrx_word' id='word_1_162' title='bbox 3146 866 3247 921; x_wconf 87' lang='lat' dir='ltr'><strong>nisi</strong></span> <span class='ocrx_word' id='word_1_163' title='bbox 3271 881 3370 938; x_wconf 89' lang='lat' dir='ltr'><strong>per</strong></span> <span class='ocrx_word' id='word_1_164' title='bbox 3391 865 3516 922; x_wconf 83' lang='lat' dir='ltr'><strong>Filii</strong></span> 
     </span>
    </p>
   </div>
   <div class='ocr_carea' id='block_1_23' title="bbox 1916 958 3509 1032">
    <p class='ocr_par' dir='ltr' id='par_1_23' title="bbox 1916 958 3509 1032">
     <span class='ocr_line' id='line_1_23' title="bbox 1916 958 3509 1032; baseline -0.001 -18"><span class='ocrx_word' id='word_1_165' title='bbox 1916 960 2265 1032; x_wconf 82' lang='lat' dir='ltr'><strong>passionem?</strong></span> <span class='ocrx_word' id='word_1_166' title='bbox 2290 960 2478 1015; x_wconf 89' lang='lat' dir='ltr'><strong>Passio</strong></span> <span class='ocrx_word' id='word_1_167' title='bbox 2502 971 2684 1017; x_wconf 86' lang='lat' dir='ltr'><strong>autem</strong></span> <span class='ocrx_word' id='word_1_168' title='bbox 2706 959 2911 1015; x_wconf 86' lang='lat' dir='ltr'><strong>Christi</strong></span> <span class='ocrx_word' id='word_1_169' title='bbox 2932 960 3184 1016; x_wconf 81' lang='lat' dir='ltr'><strong>voluntas</strong></span> <span class='ocrx_word' id='word_1_170' title='bbox 3204 967 3291 1014; x_wconf 78' lang='lat' dir='ltr'><strong>est</strong></span> <span class='ocrx_word' id='word_1_171' title='bbox 3312 958 3509 1014; x_wconf 89' lang='lat' dir='ltr'><strong>Patris.</strong></span> 
     </span>
    </p>
   </div>
   <div class='ocr_carea' id='block_1_24' title="bbox 1914 1050 3513 1125">
    <p class='ocr_par' dir='ltr' id='par_1_24' title="bbox 1914 1050 3513 1125">
     <span class='ocr_line' id='line_1_24' title="bbox 1914 1050 3513 1125; baseline 0.001 -19"><span class='ocrx_word' id='word_1_172' title='bbox 1914 1054 2061 1121; x_wconf 82' lang='lat' dir='ltr'><strong>Quos</strong></span> <span class='ocrx_word' id='word_1_173' title='bbox 2088 1069 2222 1124; x_wconf 77' lang='lat' dir='ltr'><strong>ergo</strong></span> <span class='ocrx_word' id='word_1_174' title='bbox 2243 1053 2419 1109; x_wconf 88' lang='lat' dir='ltr'><strong>Filius</strong></span> <span class='ocrx_word' id='word_1_175' title='bbox 2442 1054 2707 1120; x_wconf 84' lang='lat' dir='ltr'><strong>viviticat,</strong></span> <span class='ocrx_word' id='word_1_176' title='bbox 2736 1068 2835 1125; x_wconf 89' lang='lat' dir='ltr'><strong>per</strong></span> <span class='ocrx_word' id='word_1_177' title='bbox 2858 1053 3034 1108; x_wconf 83' lang='lat' dir='ltr'><strong>Patris</strong></span> <span class='ocrx_word' id='word_1_178' title='bbox 3061 1050 3297 1108; x_wconf 86' lang='lat' dir='ltr'><strong>vivificat</strong></span> <span class='ocrx_word' id='word_1_179' title='bbox 3321 1050 3513 1107; x_wconf 83' lang='lat' dir='ltr'><strong>voluti-</strong></span> 
     </span>
    </p>
   </div>
   <div class='ocr_carea' id='block_1_25' title="bbox 1917 1148 2867 1219">
    <p class='ocr_par' dir='ltr' id='par_1_25' title="bbox 1917 1148 2867 1219">
     <span class='ocr_line' id='line_1_25' title="bbox 1917 1148 2867 1219; baseline -0.004 -15"><span class='ocrx_word' id='word_1_180' title='bbox 1917 1158 2102 1204; x_wconf 89' lang='lat' dir='ltr'><strong>tatem.</strong></span> <span class='ocrx_word' id='word_1_181' title='bbox 2134 1148 2252 1205; x_wconf 87' lang='lat' dir='ltr'><strong>Una</strong></span> <span class='ocrx_word' id='word_1_182' title='bbox 2282 1148 2448 1219; x_wconf 85' lang='lat' dir='ltr'><strong>igitur</strong></span> <span class='ocrx_word' id='word_1_183' title='bbox 2481 1158 2566 1204; x_wconf 91' lang='lat' dir='ltr'><strong>est</strong></span> <span class='ocrx_word' id='word_1_184' title='bbox 2596 1148 2867 1202; x_wconf 88' lang='lat' dir='ltr'><strong>voluntas.</strong></span> 
     </span>
    </p>
   </div>
   <div class='ocr_carea' id='block_1_26' title="bbox 1987 1240 3514 1311">
    <p class='ocr_par' dir='ltr' id='par_1_26' title="bbox 1987 1240 3514 1311">
     <span class='ocr_line' id='line_1_26' title="bbox 1987 1240 3514 1311; baseline -0.001 -14"><span class='ocrx_word' id='word_1_185' title='bbox 1987 1244 2075 1298; x_wconf 76' lang='lat' dir='ltr'><strong>5i.</strong></span> <span class='ocrx_word' id='word_1_186' title='bbox 2106 1242 2238 1311; x_wconf 66' lang='lat' dir='ltr'><strong>Quae</strong></span> <span class='ocrx_word' id='word_1_187' title='bbox 2279 1253 2460 1298; x_wconf 89' lang='lat' dir='ltr'><strong>autem</strong></span> <span class='ocrx_word' id='word_1_188' title='bbox 2500 1243 2759 1298; x_wconf 85' lang='lat' dir='ltr'><strong>voluntas</strong></span> <span class='ocrx_word' id='word_1_189' title='bbox 2800 1242 3008 1307; x_wconf 88' lang='lat' dir='ltr'><strong>Patris,</strong></span> <span class='ocrx_word' id='word_1_190' title='bbox 3059 1240 3161 1296; x_wconf 88' lang='lat' dir='ltr'><strong>nisi</strong></span> <span class='ocrx_word' id='word_1_191' title='bbox 3200 1250 3256 1296; x_wconf 90' lang='lat' dir='ltr'><strong>ut</strong></span> <span class='ocrx_word' id='word_1_192' title='bbox 3303 1240 3514 1296; x_wconf 86' lang='lat' dir='ltr'><strong>veniret</strong></span> 
     </span>
    </p>
   </div>
   <div class='ocr_carea' id='block_1_27' title="bbox 1912 1330 3507 1398">
    <p class='ocr_par' dir='ltr' id='par_1_27' title="bbox 1912 1330 3507 1398">
     <span class='ocr_line' id='line_1_27' title="bbox 1912 1330 3507 1398; baseline -0.005 -5"><span class='ocrx_word' id='word_1_193' title='bbox 1912 1336 2072 1393; x_wconf 75' lang='lat' dir='ltr'><strong>Iesus</strong></span> <span class='ocrx_word' id='word_1_194' title='bbox 2099 1339 2151 1391; x_wconf 90' lang='lat' dir='ltr'><strong>in</strong></span> <span class='ocrx_word' id='word_1_195' title='bbox 2185 1337 2328 1391; x_wconf 91' lang='lat' dir='ltr'><strong>hunc</strong></span> <span class='ocrx_word' id='word_1_196' title='bbox 2360 1335 2650 1398; x_wconf 89' lang='lat' dir='ltr'><strong>mundum,</strong></span> <span class='ocrx_word' id='word_1_197' title='bbox 2688 1344 2742 1391; x_wconf 90' lang='lat' dir='ltr'><strong>et</strong></span> <span class='ocrx_word' id='word_1_198' title='bbox 2782 1349 2882 1389; x_wconf 91' lang='lat' dir='ltr'><strong>nos</strong></span> <span class='ocrx_word' id='word_1_199' title='bbox 2922 1333 3212 1389; x_wconf 81' lang='lat' dir='ltr'><strong>mandaret</strong></span> <span class='ocrx_word' id='word_1_200' title='bbox 3251 1349 3280 1387; x_wconf 87' lang='lat' dir='ltr'><strong>a</strong></span> <span class='ocrx_word' id='word_1_201' title='bbox 3326 1330 3507 1387; x_wconf 84' lang='lat' dir='ltr'><strong>vitiis?</strong></span> 
     </span>
    </p>
   </div>
   <div class='ocr_carea' id='block_1_28' title="bbox 1911 1426 3511 1503">
    <p class='ocr_par' dir='ltr' id='par_1_28' title="bbox 1911 1426 3511 1503">
     <span class='ocr_line' id='line_1_28' title="bbox 1911 1426 3511 1503; baseline -0.003 -18"><span class='ocrx_word' id='word_1_202' title='bbox 1911 1430 2078 1503; x_wconf 60' lang='lat'><strong>480</strong></span> <span class='ocrx_word' id='word_1_203' title='bbox 2102 1431 2235 1485; x_wconf 78' lang='lat' dir='ltr'><strong>Audi</strong></span> <span class='ocrx_word' id='word_1_204' title='bbox 2262 1431 2537 1500; x_wconf 86' lang='lat' dir='ltr'><strong>leprosum</strong></span> <span class='ocrx_word' id='word_1_205' title='bbox 2562 1430 2867 1484; x_wconf 90' lang='lat' dir='ltr'><strong>dicentem:</strong></span> <span class='ocrx_word' id='word_1_206' title='bbox 2891 1426 2953 1484; x_wconf 88' lang='lat' dir='ltr'><strong>Si</strong></span> <span class='ocrx_word' id='word_1_207' title='bbox 2976 1429 3072 1493; x_wconf 81' lang='lat' dir='ltr'><strong>vis,</strong></span> <span class='ocrx_word' id='word_1_208' title='bbox 3098 1437 3240 1497; x_wconf 85' lang='lat' dir='ltr'><strong>potes</strong></span> <span class='ocrx_word' id='word_1_209' title='bbox 3258 1442 3337 1480; x_wconf 79' lang='lat' dir='ltr'><strong>me</strong></span> <span class='ocrx_word' id='word_1_210' title='bbox 3360 1442 3511 1480; x_wconf 86' lang='lat' dir='ltr'><strong>mun-</strong></span> 
     </span>
    </p>
   </div>
   <div class='ocr_carea' id='block_1_29' title="bbox 1912 1519 3509 1595">
    <p class='ocr_par' dir='ltr' id='par_1_29' title="bbox 1912 1519 3509 1595">
     <span class='ocr_line' id='line_1_29' title="bbox 1912 1519 3509 1595; baseline -0.003 -15"><span class='ocrx_word' id='word_1_211' title='bbox 1912 1529 2037 1580; x_wconf 79' lang='lat' dir='ltr'><strong>dare</strong></span> <span class='ocrx_word' id='word_1_212' title='bbox 2064 1524 2278 1595; x_wconf 82' lang='lat' dir='ltr'><strong>(Matth.</strong></span> <span class='ocrx_word' id='word_1_213' title='bbox 2313 1540 2427 1591; x_wconf 84' lang='lat' dir='ltr'><strong>Vill,</strong></span> <span class='ocrx_word' id='word_1_214' title='bbox 2454 1524 2535 1595; x_wconf 67' lang='grc' dir='ltr'><strong>Ξ).</strong></span> <span class='ocrx_word' id='word_1_215' title='bbox 2579 1523 2879 1593; x_wconf 80' lang='lat' dir='ltr'><strong>Respondit</strong></span> <span class='ocrx_word' id='word_1_216' title='bbox 2898 1522 3177 1588; x_wconf 88' lang='lat' dir='ltr'><strong>Christus,</strong></span> <span class='ocrx_word' id='word_1_217' title='bbox 3214 1520 3378 1587; x_wconf 83' lang='lat' dir='ltr'><strong>Volo;</strong></span> <span class='ocrx_word' id='word_1_218' title='bbox 3403 1519 3429 1558; x_wconf 76' lang='grc' dir='ltr'>δ</span> <span class='ocrx_word' id='word_1_219' title='bbox 3453 1529 3509 1576; x_wconf 84' lang='lat' dir='ltr'><strong>et</strong></span> 
     </span>
    </p>
   </div>
   <div class='ocr_carea' id='block_1_30' title="bbox 1911 1613 3509 1686">
    <p class='ocr_par' dir='ltr' id='par_1_30' title="bbox 1911 1613 3509 1686">
     <span class='ocr_line' id='line_1_30' title="bbox 1911 1613 3509 1686; baseline -0.003 -12"><span class='ocrx_word' id='word_1_220' title='bbox 1911 1622 2091 1674; x_wconf 86' lang='lat' dir='ltr'><strong>statim</strong></span> <span class='ocrx_word' id='word_1_221' title='bbox 2121 1629 2338 1675; x_wconf 84' lang='lat' dir='ltr'><strong>secutus</strong></span> <span class='ocrx_word' id='word_1_222' title='bbox 2366 1628 2448 1674; x_wconf 85' lang='lat' dir='ltr'><strong>est</strong></span> <span class='ocrx_word' id='word_1_223' title='bbox 2485 1616 2712 1674; x_wconf 71' lang='lat' dir='ltr'><strong>elfectus</strong></span> <span class='ocrx_word' id='word_1_224' title='bbox 2752 1616 3029 1673; x_wconf 88' lang='lat' dir='ltr'><strong>sanitatis.</strong></span> <span class='ocrx_word' id='word_1_225' title='bbox 3061 1614 3229 1671; x_wconf 81' lang='lat' dir='ltr'><strong>Vides</strong></span> <span class='ocrx_word' id='word_1_226' title='bbox 3262 1616 3392 1686; x_wconf 87' lang='lat' dir='ltr'><strong>quia</strong></span> <span class='ocrx_word' id='word_1_227' title='bbox 3418 1613 3509 1669; x_wconf 84' lang='lat' dir='ltr'><strong>Fi-</strong></span> 
     </span>
    </p>
   </div>
   <div class='ocr_carea' id='block_1_31' title="bbox 1912 1706 3508 1777">
    <p class='ocr_par' dir='ltr' id='par_1_31' title="bbox 1912 1706 3508 1777">
     <span class='ocr_line' id='line_1_31' title="bbox 1912 1706 3508 1777; baseline -0.004 -10"><span class='ocrx_word' id='word_1_228' title='bbox 1912 1711 2018 1767; x_wconf 90' lang='lat' dir='ltr'><strong>lius</strong></span> <span class='ocrx_word' id='word_1_229' title='bbox 2045 1727 2157 1766; x_wconf 81' lang='lat' dir='ltr'><strong>suae</strong></span> <span class='ocrx_word' id='word_1_230' title='bbox 2183 1711 2389 1767; x_wconf 83' lang='lat' dir='ltr'><strong>arbiter</strong></span> <span class='ocrx_word' id='word_1_231' title='bbox 2427 1710 2724 1766; x_wconf 90' lang='lat' dir='ltr'><strong>voluntatis</strong></span> <span class='ocrx_word' id='word_1_232' title='bbox 2753 1720 2874 1777; x_wconf 89' lang='lat' dir='ltr'><strong>est,</strong></span> <span class='ocrx_word' id='word_1_233' title='bbox 2915 1717 2972 1764; x_wconf 90' lang='lat' dir='ltr'><strong>et</strong></span> <span class='ocrx_word' id='word_1_234' title='bbox 3016 1706 3220 1763; x_wconf 90' lang='lat' dir='ltr'><strong>Christi</strong></span> <span class='ocrx_word' id='word_1_235' title='bbox 3258 1707 3508 1763; x_wconf 86' lang='lat' dir='ltr'><strong>voluntas</strong></span> 
     </span>
    </p>
   </div>
   <div class='ocr_carea' id='block_1_32' title="bbox 277 1766 3511 1876">
    <p class='ocr_par' dir='ltr' id='par_1_32' title="bbox 277 1766 3511 1876">
     <span class='ocr_line' id='line_1_32' title="bbox 277 1766 3511 1876; baseline 0 -58"><span class='ocrx_word' id='word_1_236' title='bbox 277 1767 541 1876; x_wconf 45' lang='lat' dir='ltr'><strong>cupressis</strong></span> <span class='ocrx_word' id='word_1_237' title='bbox 568 1767 750 1837; x_wconf 86' lang='lat' dir='ltr'><strong>quibus</strong></span> <span class='ocrx_word' id='word_1_238' title='bbox 772 1768 885 1839; x_wconf 89' lang='lat' dir='ltr'><strong>ipsa</strong></span> <span class='ocrx_word' id='word_1_239' title='bbox 917 1766 1056 1823; x_wconf 84' lang='lat' dir='ltr'><strong>Filio</strong></span> <span class='ocrx_word' id='word_1_240' title='bbox 1085 1769 1183 1824; x_wconf 87' lang='lat' dir='ltr'><strong>Dei</strong></span> <span class='ocrx_word' id='word_1_241' title='bbox 1211 1770 1543 1841; x_wconf 83' lang='lat' dir='ltr'><strong>attribuitur,</strong></span> <span class='ocrx_word' id='word_1_242' title='bbox 1576 1775 1803 1830; x_wconf 82' lang='lat' dir='ltr'><strong>testimo-</strong></span> <span class='ocrx_word' id='word_1_243' title='bbox 1834 1786 1882 1846; x_wconf 81' lang='grc' dir='ltr'><strong>Β</strong></span> <span class='ocrx_word' id='word_1_244' title='bbox 1910 1805 2097 1862; x_wconf 64' lang='lat' dir='ltr'><strong>eadem</strong></span> <span class='ocrx_word' id='word_1_245' title='bbox 2114 1766 3077 1876; x_wconf 43' lang='lat' dir='ltr'><strong>qua,patermesl?Quamqu;mcum</strong></span> <span class='ocrx_word' id='word_1_246' title='bbox 3097 1800 3511 1857; x_wconf 52' lang='lat' dir='ltr'><strong>di‘eriuomnia</strong></span> 
     </span>
    </p>
   </div>
   <div class='ocr_carea' id='block_1_33' title="bbox 279 1861 742 1917">
    <p class='ocr_par' dir='ltr' id='par_1_33' title="bbox 279 1861 742 1917">
     <span class='ocr_line' id='line_1_33' title="bbox 279 1861 742 1917; baseline 0.009 -4"><span class='ocrx_word' id='word_1_247' title='bbox 279 1861 379 1915; x_wconf 87' lang='lat' dir='ltr'><strong>niis</strong></span> <span class='ocrx_word' id='word_1_248' title='bbox 403 1861 742 1917; x_wconf 88' lang='lat' dir='ltr'><strong>dentonstrat.</strong></span> 
     </span>
    </p>
   </div>
   <div class='ocr_carea' id='block_1_34' title="bbox 276 2000 1808 2077">
    <p class='ocr_par' dir='ltr' id='par_1_34' title="bbox 276 2000 1808 2077">
     <span class='ocr_line' id='line_1_34' title="bbox 276 2000 1808 2077; baseline 0.005 -23"><span class='ocrx_word' id='word_1_249' title='bbox 276 2000 369 2057; x_wconf 77' lang='grc'><strong>47.</strong></span> <span class='ocrx_word' id='word_1_250' title='bbox 397 2001 543 2072; x_wconf 75' lang='lat' dir='ltr'><strong>Ergo</strong></span> <span class='ocrx_word' id='word_1_251' title='bbox 568 2011 626 2056; x_wconf 91' lang='lat' dir='ltr'><strong>ut</strong></span> <span class='ocrx_word' id='word_1_252' title='bbox 663 2003 818 2072; x_wconf 90' lang='lat' dir='ltr'><strong>quasi</strong></span> <span class='ocrx_word' id='word_1_253' title='bbox 850 2004 1188 2072; x_wconf 90' lang='lat' dir='ltr'><strong>interpositis</strong></span> <span class='ocrx_word' id='word_1_254' title='bbox 1212 2005 1481 2075; x_wconf 89' lang='lat' dir='ltr'><strong>plenioris</strong></span> <span class='ocrx_word' id='word_1_255' title='bbox 1509 2008 1808 2077; x_wconf 79' lang='lat' dir='ltr'><strong>expositio-</strong></span> 
     </span>
    </p>
   </div>
   <div class='ocr_carea' id='block_1_35' title="bbox 201 2093 1803 2171">
    <p class='ocr_par' dir='ltr' id='par_1_35' title="bbox 201 2093 1803 2171">
     <span class='ocr_line' id='line_1_35' title="bbox 201 2093 1803 2171; baseline 0.006 -24"><span class='ocrx_word' id='word_1_256' title='bbox 201 2093 292 2149; x_wconf 88' lang='lat' dir='ltr'><strong>nis</strong></span> <span class='ocrx_word' id='word_1_257' title='bbox 325 2095 604 2164; x_wconf 88' lang='lat' dir='ltr'><strong>paulisper</strong></span> <span class='ocrx_word' id='word_1_258' title='bbox 633 2094 902 2162; x_wconf 89' lang='lat' dir='ltr'><strong>induciis,</strong></span> <span class='ocrx_word' id='word_1_259' title='bbox 934 2111 1033 2151; x_wconf 90' lang='lat' dir='ltr'><strong>cur</strong></span> <span class='ocrx_word' id='word_1_260' title='bbox 1062 2097 1301 2153; x_wconf 80' lang='lat' dir='ltr'><strong>dixerit:</strong></span> <span class='ocrx_word' id='word_1_261' title='bbox 1336 2098 1398 2153; x_wconf 84' lang='lat' dir='ltr'><strong>Si</strong></span> <span class='ocrx_word' id='word_1_262' title='bbox 1436 2101 1681 2171; x_wconf 86' lang='lat' dir='ltr'><strong>possibile</strong></span> <span class='ocrx_word' id='word_1_263' title='bbox 1705 2113 1803 2170; x_wconf 86' lang='lat' dir='ltr'><strong>est,</strong></span> 
     </span>
    </p>
   </div>
   <div class='ocr_carea' id='block_1_36' title="bbox 201 2188 1804 2253">
    <p class='ocr_par' dir='ltr' id='par_1_36' title="bbox 201 2188 1804 2253">
     <span class='ocr_line' id='line_1_36' title="bbox 201 2188 1804 2253; baseline 0.006 -12"><span class='ocrx_word' id='word_1_264' title='bbox 201 2188 511 2244; x_wconf 88' lang='lat' dir='ltr'><strong>voluntatis</strong></span> <span class='ocrx_word' id='word_1_265' title='bbox 539 2188 756 2245; x_wconf 88' lang='lat' dir='ltr'><strong>interim</strong></span> <span class='ocrx_word' id='word_1_266' title='bbox 783 2190 968 2247; x_wconf 78' lang='lat' dir='ltr'><strong>libera:</strong></span> <span class='ocrx_word' id='word_1_267' title='bbox 980 2192 1273 2248; x_wconf 90' lang='lat' dir='ltr'><strong>Dominum</strong></span> <span class='ocrx_word' id='word_1_268' title='bbox 1298 2194 1467 2250; x_wconf 88' lang='lat' dir='ltr'><strong>fuisse</strong></span> <span class='ocrx_word' id='word_1_269' title='bbox 1487 2195 1804 2253; x_wconf 88' lang='lat' dir='ltr'><strong>doceamus.</strong></span> 
     </span>
    </p>
   </div>
   <div class='ocr_carea' id='block_1_37' title="bbox 204 2280 1807 2359">
    <p class='ocr_par' dir='ltr' id='par_1_37' title="bbox 204 2280 1807 2359">
     <span class='ocr_line' id='line_1_37' title="bbox 204 2280 1807 2359; baseline 0.007 -25"><span class='ocrx_word' id='word_1_270' title='bbox 204 2280 265 2335; x_wconf 90' lang='lat' dir='ltr'><strong>In</strong></span> <span class='ocrx_word' id='word_1_271' title='bbox 298 2290 510 2336; x_wconf 86' lang='lat' dir='ltr'><strong>tantum</strong></span> <span class='ocrx_word' id='word_1_272' title='bbox 548 2283 892 2352; x_wconf 76' lang='lat' dir='ltr'><strong>processistis</strong></span> <span class='ocrx_word' id='word_1_273' title='bbox 935 2284 1230 2355; x_wconf 88' lang='lat' dir='ltr'><strong>impietatis</strong></span> <span class='ocrx_word' id='word_1_274' title='bbox 1255 2330 1269 2350; x_wconf 90' lang='lat'><strong>,</strong></span> <span class='ocrx_word' id='word_1_275' title='bbox 1314 2295 1376 2342; x_wconf 89' lang='lat' dir='ltr'><strong>ut</strong></span> <span class='ocrx_word' id='word_1_276' title='bbox 1421 2290 1635 2359; x_wconf 82' lang='lat' dir='ltr'><strong>negetis</strong></span> <span class='ocrx_word' id='word_1_277' title='bbox 1663 2290 1807 2359; x_wconf 92' lang='lat' dir='ltr'><strong>quod</strong></span> 
     </span>
    </p>
   </div>
   <div class='ocr_carea' id='block_1_38' title="bbox 204 2373 1807 2442">
    <p class='ocr_par' dir='ltr' id='par_1_38' title="bbox 204 2373 1807 2442">
     <span class='ocr_line' id='line_1_38' title="bbox 204 2373 1807 2442; baseline 0.007 -14"><span class='ocrx_word' id='word_1_278' title='bbox 204 2373 383 2430; x_wconf 86' lang='lat' dir='ltr'><strong>Filius</strong></span> <span class='ocrx_word' id='word_1_279' title='bbox 412 2375 511 2431; x_wconf 88' lang='lat' dir='ltr'><strong>Dei</strong></span> <span class='ocrx_word' id='word_1_280' title='bbox 544 2376 735 2433; x_wconf 76' lang='lat' dir='ltr'><strong>liberte</strong></span> <span class='ocrx_word' id='word_1_281' title='bbox 775 2380 1070 2436; x_wconf 86' lang='lat' dir='ltr'><strong>voluntatis</strong></span> <span class='ocrx_word' id='word_1_282' title='bbox 1106 2392 1132 2418; x_wconf 72' lang='grc' dir='ltr'><strong>ει</strong></span> <span class='ocrx_word' id='word_1_283' title='bbox 1162 2385 1269 2437; x_wconf 86' lang='lat' dir='ltr'><strong>sit!</strong></span> <span class='ocrx_word' id='word_1_284' title='bbox 1320 2385 1390 2438; x_wconf 89' lang='lat' dir='ltr'><strong>At</strong></span> <span class='ocrx_word' id='word_1_285' title='bbox 1416 2395 1566 2439; x_wconf 84' lang='lat' dir='ltr'><strong>certe</strong></span> <span class='ocrx_word' id='word_1_286' title='bbox 1614 2387 1807 2442; x_wconf 86' lang='lat' dir='ltr'><strong>soletis</strong></span> 
     </span>
    </p>
   </div>
   <div class='ocr_carea' id='block_1_39' title="bbox 206 2468 1807 2549">
    <p class='ocr_par' dir='ltr' id='par_1_39' title="bbox 206 2468 1807 2549">
     <span class='ocr_line' id='line_1_39' title="bbox 206 2468 1807 2549; baseline 0.008 -27"><span class='ocrx_word' id='word_1_287' title='bbox 206 2468 379 2523; x_wconf 86' lang='lat' dir='ltr'><strong>etiam</strong></span> <span class='ocrx_word' id='word_1_288' title='bbox 406 2480 599 2526; x_wconf 87' lang='lat' dir='ltr'><strong>saneto</strong></span> <span class='ocrx_word' id='word_1_289' title='bbox 619 2470 845 2542; x_wconf 88' lang='lat' dir='ltr'><strong>Spiritui</strong></span> <span class='ocrx_word' id='word_1_290' title='bbox 871 2473 1159 2544; x_wconf 81' lang='lat' dir='ltr'><strong>derogare,</strong></span> <span class='ocrx_word' id='word_1_291' title='bbox 1184 2487 1239 2531; x_wconf 93' lang='lat' dir='ltr'><strong>et</strong></span> <span class='ocrx_word' id='word_1_292' title='bbox 1264 2492 1464 2547; x_wconf 78' lang='lat' dir='ltr'><strong>negare</strong></span> <span class='ocrx_word' id='word_1_293' title='bbox 1492 2494 1598 2533; x_wconf 88' lang='lat' dir='ltr'><strong>non</strong></span> <span class='ocrx_word' id='word_1_294' title='bbox 1630 2492 1807 2549; x_wconf 82' lang='lat' dir='ltr'><strong>potes-</strong></span> 
     </span>
    </p>
   </div>
   <div class='ocr_carea' id='block_1_40' title="bbox 208 2565 1805 2643">
    <p class='ocr_par' dir='ltr' id='par_1_40' title="bbox 208 2565 1805 2643">
     <span class='ocr_line' id='line_1_40' title="bbox 208 2565 1805 2643; baseline 0.006 -25"><span class='ocrx_word' id='word_1_295' title='bbox 208 2565 283 2619; x_wconf 90' lang='lat' dir='ltr'><strong>tis</strong></span> <span class='ocrx_word' id='word_1_296' title='bbox 309 2566 572 2633; x_wconf 89' lang='lat' dir='ltr'><strong>scriptum</strong></span> <span class='ocrx_word' id='word_1_297' title='bbox 599 2581 752 2622; x_wconf 88' lang='lat' dir='ltr'><strong>esse:</strong></span> <span class='ocrx_word' id='word_1_298' title='bbox 797 2568 1026 2641; x_wconf 88' lang='lat' dir='ltr'><strong>Spiritus</strong></span> <span class='ocrx_word' id='word_1_299' title='bbox 1049 2571 1135 2624; x_wconf 88' lang='lat' dir='ltr'><strong>ubi</strong></span> <span class='ocrx_word' id='word_1_300' title='bbox 1161 2571 1291 2637; x_wconf 78' lang='lat' dir='ltr'><strong>uult,</strong></span> <span class='ocrx_word' id='word_1_301' title='bbox 1324 2573 1487 2643; x_wconf 86' lang='lat' dir='ltr'><strong>spirat</strong></span> <span class='ocrx_word' id='word_1_302' title='bbox 1509 2571 1689 2641; x_wconf 84' lang='lat' dir='ltr'><strong>(Joan.</strong></span> <span class='ocrx_word' id='word_1_303' title='bbox 1724 2590 1805 2640; x_wconf 85' lang='lat' dir='ltr'><strong>ut,</strong></span> 
     </span>
    </p>
   </div>
   <div class='ocr_carea' id='block_1_41' title="bbox 208 2659 1810 2738">
    <p class='ocr_par' dir='ltr' id='par_1_41' title="bbox 208 2659 1810 2738">
     <span class='ocr_line' id='line_1_41' title="bbox 208 2659 1810 2738; baseline 0.006 -24"><span class='ocrx_word' id='word_1_304' title='bbox 208 2660 304 2731; x_wconf 89' lang='lat'><strong>8).</strong></span> <span class='ocrx_word' id='word_1_305' title='bbox 338 2659 441 2715; x_wconf 89' lang='lat' dir='ltr'><strong>Ubi</strong></span> <span class='ocrx_word' id='word_1_306' title='bbox 469 2662 596 2727; x_wconf 79' lang='lat' dir='ltr'><strong>uult,</strong></span> <span class='ocrx_word' id='word_1_307' title='bbox 632 2662 826 2732; x_wconf 89' lang='lat' dir='ltr'><strong>inquit,</strong></span> <span class='ocrx_word' id='word_1_308' title='bbox 861 2678 966 2716; x_wconf 89' lang='lat' dir='ltr'><strong>non</strong></span> <span class='ocrx_word' id='word_1_309' title='bbox 1003 2664 1090 2719; x_wconf 82' lang='lat' dir='ltr'><strong>tibi</strong></span> <span class='ocrx_word' id='word_1_310' title='bbox 1110 2664 1348 2735; x_wconf 89' lang='lat' dir='ltr'><strong>jubetur.</strong></span> <span class='ocrx_word' id='word_1_311' title='bbox 1393 2665 1536 2737; x_wconf 77' lang='lat' dir='ltr'><strong>Ergo</strong></span> <span class='ocrx_word' id='word_1_312' title='bbox 1561 2667 1607 2722; x_wconf 90' lang='lat' dir='ltr'><strong>si</strong></span> <span class='ocrx_word' id='word_1_313' title='bbox 1641 2666 1810 2738; x_wconf 86' lang='lat' dir='ltr'><strong>Spiri-</strong></span> 
     </span>
    </p>
   </div>
   <div class='ocr_carea' id='block_1_42' title="bbox 212 2753 1812 2830">
    <p class='ocr_par' dir='ltr' id='par_1_42' title="bbox 212 2753 1812 2830">
     <span class='ocr_line' id='line_1_42' title="bbox 212 2753 1812 2830; baseline 0.004 -22"><span class='ocrx_word' id='word_1_314' title='bbox 212 2763 304 2809; x_wconf 86' lang='lat' dir='ltr'><strong>tus</strong></span> <span class='ocrx_word' id='word_1_315' title='bbox 336 2753 430 2808; x_wconf 88' lang='lat' dir='ltr'><strong>ubi</strong></span> <span class='ocrx_word' id='word_1_316' title='bbox 452 2754 568 2808; x_wconf 86' lang='lat' dir='ltr'><strong>vult</strong></span> <span class='ocrx_word' id='word_1_317' title='bbox 590 2797 606 2822; x_wconf 96' lang='lat'><strong>,</strong></span> <span class='ocrx_word' id='word_1_318' title='bbox 640 2754 847 2825; x_wconf 87' lang='lat' dir='ltr'><strong>spirat,</strong></span> <span class='ocrx_word' id='word_1_319' title='bbox 882 2756 1052 2811; x_wconf 79' lang='lat' dir='ltr'><strong>Filius</strong></span> <span class='ocrx_word' id='word_1_320' title='bbox 1079 2757 1222 2826; x_wconf 91' lang='lat' dir='ltr'><strong>quod</strong></span> <span class='ocrx_word' id='word_1_321' title='bbox 1267 2759 1399 2823; x_wconf 85' lang='lat' dir='ltr'><strong>vult,</strong></span> <span class='ocrx_word' id='word_1_322' title='bbox 1429 2775 1535 2813; x_wconf 92' lang='lat' dir='ltr'><strong>non</strong></span> <span class='ocrx_word' id='word_1_323' title='bbox 1567 2761 1716 2830; x_wconf 78' lang='lat' dir='ltr'><strong>agit?</strong></span> <span class='ocrx_word' id='word_1_324' title='bbox 1741 2759 1812 2815; x_wconf 85' lang='lat' dir='ltr'><strong>Et</strong></span> 
     </span>
    </p>
   </div>
   <div class='ocr_carea' id='block_1_43' title="bbox 209 2845 1808 2921">
    <p class='ocr_par' dir='ltr' id='par_1_43' title="bbox 209 2845 1808 2921">
     <span class='ocr_line' id='line_1_43' title="bbox 209 2845 1808 2921; baseline 0.005 -20"><span class='ocrx_word' id='word_1_325' title='bbox 209 2857 368 2903; x_wconf 89' lang='lat' dir='ltr'><strong>certe</strong></span> <span class='ocrx_word' id='word_1_326' title='bbox 414 2846 557 2902; x_wconf 89' lang='lat' dir='ltr'><strong>idem</strong></span> <span class='ocrx_word' id='word_1_327' title='bbox 590 2845 687 2903; x_wconf 87' lang='lat' dir='ltr'><strong>Dei</strong></span> <span class='ocrx_word' id='word_1_328' title='bbox 733 2848 902 2904; x_wconf 82' lang='lat' dir='ltr'><strong>Filius</strong></span> <span class='ocrx_word' id='word_1_329' title='bbox 935 2850 987 2903; x_wconf 92' lang='lat' dir='ltr'><strong>in</strong></span> <span class='ocrx_word' id='word_1_330' title='bbox 1033 2851 1333 2921; x_wconf 78' lang='lat' dir='ltr'><strong>Evangelia</strong></span> <span class='ocrx_word' id='word_1_331' title='bbox 1376 2868 1473 2906; x_wconf 91' lang='lat' dir='ltr'><strong>suo</strong></span> <span class='ocrx_word' id='word_1_332' title='bbox 1502 2853 1672 2920; x_wconf 89' lang='lat' dir='ltr'><strong>dicit,</strong></span> <span class='ocrx_word' id='word_1_333' title='bbox 1719 2855 1808 2909; x_wconf 87' lang='lat' dir='ltr'><strong>ubi</strong></span> 
     </span>
    </p>
   </div>
   <div class='ocr_carea' id='block_1_44' title="bbox 213 2939 1810 3014">
    <p class='ocr_par' dir='ltr' id='par_1_44' title="bbox 213 2939 1810 3014">
     <span class='ocr_line' id='line_1_44' title="bbox 213 2939 1810 3014; baseline 0.006 -21"><span class='ocrx_word' id='word_1_334' title='bbox 213 2939 353 2995; x_wconf 82' lang='lat' dir='ltr'><strong>velit</strong></span> <span class='ocrx_word' id='word_1_335' title='bbox 382 2941 626 3010; x_wconf 84' lang='lat' dir='ltr'><strong>spirandi</strong></span> <span class='ocrx_word' id='word_1_336' title='bbox 659 2954 951 3013; x_wconf 87' lang='lat' dir='ltr'><strong>suppetere</strong></span> <span class='ocrx_word' id='word_1_337' title='bbox 995 2943 1217 3014; x_wconf 88' lang='lat' dir='ltr'><strong>Spiritui</strong></span> <span class='ocrx_word' id='word_1_338' title='bbox 1264 2944 1596 3001; x_wconf 82' lang='lat' dir='ltr'><strong>facultatem.</strong></span> <span class='ocrx_word' id='word_1_339' title='bbox 1645 2946 1810 3002; x_wconf 86' lang='lat' dir='ltr'><strong>Num-</strong></span> 
     </span>
    </p>
   </div>
   <div class='ocr_carea' id='block_1_45' title="bbox 209 3030 1809 3109">
    <p class='ocr_par' dir='ltr' id='par_1_45' title="bbox 209 3030 1809 3109">
     <span class='ocr_line' id='line_1_45' title="bbox 209 3030 1809 3109; baseline 0.008 -24"><span class='ocrx_word' id='word_1_340' title='bbox 209 3030 346 3103; x_wconf 90' lang='lat' dir='ltr'><strong>quid</strong></span> <span class='ocrx_word' id='word_1_341' title='bbox 381 3047 516 3104; x_wconf 80' lang='lat' dir='ltr'><strong>ergo</strong></span> <span class='ocrx_word' id='word_1_342' title='bbox 543 3034 881 3105; x_wconf 85' lang='lat' dir='ltr'><strong>superiorem</strong></span> <span class='ocrx_word' id='word_1_343' title='bbox 918 3038 1149 3101; x_wconf 80' lang='lat' dir='ltr'><strong>fatetur;</strong></span> <span class='ocrx_word' id='word_1_344' title='bbox 1193 3038 1321 3109; x_wconf 87' lang='lat' dir='ltr'><strong>quia</strong></span> <span class='ocrx_word' id='word_1_345' title='bbox 1362 3039 1436 3093; x_wconf 91' lang='lat' dir='ltr'><strong>illi</strong></span> <span class='ocrx_word' id='word_1_346' title='bbox 1482 3038 1628 3107; x_wconf 91' lang='lat' dir='ltr'><strong>licet,</strong></span> <span class='ocrx_word' id='word_1_347' title='bbox 1664 3041 1809 3108; x_wconf 89' lang='lat' dir='ltr'><strong>quod</strong></span> 
     </span>
    </p>
   </div>
   <div class='ocr_carea' id='block_1_46' title="bbox 211 3132 658 3189">
    <p class='ocr_par' dir='ltr' id='par_1_46' title="bbox 211 3132 658 3189">
     <span class='ocr_line' id='line_1_46' title="bbox 211 3132 658 3189; baseline 0.002 -2"><span class='ocrx_word' id='word_1_348' title='bbox 211 3132 321 3188; x_wconf 82' lang='lat' dir='ltr'><strong>sibi</strong></span> <span class='ocrx_word' id='word_1_349' title='bbox 356 3149 465 3188; x_wconf 92' lang='lat' dir='ltr'><strong>non</strong></span> <span class='ocrx_word' id='word_1_350' title='bbox 498 3133 658 3189; x_wconf 86' lang='lat' dir='ltr'><strong>licet?</strong></span> 
     </span>
    </p>
   </div>
   <div class='ocr_carea' id='block_1_47' title="bbox 287 3226 1809 3304">
    <p class='ocr_par' dir='ltr' id='par_1_47' title="bbox 287 3226 1809 3304">
     <span class='ocr_line' id='line_1_47' title="bbox 287 3226 1809 3304; baseline 0.005 -24"><span class='ocrx_word' id='word_1_351' title='bbox 287 3226 384 3281; x_wconf 68' lang='grc'><strong>68.</strong></span> <span class='ocrx_word' id='word_1_352' title='bbox 425 3226 722 3297; x_wconf 79' lang='lat' dir='ltr'><strong>Apostolus</strong></span> <span class='ocrx_word' id='word_1_353' title='bbox 759 3244 976 3301; x_wconf 91' lang='lat' dir='ltr'><strong>quoque</strong></span> <span class='ocrx_word' id='word_1_354' title='bbox 1012 3230 1143 3286; x_wconf 90' lang='lat' dir='ltr'><strong>dicit</strong></span> <span class='ocrx_word' id='word_1_355' title='bbox 1171 3232 1299 3302; x_wconf 90' lang='lat' dir='ltr'><strong>quia</strong></span> <span class='ocrx_word' id='word_1_356' title='bbox 1353 3235 1528 3287; x_wconf 84' lang='lat' dir='ltr'><strong>omnia</strong></span> <span class='ocrx_word' id='word_1_357' title='bbox 1567 3245 1809 3304; x_wconf 85' lang='lat' dir='ltr'><strong>aperatur</strong></span> 
     </span>
    </p>
   </div>
   <div class='ocr_carea' id='block_1_48' title="bbox 218 3321 1811 3398">
    <p class='ocr_par' dir='ltr' id='par_1_48' title="bbox 218 3321 1811 3398">
     <span class='ocr_line' id='line_1_48' title="bbox 218 3321 1811 3398; baseline 0.006 -26"><span class='ocrx_word' id='word_1_358' title='bbox 218 3335 363 3373; x_wconf 87' lang='lat' dir='ltr'><strong>unus</strong></span> <span class='ocrx_word' id='word_1_359' title='bbox 388 3328 535 3389; x_wconf 88' lang='lat' dir='ltr'><strong>atque</strong></span> <span class='ocrx_word' id='word_1_360' title='bbox 559 3321 694 3375; x_wconf 89' lang='lat' dir='ltr'><strong>ident</strong></span> <span class='ocrx_word' id='word_1_361' title='bbox 723 3322 975 3394; x_wconf 86' lang='lat' dir='ltr'><strong>Spiritus,</strong></span> <span class='ocrx_word' id='word_1_362' title='bbox 1009 3324 1246 3379; x_wconf 82' lang='lat' dir='ltr'><strong>dividens</strong></span> <span class='ocrx_word' id='word_1_363' title='bbox 1272 3326 1492 3397; x_wconf 82' lang='lat' dir='ltr'><strong>singulis</strong></span> <span class='ocrx_word' id='word_1_364' title='bbox 1520 3337 1675 3398; x_wconf 88' lang='lat' dir='ltr'><strong>prout</strong></span> <span class='ocrx_word' id='word_1_365' title='bbox 1706 3330 1811 3382; x_wconf 83' lang='lat' dir='ltr'><strong>uult</strong></span> 
     </span>
    </p>
   </div>
   <div class='ocr_carea' id='block_1_49' title="bbox 217 3411 1809 3490">
    <p class='ocr_par' dir='ltr' id='par_1_49' title="bbox 217 3411 1809 3490">
     <span class='ocr_line' id='line_1_49' title="bbox 217 3411 1809 3490; baseline 0.005 -23"><span class='ocrx_word' id='word_1_366' title='bbox 217 3411 264 3482; x_wconf 88' lang='grc' dir='ltr'><strong>(Ι</strong></span> <span class='ocrx_word' id='word_1_367' title='bbox 289 3412 413 3467; x_wconf 84' lang='lat' dir='ltr'><strong>Cor.</strong></span> <span class='ocrx_word' id='word_1_368' title='bbox 444 3429 537 3477; x_wconf 83' lang='lat' dir='ltr'><strong>xu,</strong></span> <span class='ocrx_word' id='word_1_369' title='bbox 571 3414 685 3485; x_wconf 82' lang='lat' dir='ltr'><strong>ll).</strong></span> <span class='ocrx_word' id='word_1_370' title='bbox 727 3415 895 3470; x_wconf 88' lang='lat' dir='ltr'><strong>Prout</strong></span> <span class='ocrx_word' id='word_1_371' title='bbox 920 3419 1050 3482; x_wconf 84' lang='lat' dir='ltr'><strong>vult,</strong></span> <span class='ocrx_word' id='word_1_372' title='bbox 1087 3418 1302 3488; x_wconf 89' lang='lat' dir='ltr'><strong>inquit,</strong></span> <span class='ocrx_word' id='word_1_373' title='bbox 1344 3418 1447 3473; x_wconf 85' lang='lat' dir='ltr'><strong>hoc</strong></span> <span class='ocrx_word' id='word_1_374' title='bbox 1476 3431 1582 3479; x_wconf 85' lang='lat' dir='ltr'><strong>est.</strong></span> <span class='ocrx_word' id='word_1_375' title='bbox 1616 3436 1712 3490; x_wconf 91' lang='lat' dir='ltr'><strong>pro</strong></span> <span class='ocrx_word' id='word_1_376' title='bbox 1741 3421 1809 3475; x_wconf 83' lang='lat' dir='ltr'><strong>li-</strong></span> 
     </span>
    </p>
   </div>
   <div class='ocr_carea' id='block_1_50' title="bbox 211 3508 1808 3581">
    <p class='ocr_par' dir='ltr' id='par_1_50' title="bbox 211 3508 1808 3581">
     <span class='ocr_line' id='line_1_50' title="bbox 211 3508 1808 3581; baseline 0.003 -18"><span class='ocrx_word' id='word_1_377' title='bbox 211 3508 368 3563; x_wconf 75' lang='lat' dir='ltr'><strong>berm</strong></span> <span class='ocrx_word' id='word_1_378' title='bbox 399 3508 689 3563; x_wconf 89' lang='lat' dir='ltr'><strong>voluntatis</strong></span> <span class='ocrx_word' id='word_1_379' title='bbox 717 3509 969 3575; x_wconf 88' lang='lat' dir='ltr'><strong>arbitrio,</strong></span> <span class='ocrx_word' id='word_1_380' title='bbox 1004 3527 1110 3565; x_wconf 89' lang='lat' dir='ltr'><strong>non</strong></span> <span class='ocrx_word' id='word_1_381' title='bbox 1141 3526 1240 3581; x_wconf 91' lang='lat' dir='ltr'><strong>pro</strong></span> <span class='ocrx_word' id='word_1_382' title='bbox 1269 3512 1612 3568; x_wconf 86' lang='lat' dir='ltr'><strong>necessitatis</strong></span> <span class='ocrx_word' id='word_1_383' title='bbox 1642 3514 1808 3568; x_wconf 90' lang='lat' dir='ltr'><strong>obse-</strong></span> 
     </span>
    </p>
   </div>
   <div class='ocr_carea' id='block_1_51' title="bbox 207 3605 1811 3680">
    <p class='ocr_par' dir='ltr' id='par_1_51' title="bbox 207 3605 1811 3680">
     <span class='ocr_line' id='line_1_51' title="bbox 207 3605 1811 3680; baseline 0.007 -25"><span class='ocrx_word' id='word_1_384' title='bbox 207 3605 365 3675; x_wconf 88' lang='lat' dir='ltr'><strong>quio.</strong></span> <span class='ocrx_word' id='word_1_385' title='bbox 383 3606 448 3660; x_wconf 84' lang='lat' dir='ltr'><strong>Et</strong></span> <span class='ocrx_word' id='word_1_386' title='bbox 468 3606 658 3661; x_wconf 89' lang='lat' dir='ltr'><strong>dividit</strong></span> <span class='ocrx_word' id='word_1_387' title='bbox 677 3608 914 3677; x_wconf 87' lang='lat' dir='ltr'><strong>Spiritus</strong></span> <span class='ocrx_word' id='word_1_388' title='bbox 933 3625 1040 3665; x_wconf 90' lang='lat' dir='ltr'><strong>non</strong></span> <span class='ocrx_word' id='word_1_389' title='bbox 1062 3609 1352 3665; x_wconf 86' lang='lat' dir='ltr'><strong>mediocria</strong></span> <span class='ocrx_word' id='word_1_390' title='bbox 1376 3627 1390 3676; x_wconf 92' lang='lat'><strong>;</strong></span> <span class='ocrx_word' id='word_1_391' title='bbox 1412 3611 1507 3666; x_wconf 88' lang='lat' dir='ltr'><strong>sed</strong></span> <span class='ocrx_word' id='word_1_392' title='bbox 1526 3627 1645 3680; x_wconf 69' lang='lat' dir='ltr'><strong>quae</strong></span> <span class='ocrx_word' id='word_1_393' title='bbox 1670 3614 1811 3667; x_wconf 86' lang='lat' dir='ltr'><strong>Deus</strong></span> 
     </span>
    </p>
   </div>
   <div class='ocr_carea' id='block_1_52' title="bbox 208 3700 1811 3777">
    <p class='ocr_par' dir='ltr' id='par_1_52' title="bbox 208 3700 1811 3777">
     <span class='ocr_line' id='line_1_52' title="bbox 208 3700 1811 3777; baseline 0.006 -25"><span class='ocrx_word' id='word_1_394' title='bbox 208 3700 499 3754; x_wconf 85' lang='lat' dir='ltr'><strong>consuevit</strong></span> <span class='ocrx_word' id='word_1_395' title='bbox 527 3702 770 3771; x_wconf 88' lang='lat' dir='ltr'><strong>operari,</strong></span> <span class='ocrx_word' id='word_1_396' title='bbox 798 3703 1025 3772; x_wconf 79' lang='lat' dir='ltr'><strong>gratiam</strong></span> <span class='ocrx_word' id='word_1_397' title='bbox 1055 3705 1421 3769; x_wconf 83' lang='lat' dir='ltr'><strong>curationum,</strong></span> <span class='ocrx_word' id='word_1_398' title='bbox 1454 3714 1509 3759; x_wconf 91' lang='lat' dir='ltr'><strong>et</strong></span> <span class='ocrx_word' id='word_1_399' title='bbox 1536 3707 1811 3777; x_wconf 90' lang='lat' dir='ltr'><strong>operatio-</strong></span> 
     </span>
    </p>
   </div>
   <div class='ocr_carea' id='block_1_53' title="bbox 209 3792 1810 3870">
    <p class='ocr_par' dir='ltr' id='par_1_53' title="bbox 209 3792 1810 3870">
     <span class='ocr_line' id='line_1_53' title="bbox 209 3792 1810 3870; baseline 0.004 -22"><span class='ocrx_word' id='word_1_400' title='bbox 209 3808 340 3849; x_wconf 86' lang='lat' dir='ltr'><strong>nem</strong></span> <span class='ocrx_word' id='word_1_401' title='bbox 372 3792 657 3849; x_wconf 86' lang='lat' dir='ltr'><strong>virtutum.</strong></span> <span class='ocrx_word' id='word_1_402' title='bbox 688 3794 835 3867; x_wconf 83' lang='lat' dir='ltr'><strong>Ergo</strong></span> <span class='ocrx_word' id='word_1_403' title='bbox 862 3798 1051 3851; x_wconf 84' lang='lat' dir='ltr'><strong>dividit</strong></span> <span class='ocrx_word' id='word_1_404' title='bbox 1083 3798 1317 3867; x_wconf 85' lang='lat' dir='ltr'><strong>Spiritus</strong></span> <span class='ocrx_word' id='word_1_405' title='bbox 1347 3809 1509 3870; x_wconf 88' lang='lat' dir='ltr'><strong>prout</strong></span> <span class='ocrx_word' id='word_1_406' title='bbox 1537 3800 1683 3867; x_wconf 90' lang='lat' dir='ltr'><strong>vult,</strong></span> <span class='ocrx_word' id='word_1_407' title='bbox 1719 3800 1810 3855; x_wconf 85' lang='lat' dir='ltr'><strong>Fi-</strong></span> 
     </span>
    </p>
   </div>
   <div class='ocr_carea' id='block_1_54' title="bbox 211 3886 1810 3961">
    <p class='ocr_par' dir='ltr' id='par_1_54' title="bbox 211 3886 1810 3961">
     <span class='ocr_line' id='line_1_54' title="bbox 211 3886 1810 3961; baseline 0.004 -20"><span class='ocrx_word' id='word_1_408' title='bbox 211 3887 320 3941; x_wconf 90' lang='lat' dir='ltr'><strong>lius</strong></span> <span class='ocrx_word' id='word_1_409' title='bbox 359 3886 458 3942; x_wconf 88' lang='lat' dir='ltr'><strong>Dei</strong></span> <span class='ocrx_word' id='word_1_410' title='bbox 489 3902 594 3943; x_wconf 88' lang='lat' dir='ltr'><strong>non</strong></span> <span class='ocrx_word' id='word_1_411' title='bbox 641 3888 867 3957; x_wconf 87' lang='lat' dir='ltr'><strong>liberat,</strong></span> <span class='ocrx_word' id='word_1_412' title='bbox 921 3906 1083 3961; x_wconf 88' lang='lat' dir='ltr'><strong>quem</strong></span> <span class='ocrx_word' id='word_1_413' title='bbox 1126 3892 1283 3945; x_wconf 77' lang='lat' dir='ltr'><strong>vult?</strong></span> <span class='ocrx_word' id='word_1_414' title='bbox 1315 3892 1424 3948; x_wconf 89' lang='lat' dir='ltr'><strong>Sed</strong></span> <span class='ocrx_word' id='word_1_415' title='bbox 1466 3894 1591 3947; x_wconf 87' lang='lat' dir='ltr'><strong>audi</strong></span> <span class='ocrx_word' id='word_1_416' title='bbox 1644 3895 1810 3948; x_wconf 85' lang='lat' dir='ltr'><strong>etiam</strong></span> 
     </span>
    </p>
   </div>
   <div class='ocr_carea' id='block_1_55' title="bbox 206 3986 1809 4061">
    <p class='ocr_par' dir='ltr' id='par_1_55' title="bbox 206 3986 1809 4061">
     <span class='ocr_line' id='line_1_55' title="bbox 206 3986 1809 4061; baseline 0 -20"><span class='ocrx_word' id='word_1_417' title='bbox 206 3987 389 4056; x_wconf 86' lang='lat' dir='ltr'><strong>ipsum</strong></span> <span class='ocrx_word' id='word_1_418' title='bbox 421 4001 582 4055; x_wconf 80' lang='lat' dir='ltr'><strong>agere</strong></span> <span class='ocrx_word' id='word_1_419' title='bbox 606 3986 752 4057; x_wconf 90' lang='lat' dir='ltr'><strong>quod</strong></span> <span class='ocrx_word' id='word_1_420' title='bbox 780 3988 1066 4043; x_wconf 80' lang='lat' dir='ltr'><strong>vult.Dixit</strong></span> <span class='ocrx_word' id='word_1_421' title='bbox 1094 3990 1241 4043; x_wconf 88' lang='lat' dir='ltr'><strong>enim</strong></span> <span class='ocrx_word' id='word_1_422' title='bbox 1265 4006 1277 4042; x_wconf 92' lang='lat'>:</span> <span class='ocrx_word' id='word_1_423' title='bbox 1302 3988 1369 4044; x_wconf 87' lang='lat' dir='ltr'><strong>Ut</strong></span> <span class='ocrx_word' id='word_1_424' title='bbox 1401 3991 1593 4061; x_wconf 80' lang='lat' dir='ltr'><strong>faciant</strong></span> <span class='ocrx_word' id='word_1_425' title='bbox 1622 3989 1809 4043; x_wconf 61' lang='lat' dir='ltr'><strong>volun.</strong></span> 
     </span>
    </p>
   </div>
   <div class='ocr_carea' id='block_1_56' title="bbox 206 4079 1811 4156">
    <p class='ocr_par' dir='ltr' id='par_1_56' title="bbox 206 4079 1811 4156">
     <span class='ocr_line' id='line_1_56' title="bbox 206 4079 1811 4156; baseline 0.002 -23"><span class='ocrx_word' id='word_1_426' title='bbox 206 4090 368 4134; x_wconf 89' lang='lat' dir='ltr'><strong>tatem</strong></span> <span class='ocrx_word' id='word_1_427' title='bbox 404 4092 568 4145; x_wconf 87' lang='lat' dir='ltr'><strong>luam,</strong></span> <span class='ocrx_word' id='word_1_428' title='bbox 617 4079 757 4136; x_wconf 87' lang='lat' dir='ltr'><strong>Deus</strong></span> <span class='ocrx_word' id='word_1_429' title='bbox 785 4098 948 4148; x_wconf 84' lang='lat' dir='ltr'><strong>meus,</strong></span> <span class='ocrx_word' id='word_1_430' title='bbox 982 4084 1123 4136; x_wconf 82' lang='lat' dir='ltr'><strong>volui</strong></span> <span class='ocrx_word' id='word_1_431' title='bbox 1164 4082 1336 4156; x_wconf 83' lang='lat' dir='ltr'><strong>(Psal.</strong></span> <span class='ocrx_word' id='word_1_432' title='bbox 1385 4099 1546 4137; x_wconf 69' lang='grc' dir='ltr'>χχχιχ</span> <span class='ocrx_word' id='word_1_433' title='bbox 1571 4126 1583 4147; x_wconf 87' lang='lat'><strong>,</strong></span> <span class='ocrx_word' id='word_1_434' title='bbox 1616 4084 1698 4154; x_wconf 83' lang='lat'><strong>9).</strong></span> <span class='ocrx_word' id='word_1_435' title='bbox 1745 4082 1811 4137; x_wconf 85' lang='lat' dir='ltr'><strong>Et</strong></span> 
     </span>
    </p>
   </div>
   <div class='ocr_carea' id='block_1_57' title="bbox 206 4172 1625 4251">
    <p class='ocr_par' dir='ltr' id='par_1_57' title="bbox 206 4172 1625 4251">
     <span class='ocr_line' id='line_1_57' title="bbox 206 4172 1625 4251; baseline 0.006 -25"><span class='ocrx_word' id='word_1_436' title='bbox 206 4173 341 4228; x_wconf 87' lang='lat' dir='ltr'><strong>alibi</strong></span> <span class='ocrx_word' id='word_1_437' title='bbox 368 4190 381 4228; x_wconf 90' lang='lat'>:</span> <span class='ocrx_word' id='word_1_438' title='bbox 421 4172 726 4229; x_wconf 73' lang='lat' dir='ltr'><strong>Voluntaria</strong></span> <span class='ocrx_word' id='word_1_439' title='bbox 750 4176 1050 4244; x_wconf 78' lang='lat' dir='ltr'><strong>sacriﬁcabo</strong></span> <span class='ocrx_word' id='word_1_440' title='bbox 1082 4177 1171 4231; x_wconf 83' lang='lat' dir='ltr'><strong>tibi</strong></span> <span class='ocrx_word' id='word_1_441' title='bbox 1199 4177 1372 4250; x_wconf 83' lang='lat' dir='ltr'><strong>(Psal.</strong></span> <span class='ocrx_word' id='word_1_442' title='bbox 1404 4195 1516 4245; x_wconf 84' lang='lat' dir='ltr'><strong>Llll,</strong></span> <span class='ocrx_word' id='word_1_443' title='bbox 1547 4180 1625 4251; x_wconf 92' lang='lat'><strong>8).</strong></span> 
     </span>
    </p>
   </div>
   <div class='ocr_carea' id='block_1_58' title="bbox 282 4268 1808 4345">
    <p class='ocr_par' dir='ltr' id='par_1_58' title="bbox 282 4268 1808 4345">
     <span class='ocr_line' id='line_1_58' title="bbox 282 4268 1808 4345; baseline 0.005 -24"><span class='ocrx_word' id='word_1_444' title='bbox 282 4268 369 4321; x_wconf 75' lang='lat'><strong>49.</strong></span> <span class='ocrx_word' id='word_1_445' title='bbox 405 4268 576 4325; x_wconf 86' lang='lat' dir='ltr'><strong>Scivit</strong></span> <span class='ocrx_word' id='word_1_446' title='bbox 607 4278 826 4323; x_wconf 86' lang='lat' dir='ltr'><strong>sanctus</strong></span> <span class='ocrx_word' id='word_1_447' title='bbox 866 4273 1146 4339; x_wconf 86' lang='lat' dir='ltr'><strong>apostolus</strong></span> <span class='ocrx_word' id='word_1_448' title='bbox 1172 4271 1365 4326; x_wconf 88' lang='lat' dir='ltr'><strong>Petrus</strong></span> <span class='ocrx_word' id='word_1_449' title='bbox 1395 4272 1577 4327; x_wconf 83' lang='lat' dir='ltr'><strong>Jestttn</strong></span> <span class='ocrx_word' id='word_1_450' title='bbox 1617 4275 1669 4328; x_wconf 93' lang='lat' dir='ltr'><strong>in</strong></span> <span class='ocrx_word' id='word_1_451' title='bbox 1714 4290 1808 4345; x_wconf 89' lang='lat' dir='ltr'><strong>po-</strong></span> 
     </span>
    </p>
   </div>
   <div class='ocr_carea' id='block_1_59' title="bbox 204 4360 1810 4432">
    <p class='ocr_par' dir='ltr' id='par_1_59' title="bbox 204 4360 1810 4432">
     <span class='ocr_line' id='line_1_59' title="bbox 204 4360 1810 4432; baseline 0.004 -17"><span class='ocrx_word' id='word_1_452' title='bbox 204 4371 415 4417; x_wconf 78' lang='lat' dir='ltr'><strong>te3tate</strong></span> <span class='ocrx_word' id='word_1_453' title='bbox 455 4360 657 4416; x_wconf 85' lang='lat' dir='ltr'><strong>habere</strong></span> <span class='ocrx_word' id='word_1_454' title='bbox 716 4376 838 4432; x_wconf 62' lang='lat' dir='ltr'><strong>quae</strong></span> <span class='ocrx_word' id='word_1_455' title='bbox 867 4364 1057 4428; x_wconf 85' lang='lat' dir='ltr'><strong>vellet;</strong></span> <span class='ocrx_word' id='word_1_456' title='bbox 1091 4374 1147 4419; x_wconf 90' lang='lat' dir='ltr'><strong>et</strong></span> <span class='ocrx_word' id='word_1_457' title='bbox 1176 4365 1296 4420; x_wconf 89' lang='lat' dir='ltr'><strong>ideo</strong></span> <span class='ocrx_word' id='word_1_458' title='bbox 1318 4381 1438 4419; x_wconf 87' lang='lat' dir='ltr'><strong>cum</strong></span> <span class='ocrx_word' id='word_1_459' title='bbox 1465 4368 1673 4423; x_wconf 84' lang='lat' dir='ltr'><strong>videret</strong></span> <span class='ocrx_word' id='word_1_460' title='bbox 1695 4385 1810 4421; x_wconf 90' lang='lat' dir='ltr'><strong>am-</strong></span> 
     </span>
    </p>
   </div>
   <div class='ocr_carea' id='block_1_60' title="bbox 205 4458 1810 4534">
    <p class='ocr_par' dir='ltr' id='par_1_60' title="bbox 205 4458 1810 4534">
     <span class='ocr_line' id='line_1_60' title="bbox 205 4458 1810 4534; baseline 0.003 -21"><span class='ocrx_word' id='word_1_461' title='bbox 205 4458 407 4514; x_wconf 89' lang='lat' dir='ltr'><strong>bulare</strong></span> <span class='ocrx_word' id='word_1_462' title='bbox 433 4473 558 4513; x_wconf 88' lang='lat' dir='ltr'><strong>eum</strong></span> <span class='ocrx_word' id='word_1_463' title='bbox 586 4474 745 4528; x_wconf 89' lang='lat' dir='ltr'><strong>supra</strong></span> <span class='ocrx_word' id='word_1_464' title='bbox 777 4474 947 4525; x_wconf 88' lang='lat' dir='ltr'><strong>mare,</strong></span> <span class='ocrx_word' id='word_1_465' title='bbox 980 4460 1088 4515; x_wconf 84' lang='lat' dir='ltr'><strong>ait:</strong></span> <span class='ocrx_word' id='word_1_466' title='bbox 1134 4459 1373 4526; x_wconf 88' lang='lat' dir='ltr'><strong>Domine,</strong></span> <span class='ocrx_word' id='word_1_467' title='bbox 1410 4464 1456 4517; x_wconf 88' lang='lat' dir='ltr'><strong>si</strong></span> <span class='ocrx_word' id='word_1_468' title='bbox 1494 4473 1547 4517; x_wconf 83' lang='lat' dir='ltr'><strong>tu</strong></span> <span class='ocrx_word' id='word_1_469' title='bbox 1578 4481 1650 4530; x_wconf 85' lang='lat' dir='ltr'><strong>es,</strong></span> <span class='ocrx_word' id='word_1_470' title='bbox 1682 4463 1810 4534; x_wconf 81' lang='lat' dir='ltr'><strong>jube</strong></span> 
     </span>
    </p>
   </div>
   <div class='ocr_carea' id='block_1_61' title="bbox 1911 1896 3511 1973">
    <p class='ocr_par' dir='ltr' id='par_1_61' title="bbox 1911 1896 3511 1973">
     <span class='ocr_line' id='line_1_61' title="bbox 1911 1896 3511 1973; baseline -0.001 -20"><span class='ocrx_word' id='word_1_471' title='bbox 1911 1917 2026 1973; x_wconf 79' lang='lat' dir='ltr'><strong>quat</strong></span> <span class='ocrx_word' id='word_1_472' title='bbox 2054 1901 2213 1956; x_wconf 87' lang='lat' dir='ltr'><strong>Pater</strong></span> <span class='ocrx_word' id='word_1_473' title='bbox 2241 1902 2412 1966; x_wconf 84' lang='lat' dir='ltr'><strong>habet,</strong></span> <span class='ocrx_word' id='word_1_474' title='bbox 2443 1917 2556 1956; x_wconf 86' lang='lat' dir='ltr'><strong>mea</strong></span> <span class='ocrx_word' id='word_1_475' title='bbox 2586 1911 2706 1955; x_wconf 87' lang='lat' dir='ltr'><strong>sunt</strong></span> <span class='ocrx_word' id='word_1_476' title='bbox 2734 1897 2915 1971; x_wconf 84' lang='lat' dir='ltr'><strong>(Joan.</strong></span> <span class='ocrx_word' id='word_1_477' title='bbox 2950 1914 3063 1964; x_wconf 81' lang='lat' dir='ltr'><strong>xvi,</strong></span> <span class='ocrx_word' id='word_1_478' title='bbox 3096 1897 3184 1968; x_wconf 83' lang='grc'><strong>15)</strong></span> <span class='ocrx_word' id='word_1_479' title='bbox 3211 1914 3225 1952; x_wconf 90' lang='lat'>:</span> <span class='ocrx_word' id='word_1_480' title='bbox 3266 1896 3386 1952; x_wconf 88' lang='lat' dir='ltr'><strong>sine</strong></span> <span class='ocrx_word' id='word_1_481' title='bbox 3411 1896 3511 1951; x_wconf 88' lang='lat' dir='ltr'><strong>du-</strong></span> 
     </span>
    </p>
   </div>
   <div class='ocr_carea' id='block_1_62' title="bbox 1910 1990 3506 2067">
    <p class='ocr_par' dir='ltr' id='par_1_62' title="bbox 1910 1990 3506 2067">
     <span class='ocr_line' id='line_1_62' title="bbox 1910 1990 3506 2067; baseline -0.004 -14"><span class='ocrx_word' id='word_1_482' title='bbox 1910 1998 1999 2053; x_wconf 85' lang='lat' dir='ltr'><strong>bio</strong></span> <span class='ocrx_word' id='word_1_483' title='bbox 2026 1997 2147 2067; x_wconf 85' lang='lat' dir='ltr'><strong>quia</strong></span> <span class='ocrx_word' id='word_1_484' title='bbox 2173 1996 2304 2051; x_wconf 81' lang='lat' dir='ltr'><strong>nihil</strong></span> <span class='ocrx_word' id='word_1_485' title='bbox 2337 1995 2624 2065; x_wconf 78' lang='lat' dir='ltr'><strong>excipitur,</strong></span> <span class='ocrx_word' id='word_1_486' title='bbox 2658 2009 2819 2065; x_wconf 91' lang='lat' dir='ltr'><strong>quam</strong></span> <span class='ocrx_word' id='word_1_487' title='bbox 2847 1993 3010 2049; x_wconf 88' lang='lat' dir='ltr'><strong>Pater</strong></span> <span class='ocrx_word' id='word_1_488' title='bbox 3046 1991 3233 2057; x_wconf 81' lang='lat' dir='ltr'><strong>habet,</strong></span> <span class='ocrx_word' id='word_1_489' title='bbox 3259 1990 3506 2048; x_wconf 88' lang='lat' dir='ltr'><strong>eamdem</strong></span> 
     </span>
    </p>
   </div>
   <div class='ocr_carea' id='block_1_63' title="bbox 1913 2088 2746 2146">
    <p class='ocr_par' dir='ltr' id='par_1_63' title="bbox 1913 2088 2746 2146">
     <span class='ocr_line' id='line_1_63' title="bbox 1913 2088 2746 2146; baseline -0.005 -2"><span class='ocrx_word' id='word_1_490' title='bbox 1913 2091 2076 2146; x_wconf 86' lang='lat' dir='ltr'><strong>habet</strong></span> <span class='ocrx_word' id='word_1_491' title='bbox 2103 2100 2156 2146; x_wconf 92' lang='lat' dir='ltr'><strong>et</strong></span> <span class='ocrx_word' id='word_1_492' title='bbox 2183 2088 2358 2144; x_wconf 84' lang='lat' dir='ltr'><strong>Filius</strong></span> <span class='ocrx_word' id='word_1_493' title='bbox 2383 2088 2746 2144; x_wconf 86' lang='lat' dir='ltr'><strong>voluntatem.</strong></span> 
     </span>
    </p>
   </div>
   <div class='ocr_carea' id='block_1_64' title="bbox 2520 2198 2951 2261">
    <p class='ocr_par' dir='ltr' id='par_1_64' title="bbox 2520 2198 2951 2261">
     <span class='ocr_line' id='line_1_64' title="bbox 2520 2198 2951 2261; baseline -0.007 0"><span class='ocrx_word' id='word_1_494' title='bbox 2520 2203 2751 2261; x_wconf 78' lang='lat' dir='ltr'><strong>CAPUT</strong></span> <span class='ocrx_word' id='word_1_495' title='bbox 2787 2204 2896 2260; x_wconf 87' lang='lat' dir='ltr'><strong>VII.</strong></span> <span class='ocrx_word' id='word_1_496' title='bbox 2946 2198 2951 2205; x_wconf 84' lang='grc'><em>’</em></span> 
     </span>
    </p>
   </div>
   <div class='ocr_carea' id='block_1_65' title="bbox 1915 2300 3507 2377">
    <p class='ocr_par' dir='ltr' id='par_1_65' title="bbox 1915 2300 3507 2377">
     <span class='ocr_line' id='line_1_65' title="bbox 1915 2300 3507 2377; baseline -0.004 -18"><span class='ocrx_word' id='word_1_497' title='bbox 1915 2305 2068 2361; x_wconf 85' lang='lat' dir='ltr'><strong>Redit</strong></span> <span class='ocrx_word' id='word_1_498' title='bbox 2096 2304 2164 2360; x_wconf 87' lang='lat' dir='ltr'><strong>ad</strong></span> <span class='ocrx_word' id='word_1_499' title='bbox 2194 2307 2469 2377; x_wconf 75' lang='lat' dir='ltr'><strong>prepositaz</strong></span> <span class='ocrx_word' id='word_1_500' title='bbox 2496 2305 2815 2375; x_wconf 71' lang='lat' dir='ltr'><strong>diﬂicultatis</strong></span> <span class='ocrx_word' id='word_1_501' title='bbox 2840 2304 3164 2367; x_wconf 88' lang='lat' dir='ltr'><strong>solutionetn,</strong></span> <span class='ocrx_word' id='word_1_502' title='bbox 3198 2309 3247 2355; x_wconf 80' lang='lat' dir='ltr'><strong>et</strong></span> <span class='ocrx_word' id='word_1_503' title='bbox 3268 2300 3507 2353; x_wconf 80' lang='lat' dir='ltr'><strong>volunta-</strong></span> 
     </span>
    </p>
   </div>
   <div class='ocr_carea' id='block_1_66' title="bbox 1983 2393 3510 2470">
    <p class='ocr_par' dir='ltr' id='par_1_66' title="bbox 1983 2393 3510 2470">
     <span class='ocr_line' id='line_1_66' title="bbox 1983 2393 3510 2470; baseline -0.005 -16"><span class='ocrx_word' id='word_1_504' title='bbox 1983 2412 2080 2454; x_wconf 85' lang='lat' dir='ltr'><strong>tem</strong></span> <span class='ocrx_word' id='word_1_505' title='bbox 2119 2399 2434 2470; x_wconf 76' lang='lat' dir='ltr'><strong>a/feclnsqne</strong></span> <span class='ocrx_word' id='word_1_506' title='bbox 2476 2399 2731 2452; x_wconf 85' lang='lat' dir='ltr'><strong>humanos</strong></span> <span class='ocrx_word' id='word_1_507' title='bbox 2770 2415 2800 2450; x_wconf 95' lang='lat' dir='ltr'><strong>a</strong></span> <span class='ocrx_word' id='word_1_508' title='bbox 2843 2393 3047 2451; x_wconf 81' lang='lat' dir='ltr'><strong>Christo</strong></span> <span class='ocrx_word' id='word_1_509' title='bbox 3092 2410 3209 2450; x_wconf 79' lang='lat' dir='ltr'><strong>vere</strong></span> <span class='ocrx_word' id='word_1_510' title='bbox 3240 2402 3510 2462; x_wconf 88' lang='lat' dir='ltr'><strong>susceptos</strong></span> 
     </span>
    </p>
   </div>
   <div class='ocr_carea' id='block_1_67' title="bbox 1984 2485 3511 2564">
    <p class='ocr_par' dir='ltr' id='par_1_67' title="bbox 1984 2485 3511 2564">
     <span class='ocr_line' id='line_1_67' title="bbox 1984 2485 3511 2564; baseline -0.007 -16"><span class='ocrx_word' id='word_1_511' title='bbox 1984 2512 2112 2558; x_wconf 84' lang='lat' dir='ltr'><strong>esse,</strong></span> <span class='ocrx_word' id='word_1_512' title='bbox 2146 2511 2206 2549; x_wconf 83' lang='lat' dir='ltr'><strong>ac</strong></span> <span class='ocrx_word' id='word_1_513' title='bbox 2235 2494 2451 2564; x_wconf 83' lang='lat' dir='ltr'><strong>proinde</strong></span> <span class='ocrx_word' id='word_1_514' title='bbox 2475 2493 2727 2564; x_wconf 86' lang='lat' dir='ltr'><strong>quidquid</strong></span> <span class='ocrx_word' id='word_1_515' title='bbox 2752 2492 2805 2546; x_wconf 88' lang='lat' dir='ltr'><strong>in</strong></span> <span class='ocrx_word' id='word_1_516' title='bbox 2836 2494 2947 2561; x_wconf 88' lang='lat' dir='ltr'><strong>ipso</strong></span> <span class='ocrx_word' id='word_1_517' title='bbox 2978 2506 3079 2543; x_wconf 88' lang='lat' dir='ltr'><strong>non</strong></span> <span class='ocrx_word' id='word_1_518' title='bbox 3111 2487 3349 2560; x_wconf 87' lang='lat' dir='ltr'><strong>congruit</strong></span> <span class='ocrx_word' id='word_1_519' title='bbox 3376 2485 3511 2539; x_wconf 82' lang='lat' dir='ltr'><strong>diui-</strong></span> 
     </span>
    </p>
   </div>
   <div class='ocr_carea' id='block_1_68' title="bbox 1984 2578 3513 2654">
    <p class='ocr_par' dir='ltr' id='par_1_68' title="bbox 1984 2578 3513 2654">
     <span class='ocr_line' id='line_1_68' title="bbox 1984 2578 3513 2654; baseline -0.004 -13"><span class='ocrx_word' id='word_1_520' title='bbox 1984 2588 2154 2654; x_wconf 88' lang='lat' dir='ltr'><strong>nitati,</strong></span> <span class='ocrx_word' id='word_1_521' title='bbox 2185 2604 2247 2642; x_wconf 69' lang='lat' dir='ltr'><strong>ex</strong></span> <span class='ocrx_word' id='word_1_522' title='bbox 2274 2587 2465 2642; x_wconf 81' lang='lat' dir='ltr'><strong>eisdem</strong></span> <span class='ocrx_word' id='word_1_523' title='bbox 2486 2588 2616 2640; x_wconf 87' lang='lat' dir='ltr'><strong>oriri</strong></span> <span class='ocrx_word' id='word_1_524' title='bbox 2646 2586 2813 2650; x_wconf 88' lang='lat' dir='ltr'><strong>docet,</strong></span> <span class='ocrx_word' id='word_1_525' title='bbox 2846 2593 2998 2654; x_wconf 84' lang='lat' dir='ltr'><strong>atque</strong></span> <span class='ocrx_word' id='word_1_526' title='bbox 3023 2582 3091 2637; x_wconf 89' lang='lat' dir='ltr'><strong>ad</strong></span> <span class='ocrx_word' id='word_1_527' title='bbox 3114 2581 3168 2637; x_wconf 87' lang='lat' dir='ltr'><strong>id</strong></span> <span class='ocrx_word' id='word_1_528' title='bbox 3190 2579 3328 2653; x_wconf 88' lang='lat' dir='ltr'><strong>quod</strong></span> <span class='ocrx_word' id='word_1_529' title='bbox 3357 2578 3513 2635; x_wconf 84' lang='lat' dir='ltr'><strong>simul</strong></span> 
     </span>
    </p>
   </div>
   <div class='ocr_carea' id='block_1_69' title="bbox 1987 2680 2759 2750">
    <p class='ocr_par' dir='ltr' id='par_1_69' title="bbox 1987 2680 2759 2750">
     <span class='ocr_line' id='line_1_69' title="bbox 1987 2680 2759 2750; baseline 0.001 -16"><span class='ocrx_word' id='word_1_530' title='bbox 1987 2680 2125 2736; x_wconf 85' lang='lat' dir='ltr'><strong>Deus</strong></span> <span class='ocrx_word' id='word_1_531' title='bbox 2150 2692 2197 2736; x_wconf 88' lang='lat' dir='ltr'><strong>et</strong></span> <span class='ocrx_word' id='word_1_532' title='bbox 2224 2682 2375 2736; x_wconf 89' lang='lat' dir='ltr'><strong>homo</strong></span> <span class='ocrx_word' id='word_1_533' title='bbox 2398 2692 2525 2747; x_wconf 86' lang='lat' dir='ltr'><strong>erat,</strong></span> <span class='ocrx_word' id='word_1_534' title='bbox 2556 2681 2759 2750; x_wconf 77' lang='lat' dir='ltr'><strong>referri.</strong></span> 
     </span>
    </p>
   </div>
   <div class='ocr_carea' id='block_1_70' title="bbox 1985 2766 3510 2847">
    <p class='ocr_par' dir='ltr' id='par_1_70' title="bbox 1985 2766 3510 2847">
     <span class='ocr_line' id='line_1_70' title="bbox 1985 2766 3510 2847; baseline -0.008 -14"><span class='ocrx_word' id='word_1_535' title='bbox 1985 2777 2073 2833; x_wconf 72' lang='lat'><strong>52.</strong></span> <span class='ocrx_word' id='word_1_536' title='bbox 2111 2776 2230 2832; x_wconf 89' lang='lat' dir='ltr'><strong>Una</strong></span> <span class='ocrx_word' id='word_1_537' title='bbox 2262 2791 2394 2847; x_wconf 79' lang='lat' dir='ltr'><strong>ergo</strong></span> <span class='ocrx_word' id='word_1_538' title='bbox 2415 2778 2689 2839; x_wconf 85' lang='lat' dir='ltr'><strong>volunt-ts,</strong></span> <span class='ocrx_word' id='word_1_539' title='bbox 2723 2773 2811 2829; x_wconf 85' lang='lat' dir='ltr'><strong>ubi</strong></span> <span class='ocrx_word' id='word_1_540' title='bbox 2846 2788 2948 2827; x_wconf 87' lang='lat' dir='ltr'><strong>una</strong></span> <span class='ocrx_word' id='word_1_541' title='bbox 2979 2768 3230 2842; x_wconf 87' lang='lat' dir='ltr'><strong>operatio</strong></span> <span class='ocrx_word' id='word_1_542' title='bbox 3262 2786 3276 2833; x_wconf 91' lang='lat'><strong>;</strong></span> <span class='ocrx_word' id='word_1_543' title='bbox 3305 2768 3357 2822; x_wconf 89' lang='lat' dir='ltr'><strong>itt</strong></span> <span class='ocrx_word' id='word_1_544' title='bbox 3395 2766 3510 2823; x_wconf 89' lang='lat' dir='ltr'><strong>Deo</strong></span> 
     </span>
    </p>
   </div>
   <div class='ocr_carea' id='block_1_71' title="bbox 1914 2861 3511 2937">
    <p class='ocr_par' dir='ltr' id='par_1_71' title="bbox 1914 2861 3511 2937">
     <span class='ocr_line' id='line_1_71' title="bbox 1914 2861 3511 2937; baseline -0.006 -10"><span class='ocrx_word' id='word_1_545' title='bbox 1914 2872 2059 2927; x_wconf 90' lang='lat' dir='ltr'><strong>enim</strong></span> <span class='ocrx_word' id='word_1_546' title='bbox 2086 2871 2379 2925; x_wconf 87' lang='lat' dir='ltr'><strong>voluntatis</strong></span> <span class='ocrx_word' id='word_1_547' title='bbox 2418 2873 2588 2925; x_wconf 82' lang='lat' dir='ltr'><strong>series</strong></span> <span class='ocrx_word' id='word_1_548' title='bbox 2627 2867 2965 2937; x_wconf 79' lang='lat' dir='ltr'><strong>Operationis</strong></span> <span class='ocrx_word' id='word_1_549' title='bbox 2992 2864 3220 2922; x_wconf 80' lang='lat' dir='ltr'><strong>effectus</strong></span> <span class='ocrx_word' id='word_1_550' title='bbox 3251 2873 3353 2920; x_wconf 85' lang='lat' dir='ltr'><strong>est.</strong></span> <span class='ocrx_word' id='word_1_551' title='bbox 3402 2861 3511 2918; x_wconf 89' lang='lat' dir='ltr'><strong>Sed</strong></span> 
     </span>
    </p>
   </div>
   <div class='ocr_carea' id='block_1_72' title="bbox 1912 2957 3516 3032">
    <p class='ocr_par' dir='ltr' id='par_1_72' title="bbox 1912 2957 3516 3032">
     <span class='ocr_line' id='line_1_72' title="bbox 1912 2957 3516 3032; baseline -0.006 -10"><span class='ocrx_word' id='word_1_552' title='bbox 1912 2967 2017 3023; x_wconf 90' lang='lat' dir='ltr'><strong>alia</strong></span> <span class='ocrx_word' id='word_1_553' title='bbox 2047 2966 2297 3021; x_wconf 86' lang='lat' dir='ltr'><strong>voluntas</strong></span> <span class='ocrx_word' id='word_1_554' title='bbox 2325 2965 2590 3029; x_wconf 80' lang='lat' dir='ltr'><strong>hominis,</strong></span> <span class='ocrx_word' id='word_1_555' title='bbox 2617 2963 2723 3018; x_wconf 88' lang='lat' dir='ltr'><strong>alia</strong></span> <span class='ocrx_word' id='word_1_556' title='bbox 2757 2963 2875 3017; x_wconf 89' lang='lat' dir='ltr'><strong>Dei.</strong></span> <span class='ocrx_word' id='word_1_557' title='bbox 2913 2963 3153 3032; x_wconf 83' lang='lat' dir='ltr'><strong>Denique</strong></span> <span class='ocrx_word' id='word_1_558' title='bbox 3182 2968 3240 3014; x_wconf 91' lang='lat' dir='ltr'><strong>ut</strong></span> <span class='ocrx_word' id='word_1_559' title='bbox 3264 2959 3405 3014; x_wconf 90' lang='lat' dir='ltr'><strong>scias</strong></span> <span class='ocrx_word' id='word_1_560' title='bbox 3433 2957 3516 3012; x_wconf 89' lang='lat' dir='ltr'><strong>vi-</strong></span> 
     </span>
    </p>
   </div>
   <div class='ocr_carea' id='block_1_73' title="bbox 1917 3049 3514 3125">
    <p class='ocr_par' dir='ltr' id='par_1_73' title="bbox 1917 3049 3514 3125">
     <span class='ocr_line' id='line_1_73' title="bbox 1917 3049 3514 3125; baseline -0.007 -10"><span class='ocrx_word' id='word_1_561' title='bbox 1917 3071 2023 3116; x_wconf 91' lang='lat' dir='ltr'><strong>tam</strong></span> <span class='ocrx_word' id='word_1_562' title='bbox 2057 3061 2110 3115; x_wconf 89' lang='lat' dir='ltr'><strong>in</strong></span> <span class='ocrx_word' id='word_1_563' title='bbox 2141 3062 2421 3115; x_wconf 87' lang='lat' dir='ltr'><strong>voluntate</strong></span> <span class='ocrx_word' id='word_1_564' title='bbox 2448 3072 2573 3114; x_wconf 72' lang='lat' dir='ltr'><strong>esse</strong></span> <span class='ocrx_word' id='word_1_565' title='bbox 2617 3057 2882 3120; x_wconf 87' lang='lat' dir='ltr'><strong>hominis;</strong></span> <span class='ocrx_word' id='word_1_566' title='bbox 2919 3056 3043 3125; x_wconf 88' lang='lat' dir='ltr'><strong>quia</strong></span> <span class='ocrx_word' id='word_1_567' title='bbox 3083 3064 3313 3107; x_wconf 89' lang='lat' dir='ltr'><strong>mortem</strong></span> <span class='ocrx_word' id='word_1_568' title='bbox 3356 3049 3514 3104; x_wconf 86' lang='lat' dir='ltr'><strong>time-</strong></span> 
     </span>
    </p>
   </div>
   <div class='ocr_carea' id='block_1_74' title="bbox 1836 3141 3508 3244">
    <p class='ocr_par' dir='ltr' id='par_1_74' title="bbox 1836 3141 3508 3244">
     <span class='ocr_line' id='line_1_74' title="bbox 1836 3141 3508 3244; baseline -0.011 -35"><span class='ocrx_word' id='word_1_569' title='bbox 1836 3181 1881 3244; x_wconf 63' lang='grc' dir='ltr'><strong>ρ</strong></span> <span class='ocrx_word' id='word_1_570' title='bbox 1917 3168 2068 3208; x_wconf 88' lang='lat' dir='ltr'><strong>mus:</strong></span> <span class='ocrx_word' id='word_1_571' title='bbox 2102 3153 2411 3223; x_wconf 87' lang='lat' dir='ltr'><strong>passionem</strong></span> <span class='ocrx_word' id='word_1_572' title='bbox 2452 3161 2633 3204; x_wconf 88' lang='lat' dir='ltr'><strong>autem</strong></span> <span class='ocrx_word' id='word_1_573' title='bbox 2662 3145 2865 3203; x_wconf 88' lang='lat' dir='ltr'><strong>Christi</strong></span> <span class='ocrx_word' id='word_1_574' title='bbox 2898 3148 2952 3200; x_wconf 91' lang='lat' dir='ltr'><strong>in</strong></span> <span class='ocrx_word' id='word_1_575' title='bbox 2983 3144 3259 3199; x_wconf 87' lang='lat' dir='ltr'><strong>voluntate</strong></span> <span class='ocrx_word' id='word_1_576' title='bbox 3284 3141 3465 3196; x_wconf 89' lang='lat' dir='ltr'><strong>divina</strong></span> <span class='ocrx_word' id='word_1_577' title='bbox 3494 3156 3508 3205; x_wconf 90' lang='lat'><strong>;</strong></span> 
     </span>
    </p>
   </div>
   <div class='ocr_carea' id='block_1_75' title="bbox 1916 3235 3507 3316">
    <p class='ocr_par' dir='ltr' id='par_1_75' title="bbox 1916 3235 3507 3316">
     <span class='ocr_line' id='line_1_75' title="bbox 1916 3235 3507 3316; baseline -0.009 -15"><span class='ocrx_word' id='word_1_578' title='bbox 1916 3257 1973 3301; x_wconf 91' lang='lat' dir='ltr'><strong>ut</strong></span> <span class='ocrx_word' id='word_1_579' title='bbox 2007 3256 2281 3316; x_wconf 87' lang='lat' dir='ltr'><strong>pateretur</strong></span> <span class='ocrx_word' id='word_1_580' title='bbox 2305 3260 2401 3315; x_wconf 89' lang='lat' dir='ltr'><strong>pro</strong></span> <span class='ocrx_word' id='word_1_581' title='bbox 2425 3245 2613 3299; x_wconf 87' lang='lat' dir='ltr'><strong>nobis:</strong></span> <span class='ocrx_word' id='word_1_582' title='bbox 2643 3259 2765 3297; x_wconf 89' lang='lat' dir='ltr'><strong>cum</strong></span> <span class='ocrx_word' id='word_1_583' title='bbox 2792 3240 2982 3295; x_wconf 86' lang='lat' dir='ltr'><strong>Petrus</strong></span> <span class='ocrx_word' id='word_1_584' title='bbox 3006 3253 3129 3293; x_wconf 91' lang='lat' dir='ltr'><strong>eum</strong></span> <span class='ocrx_word' id='word_1_585' title='bbox 3150 3235 3312 3290; x_wconf 89' lang='lat' dir='ltr'><strong>vellet</strong></span> <span class='ocrx_word' id='word_1_586' title='bbox 3333 3249 3363 3288; x_wconf 87' lang='lat' dir='ltr'><strong>a</strong></span> <span class='ocrx_word' id='word_1_587' title='bbox 3393 3246 3507 3304; x_wconf 88' lang='lat' dir='ltr'><strong>pas-</strong></span> 
     </span>
    </p>
   </div>
   <div class='ocr_carea' id='block_1_76' title="bbox 1915 3325 3509 3402">
    <p class='ocr_par' dir='ltr' id='par_1_76' title="bbox 1915 3325 3509 3402">
     <span class='ocr_line' id='line_1_76' title="bbox 1915 3325 3509 3402; baseline -0.008 -9"><span class='ocrx_word' id='word_1_588' title='bbox 1915 3340 2071 3394; x_wconf 88' lang='lat' dir='ltr'><strong>sione</strong></span> <span class='ocrx_word' id='word_1_589' title='bbox 2098 3353 2376 3402; x_wconf 85' lang='lat' dir='ltr'><strong>revoeare,</strong></span> <span class='ocrx_word' id='word_1_590' title='bbox 2398 3338 2658 3391; x_wconf 89' lang='lat' dir='ltr'><strong>Dominus</strong></span> <span class='ocrx_word' id='word_1_591' title='bbox 2678 3335 2783 3388; x_wconf 88' lang='lat' dir='ltr'><strong>ait:</strong></span> <span class='ocrx_word' id='word_1_592' title='bbox 2807 3333 2929 3387; x_wconf 86' lang='lat' dir='ltr'><strong>Non</strong></span> <span class='ocrx_word' id='word_1_593' title='bbox 2961 3332 3100 3401; x_wconf 83' lang='lat' dir='ltr'><strong>sapis</strong></span> <span class='ocrx_word' id='word_1_594' title='bbox 3117 3344 3229 3401; x_wconf 70' lang='lat' dir='ltr'><strong>quia</strong></span> <span class='ocrx_word' id='word_1_595' title='bbox 3252 3325 3347 3382; x_wconf 85' lang='lat' dir='ltr'><strong>Dei</strong></span> <span class='ocrx_word' id='word_1_596' title='bbox 3371 3335 3509 3392; x_wconf 90' lang='lat' dir='ltr'><strong>sunt,</strong></span> 
     </span>
    </p>
   </div>
   <div class='ocr_carea' id='block_1_77' title="bbox 1913 3422 3125 3500">
    <p class='ocr_par' dir='ltr' id='par_1_77' title="bbox 1913 3422 3125 3500">
     <span class='ocr_line' id='line_1_77' title="bbox 1913 3422 3125 3500; baseline -0.011 -11"><span class='ocrx_word' id='word_1_597' title='bbox 1913 3432 2006 3489; x_wconf 82' lang='lat' dir='ltr'><strong>sed</strong></span> <span class='ocrx_word' id='word_1_598' title='bbox 2026 3448 2139 3499; x_wconf 77' lang='lat' dir='ltr'><strong>qua:</strong></span> <span class='ocrx_word' id='word_1_599' title='bbox 2167 3440 2283 3485; x_wconf 86' lang='lat' dir='ltr'><strong>sunt</strong></span> <span class='ocrx_word' id='word_1_600' title='bbox 2314 3430 2581 3484; x_wconf 87' lang='lat' dir='ltr'><strong>hominum</strong></span> <span class='ocrx_word' id='word_1_601' title='bbox 2611 3425 2827 3500; x_wconf 83' lang='lat' dir='ltr'><strong>(Matth.</strong></span> <span class='ocrx_word' id='word_1_602' title='bbox 2864 3441 2974 3489; x_wconf 82' lang='lat' dir='ltr'><strong>va,</strong></span> <span class='ocrx_word' id='word_1_603' title='bbox 3007 3422 3125 3493; x_wconf 76' lang='lat'><strong>‘25).</strong></span> 
     </span>
    </p>
   </div>
   <div class='ocr_carea' id='block_1_78' title="bbox 1986 3516 3512 3596">
    <p class='ocr_par' dir='ltr' id='par_1_78' title="bbox 1986 3516 3512 3596">
     <span class='ocr_line' id='line_1_78' title="bbox 1986 3516 3512 3596; baseline -0.007 -14"><span class='ocrx_word' id='word_1_604' title='bbox 1986 3528 2077 3582; x_wconf 79' lang='grc'><strong>55.</strong></span> <span class='ocrx_word' id='word_1_605' title='bbox 2110 3526 2363 3596; x_wconf 89' lang='lat' dir='ltr'><strong>Suscepit</strong></span> <span class='ocrx_word' id='word_1_606' title='bbox 2385 3541 2512 3594; x_wconf 77' lang='lat' dir='ltr'><strong>ergo</strong></span> <span class='ocrx_word' id='word_1_607' title='bbox 2539 3524 2872 3577; x_wconf 86' lang='lat' dir='ltr'><strong>voluntatem</strong></span> <span class='ocrx_word' id='word_1_608' title='bbox 2904 3535 3107 3584; x_wconf 88' lang='lat' dir='ltr'><strong>meam,</strong></span> <span class='ocrx_word' id='word_1_609' title='bbox 3125 3516 3365 3587; x_wconf 87' lang='lat' dir='ltr'><strong>suscepit</strong></span> <span class='ocrx_word' id='word_1_610' title='bbox 3385 3516 3512 3572; x_wconf 86' lang='lat' dir='ltr'><strong>tris-</strong></span> 
     </span>
    </p>
   </div>
   <div class='ocr_carea' id='block_1_79' title="bbox 1916 3608 3510 3679">
    <p class='ocr_par' dir='ltr' id='par_1_79' title="bbox 1916 3608 3510 3679">
     <span class='ocr_line' id='line_1_79' title="bbox 1916 3608 3510 3679; baseline -0.008 -5"><span class='ocrx_word' id='word_1_611' title='bbox 1916 3621 2087 3675; x_wconf 90' lang='lat' dir='ltr'><strong>titiam</strong></span> <span class='ocrx_word' id='word_1_612' title='bbox 2141 3632 2339 3672; x_wconf 89' lang='lat' dir='ltr'><strong>meam.</strong></span> <span class='ocrx_word' id='word_1_613' title='bbox 2378 3616 2731 3669; x_wconf 88' lang='lat' dir='ltr'><strong>Conlidenter</strong></span> <span class='ocrx_word' id='word_1_614' title='bbox 2763 3612 3037 3668; x_wconf 83' lang='lat' dir='ltr'><strong>tristitiam</strong></span> <span class='ocrx_word' id='word_1_615' title='bbox 3083 3611 3338 3677; x_wconf 88' lang='lat' dir='ltr'><strong>nomino,</strong></span> <span class='ocrx_word' id='word_1_616' title='bbox 3384 3608 3510 3679; x_wconf 82' lang='lat' dir='ltr'><strong>quia</strong></span> 
     </span>
    </p>
   </div>
   <div class='ocr_carea' id='block_1_80' title="bbox 1915 3701 3511 3781">
    <p class='ocr_par' dir='ltr' id='par_1_80' title="bbox 1915 3701 3511 3781">
     <span class='ocr_line' id='line_1_80' title="bbox 1915 3701 3511 3781; baseline -0.008 -13"><span class='ocrx_word' id='word_1_617' title='bbox 1915 3728 2130 3768; x_wconf 89' lang='lat' dir='ltr'><strong>crucem</strong></span> <span class='ocrx_word' id='word_1_618' title='bbox 2162 3711 2420 3781; x_wconf 79' lang='lat' dir='ltr'><strong>praedico.</strong></span> <span class='ocrx_word' id='word_1_619' title='bbox 2449 3710 2560 3763; x_wconf 83' lang='lat' dir='ltr'><strong>Mea</strong></span> <span class='ocrx_word' id='word_1_620' title='bbox 2592 3721 2674 3763; x_wconf 89' lang='lat' dir='ltr'><strong>est</strong></span> <span class='ocrx_word' id='word_1_621' title='bbox 2696 3710 3146 3778; x_wconf 85' lang='lat' dir='ltr'><strong>voluntas,quam</strong></span> <span class='ocrx_word' id='word_1_622' title='bbox 3172 3720 3323 3760; x_wconf 88' lang='lat' dir='ltr'><strong>suam</strong></span> <span class='ocrx_word' id='word_1_623' title='bbox 3343 3701 3511 3764; x_wconf 77' lang='lat' dir='ltr'><strong>dixit;</strong></span> 
     </span>
    </p>
   </div>
   <div class='ocr_carea' id='block_1_81' title="bbox 1914 3797 3512 3877">
    <p class='ocr_par' dir='ltr' id='par_1_81' title="bbox 1914 3797 3512 3877">
     <span class='ocr_line' id='line_1_81' title="bbox 1914 3797 3512 3877; baseline -0.006 -20"><span class='ocrx_word' id='word_1_624' title='bbox 1914 3807 2040 3877; x_wconf 90' lang='lat' dir='ltr'><strong>quia</strong></span> <span class='ocrx_word' id='word_1_625' title='bbox 2064 3814 2121 3860; x_wconf 91' lang='lat' dir='ltr'><strong>nt</strong></span> <span class='ocrx_word' id='word_1_626' title='bbox 2154 3808 2314 3861; x_wconf 91' lang='lat' dir='ltr'><strong>homo</strong></span> <span class='ocrx_word' id='word_1_627' title='bbox 2342 3803 2578 3873; x_wconf 80' lang='lat' dir='ltr'><strong>suscepit</strong></span> <span class='ocrx_word' id='word_1_628' title='bbox 2615 3802 2889 3857; x_wconf 78' lang='lat' dir='ltr'><strong>tristitiam</strong></span> <span class='ocrx_word' id='word_1_629' title='bbox 2921 3816 3115 3865; x_wconf 85' lang='lat' dir='ltr'><strong>meant,</strong></span> <span class='ocrx_word' id='word_1_630' title='bbox 3149 3808 3205 3853; x_wconf 91' lang='lat' dir='ltr'><strong>ut</strong></span> <span class='ocrx_word' id='word_1_631' title='bbox 3238 3797 3401 3851; x_wconf 90' lang='lat' dir='ltr'><strong>homo</strong></span> <span class='ocrx_word' id='word_1_632' title='bbox 3428 3797 3512 3849; x_wconf 89' lang='lat' dir='ltr'><strong>lo-</strong></span> 
     </span>
    </p>
   </div>
   <div class='ocr_carea' id='block_1_82' title="bbox 1914 3893 3511 3967">
    <p class='ocr_par' dir='ltr' id='par_1_82' title="bbox 1914 3893 3511 3967">
     <span class='ocr_line' id='line_1_82' title="bbox 1914 3893 3511 3967; baseline -0.005 -15"><span class='ocrx_word' id='word_1_633' title='bbox 1914 3911 2070 3955; x_wconf 85' lang='lat' dir='ltr'><strong>eutus</strong></span> <span class='ocrx_word' id='word_1_634' title='bbox 2100 3912 2201 3965; x_wconf 87' lang='lat' dir='ltr'><strong>est;</strong></span> <span class='ocrx_word' id='word_1_635' title='bbox 2233 3910 2286 3955; x_wconf 90' lang='lat' dir='ltr'><strong>et</strong></span> <span class='ocrx_word' id='word_1_636' title='bbox 2313 3902 2435 3955; x_wconf 86' lang='lat' dir='ltr'><strong>ideo</strong></span> <span class='ocrx_word' id='word_1_637' title='bbox 2473 3900 2545 3952; x_wconf 85' lang='lat' dir='ltr'><strong>ait</strong></span> <span class='ocrx_word' id='word_1_638' title='bbox 2573 3918 2584 3952; x_wconf 91' lang='lat'><strong>:</strong></span> <span class='ocrx_word' id='word_1_639' title='bbox 2616 3897 2734 3950; x_wconf 84' lang='lat' dir='ltr'><strong>Non</strong></span> <span class='ocrx_word' id='word_1_640' title='bbox 2758 3899 2888 3951; x_wconf 82' lang='lat' dir='ltr'><strong>sicut</strong></span> <span class='ocrx_word' id='word_1_641' title='bbox 2913 3913 3005 3967; x_wconf 88' lang='lat' dir='ltr'><strong>ego</strong></span> <span class='ocrx_word' id='word_1_642' title='bbox 3034 3895 3167 3960; x_wconf 80' lang='lat' dir='ltr'><strong>italo,</strong></span> <span class='ocrx_word' id='word_1_643' title='bbox 3193 3893 3283 3947; x_wconf 87' lang='lat' dir='ltr'><strong>sed</strong></span> <span class='ocrx_word' id='word_1_644' title='bbox 3306 3894 3436 3946; x_wconf 88' lang='lat' dir='ltr'><strong>sicut</strong></span> <span class='ocrx_word' id='word_1_645' title='bbox 3457 3901 3511 3945; x_wconf 84' lang='lat' dir='ltr'><strong>tu</strong></span> 
     </span>
    </p>
   </div>
   <div class='ocr_carea' id='block_1_83' title="bbox 1915 3988 3511 4065">
    <p class='ocr_par' dir='ltr' id='par_1_83' title="bbox 1915 3988 3511 4065">
     <span class='ocr_line' id='line_1_83' title="bbox 1915 3988 3511 4065; baseline -0.007 -18"><span class='ocrx_word' id='word_1_646' title='bbox 1915 3996 1989 4047; x_wconf 86' lang='lat' dir='ltr'><strong>vis</strong></span> <span class='ocrx_word' id='word_1_647' title='bbox 2019 3993 2233 4065; x_wconf 78' lang='lat' dir='ltr'><strong>(Matth.</strong></span> <span class='ocrx_word' id='word_1_648' title='bbox 2268 4008 2421 4057; x_wconf 78' lang='lat' dir='ltr'><strong>xxvr,</strong></span> <span class='ocrx_word' id='word_1_649' title='bbox 2457 3993 2581 4061; x_wconf 74' lang='lat'><strong>59).</strong></span> <span class='ocrx_word' id='word_1_650' title='bbox 2620 3991 2734 4044; x_wconf 88' lang='lat' dir='ltr'><strong>Mea</strong></span> <span class='ocrx_word' id='word_1_651' title='bbox 2776 3999 2860 4044; x_wconf 89' lang='lat' dir='ltr'><strong>est</strong></span> <span class='ocrx_word' id='word_1_652' title='bbox 2895 3988 3144 4050; x_wconf 88' lang='lat' dir='ltr'><strong>tristitia,</strong></span> <span class='ocrx_word' id='word_1_653' title='bbox 3186 4000 3345 4056; x_wconf 88' lang='lat' dir='ltr'><strong>quam</strong></span> <span class='ocrx_word' id='word_1_654' title='bbox 3388 3997 3511 4038; x_wconf 87' lang='lat' dir='ltr'><strong>meo</strong></span> 
     </span>
    </p>
   </div>
   <div class='ocr_carea' id='block_1_84' title="bbox 1916 4074 3513 4155">
    <p class='ocr_par' dir='ltr' id='par_1_84' title="bbox 1916 4074 3513 4155">
     <span class='ocr_line' id='line_1_84' title="bbox 1916 4074 3513 4155; baseline -0.007 -14"><span class='ocrx_word' id='word_1_655' title='bbox 1916 4088 2150 4155; x_wconf 83' lang='lat' dir='ltr'><strong>Suscepit</strong></span> <span class='ocrx_word' id='word_1_656' title='bbox 2181 4084 2375 4139; x_wconf 78' lang='lat' dir='ltr'><strong>aﬂeetu</strong></span> <span class='ocrx_word' id='word_1_657' title='bbox 2403 4102 2415 4137; x_wconf 89' lang='lat'><strong>:</strong></span> <span class='ocrx_word' id='word_1_658' title='bbox 2442 4100 2600 4138; x_wconf 89' lang='lat' dir='ltr'><strong>nemo</strong></span> <span class='ocrx_word' id='word_1_659' title='bbox 2616 4082 2760 4137; x_wconf 91' lang='lat' dir='ltr'><strong>enim</strong></span> <span class='ocrx_word' id='word_1_660' title='bbox 2788 4084 3083 4136; x_wconf 89' lang='lat' dir='ltr'><strong>moriturus</strong></span> <span class='ocrx_word' id='word_1_661' title='bbox 3105 4077 3361 4135; x_wconf 78' lang='lat' dir='ltr'><strong>exsultat.</strong></span> <span class='ocrx_word' id='word_1_662' title='bbox 3382 4074 3513 4131; x_wconf 80' lang='lat' dir='ltr'><strong>Mitti</strong></span> 
     </span>
    </p>
   </div>
   <div class='ocr_carea' id='block_1_85' title="bbox 1917 4172 3512 4249">
    <p class='ocr_par' dir='ltr' id='par_1_85' title="bbox 1917 4172 3512 4249">
     <span class='ocr_line' id='line_1_85' title="bbox 1917 4172 3512 4249; baseline -0.004 -16"><span class='ocrx_word' id='word_1_663' title='bbox 1917 4179 2275 4249; x_wconf 73' lang='lat' dir='ltr'><strong>compatitur,</strong></span> <span class='ocrx_word' id='word_1_664' title='bbox 2322 4178 2453 4233; x_wconf 87' lang='lat' dir='ltr'><strong>mihi</strong></span> <span class='ocrx_word' id='word_1_665' title='bbox 2497 4176 2666 4232; x_wconf 85' lang='lat' dir='ltr'><strong>tristis</strong></span> <span class='ocrx_word' id='word_1_666' title='bbox 2707 4187 2825 4236; x_wconf 90' lang='lat' dir='ltr'><strong>est.</strong></span> <span class='ocrx_word' id='word_1_667' title='bbox 2862 4175 2995 4230; x_wconf 90' lang='lat' dir='ltr'><strong>mihi</strong></span> <span class='ocrx_word' id='word_1_668' title='bbox 3037 4175 3205 4228; x_wconf 80' lang='lat' dir='ltr'><strong>dolet.</strong></span> <span class='ocrx_word' id='word_1_669' title='bbox 3240 4172 3382 4243; x_wconf 74' lang='lat' dir='ltr'><strong>Ergo</strong></span> <span class='ocrx_word' id='word_1_670' title='bbox 3412 4185 3512 4241; x_wconf 85' lang='lat' dir='ltr'><strong>pro</strong></span> 
     </span>
    </p>
   </div>
   <div class='ocr_carea' id='block_1_86' title="bbox 1917 4264 3512 4341">
    <p class='ocr_par' dir='ltr' id='par_1_86' title="bbox 1917 4264 3512 4341">
     <span class='ocr_line' id='line_1_86' title="bbox 1917 4264 3512 4341; baseline -0.004 -15"><span class='ocrx_word' id='word_1_671' title='bbox 1917 4289 2003 4328; x_wconf 90' lang='lat' dir='ltr'><strong>me</strong></span> <span class='ocrx_word' id='word_1_672' title='bbox 2027 4283 2079 4326; x_wconf 89' lang='lat' dir='ltr'><strong>et</strong></span> <span class='ocrx_word' id='word_1_673' title='bbox 2112 4272 2163 4326; x_wconf 90' lang='lat' dir='ltr'><strong>in</strong></span> <span class='ocrx_word' id='word_1_674' title='bbox 2195 4288 2279 4326; x_wconf 87' lang='lat' dir='ltr'><strong>tne</strong></span> <span class='ocrx_word' id='word_1_675' title='bbox 2305 4272 2501 4337; x_wconf 81' lang='lat' dir='ltr'><strong>doluit,</strong></span> <span class='ocrx_word' id='word_1_676' title='bbox 2529 4273 2619 4341; x_wconf 90' lang='lat' dir='ltr'><strong>qui</strong></span> <span class='ocrx_word' id='word_1_677' title='bbox 2656 4286 2752 4340; x_wconf 91' lang='lat' dir='ltr'><strong>pro</strong></span> <span class='ocrx_word' id='word_1_678' title='bbox 2784 4286 2844 4324; x_wconf 66' lang='lat' dir='ltr'><strong>se</strong></span> <span class='ocrx_word' id='word_1_679' title='bbox 2867 4269 2999 4323; x_wconf 83' lang='lat' dir='ltr'><strong>nihil</strong></span> <span class='ocrx_word' id='word_1_680' title='bbox 3027 4268 3211 4322; x_wconf 84' lang='lat' dir='ltr'><strong>habuit</strong></span> <span class='ocrx_word' id='word_1_681' title='bbox 3242 4265 3384 4337; x_wconf 90' lang='lat' dir='ltr'><strong>quod</strong></span> <span class='ocrx_word' id='word_1_682' title='bbox 3412 4264 3512 4320; x_wconf 82' lang='lat' dir='ltr'><strong>do-</strong></span> 
     </span>
    </p>
   </div>
   <div class='ocr_carea' id='block_1_87' title="bbox 1920 4367 2073 4420">
    <p class='ocr_par' dir='ltr' id='par_1_87' title="bbox 1920 4367 2073 4420">
     <span class='ocr_line' id='line_1_87' title="bbox 1920 4367 2073 4420; baseline -0.02 0"><span class='ocrx_word' id='word_1_683' title='bbox 1920 4367 2073 4420; x_wconf 84' lang='lat' dir='ltr'><strong>leret.</strong></span> 
     </span>
    </p>
   </div>
   <div class='ocr_carea' id='block_1_88' title="bbox 1989 4453 3510 4532">
    <p class='ocr_par' dir='ltr' id='par_1_88' title="bbox 1989 4453 3510 4532">
     <span class='ocr_line' id='line_1_88' title="bbox 1989 4453 3510 4532; baseline -0.002 -19"><span class='ocrx_word' id='word_1_684' title='bbox 1989 4459 2077 4513; x_wconf 64' lang='grc'><strong>54.</strong></span> <span class='ocrx_word' id='word_1_685' title='bbox 2114 4459 2275 4515; x_wconf 88' lang='lat' dir='ltr'><strong>Doles</strong></span> <span class='ocrx_word' id='word_1_686' title='bbox 2304 4458 2486 4532; x_wconf 80' lang='lat' dir='ltr'><strong>igitur,</strong></span> <span class='ocrx_word' id='word_1_687' title='bbox 2518 4459 2745 4515; x_wconf 84' lang='lat' dir='ltr'><strong>Domine</strong></span> <span class='ocrx_word' id='word_1_688' title='bbox 2772 4457 2925 4524; x_wconf 74' lang='lat' dir='ltr'><strong>Jesu,</strong></span> <span class='ocrx_word' id='word_1_689' title='bbox 2960 4473 3066 4511; x_wconf 90' lang='lat' dir='ltr'><strong>non</strong></span> <span class='ocrx_word' id='word_1_690' title='bbox 3100 4467 3186 4510; x_wconf 86' lang='lat' dir='ltr'><strong>tua</strong></span> <span class='ocrx_word' id='word_1_691' title='bbox 3209 4498 3223 4519; x_wconf 90' lang='lat'><strong>,</strong></span> <span class='ocrx_word' id='word_1_692' title='bbox 3259 4453 3354 4510; x_wconf 86' lang='lat' dir='ltr'><strong>sed</strong></span> <span class='ocrx_word' id='word_1_693' title='bbox 3389 4469 3510 4511; x_wconf 87' lang='lat' dir='ltr'><strong>mea</strong></span> 
     </span>
    </p>
   </div>
   <div class='ocr_carea' id='block_1_89' title="bbox 202 4547 3512 4642">
    <p class='ocr_par' dir='ltr' id='par_1_89' title="bbox 202 4547 3512 4642">
     <span class='ocr_line' id='line_1_89' title="bbox 202 4547 3512 4642; baseline -0.002 -36"><span class='ocrx_word' id='word_1_694' title='bbox 202 4570 291 4607; x_wconf 84' lang='lat' dir='ltr'><strong>me</strong></span> <span class='ocrx_word' id='word_1_695' title='bbox 320 4553 490 4607; x_wconf 82' lang='lat' dir='ltr'><strong>venire</strong></span> <span class='ocrx_word' id='word_1_696' title='bbox 526 4553 595 4607; x_wconf 92' lang='lat' dir='ltr'><strong>ad</strong></span> <span class='ocrx_word' id='word_1_697' title='bbox 633 4564 679 4607; x_wconf 90' lang='lat' dir='ltr'><strong>te</strong></span> <span class='ocrx_word' id='word_1_698' title='bbox 713 4570 871 4620; x_wconf 84' lang='lat' dir='ltr'><strong>super</strong></span> <span class='ocrx_word' id='word_1_699' title='bbox 891 4554 1285 4623; x_wconf 72' lang='lat' dir='ltr'><strong>aqttasUlatth.</strong></span> <span class='ocrx_word' id='word_1_700' title='bbox 1319 4571 1434 4625; x_wconf 79' lang='lat' dir='ltr'><strong>xrv,</strong></span> <span class='ocrx_word' id='word_1_701' title='bbox 1475 4557 1588 4627; x_wconf 71' lang='lat'><strong>28).</strong></span> <span class='ocrx_word' id='word_1_702' title='bbox 1616 4558 1809 4615; x_wconf 67' lang='lat' dir='ltr'><strong>Petrus</strong></span> <span class='ocrx_word' id='word_1_703' title='bbox 1835 4568 1889 4642; x_wconf 76' lang='grc' dir='ltr'><strong>Ῑ)</strong></span> <span class='ocrx_word' id='word_1_704' title='bbox 1920 4552 2141 4607; x_wconf 83' lang='lat' dir='ltr'><strong>vulnera</strong></span> <span class='ocrx_word' id='word_1_705' title='bbox 2169 4569 2182 4603; x_wconf 87' lang='lat'><strong>:</strong></span> <span class='ocrx_word' id='word_1_706' title='bbox 2218 4567 2321 4607; x_wconf 90' lang='lat' dir='ltr'><strong>non</strong></span> <span class='ocrx_word' id='word_1_707' title='bbox 2353 4562 2498 4606; x_wconf 86' lang='lat' dir='ltr'><strong>tuam</strong></span> <span class='ocrx_word' id='word_1_708' title='bbox 2529 4560 2780 4618; x_wconf 87' lang='lat' dir='ltr'><strong>mortem,</strong></span> <span class='ocrx_word' id='word_1_709' title='bbox 2815 4550 2911 4606; x_wconf 83' lang='lat' dir='ltr'><strong>sed</strong></span> <span class='ocrx_word' id='word_1_710' title='bbox 2942 4559 3183 4605; x_wconf 85' lang='lat' dir='ltr'><strong>nostram</strong></span> <span class='ocrx_word' id='word_1_711' title='bbox 3219 4547 3512 4602; x_wconf 82' lang='lat' dir='ltr'><strong>infirmita-</strong></span> 
     </span>
    </p>
   </div>
   <div class='ocr_carea' id='block_1_90' title="bbox 201 4644 1808 4719">
    <p class='ocr_par' dir='ltr' id='par_1_90' title="bbox 201 4644 1808 4719">
     <span class='ocr_line' id='line_1_90' title="bbox 201 4644 1808 4719; baseline 0.004 -20"><span class='ocrx_word' id='word_1_712' title='bbox 201 4644 447 4701; x_wconf 86' lang='lat' dir='ltr'><strong>eredidit</strong></span> <span class='ocrx_word' id='word_1_713' title='bbox 477 4646 602 4715; x_wconf 86' lang='lat' dir='ltr'><strong>quia</strong></span> <span class='ocrx_word' id='word_1_714' title='bbox 632 4646 676 4700; x_wconf 89' lang='lat' dir='ltr'><strong>si</strong></span> <span class='ocrx_word' id='word_1_715' title='bbox 714 4645 962 4700; x_wconf 85' lang='lat' dir='ltr'><strong>Christus</strong></span> <span class='ocrx_word' id='word_1_716' title='bbox 985 4646 1174 4716; x_wconf 84' lang='lat' dir='ltr'><strong>jubeat</strong></span> <span class='ocrx_word' id='word_1_717' title='bbox 1195 4689 1208 4711; x_wconf 94' lang='lat'><strong>,</strong></span> <span class='ocrx_word' id='word_1_718' title='bbox 1240 4658 1443 4703; x_wconf 73' lang='lat' dir='ltr'><strong>natura:</strong></span> <span class='ocrx_word' id='word_1_719' title='bbox 1476 4652 1646 4719; x_wconf 88' lang='lat' dir='ltr'><strong>possit</strong></span> <span class='ocrx_word' id='word_1_720' title='bbox 1672 4667 1808 4705; x_wconf 87' lang='lat' dir='ltr'><strong>eon-</strong></span> 
     </span>
    </p>
   </div>
   <div class='ocr_carea' id='block_1_91' title="bbox 200 4739 1808 4812">
    <p class='ocr_par' dir='ltr' id='par_1_91' title="bbox 200 4739 1808 4812">
     <span class='ocr_line' id='line_1_91' title="bbox 200 4739 1808 4812; baseline 0.002 -17"><span class='ocrx_word' id='word_1_721' title='bbox 200 4740 351 4795; x_wconf 83' lang='lat' dir='ltr'><strong>ditio</strong></span> <span class='ocrx_word' id='word_1_722' title='bbox 380 4741 575 4793; x_wconf 88' lang='lat' dir='ltr'><strong>mutari</strong></span> <span class='ocrx_word' id='word_1_723' title='bbox 602 4755 617 4805; x_wconf 91' lang='lat'><strong>;</strong></span> <span class='ocrx_word' id='word_1_724' title='bbox 652 4749 708 4793; x_wconf 91' lang='lat' dir='ltr'><strong>ut</strong></span> <span class='ocrx_word' id='word_1_725' title='bbox 740 4739 990 4794; x_wconf 90' lang='lat' dir='ltr'><strong>humanis</strong></span> <span class='ocrx_word' id='word_1_726' title='bbox 1013 4756 1071 4795; x_wconf 91' lang='lat' dir='ltr'><strong>se</strong></span> <span class='ocrx_word' id='word_1_727' title='bbox 1096 4741 1345 4811; x_wconf 87' lang='lat' dir='ltr'><strong>subjiciat</strong></span> <span class='ocrx_word' id='word_1_728' title='bbox 1367 4743 1506 4796; x_wconf 89' lang='lat' dir='ltr'><strong>nuda</strong></span> <span class='ocrx_word' id='word_1_729' title='bbox 1539 4743 1808 4812; x_wconf 84' lang='lat' dir='ltr'><strong>vestigiis,</strong></span> 
     </span>
    </p>
   </div>
   <div class='ocr_carea' id='block_1_92' title="bbox 200 4833 1811 4905">
    <p class='ocr_par' dir='ltr' id='par_1_92' title="bbox 200 4833 1811 4905">
     <span class='ocr_line' id='line_1_92' title="bbox 200 4833 1811 4905; baseline 0.002 -16"><span class='ocrx_word' id='word_1_730' title='bbox 200 4846 262 4890; x_wconf 88' lang='lat' dir='ltr'><strong>et</strong></span> <span class='ocrx_word' id='word_1_731' title='bbox 290 4833 724 4903; x_wconf 84' lang='lat' dir='ltr'><strong>discrepantium</strong></span> <span class='ocrx_word' id='word_1_732' title='bbox 768 4844 1086 4890; x_wconf 86' lang='lat' dir='ltr'><strong>naturarum</strong></span> <span class='ocrx_word' id='word_1_733' title='bbox 1126 4837 1296 4905; x_wconf 74' lang='lat' dir='ltr'><strong>possit</strong></span> <span class='ocrx_word' id='word_1_734' title='bbox 1341 4837 1640 4893; x_wconf 86' lang='lat' dir='ltr'><strong>convenire</strong></span> <span class='ocrx_word' id='word_1_735' title='bbox 1677 4856 1811 4894; x_wconf 85' lang='lat' dir='ltr'><strong>con-</strong></span> 
     </span>
    </p>
   </div>
   <div class='ocr_carea' id='block_1_93' title="bbox 198 4927 1808 5002">
    <p class='ocr_par' dir='ltr' id='par_1_93' title="bbox 198 4927 1808 5002">
     <span class='ocr_line' id='line_1_93' title="bbox 198 4927 1808 5002; baseline 0.002 -19"><span class='ocrx_word' id='word_1_736' title='bbox 198 4927 626 4983; x_wconf 71' lang='lat' dir='ltr'><strong>CurdiaJ&#39;etrus</strong></span> <span class='ocrx_word' id='word_1_737' title='bbox 648 4929 824 4998; x_wconf 86' lang='lat' dir='ltr'><strong>poscit</strong></span> <span class='ocrx_word' id='word_1_738' title='bbox 842 4928 1125 4998; x_wconf 85' lang='lat' dir='ltr'><strong>utjubeat,</strong></span> <span class='ocrx_word' id='word_1_739' title='bbox 1146 4946 1252 4983; x_wconf 90' lang='lat' dir='ltr'><strong>non</strong></span> <span class='ocrx_word' id='word_1_740' title='bbox 1278 4941 1335 4985; x_wconf 89' lang='lat' dir='ltr'><strong>ut</strong></span> <span class='ocrx_word' id='word_1_741' title='bbox 1357 4942 1513 5002; x_wconf 83' lang='lat' dir='ltr'><strong>roget</strong></span> <span class='ocrx_word' id='word_1_742' title='bbox 1538 4932 1808 4988; x_wconf 87' lang='lat' dir='ltr'><strong>Christus:</strong></span> 
     </span>
    </p>
   </div>
   <div class='ocr_carea' id='block_1_94' title="bbox 199 5022 1809 5093">
    <p class='ocr_par' dir='ltr' id='par_1_94' title="bbox 199 5022 1809 5093">
     <span class='ocr_line' id='line_1_94' title="bbox 199 5022 1809 5093; baseline 0.005 -18"><span class='ocrx_word' id='word_1_743' title='bbox 199 5022 466 5077; x_wconf 75' lang='lat' dir='ltr'><strong>Christus</strong></span> <span class='ocrx_word' id='word_1_744' title='bbox 507 5038 614 5076; x_wconf 91' lang='lat' dir='ltr'><strong>non</strong></span> <span class='ocrx_word' id='word_1_745' title='bbox 658 5022 900 5093; x_wconf 76' lang='lat' dir='ltr'><strong>rogavit,</strong></span> <span class='ocrx_word' id='word_1_746' title='bbox 927 5023 1019 5077; x_wconf 83' lang='lat' dir='ltr'><strong>sed</strong></span> <span class='ocrx_word' id='word_1_747' title='bbox 1045 5023 1238 5093; x_wconf 84' lang='lat' dir='ltr'><strong>jussit,</strong></span> <span class='ocrx_word' id='word_1_748' title='bbox 1274 5034 1329 5080; x_wconf 90' lang='lat' dir='ltr'><strong>et</strong></span> <span class='ocrx_word' id='word_1_749' title='bbox 1371 5026 1570 5081; x_wconf 87' lang='lat' dir='ltr'><strong>factum</strong></span> <span class='ocrx_word' id='word_1_750' title='bbox 1602 5038 1681 5081; x_wconf 88' lang='lat' dir='ltr'><strong>est</strong></span> <span class='ocrx_word' id='word_1_751' title='bbox 1710 5047 1721 5082; x_wconf 76' lang='grc' dir='ltr'><strong>ε</strong></span> <span class='ocrx_word' id='word_1_752' title='bbox 1756 5038 1809 5083; x_wconf 88' lang='lat' dir='ltr'><strong>et</strong></span> 
     </span>
    </p>
   </div>
   <div class='ocr_carea' id='block_1_95' title="bbox 198 5118 769 5176">
    <p class='ocr_par' dir='ltr' id='par_1_95' title="bbox 198 5118 769 5176">
     <span class='ocr_line' id='line_1_95' title="bbox 198 5118 769 5176; baseline -0.007 0"><span class='ocrx_word' id='word_1_753' title='bbox 198 5120 379 5176; x_wconf 77' lang='lat' dir='ltr'><strong>Arius</strong></span> <span class='ocrx_word' id='word_1_754' title='bbox 406 5118 769 5174; x_wconf 81' lang='lat' dir='ltr'><strong>contradicit?</strong></span> 
     </span>
    </p>
   </div>
   <div class='ocr_carea' id='block_1_96' title="bbox 279 5212 1806 5283">
    <p class='ocr_par' dir='ltr' id='par_1_96' title="bbox 279 5212 1806 5283">
     <span class='ocr_line' id='line_1_96' title="bbox 279 5212 1806 5283; baseline 0.004 -17"><span class='ocrx_word' id='word_1_755' title='bbox 279 5212 382 5266; x_wconf 73' lang='lat'><strong>50.</strong></span> <span class='ocrx_word' id='word_1_756' title='bbox 409 5212 548 5278; x_wconf 83' lang='lat' dir='ltr'><strong>Quid</strong></span> <span class='ocrx_word' id='word_1_757' title='bbox 572 5222 658 5267; x_wconf 85' lang='lat' dir='ltr'><strong>est</strong></span> <span class='ocrx_word' id='word_1_758' title='bbox 677 5221 856 5267; x_wconf 88' lang='lat' dir='ltr'><strong>tamen</strong></span> <span class='ocrx_word' id='word_1_759' title='bbox 881 5212 1024 5283; x_wconf 91' lang='lat' dir='ltr'><strong>quod</strong></span> <span class='ocrx_word' id='word_1_760' title='bbox 1046 5213 1211 5269; x_wconf 88' lang='lat' dir='ltr'><strong>Pater</strong></span> <span class='ocrx_word' id='word_1_761' title='bbox 1240 5216 1394 5279; x_wconf 86' lang='lat' dir='ltr'><strong>velit,</strong></span> <span class='ocrx_word' id='word_1_762' title='bbox 1428 5215 1596 5272; x_wconf 86' lang='lat' dir='ltr'><strong>Filius</strong></span> <span class='ocrx_word' id='word_1_763' title='bbox 1628 5218 1764 5272; x_wconf 89' lang='lat' dir='ltr'><strong>nolit</strong></span> <span class='ocrx_word' id='word_1_764' title='bbox 1794 5237 1806 5273; x_wconf 91' lang='lat'><strong>:</strong></span> 
     </span>
    </p>
   </div>
   <div class='ocr_carea' id='block_1_97' title="bbox 198 5304 1811 5378">
    <p class='ocr_par' dir='ltr' id='par_1_97' title="bbox 198 5304 1811 5378">
     <span class='ocr_line' id='line_1_97' title="bbox 198 5304 1811 5378; baseline 0.002 -16"><span class='ocrx_word' id='word_1_765' title='bbox 198 5317 301 5363; x_wconf 87' lang='lat' dir='ltr'><strong>aut</strong></span> <span class='ocrx_word' id='word_1_766' title='bbox 336 5304 508 5361; x_wconf 80' lang='lat' dir='ltr'><strong>Filius</strong></span> <span class='ocrx_word' id='word_1_767' title='bbox 531 5306 660 5361; x_wconf 90' lang='lat' dir='ltr'><strong>velit</strong></span> <span class='ocrx_word' id='word_1_768' title='bbox 692 5314 747 5361; x_wconf 90' lang='lat' dir='ltr'><strong>et</strong></span> <span class='ocrx_word' id='word_1_769' title='bbox 780 5306 944 5361; x_wconf 86' lang='lat' dir='ltr'><strong>Pater</strong></span> <span class='ocrx_word' id='word_1_770' title='bbox 972 5305 1143 5362; x_wconf 86' lang='lat' dir='ltr'><strong>nolit?</strong></span> <span class='ocrx_word' id='word_1_771' title='bbox 1178 5306 1333 5362; x_wconf 88' lang='lat' dir='ltr'><strong>Pater</strong></span> <span class='ocrx_word' id='word_1_772' title='bbox 1363 5325 1492 5378; x_wconf 84' lang='lat' dir='ltr'><strong>quos</strong></span> <span class='ocrx_word' id='word_1_773' title='bbox 1521 5311 1651 5377; x_wconf 85' lang='lat' dir='ltr'><strong>vult,</strong></span> <span class='ocrx_word' id='word_1_774' title='bbox 1683 5313 1811 5366; x_wconf 86' lang='lat' dir='ltr'><strong>vivi-</strong></span> 
     </span>
    </p>
   </div>
   <div class='ocr_carea' id='block_1_98' title="bbox 280 5444 1812 5513">
    <p class='ocr_par' dir='ltr' id='par_1_98' title="bbox 280 5444 1812 5513">
     <span class='ocr_line' id='line_1_98' title="bbox 280 5444 1812 5513; baseline 0.005 -14"><span class='ocrx_word' id='word_1_775' title='bbox 280 5458 307 5484; x_wconf 72' lang='grc' dir='ltr'><strong>ιι</strong></span> <span class='ocrx_word' id='word_1_776' title='bbox 349 5444 507 5500; x_wconf 77' lang='lat' dir='ltr'><strong>Arius</strong></span> <span class='ocrx_word' id='word_1_777' title='bbox 549 5445 772 5513; x_wconf 80' lang='lat' dir='ltr'><strong>ejusque</strong></span> <span class='ocrx_word' id='word_1_778' title='bbox 813 5453 1110 5500; x_wconf 83' lang='lat' dir='ltr'><strong>sectatores</strong></span> <span class='ocrx_word' id='word_1_779' title='bbox 1153 5462 1274 5501; x_wconf 91' lang='lat' dir='ltr'><strong>cum</strong></span> <span class='ocrx_word' id='word_1_780' title='bbox 1319 5447 1620 5503; x_wconf 87' lang='lat' dir='ltr'><strong>libertatem</strong></span> <span class='ocrx_word' id='word_1_781' title='bbox 1658 5450 1812 5506; x_wconf 89' lang='lat' dir='ltr'><strong>aliter</strong></span> 
     </span>
    </p>
   </div>
   <div class='ocr_carea' id='block_1_99' title="bbox 194 5517 1813 5591">
    <p class='ocr_par' dir='ltr' id='par_1_99' title="bbox 194 5517 1813 5591">
     <span class='ocr_line' id='line_1_99' title="bbox 194 5517 1813 5591; baseline -0.001 -13"><span class='ocrx_word' id='word_1_782' title='bbox 194 5521 432 5589; x_wconf 82' lang='lat' dir='ltr'><strong>eripere</strong></span> <span class='ocrx_word' id='word_1_783' title='bbox 459 5517 676 5591; x_wconf 75' lang='lat' dir='ltr'><strong>Christo</strong></span> <span class='ocrx_word' id='word_1_784' title='bbox 706 5531 812 5570; x_wconf 91' lang='lat' dir='ltr'><strong>non</strong></span> <span class='ocrx_word' id='word_1_785' title='bbox 846 5527 1089 5587; x_wconf 81' lang='lat' dir='ltr'><strong>possent,</strong></span> <span class='ocrx_word' id='word_1_786' title='bbox 1115 5534 1181 5572; x_wconf 92' lang='lat' dir='ltr'><strong>eo</strong></span> <span class='ocrx_word' id='word_1_787' title='bbox 1205 5519 1539 5575; x_wconf 87' lang='lat' dir='ltr'><strong>devenerant</strong></span> <span class='ocrx_word' id='word_1_788' title='bbox 1568 5523 1813 5591; x_wconf 88' lang='lat' dir='ltr'><strong>impieta-</strong></span> 
     </span>
    </p>
   </div>
   <div class='ocr_carea' id='block_1_100' title="bbox 196 5588 1810 5655">
    <p class='ocr_par' dir='ltr' id='par_1_100' title="bbox 196 5588 1810 5655">
     <span class='ocr_line' id='line_1_100' title="bbox 196 5588 1810 5655; baseline 0.004 -13"><span class='ocrx_word' id='word_1_789' title='bbox 196 5588 304 5655; x_wconf 60' lang='lat' dir='ltr'><strong>tis,</strong></span> <span class='ocrx_word' id='word_1_790' title='bbox 343 5597 405 5641; x_wconf 88' lang='lat' dir='ltr'><strong>ut</strong></span> <span class='ocrx_word' id='word_1_791' title='bbox 431 5588 497 5643; x_wconf 87' lang='lat' dir='ltr'><strong>ab</strong></span> <span class='ocrx_word' id='word_1_792' title='bbox 529 5590 621 5653; x_wconf 86' lang='lat' dir='ltr'><strong>illo</strong></span> <span class='ocrx_word' id='word_1_793' title='bbox 668 5603 775 5642; x_wconf 90' lang='lat' dir='ltr'><strong>non</strong></span> <span class='ocrx_word' id='word_1_794' title='bbox 807 5594 1040 5643; x_wconf 81' lang='lat' dir='ltr'><strong>animam</strong></span> <span class='ocrx_word' id='word_1_795' title='bbox 1067 5632 1079 5647; x_wconf 94' lang='lat'><strong>.</strong></span> <span class='ocrx_word' id='word_1_796' title='bbox 1116 5592 1209 5646; x_wconf 90' lang='lat' dir='ltr'><strong>sed</strong></span> <span class='ocrx_word' id='word_1_797' title='bbox 1254 5592 1425 5646; x_wconf 89' lang='lat' dir='ltr'><strong>solam</strong></span> <span class='ocrx_word' id='word_1_798' title='bbox 1458 5588 1676 5647; x_wconf 83' lang='lat' dir='ltr'><strong>carnem</strong></span> <span class='ocrx_word' id='word_1_799' title='bbox 1720 5610 1810 5649; x_wconf 80' lang='lat' dir='ltr'><strong>as-</strong></span> 
     </span>
    </p>
   </div>
   <div class='ocr_carea' id='block_1_101' title="bbox 195 5660 1811 5730">
    <p class='ocr_par' dir='ltr' id='par_1_101' title="bbox 195 5660 1811 5730">
     <span class='ocr_line' id='line_1_101' title="bbox 195 5660 1811 5730; baseline 0 -11"><span class='ocrx_word' id='word_1_800' title='bbox 195 5669 491 5727; x_wconf 85' lang='lat' dir='ltr'><strong>sumptam</strong></span> <span class='ocrx_word' id='word_1_801' title='bbox 504 5662 888 5714; x_wconf 87' lang='lat' dir='ltr'><strong>contenderent</strong></span> <span class='ocrx_word' id='word_1_802' title='bbox 901 5660 1097 5715; x_wconf 81' lang='lat' dir='ltr'><strong>.Testis</strong></span> <span class='ocrx_word' id='word_1_803' title='bbox 1114 5673 1193 5715; x_wconf 75' lang='lat' dir='ltr'><strong>est</strong></span> <span class='ocrx_word' id='word_1_804' title='bbox 1213 5661 1372 5730; x_wconf 83' lang='lat' dir='ltr'><strong>hujus</strong></span> <span class='ocrx_word' id='word_1_805' title='bbox 1394 5665 1470 5718; x_wconf 74' lang='lat' dir='ltr'><strong>rei</strong></span> <span class='ocrx_word' id='word_1_806' title='bbox 1488 5663 1811 5719; x_wconf 83' lang='lat' dir='ltr'><strong>Athanasius</strong></span> 
     </span>
    </p>
   </div>
   <div class='ocr_carea' id='block_1_102' title="bbox 194 5732 1843 5805">
    <p class='ocr_par' dir='ltr' id='par_1_102' title="bbox 194 5732 1843 5805">
     <span class='ocr_line' id='line_1_102' title="bbox 194 5732 1843 5805; baseline -0.001 -12"><span class='ocrx_word' id='word_1_807' title='bbox 194 5738 275 5793; x_wconf 81' lang='lat' dir='ltr'><strong>de</strong></span> <span class='ocrx_word' id='word_1_808' title='bbox 319 5734 501 5789; x_wconf 83' lang='lat' dir='ltr'><strong>Salut.</strong></span> <span class='ocrx_word' id='word_1_809' title='bbox 533 5732 779 5805; x_wconf 56' lang='lat' dir='ltr'><strong>Adventu</strong></span> <span class='ocrx_word' id='word_1_810' title='bbox 808 5732 935 5805; x_wconf 85' lang='lat' dir='ltr'><strong>Chr.</strong></span> <span class='ocrx_word' id='word_1_811' title='bbox 972 5747 1092 5802; x_wconf 76' lang='lat' dir='ltr'><strong>pag.</strong></span> <span class='ocrx_word' id='word_1_812' title='bbox 1127 5732 1263 5797; x_wconf 79' lang='lat'><strong>655;</strong></span> <span class='ocrx_word' id='word_1_813' title='bbox 1298 5735 1628 5805; x_wconf 80' lang='lat' dir='ltr'><strong>Epiphanius</strong></span> <span class='ocrx_word' id='word_1_814' title='bbox 1664 5736 1806 5791; x_wconf 64' lang='lat' dir='ltr'><strong>Hmr.</strong></span> <span class='ocrx_word' id='word_1_815' title='bbox 1828 5778 1843 5791; x_wconf 87' lang='lat'><strong>.</strong></span> 
     </span>
    </p>
   </div>
   <div class='ocr_carea' id='block_1_103' title="bbox 197 5802 1812 5873">
    <p class='ocr_par' dir='ltr' id='par_1_103' title="bbox 197 5802 1812 5873">
     <span class='ocr_line' id='line_1_103' title="bbox 197 5802 1812 5873; baseline 0.003 -15"><span class='ocrx_word' id='word_1_816' title='bbox 197 5810 303 5872; x_wconf 79' lang='lat'><strong>69,</strong></span> <span class='ocrx_word' id='word_1_817' title='bbox 342 5818 498 5873; x_wconf 79' lang='lat' dir='ltr'><strong>tium.</strong></span> <span class='ocrx_word' id='word_1_818' title='bbox 527 5802 991 5873; x_wconf 53' lang='lat' dir='ltr'><strong>49;:Attgustinus</strong></span> <span class='ocrx_word' id='word_1_819' title='bbox 1036 5805 1177 5859; x_wconf 67' lang='lat' dir='ltr'><strong>Iber.</strong></span> <span class='ocrx_word' id='word_1_820' title='bbox 1207 5807 1293 5873; x_wconf 63' lang='lat'><strong>49-,</strong></span> <span class='ocrx_word' id='word_1_821' title='bbox 1339 5802 1409 5861; x_wconf 62' lang='lat' dir='ltr'><strong>et</strong></span> <span class='ocrx_word' id='word_1_822' title='bbox 1437 5805 1812 5863; x_wconf 71' lang='lat' dir='ltr'><strong>Tlteodt&#39;tr‘etus</strong></span> 
     </span>
    </p>
   </div>
   <div class='ocr_carea' id='block_1_104' title="bbox 198 5871 1101 5945">
    <p class='ocr_par' dir='ltr' id='par_1_104' title="bbox 198 5871 1101 5945">
     <span class='ocr_line' id='line_1_104' title="bbox 198 5871 1101 5945; baseline 0.004 -24"><span class='ocrx_word' id='word_1_823' title='bbox 198 5871 301 5935; x_wconf 49' lang='lat' dir='ltr'><strong>III).</strong></span> <span class='ocrx_word' id='word_1_824' title='bbox 344 5890 380 5929; x_wconf 76' lang='grc' dir='ltr'>γ</span> <span class='ocrx_word' id='word_1_825' title='bbox 416 5872 611 5931; x_wconf 66' lang='lat' dir='ltr'><strong>&quot;teret.</strong></span> <span class='ocrx_word' id='word_1_826' title='bbox 647 5871 831 5927; x_wconf 72' lang='lat' dir='ltr'><strong>Fultttl.</strong></span> <span class='ocrx_word' id='word_1_827' title='bbox 865 5888 985 5945; x_wconf 66' lang='lat' dir='ltr'><strong>cup.</strong></span> <span class='ocrx_word' id='word_1_828' title='bbox 1017 5875 1101 5929; x_wconf 79' lang='grc' dir='ltr'><strong>Η,</strong></span> 
     </span>
    </p>
   </div>
   <div class='ocr_carea' id='block_1_105' title="bbox 1916 4639 3507 4715">
    <p class='ocr_par' dir='ltr' id='par_1_105' title="bbox 1916 4639 3507 4715">
     <span class='ocr_line' id='line_1_105' title="bbox 1916 4639 3507 4715; baseline -0.003 -15"><span class='ocrx_word' id='word_1_829' title='bbox 1916 4656 2044 4713; x_wconf 90' lang='lat' dir='ltr'><strong>tem,</strong></span> <span class='ocrx_word' id='word_1_830' title='bbox 2078 4647 2219 4700; x_wconf 71' lang='lat' dir='ltr'><strong>sicut</strong></span> <span class='ocrx_word' id='word_1_831' title='bbox 2240 4646 2315 4700; x_wconf 89' lang='lat' dir='ltr'><strong>ait</strong></span> <span class='ocrx_word' id='word_1_832' title='bbox 2347 4646 2607 4715; x_wconf 85' lang='lat' dir='ltr'><strong>propheta</strong></span> <span class='ocrx_word' id='word_1_833' title='bbox 2637 4662 2648 4698; x_wconf 90' lang='lat'><strong>:</strong></span> <span class='ocrx_word' id='word_1_834' title='bbox 2685 4644 2819 4710; x_wconf 83' lang='lat' dir='ltr'><strong>Quia</strong></span> <span class='ocrx_word' id='word_1_835' title='bbox 2847 4659 2941 4713; x_wconf 86' lang='lat' dir='ltr'><strong>pro</strong></span> <span class='ocrx_word' id='word_1_836' title='bbox 2970 4642 3117 4697; x_wconf 89' lang='lat' dir='ltr'><strong>nobis</strong></span> <span class='ocrx_word' id='word_1_837' title='bbox 3162 4641 3301 4696; x_wconf 84' lang='lat' dir='ltr'><strong>dolet</strong></span> <span class='ocrx_word' id='word_1_838' title='bbox 3332 4639 3507 4713; x_wconf 84' lang='lat' dir='ltr'><strong>(Esai.</strong></span> 
     </span>
    </p>
   </div>
   <div class='ocr_carea' id='block_1_106' title="bbox 1917 4734 3515 4811">
    <p class='ocr_par' dir='ltr' id='par_1_106' title="bbox 1917 4734 3515 4811">
     <span class='ocr_line' id='line_1_106' title="bbox 1917 4734 3515 4811; baseline -0.003 -16"><span class='ocrx_word' id='word_1_839' title='bbox 1917 4756 2027 4805; x_wconf 83' lang='lat' dir='ltr'><strong>LIII,</strong></span> <span class='ocrx_word' id='word_1_840' title='bbox 2061 4739 2119 4811; x_wconf 72' lang='lat'><strong>4)</strong></span> <span class='ocrx_word' id='word_1_841' title='bbox 2150 4758 2162 4796; x_wconf 88' lang='lat'><strong>:</strong></span> <span class='ocrx_word' id='word_1_842' title='bbox 2187 4750 2243 4794; x_wconf 90' lang='lat' dir='ltr'><strong>et</strong></span> <span class='ocrx_word' id='word_1_843' title='bbox 2273 4755 2392 4804; x_wconf 89' lang='lat' dir='ltr'><strong>nos,</strong></span> <span class='ocrx_word' id='word_1_844' title='bbox 2416 4738 2663 4803; x_wconf 90' lang='lat' dir='ltr'><strong>Domine,</strong></span> <span class='ocrx_word' id='word_1_845' title='bbox 2698 4737 3086 4791; x_wconf 77' lang='lat' dir='ltr'><strong>testimaviutus</strong></span> <span class='ocrx_word' id='word_1_846' title='bbox 3110 4746 3161 4792; x_wconf 91' lang='lat' dir='ltr'><strong>te</strong></span> <span class='ocrx_word' id='word_1_847' title='bbox 3189 4751 3314 4792; x_wconf 88' lang='lat' dir='ltr'><strong>esse</strong></span> <span class='ocrx_word' id='word_1_848' title='bbox 3339 4735 3392 4791; x_wconf 91' lang='lat' dir='ltr'><strong>in</strong></span> <span class='ocrx_word' id='word_1_849' title='bbox 3417 4734 3515 4791; x_wconf 86' lang='lat' dir='ltr'><strong>do-</strong></span> 
     </span>
    </p>
   </div>
   <div class='ocr_carea' id='block_1_107' title="bbox 1919 4831 3401 4901">
    <p class='ocr_par' dir='ltr' id='par_1_107' title="bbox 1919 4831 3401 4901">
     <span class='ocr_line' id='line_1_107' title="bbox 1919 4831 3401 4901; baseline -0.001 -13"><span class='ocrx_word' id='word_1_850' title='bbox 1919 4833 2160 4899; x_wconf 85' lang='lat' dir='ltr'><strong>loribus;</strong></span> <span class='ocrx_word' id='word_1_851' title='bbox 2188 4849 2309 4889; x_wconf 89' lang='lat' dir='ltr'><strong>eum</strong></span> <span class='ocrx_word' id='word_1_852' title='bbox 2340 4843 2398 4887; x_wconf 90' lang='lat' dir='ltr'><strong>tu</strong></span> <span class='ocrx_word' id='word_1_853' title='bbox 2432 4848 2536 4888; x_wconf 93' lang='lat' dir='ltr'><strong>nou</strong></span> <span class='ocrx_word' id='word_1_854' title='bbox 2563 4847 2661 4901; x_wconf 91' lang='lat' dir='ltr'><strong>pro</strong></span> <span class='ocrx_word' id='word_1_855' title='bbox 2695 4840 2767 4895; x_wconf 87' lang='lat' dir='ltr'><strong>te,</strong></span> <span class='ocrx_word' id='word_1_856' title='bbox 2796 4831 2890 4886; x_wconf 88' lang='lat' dir='ltr'><strong>sed</strong></span> <span class='ocrx_word' id='word_1_857' title='bbox 2926 4847 3023 4901; x_wconf 91' lang='lat' dir='ltr'><strong>pro</strong></span> <span class='ocrx_word' id='word_1_858' title='bbox 3055 4847 3141 4886; x_wconf 89' lang='lat' dir='ltr'><strong>me</strong></span> <span class='ocrx_word' id='word_1_859' title='bbox 3163 4832 3401 4887; x_wconf 85' lang='lat' dir='ltr'><strong>doleres.</strong></span> 
     </span>
    </p>
   </div>
   <div class='ocr_carea' id='block_1_108' title="bbox 1993 4925 3515 4998">
    <p class='ocr_par' dir='ltr' id='par_1_108' title="bbox 1993 4925 3515 4998">
     <span class='ocr_line' id='line_1_108' title="bbox 1993 4925 3515 4998; baseline -0.005 -13"><span class='ocrx_word' id='word_1_860' title='bbox 1993 4930 2083 4986; x_wconf 81' lang='lat'><strong>55.</strong></span> <span class='ocrx_word' id='word_1_861' title='bbox 2121 4929 2187 4983; x_wconf 87' lang='lat' dir='ltr'><strong>Et</strong></span> <span class='ocrx_word' id='word_1_862' title='bbox 2212 4929 2338 4998; x_wconf 89' lang='lat' dir='ltr'><strong>quid</strong></span> <span class='ocrx_word' id='word_1_863' title='bbox 2367 4930 2557 4981; x_wconf 89' lang='lat' dir='ltr'><strong>mirum</strong></span> <span class='ocrx_word' id='word_1_864' title='bbox 2582 4926 2627 4980; x_wconf 89' lang='lat' dir='ltr'><strong>si</strong></span> <span class='ocrx_word' id='word_1_865' title='bbox 2662 4941 2760 4997; x_wconf 91' lang='lat' dir='ltr'><strong>pro</strong></span> <span class='ocrx_word' id='word_1_866' title='bbox 2789 4926 3045 4982; x_wconf 85' lang='lat' dir='ltr'><strong>omnibus</strong></span> <span class='ocrx_word' id='word_1_867' title='bbox 3073 4925 3266 4992; x_wconf 90' lang='lat' dir='ltr'><strong>doluit,</strong></span> <span class='ocrx_word' id='word_1_868' title='bbox 3297 4926 3388 4994; x_wconf 86' lang='lat' dir='ltr'><strong>qui</strong></span> <span class='ocrx_word' id='word_1_869' title='bbox 3417 4939 3515 4993; x_wconf 89' lang='lat' dir='ltr'><strong>pro</strong></span> 
     </span>
    </p>
   </div>
   <div class='ocr_carea' id='block_1_109' title="bbox 1921 5016 3513 5091">
    <p class='ocr_par' dir='ltr' id='par_1_109' title="bbox 1921 5016 3513 5091">
     <span class='ocr_line' id='line_1_109' title="bbox 1921 5016 3513 5091; baseline -0.007 -10"><span class='ocrx_word' id='word_1_870' title='bbox 1921 5042 2026 5082; x_wconf 92' lang='lat' dir='ltr'><strong>uno</strong></span> <span class='ocrx_word' id='word_1_871' title='bbox 2058 5024 2249 5079; x_wconf 82' lang='lat' dir='ltr'><strong>ﬂevit?</strong></span> <span class='ocrx_word' id='word_1_872' title='bbox 2280 5023 2417 5091; x_wconf 75' lang='lat' dir='ltr'><strong>Quid</strong></span> <span class='ocrx_word' id='word_1_873' title='bbox 2451 5022 2646 5077; x_wconf 91' lang='lat' dir='ltr'><strong>mirum</strong></span> <span class='ocrx_word' id='word_1_874' title='bbox 2675 5063 2688 5086; x_wconf 93' lang='lat'><strong>,</strong></span> <span class='ocrx_word' id='word_1_875' title='bbox 2724 5021 2769 5075; x_wconf 89' lang='lat' dir='ltr'><strong>si</strong></span> <span class='ocrx_word' id='word_1_876' title='bbox 2801 5021 3096 5076; x_wconf 87' lang='lat' dir='ltr'><strong>moriturus</strong></span> <span class='ocrx_word' id='word_1_877' title='bbox 3127 5035 3225 5091; x_wconf 90' lang='lat' dir='ltr'><strong>pro</strong></span> <span class='ocrx_word' id='word_1_878' title='bbox 3259 5016 3513 5073; x_wconf 88' lang='lat' dir='ltr'><strong>omnibus</strong></span> 
     </span>
    </p>
   </div>
   <div class='ocr_carea' id='block_1_110' title="bbox 1920 5110 3513 5189">
    <p class='ocr_par' dir='ltr' id='par_1_110' title="bbox 1920 5110 3513 5189">
     <span class='ocr_line' id='line_1_110' title="bbox 1920 5110 3513 5189; baseline -0.008 -13"><span class='ocrx_word' id='word_1_879' title='bbox 1920 5121 2155 5184; x_wconf 77' lang='lat' dir='ltr'><strong>taedeat,</strong></span> <span class='ocrx_word' id='word_1_880' title='bbox 2228 5120 2316 5189; x_wconf 91' lang='lat' dir='ltr'><strong>qui</strong></span> <span class='ocrx_word' id='word_1_881' title='bbox 2372 5116 2638 5172; x_wconf 84' lang='lat' dir='ltr'><strong>Lazarum</strong></span> <span class='ocrx_word' id='word_1_882' title='bbox 2695 5117 3116 5172; x_wconf 80' lang='lat' dir='ltr'><strong>resuscitalurus</strong></span> <span class='ocrx_word' id='word_1_883' title='bbox 3172 5110 3513 5180; x_wconf 82' lang='lat' dir='ltr'><strong>illacrymat?</strong></span> 
     </span>
    </p>
   </div>
   <div class='ocr_carea' id='block_1_111' title="bbox 1917 5210 3508 5284">
    <p class='ocr_par' dir='ltr' id='par_1_111' title="bbox 1917 5210 3508 5284">
     <span class='ocr_line' id='line_1_111' title="bbox 1917 5210 3508 5284; baseline -0.008 -12"><span class='ocrx_word' id='word_1_884' title='bbox 1917 5217 2117 5272; x_wconf 82' lang='lat' dir='ltr'><strong>Verum</strong></span> <span class='ocrx_word' id='word_1_885' title='bbox 2163 5225 2220 5270; x_wconf 86' lang='lat' dir='ltr'><strong>et</strong></span> <span class='ocrx_word' id='word_1_886' title='bbox 2270 5214 2342 5267; x_wconf 89' lang='lat' dir='ltr'><strong>ibi</strong></span> <span class='ocrx_word' id='word_1_887' title='bbox 2387 5215 2494 5284; x_wconf 65' lang='lat' dir='ltr'><strong>pice</strong></span> <span class='ocrx_word' id='word_1_888' title='bbox 2545 5210 2753 5267; x_wconf 86' lang='lat' dir='ltr'><strong>sororis</strong></span> <span class='ocrx_word' id='word_1_889' title='bbox 2807 5212 3063 5281; x_wconf 86' lang='lat' dir='ltr'><strong>lacrymis</strong></span> <span class='ocrx_word' id='word_1_890' title='bbox 3103 5213 3508 5271; x_wconf 88' lang='lat' dir='ltr'><strong>commovetur,</strong></span> 
     </span>
    </p>
   </div>
   <div class='ocr_carea' id='block_1_112' title="bbox 1913 5297 3494 5381">
    <p class='ocr_par' dir='ltr' id='par_1_112' title="bbox 1913 5297 3494 5381">
     <span class='ocr_line' id='line_1_112' title="bbox 1913 5297 3494 5381; baseline -0.009 -16"><span class='ocrx_word' id='word_1_891' title='bbox 1913 5309 2038 5381; x_wconf 87' lang='lat' dir='ltr'><strong>quia</strong></span> <span class='ocrx_word' id='word_1_892' title='bbox 2075 5320 2097 5345; x_wconf 75' lang='grc' dir='ltr'><strong>ο</strong></span> <span class='ocrx_word' id='word_1_893' title='bbox 2147 5318 2329 5363; x_wconf 88' lang='lat' dir='ltr'><strong>mente</strong></span> <span class='ocrx_word' id='word_1_894' title='bbox 2372 5306 2608 5359; x_wconf 88' lang='lat' dir='ltr'><strong>humana</strong></span> <span class='ocrx_word' id='word_1_895' title='bbox 2639 5302 2999 5375; x_wconf 80' lang='lat' dir='ltr'><strong>tangebatur:</strong></span> <span class='ocrx_word' id='word_1_896' title='bbox 3033 5308 3086 5353; x_wconf 89' lang='lat' dir='ltr'><strong>et</strong></span> <span class='ocrx_word' id='word_1_897' title='bbox 3114 5298 3200 5352; x_wconf 89' lang='lat' dir='ltr'><strong>hie</strong></span> <span class='ocrx_word' id='word_1_898' title='bbox 3230 5297 3341 5351; x_wconf 87' lang='lat' dir='ltr'><strong>alto</strong></span> <span class='ocrx_word' id='word_1_899' title='bbox 3369 5310 3494 5364; x_wconf 88' lang='lat' dir='ltr'><strong>ope-</strong></span> 
     </span>
    </p>
   </div>
   <div class='ocr_carea' id='block_1_113' title="bbox 1990 5439 3511 5511">
    <p class='ocr_par' dir='ltr' id='par_1_113' title="bbox 1990 5439 3511 5511">
     <span class='ocr_line' id='line_1_113' title="bbox 1990 5439 3511 5511; baseline -0.009 -5"><span class='ocrx_word' id='word_1_900' title='bbox 1990 5450 2017 5488; x_wconf 74' lang='grc' dir='ltr'><strong>ι’</strong></span> <span class='ocrx_word' id='word_1_901' title='bbox 2046 5450 2122 5505; x_wconf 86' lang='lat' dir='ltr'><strong>Ita</strong></span> <span class='ocrx_word' id='word_1_902' title='bbox 2161 5447 2291 5502; x_wconf 86' lang='lat' dir='ltr'><strong>edit.</strong></span> <span class='ocrx_word' id='word_1_903' title='bbox 2339 5460 2527 5500; x_wconf 86' lang='lat' dir='ltr'><strong>omnes</strong></span> <span class='ocrx_word' id='word_1_904' title='bbox 2567 5452 2623 5498; x_wconf 86' lang='lat' dir='ltr'><strong>et</strong></span> <span class='ocrx_word' id='word_1_905' title='bbox 2658 5457 2793 5497; x_wconf 90' lang='lat' dir='ltr'><strong>mss.</strong></span> <span class='ocrx_word' id='word_1_906' title='bbox 2837 5444 3082 5511; x_wconf 86' lang='lat' dir='ltr'><strong>aliquot:</strong></span> <span class='ocrx_word' id='word_1_907' title='bbox 3117 5439 3206 5493; x_wconf 91' lang='lat' dir='ltr'><strong>alii</strong></span> <span class='ocrx_word' id='word_1_908' title='bbox 3234 5452 3363 5511; x_wconf 88' lang='lat' dir='ltr'><strong>vero</strong></span> <span class='ocrx_word' id='word_1_909' title='bbox 3404 5454 3511 5493; x_wconf 90' lang='lat' dir='ltr'><strong>non</strong></span> 
     </span>
    </p>
   </div>
   <div class='ocr_carea' id='block_1_114' title="bbox 1918 5510 3515 5594">
    <p class='ocr_par' dir='ltr' id='par_1_114' title="bbox 1918 5510 3515 5594">
     <span class='ocr_line' id='line_1_114' title="bbox 1918 5510 3515 5594; baseline -0.006 -19"><span class='ocrx_word' id='word_1_910' title='bbox 1918 5521 2074 5594; x_wconf 89' lang='lat' dir='ltr'><strong>pauci</strong></span> <span class='ocrx_word' id='word_1_911' title='bbox 2102 5534 2285 5574; x_wconf 90' lang='lat' dir='ltr'><strong>vocem</strong></span> <span class='ocrx_word' id='word_1_912' title='bbox 2309 5519 2543 5594; x_wconf 77' lang='lat' dir='ltr'><strong>sanitatis</strong></span> <span class='ocrx_word' id='word_1_913' title='bbox 2571 5510 3037 5594; x_wconf 56' lang='lat' dir='ltr'><strong>praetereunt;pro</strong></span> <span class='ocrx_word' id='word_1_914' title='bbox 3060 5526 3160 5594; x_wconf 83' lang='lat' dir='ltr'><strong>qua</strong></span> <span class='ocrx_word' id='word_1_915' title='bbox 3183 5510 3515 5594; x_wconf 51' lang='lat' dir='ltr'><strong>substituunt</strong></span> 
     </span>
    </p>
   </div>
   <div class='ocr_carea' id='block_1_115' title="bbox 1918 5580 3514 5662">
    <p class='ocr_par' dir='ltr' id='par_1_115' title="bbox 1918 5580 3514 5662">
     <span class='ocr_line' id='line_1_115' title="bbox 1918 5580 3514 5662; baseline -0.008 -13"><span class='ocrx_word' id='word_1_916' title='bbox 1918 5580 2118 5662; x_wconf 68' lang='lat' dir='ltr'><strong>aquui,</strong></span> <span class='ocrx_word' id='word_1_917' title='bbox 2163 5600 2209 5645; x_wconf 89' lang='lat' dir='ltr'><strong>et</strong></span> <span class='ocrx_word' id='word_1_918' title='bbox 2259 5590 2433 5662; x_wconf 83' lang='lat' dir='ltr'><strong>statim</strong></span> <span class='ocrx_word' id='word_1_919' title='bbox 2473 5580 2711 5662; x_wconf 74' lang='lat' dir='ltr'><strong>leprosus</strong></span> <span class='ocrx_word' id='word_1_920' title='bbox 2742 5601 2901 5662; x_wconf 75' lang='lat' dir='ltr'><strong>sanus</strong></span> <span class='ocrx_word' id='word_1_921' title='bbox 2926 5580 3138 5662; x_wconf 36' lang='lat' dir='ltr'><strong>affectus</strong></span> <span class='ocrx_word' id='word_1_922' title='bbox 3177 5590 3271 5662; x_wconf 56' lang='lat' dir='ltr'><strong>est:</strong></span> <span class='ocrx_word' id='word_1_923' title='bbox 3302 5580 3514 5662; x_wconf 76' lang='lat' dir='ltr'><strong>Rursus</strong></span> 
     </span>
    </p>
   </div>
   <div class='ocr_carea' id='block_1_116' title="bbox 1915 5652 3516 5731">
    <p class='ocr_par' dir='ltr' id='par_1_116' title="bbox 1915 5652 3516 5731">
     <span class='ocr_line' id='line_1_116' title="bbox 1915 5652 3516 5731; baseline -0.006 -11"><span class='ocrx_word' id='word_1_924' title='bbox 1915 5652 2225 5731; x_wconf 23' lang='lat' dir='ltr'><strong>alitem-pro</strong></span> <span class='ocrx_word' id='word_1_925' title='bbox 2252 5660 2445 5713; x_wconf 76' lang='lat' dir='ltr'><strong>arbiter</strong></span> <span class='ocrx_word' id='word_1_926' title='bbox 2469 5652 2577 5712; x_wconf 73' lang='lat' dir='ltr'><strong>suae</strong></span> <span class='ocrx_word' id='word_1_927' title='bbox 2598 5655 2873 5731; x_wconf 80' lang='lat' dir='ltr'><strong>voluntatis</strong></span> <span class='ocrx_word' id='word_1_928' title='bbox 2896 5696 2908 5719; x_wconf 90' lang='lat'><strong>,</strong></span> <span class='ocrx_word' id='word_1_929' title='bbox 2937 5653 3143 5707; x_wconf 84' lang='lat' dir='ltr'><strong>Theod.</strong></span> <span class='ocrx_word' id='word_1_930' title='bbox 3166 5652 3337 5709; x_wconf 79' lang='lat' dir='ltr'><strong>codex</strong></span> <span class='ocrx_word' id='word_1_931' title='bbox 3366 5653 3516 5711; x_wconf 91' lang='lat' dir='ltr'><strong>solus</strong></span> 
     </span>
    </p>
   </div>
   <div class='ocr_carea' id='block_1_117' title="bbox 1918 5726 2838 5796">
    <p class='ocr_par' dir='ltr' id='par_1_117' title="bbox 1918 5726 2838 5796">
     <span class='ocr_line' id='line_1_117' title="bbox 1918 5726 2838 5796; baseline -0.017 -2"><span class='ocrx_word' id='word_1_932' title='bbox 1918 5726 2163 5796; x_wconf 75' lang='lat' dir='ltr'><strong>exhibet,</strong></span> <span class='ocrx_word' id='word_1_933' title='bbox 2193 5731 2383 5785; x_wconf 85' lang='lat' dir='ltr'><strong>arbiter</strong></span> <span class='ocrx_word' id='word_1_934' title='bbox 2410 5745 2521 5783; x_wconf 78' lang='lat' dir='ltr'><strong>sua:</strong></span> <span class='ocrx_word' id='word_1_935' title='bbox 2548 5726 2838 5796; x_wconf 52' lang='lat' dir='ltr'><strong>potestatis.</strong></span> 
     </span>
    </p>
   </div>
   <div class='ocr_carea' id='block_1_118' title="bbox 1995 5794 3515 5861">
    <p class='ocr_par' dir='ltr' id='par_1_118' title="bbox 1995 5794 3515 5861">
     <span class='ocr_line' id='line_1_118' title="bbox 1995 5794 3515 5861; baseline -0.005 0"><span class='ocrx_word' id='word_1_936' title='bbox 1995 5819 2014 5843; x_wconf 64' lang='grc' dir='ltr'><strong><em>ο</em></strong></span> <span class='ocrx_word' id='word_1_937' title='bbox 2052 5794 2174 5861; x_wconf 74' lang='lat' dir='ltr'><strong>Vet.</strong></span> <span class='ocrx_word' id='word_1_938' title='bbox 2201 5802 2334 5859; x_wconf 86' lang='lat' dir='ltr'><strong>edit.</strong></span> <span class='ocrx_word' id='word_1_939' title='bbox 2368 5816 2428 5853; x_wconf 85' lang='lat' dir='ltr'><strong>ac</strong></span> <span class='ocrx_word' id='word_1_940' title='bbox 2456 5794 2585 5853; x_wconf 82' lang='lat' dir='ltr'><strong>mss.</strong></span> <span class='ocrx_word' id='word_1_941' title='bbox 2622 5799 2758 5850; x_wconf 88' lang='lat' dir='ltr'><strong>bene</strong></span> <span class='ocrx_word' id='word_1_942' title='bbox 2788 5794 2960 5856; x_wconf 88' lang='lat' dir='ltr'><strong>multi,</strong></span> <span class='ocrx_word' id='word_1_943' title='bbox 2988 5803 3207 5849; x_wconf 88' lang='lat' dir='ltr'><strong>mentem</strong></span> <span class='ocrx_word' id='word_1_944' title='bbox 3238 5797 3515 5853; x_wconf 81' lang='lat' dir='ltr'><strong>humanam</strong></span> 
     </span>
    </p>
   </div>
   <div class='ocr_carea' id='block_1_119' title="bbox 1917 5866 3511 5937">
    <p class='ocr_par' dir='ltr' id='par_1_119' title="bbox 1917 5866 3511 5937">
     <span class='ocr_line' id='line_1_119' title="bbox 1917 5866 3511 5937; baseline -0.003 -10"><span class='ocrx_word' id='word_1_945' title='bbox 1917 5873 2173 5937; x_wconf 65' lang='lat' dir='ltr'><strong>tondebat.</strong></span> <span class='ocrx_word' id='word_1_946' title='bbox 2207 5869 2312 5927; x_wconf 83' lang='lat' dir='ltr'><strong>ditt)</strong></span> <span class='ocrx_word' id='word_1_947' title='bbox 2339 5872 2637 5937; x_wconf 67' lang='lat' dir='ltr'><strong>tangebam;</strong></span> <span class='ocrx_word' id='word_1_948' title='bbox 2670 5867 2823 5923; x_wconf 55' lang='lat' dir='ltr'><strong>Hom.</strong></span> <span class='ocrx_word' id='word_1_949' title='bbox 2851 5866 3009 5931; x_wconf 70' lang='lat' dir='ltr'><strong>edit.,</strong></span> <span class='ocrx_word' id='word_1_950' title='bbox 3043 5876 3260 5923; x_wconf 78' lang='lat' dir='ltr'><strong>mentem</strong></span> <span class='ocrx_word' id='word_1_951' title='bbox 3287 5870 3511 5925; x_wconf 75' lang='lat' dir='ltr'><strong>ltuntatttt</strong></span> 
     </span>
    </p>
   </div>
  </div>
