4016 6292
544 258 643 314 571

1906 257 2154 316 SANC'I'I
2190 258 2514 317 AMBIKOSII
3683 267 3765 324 573

543 387 695 434 ratur
733 371 961 440 allectu;
1009 381 1070 430 ut
1099 375 1244 432 sicut
1275 387 1425 432 mors
1456 373 1578 446 eius
1615 381 1851 432 mortem
1882 373 2147 441 abstulit,
2177 385 2230 457 Α
2320 373 2459 440 quod
2505 371 2746 431 Christus
2790 374 2968 431 dixit:
3009 375 3174 432 Pater
3217 375 3390 446 major
3427 389 3506 432 me
3540 385 3631 433 est.
3670 379 3768 446 Qua

546 471 688 526 livor
717 469 840 540 ejus
869 469 1051 526 ulcera
1076 478 1262 526 nostra
1289 471 1529 527 sanavit:
1561 470 1635 526 ita
1665 471 1830 527 etiam
1858 483 2148 528 maerorem

548 571 798 620 nostrum
828 575 1037 618 mmror
1065 561 1184 633 ejus
1214 563 1479 620 aboleret.

621 658 713 714 56.
759 657 830 714 Ut
865 656 1032 713 homo
1091 672 1224 728 ergo
1252 656 1510 724 dubitat,
1552 664 1613 712 ut
1659 655 1826 714 homo
1879 656 2148 714 turbatur.

555 760 582 792 α
610 751 725 809 Νοιι
754 751 1004 808 turbatur
1023 751 1142 822 ejus
1163 753 1358 818 virtus,
1388 766 1494 806 non
1523 749 1772 808 turbatur
1791 748 1922 821 eius
1955 749 2153 805 divini-

491 835 500 847 ⁷
555 854 639 900 tas
657 859 672 904 :
687 843 784 902 sed
817 843 1064 900 turbatur
1083 844 1292 900 anima:
1317 843 1563 899 turbatur
1583 845 1880 898 secundum
1897 841 2152 899 humana:

556 936 865 1009 fragilitatis
892 938 1345 1007 assumptiouem.
1376 937 1440 993 Et
1471 936 1596 992 ideo
1615 937 1742 1007 quia
1770 937 2012 1006 suscepit
2036 937 2154 992 auio

556 1045 722 1099 mam,
753 1028 782 1068 δ
801 1031 1039 1101 suscepit
1061 1041 1116 1086 et
1140 1031 1338 1088 anima:
1366 1029 1685 1102 passiones;
1711 1043 1818 1086 non
1840 1032 1986 1086 enim
2011 1031 2154 1089 Deus

557 1138 622 1179 eo
651 1122 796 1194 quod
832 1123 972 1177 Deus
1008 1133 1151 1190 erat,
1181 1132 1275 1180 aut
1305 1123 1513 1179 turbari
1555 1133 1652 1180 aut
1691 1125 1829 1180 mori
1865 1125 2152 1195 potuisset.

559 1215 823 1286 Denique,
853 1213 1000 1270 Deus
1019 1258 1032 1281 ,
1064 1213 1227 1282 Deus,
1261 1215 1453 1286 inquit,
1483 1233 1649 1281 meus,
1679 1233 1840 1288 quare
1865 1232 1944 1272 nte
1969 1217 2156 1272 dereli-

556 1311 713 1382 quiin
743 1309 918 1381 (Psal.
950 1326 1066 1377 ιιι,
1121 1311 1218 1381 i)?
1247 1310 1318 1368 Ut
1351 1313 1515 1366 homo
1541 1310 1704 1384 48],
1726 1327 1859 1383 ergo
1892 1312 2153 1382 loquitur,

559 1423 710 1463 meos
731 1407 1129 1464 circumferens
1149 1418 1365 1475 metus;
1409 1409 1555 1480 quod
1592 1410 1645 1463 in
1670 1408 1928 1479 periculis
1971 1407 2155 1479 positi,

561 1514 583 1542 ο
617 1519 647 1558 a
675 1503 906 1558 Domino
928 1503 1106 1559 deseri
1143 1517 1246 1559 nos
1269 1515 1544 1574 putamus.
1593 1501 1664 1558 Ut
1687 1501 1852 1558 homo
1882 1502 2154 1570 turbatur,

557 1607 619 1655 ut
648 1600 811 1654 homo
843 1598 957 1667 fiet,
994 1609 1052 1654 ut
1085 1600 1249 1654 homo
1276 1599 1638 1670 cruciﬁgitur.

627 1692 720 1749 57.
742 1693 833 1748 Sic
853 1693 1000 1749 enim
1023 1701 1078 1748 et
1098 1693 1384 1764 apostolus
1403 1692 1601 1748 Paulus
1617 1691 1752 1748 dixit
1772 1710 1785 1748 :
1808 1691 1944 1760 Quia
1961 1691 2160 1749 Christi

2324 468 2474 523 verba
2502 477 2552 522 et
2579 469 2687 523 alia
2713 465 2948 542 ejusdem
2987 470 3208 526 rationis
3237 469 3326 524 ubi
3347 471 3603 525 secundant
3627 473 3770 528 hane-

2323 562 2543 616 nitatem
2563 562 2902 636 intelligenda
2920 575 3031 617 esse
3051 573 3316 618 ostensam
3337 571 3428 631 est,
3451 561 3658 618 eumdem
3692 563 3773 620 Do-

2323 656 2524 710 minam
2565 657 2850 710 secundant
2881 665 3124 711 naturam
3157 657 3386 711 divinant
3413 657 3512 712 dici
3551 673 3639 714 non
3665 673 3776 730 posse

2328 747 2479 804 Patri
2505 749 2804 820 inferiorem
2833 750 3011 804 multis
3036 750 3399 821 conﬁrmatur.

2325 947 2416 1005 59.
2449 946 2552 1004 Per
2580 955 2832 1003 naturam
2874 947 3040 1020 igitur
3067 946 3306 1004 hominis
3337 951 3391 1002 et
3419 944 3718 1013 dubitavit,‘
3741 955 3781 1002 et

2257 1043 2438 1098 taeduit
2469 1054 2522 1098 et
2553 1041 2893 1108 resurrexit;
2925 1041 3068 1112 quod
3098 1043 3244 1097 enim
3274 1040 3495 1104 cecidit,
3534 1039 3624 1095 hoc
3648 1050 3784 1095 resur-

2255 1137 2351 1209 git.
2382 1137 2488 1192 Per
2517 1145 2772 1191 naturam
2817 1135 3060 1190 hominis
3093 1131 3225 1190 dicit
3252 1133 3416 1190 etiam
3455 1131 3601 1198 illud,
3629 1133 3684 1187 de
3707 1145 3785 1202 quo

2257 1230 2580 1286 calumniari
2608 1230 2810 1295 'solent;
2839 1225 2964 1301 quia
3001 1228 3207 1284 dictum
3250 1239 3374 1284 est:
3407 1227 3645 1296 Quoniam
3670 1225 3797 1281 Pater.

2256 1325 2428 1396 major
2457 1340 2534 1378 me
2562 1334 2636 1378 est
2664 1321 2848 1392 (Joan.
2878 1339 2987 1390 xlv,
3021 1323 3139 1392 28).

2329 1417 2419 1472 60.
2457 1415 2654 1472 Verum
2699 1417 2824 1488 quia
2867 1415 2992 1470 alibi
3043 1414 3282 1470 dicitur:
3325 1412 3480 1469 Exivi
3521 1431 3552 1468 a
3589 1411 3791 1479 Patre,et

2258 1509 2375 1564 veni
2404 1509 2457 1564 in
2496 1509 2743 1564 mundum
2777 1526 2794 1563 :
2839 1505 3026 1563 iterant
3054 1507 3289 1579 relinquo
3333 1505 3593 1570 mundum,
3635 1515 3674 1560 et
3698 1506 3792 1560 vado

2258 1604 2328 1658 ad
2360 1601 2570 1658 Patrem
2601 1601 2783 1677 (Joan.
2819 1619 2931 1669 xvn,
2959 1598 3054 1670 ‘28)
3081 1620 3094 1656 :
3121 1597 3403 1672 quomodo
3429 1601 3593 1666 vadit,
3615 1597 3702 1654 nisi
3728 1615 3795 1670 per

2263 1707 2496 1753 mortem
2521 1714 2532 1750 :
2559 1705 2616 1752 et
2645 1697 2812 1764 venit,
2846 1689 2949 1752 nisi
2975 1711 3070 1766 per
3093 1693 3546 1752 resurrectionem
3569 1691 3796 1762 iDenique

559 1801 766 1842 carnem
802 1786 1174 1857 cruciﬁzerunt
1203 1784 1406 1857 (Galut.
1435 1801 1492 1852 ν,
1519 1783 1639 1857 24).
1686 1781 1754 1840 Ει
1778 1784 1910 1840 alibi
1935 1793 2160 1856 aposlo-
2189 1793 2236 1858 Β
2263 1789 2496 1858 addidit,
2515 1799 2574 1846 ut
2595 1791 2662 1846 de
2688 1787 3062 1860 assumptione
3084 1803 3143 1844 se
3165 1785 3367 1843 dixisse
3389 1786 3647 1858 signaret:
3673 1783 3800 1857 Ρι-ορ·

559 1881 648 1938 lus
674 1881 866 1938 Petrus
896 1881 972 1936 ait
995 1898 1008 1934 :
1032 1879 1237 1937 Christo
1257 1897 1411 1954 passo
1433 1879 1718 1936 secundum
1739 1895 1947 1934 carnem
1976 1878 2022 1952 (Ι
2040 1877 2158 1933 Pet.

561 1989 644 2038 tv,
676 1971 753 2046 1).
779 1971 922 2029 Caro
950 1973 1114 2045 igitur
1138 1981 1222 2030 est
1254 1989 1434 2046 passa,
1472 1973 1737 2030 divinitas
1759 1983 1942 2028 autem
1968 1972 2163 2028 montis
2205 1981 2217 1993 °

563 2069 774 2124 libera:
810 2068 1048 2138 passioui
1096 2083 1300 2136 corpus
1339 2077 1550 2123 natura:
1595 2067 1842 2122 humanm
1881 2066 2003 2138 lege
2031 2081 2166 2122 con-

563 2162 764 2228 cessit;
793 2178 862 2217 an
885 2177 1016 2218 vero
1041 2163 1180 2218 mori
1202 2161 1458 2218 divinitas
1482 2172 1682 2233 potest,
1707 2178 1830 2218 cum
1852 2162 2031 2216 anima
2055 2176 2163 2216 non

573 2253 786 2324 possit?
820 2252 1022 2321 Nolite,
1066 2254 1266 2326 inquit,
1297 2255 1480 2311 timere
1504 2271 1590 2310 eos
1613 2255 1702 2326 qui
1731 2270 1921 2326 corpus
1949 2262 2166 2326 possunt

571 2347 826 2412 occidere,
859 2347 1087 2402 animam
1127 2356 1300 2402 autem
1330 2363 1434 2403 non
1464 2357 1680 2417 possunt
1708 2345 1927 2414 (Matth.
1959 2362 2014 2410 ι,
2046 2345 2164 2418 ‘28).

568 2439 624 2496 Si
657 2454 790 2510 ergo
821 2440 1002 2496 anima
1033 2439 1206 2496 occidi
1235 2455 1342 2496 non
1369 2449 1572 2512 petest,
1605 2439 1877 2510 quomodo
1905 2438 2164 2496 divinitas

573 2542 753 2604 potest
773 2533 795 2588 ‘.'

643 2629 736 2684 58.
783 2627 802 2700 [
814 2627 954 2682 Alias
979 2645 1096 2702 cap.
1121 2627 1190 2684 IV
1209 2627 1255 2702 ].
1287 2625 1314 2666 ἀ
1339 2627 1496 2686 Unde
1520 2626 1649 2684 illud
1666 2626 1810 2699 quod
1841 2626 2038 2684 lectum
2061 2634 2166 2694 est,

576 2722 863 2779 Dominum
895 2723 1198 2794 majestatis
1241 2723 1560 2779 cruciﬁxum
1593 2737 1714 2778 esse
1738 2763 1756 2789 ,
1797 2735 1906 2777 non
1933 2719 2086 2792 quasi
2113 2721 2167 2776 in

573 2817 858 2889 majestate
887 2832 985 2872 sua
1011 2817 1328 2874 crucifixum
1352 2825 1602 2888 putentus
1631 2816 1675 2888 (l
1703 2813 1824 2872 Cor.
1855 2833 1916 2884 ιι,
1949 2815 2007 2888 8)
2031 2834 2046 2870 :
2070 2813 2169 2872 sed

571 2910 696 2981 quia
723 2919 746 2947 ο
773 2909 915 2965 idem
936 2909 1102 2977 Deus,
1131 2910 1273 2966 idem
1299 2909 1483 2977 homo,
1512 2925 1610 2982 per
1631 2909 1970 2965 divinitatem
1999 2908 2167 2977 Deus,

572 3017 672 3074 per
701 3002 1108 3074 susceptionem
1143 3004 1326 3060 carnis
1359 3003 1522 3061 homo
1563 3003 1721 3060 Jesus
1756 3001 2028 3070 Christus,
2060 3003 2167 3058 Do-

573 3095 754 3152 minus
799 3097 1101 3168 majestatis
1143 3097 1343 3154 dicitur
1385 3097 1718 3164 cruciﬁxus,
1767 3097 1891 3168 quia
1939 3111 2170 3154 consors

2261 1895 2398 1940 terea
2425 1884 2538 1938 dixi
2561 1883 2704 1938 nobis
2732 1883 3038 1954 priusquam
3065 1881 3158 1952 ﬁat
3186 1897 3204 1947 ,°
3228 1889 3283 1934 ut
3305 1895 3424 1934 cum
3449 1879 3629 1948 factum
3647 1878 3797 1948 fuerit,

2263 1980 2487 2034 credatis
2515 1978 2698 2052 (Joan.
2734 1977 2972 2049 xtv,29).
3004 1976 3356 2047 Loquebatur
3382 1977 3528 2030 enim
3551 1975 3801 2045 passionem

2265 2076 2348 2132 sui
2369 2074 2652 2145 corporis,
2699 2081 2755 2130 et
2793 2071 3254 2128 resurrectionem
3293 2084 3396 2141 per
3433 2083 3592 2140 quam
3631 2065 3803 2121 credere

2265 2176 2567 2237 cmperant,
2595 2165 2691 2237 qui
2719 2177 2847 2222 ante
2869 2164 3220 2230 dubitabant;
3245 2177 3430 2234 neque
3459 2161 3597 2217 enim
3626 2161 3742 2215 Deus
3757 2157 3805 2213 de

2268 2260 2389 2317 loco
2435 2260 2502 2316 ad
2543 2259 2722 2315 locum
2761 2259 2980 2325 transit,
3011 2258 3108 2330 qui
3149 2259 3350 2328 ubique
3390 2272 3609 2329 semper
3639 2266 3725 2311 cst.
3755 2251 3805 2310 lit

2270 2355 2432 2410 homo
2471 2364 2557 2410 est
2589 2353 2680 2420 qui
2709 2353 2886 2417 vadit,
2931 2353 3046 2422 ipse
3071 2351 3284 2422 estqui
3325 2351 3497 2406 venit.
3536 2349 3743 2418 Denique
3767 2351 3807 2402 et

2267 2447 2394 2503 alibi
2416 2446 2549 2504 dicit
2573 2467 2588 2502 :
2615 2446 2849 2520 Surgite,
2879 2463 3054 2504 eamus
3075 2447 3197 2501 hinc
3220 2443 3490 2517 (Ibid..5l
3503 2459 3542 2515 ).
3569 2443 3622 2498 ln
3641 2458 3698 2499 eo
3714 2455 3808 2512 ergo

2272 2541 2422 2600 vadit
2440 2551 2496 2598 et
2516 2541 2685 2608 venit,
2717 2540 2861 2612 quod
2887 2551 2975 2598 est
3002 2555 3296 2596 commune
3320 2539 3627 2593 nobiscum.

2340 2640 2402 2695 6|
2419 2681 2431 2695 .
2448 2637 2580 2693 Nam
2597 2637 2870 2708 quomodo
2891 2647 3064 2706 potest
3081 2637 3258 2692 minor
3269 2650 3391 2690 esse
3404 2635 3692 2698 Deus,eum
3705 2629 3809 2684 Deut

2274 2734 2547 2806 perfectus
2585 2742 2642 2790 et
2675 2734 2866 2804 plenus
2892 2730 3006 2788 sit?
3039 2730 3148 2788 Sed
3194 2731 3374 2786 minor
3391 2727 3561 2803 εει
3583 2729 3632 2782 in
3666 2735 3812 2781 natura

2273 2827 2510 2882 hominis
2530 2837 2588 2882 et
2619 2825 2835 2881 miraris
2857 2825 2902 2880 si
2933 2840 3000 2880 ex
3033 2833 3058 2874 ε
3098 2837 3330 2894 persona
3367 2821 3610 2877 hominis
3642 2819 3810 2874 Patren

2272 2921 2412 2976 dixit
2439 2921 2731 2991 majorem,
2764 2918 2857 2990 qui
2895 2918 2951 2972 in
2984 2931 3215 2989 persona
3253 2915 3498 2972 hominis
3523 2929 3582 2968 se
3624 2923 3813 2966 vertunt

2273 3014 2412 3070 dixit
2447 3029 2570 3069 esse
2591 3054 2608 3079 ,
2650 3029 2756 3067 non
2805 3011 3121 3076 hominem;
3167 3010 3306 3064 dixit
3331 3009 3486 3064 enim
3512 3026 3526 3061 :
3550 3006 3656 3079 Ego
3686 3013 3813 3057 auten

2271 3123 2388 3162 sum
2414 3108 2602 3163 vermis
2623 3117 2669 3160 et
2695 3122 2794 3161 non
2818 3105 2969 3160 homo
2987 3103 3163 3176 (Psal.
3197 3119 3312 3168 xxi,
3337 3103 3428 3173 7);
3459 3112 3516 3159 et
3539 3101 3690 3157 alibi:
3709 3097 3816 3153 Sicut

572 3191 856 3264 utriusque
891 3201 1123 3258 naturae,
1167 3193 1218 3250 id
1249 3201 1356 3260 est,
1383 3191 1636 3250 humana:
1664 3201 1828 3266 atque
1857 3192 2078 3259 divinae,
2109 3190 2163 3250 in
2192 3189 2236 3252 C
2270 3200 2379 3254 ouis
2408 3199 2478 3253 ad
2498 3199 2804 3254 occisionem
2834 3197 3018 3254 ductus
3038 3207 3113 3252 est
3144 3193 3318 3263 (Esai.
3350 3209 3474 3264 uit,
3505 3195 3585 3265 7).

572 3298 762 3342 natura
805 3286 1042 3344 hominis
1085 3287 1254 3343 subiit
1300 3288 1644 3358 passionem;
1688 3294 1748 3343 ut
1785 3286 2079 3346 indiscrete
2114 3295 2170 3344 et

575 3381 840 3437 Dominus
885 3383 1186 3454 majestatis
1213 3382 1426 3439 dicatur
1461 3396 1583 3440 esse
1613 3383 1704 3454 qui
1747 3397 1938 3454 passus
1980 3389 2086 3448 est,
2115 3391 2171 3440 et

575 3475 746 3533 Filius
773 3477 1032 3546 hominis,
1061 3479 1202 3535 sicut
1228 3481 1494 3549 scriptum
1535 3487 1643 3546 est,
1683 3479 1772 3550 qui
1810 3477 2074 3536 descendit
2107 3479 2169 3533 de

575 3569 700 3624 cwlo
723 3567 905 3641 (Joau.
941 3587 1020 3638 ιιι,
1049 3571 1164 3643 15).

1173 3666 1402 3724 CAPUT
1438 3667 1569 3724 Vill.

578 3752 665 3810 Ea:
701 3756 960 3828 principio
995 3759 1231 3828 proxime
1269 3768 1388 3815 ante
1427 3761 1717 3816 constituto
1759 3760 1898 3818 illud
1935 3761 2176 3832 solvitur,

573 3965 852 4042 tangebam
869 3980 1051 4042 ,ﬂmss.
1081 3968 1274 4036 reliqui
1301 3976 1362 4024 ut
1384 3969 1436 4024 itt
1465 3975 1634 4025 textu.
1666 3968 1740 4024 At
1766 3971 2029 4042 continuo
2050 3980 2174 4042 post

577 4039 667 4114 ubi
698 4041 984 4114 vet.__edit.
1028 4055 1167 4114 cum
1200 4050 1355 4112 parte
1383 4057 1513 4114 mss.
1533 4081 1550 4107 ,
1594 4043 1906 4114 operabatur
1939 4039 2124 4110 elfectu
2153 4059 2172 4109 ;

576 4109 737 4164 Rom.
769 4107 897 4166 edit.
925 4127 1048 4167 cum
1082 4107 1390 4178 aliis—mss"
1422 4107 1633 4179 alfectu.

649 4191 676 4220 ι
708 4181 836 4236 Mss.
867 4183 1096 4254 aliquot,
1134 4182 1256 4239 Non
1277 4186 1512 4240 turbatur
1539 4195 1595 4241 ut
1615 4185 1797 4240 virtus.

648 4254 678 4294 1³
708 4254 954 4324 lntellige
994 4255 1222 4312 affectus
1263 4255 1530 4315 innocuos
1556 4299 1571 4324 ,
1620 4273 1723 4314 nec
1763 4273 1874 4313 non
1916 4257 2174 4313 vitiorum

578 4326 775 4397 quibus
825 4339 1040 4382 nostros
1081 4329 1367 4398 depravari
1417 4330 1693 4394 dolemus,
1734 4330 2025 4384 immunes.
2058 4329 2174 4386 Etsi

581 4413 713 4452 vero
738 4399 957 4473 eosdem
983 4400 1094 4466 alii,
1117 4410 1238 4471 post
1269 4401 1654 4473 Hieronymum
1677 4403 1728 4456 in
1761 4401 1948 4456 Matth.
1979 4417 2172 4466 XXXVI,

581 4470 944 4540 propassiones
997 4470 1195 4527 vocare
1237 4470 1587 4538 maluerunt,
1633 4487 1794 4542 quam
1851 4475 2174 4542 passiones;

581 4541 725 4595 hanc
765 4551 944 4597 tamen
985 4558 1172 4599 vocem
1205 4543 1466 4602 adhibere
1508 4541 1675 4601 voluit
1703 4541 2022 4601 Ambrosius
2049 4586 2064 4611 ,
2115 4552 2175 4601 ut

582 4612 787 4686 Ariano
815 4617 987 4671 errori
1030 4617 1261 4672 validius
1301 4617 1609 4674 orthodoxa
1643 4619 1842 4674 veritas
1871 4632 2174 4686 opponere.

583 4693 692 4760 tur.
731 4685 805 4760 De
835 4687 1234 4760 Christiporro
1291 4687 1576 4746 affectibus
1632 4690 1864 4746 ubertim
1918 4685 2171 4760 Magister

584 4758 636 4812 in
667 4773 723 4812 ιιι
753 4751 998 4816 Sentent.
1031 4751 1274 4816 distinct.
1327 4761 1432 4829 15;
1465 4761 1526 4816 D.
1555 4762 1750 4817 Thom.
1776 4779 1835 4818 ιιι
1868 4777 1918 4832 p.
1945 4801 1960 4827 ,
2083 4761 2170 4830 15,

581 4846 634 4884 a.
662 4833 778 4906 tet
807 4834 862 4899 6,
891 4833 1094 4904 aliique
1125 4843 1246 4901 poSt
1273 4848 1369 4906 eos
1399 4835 1634 4904 theologi
1681 4834 1980 4906 disputant.

657 4912 681 4976 αξ
709 4902 837 4976 Mss.
870 4902 1200 4976 complures,
1232 4923 1264 4960 a
1286 4905 1398 4961 Deo
1417 4902 1606 4961 deseri:

655 4970 810 5049 {llic
842 4970 1126 5033 locus-nou
1157 4970 1318 5033 modo
1351 4979 1402 5034 in
1431 4978 1591 5049 epist.
1641 4977 1747 5035 154
1771 4977 1970 5034 Leonis
1999 4977 2175 5049 Magni

582 5045 648 5101 ad
683 5043 850 5119 Leon.
885 5053 1108 5119 August.
1131 5092 1144 5112 ,
1176 5065 1364 5104 verum
1415 5043 1578 5106 etiam
1627 5049 1677 5104 in
1709 5065 1864 5106 conc.
1909 5043 2174 5106 ClialcEd.

583 5125 689 5192 act.
713 5118 773 5187 2,
803 5130 858 5175 et
883 5119 938 5176 in
965 5118 1124 5188 epist.
1152 5121 1224 5177 24
1253 5121 1496 5190 ejusdem
1529 5123 1728 5178 Leonis
1761 5135 1911 5192 papa:
1935 5121 2002 5176 ad
2051 5119 2177 5176 Fla-

583 5190 728 5246 vian.
765 5193 966 5265 relatus
997 5194 1284 5248 invenitur.
1321 5195 1626 5264 Ambigitur
1653 5190 1882 5249 autem—a
1898 5208 2005 5265 quo
2031 5193 2174 5251 idem

585 5276 708 5316 cum
757 5264 986 5318 aliorum
1015 5265 1116 5319 PP.
1150 5267 1476 5334 testimoniis
1506 5267 1724 5322 additus
1754 5264 1926 5334 fuerit:
1956 5266 2009 5319 in
2056 5268 2178 5334 epi-

587 5335 723 5407 stola
743 5349 1057 5390 mcmorata.
1077 5337 1374 5392 Gurttcrius
1395 5332 1610 5392 Prmfat.
1630 5337 1680 5390 in
1705 5327 1892 5394 Schol.
1915 5331 1972 5393 S.
1991 5327 2177 5407 Cyrilli

589 5406 691 5461 hoc
718 5425 745 5459 ιι
771 5407 1111 5464 'l‘nendoreto
1130 5407 1326 5464 factum
1357 5410 1638 5464 contendit
1665 5425 1676 5462 :
1707 5408 2028 5477 Quenellius
2041 5406 2179 5466 vero

591 5495 640 5533 tn
669 5479 794 5534 Not.
828 5479 892 5534 ad
923 5481 1082 5549 epist.
1115 5480 1186 5536 24
1219 5479 1415 5536 Leonis
1461 5496 1623 5547 supra
1649 5478 1892 5544 citatam,
1924 5478 2182 5548 dispunc-

591 5551 659 5604 tis
685 5551 932 5607 Garnerii
958 5551 1279 5618 rationibus,
1295 5553 1483 5607 eadem
1509 5549 1598 5608 illa
1623 5551 1935 5609 testimonia
1954 5567 1981 5604 a
2000 5553 2181 5610 Leone

595 5623 710 5692 ipso
735 5626 1009 5694 proposita
1032 5667 1045 5690 ,
1093 5636 1149 5680 et
1171 5629 1288 5694 ejus
1327 5625 1544 5680 nontine
1593 5624 1646 5679 in
1679 5624 1919 5680 Concilio
1957 5628 2182 5680 recitata

594 5709 714 5778 esse
735 5697 993 5767 disputat.
1039 5697 1144 5754 Sed
1195 5697 1386 5753 isthazc
1407 5713 1596 5768 parum
1620 5694 1687 5754 ad
1719 5705 1962 5752 nostrum
1989 5711 2185 5767 propo-

594 5777 780 5826 Situm.

2347 3295 2436 3350 62.
2471 3294 2532 3350 Si
2561 3293 2613 3349 in
2645 3293 2751 3349 hoc
2778 3293 3042 3348 minorem
3071 3291 3232 3356 dicis,
3255 3305 3465 3362 negare
3495 3305 3600 3345 non
3625 3299 3815 3361 possunt:

2276 3389 2394 3452 sed,
2431 3399 2487 3444 ut
2515 3389 2684 3444 verbo
2709 3395 2830 3441 utar
2867 3385 3180 3456 Scriptum,
3210 3399 3316 3439 non
3351 3385 3535 3438 minor
3559 3392 3728 3446 natus,
3751 3376 3818 3433 sed

2277 3483 2560 3537 minoratus
2604 3477 2802 3553 (Hebr.
2828 3495 2902 3544 ιι,
2946 3478 3027 3550 9),
3049 3479 3153 3534 hoc
3193 3486 3298 3543 est,
3341 3477 3526 3533 minor
3560 3476 3716 3532 factus
3737 3479 3816 3528 est.

2277 3575 2559 3645 Quomodo
2603 3585 2784 3630 autem
2828 3573 3008 3630 minor
3051 3572 3254 3638 factus,
3304 3572 3406 3628 nisi
3455 3572 3620 3643 quia:
3660 3566 3820 3624 Custis

2278 3671 2446 3742 [arma
2478 3667 2572 3726 Dei
2610 3678 2773 3732 esset,
2821 3682 2926 3722 non
2966 3667 3208 3737 rapinam
3246 3666 3534 3720 arbitratus
3577 3674 3643 3718 est
3676 3670 3821 3716 estest

2278 3761 2526 3833 aqualem
2569 3759 2682 3826 Deo
2706 3799 2720 3828 ,
2751 3759 2845 3816 sed
2865 3759 3197 3832 semetipsum
3236 3759 3524 3816 exiuauivit
3573 3755 3739 3830 (Phil.
3767 3767 3820 3816 ιι,

2275 3981 2331 4025 et
2361 3969 2502 4025 infra
2533 3969 2568 4024 l.
2587 3984 2644 4024 nt
2665 3968 2866 4026 dicitur
2886 3976 3108 4039 prapter
3134 3965 3378 4022 intimam
3397 3966 3550 4022 illam
3581 3968 3629 4020 in
3654 3960 3824 4020 Christo

2277 4042 2477 4112 divinae
2502 4044 2863 4112 humanmque
2901 4049 3110 4096 naturm
3153 4039 3406 4112 unionem
3437 4039 3715 4112 Dominum
3741 4046 3824 4112 tua-

2272 4107 2490 4184 jestatis
2513 4130 2541 4169 e
2570 4128 2735 4184 cruce
2767 4107 3111 4184 pependisse,
3141 4127 3205 4166 ac
3227 4111 3343 4166 vice
3365 4126 3532 4184 versa
3557 4111 3737 4184 870ml“
3757 4107 3826 4158 tle-

2278 4181 2558 4241 tscendisse
2577 4181 3044 4245 FiliunthOminis,
3067 4183 3168 4238 rite
3193 4183 3558 4252 pronuntiari;
3586 4181 3824 4252 hocipsutll

2280 4266 2467 4328 postea
2490 4259 2670 4331 docuit
2695 4258 3027 4331 Augustinus
3048 4255 3140 4331 illi.
3163 4245 3278 4331 fde
3296 4255 3498 4331 Trinit.
3519 4245 3569 4310 (ἑ.
3597 4251 3681 4316 15,
3703 4245 3824 4331 {1.38.

2279 4327 2438 4396 ouem
2468 4330 2836 4385 consule.lloc
2861 4343 3020 4397 porro
3049 4327 3176 4382 illud
3205 4339 3310 4392 est,
3334 4327 3482 4396 quod
3509 4327 3828 4383 comomnicr

2279 4402 2354 4456 tio
2385 4399 2707 4458 idiomatum
2738 4400 3041 4471 appellatur
3066 4415 3099 4454 a
3128 4397 3500 4471 scholasticis.

2351 4471 2370 4512 ί
2405 4473 2480 4528 lta
2510 4487 2701 4528 omnes
2739 4465 2870 4527 edit.
2918 4489 2979 4524 :tc
3021 4475 3151 4525 mss.
3198 4469 3405 4538 aliquot
3464 4489 3478 4522 :
3523 4465 3702 4526 ueteri
3730 4472 3826 4518 vero

2278 4547 2495 4618 partim,
2531 4555 2579 4600 et
2606 4545 2852 4604 twdianit.
2885 4545 3085 4618 partim
3110 4552 3160 4618 et
3183 4542 3507 4618 (aedificavit.

2348 4588 2578 4673 ξ’ἱὶἓὶἷιιῖ
2598 4588 3372 4676 ’ῧῖιίέιὶι’τ’ἓῖα’ἰιὲἕιῆιό,
3399 4588 3600 4684 quippe
3619 4625 3728 4682 quae
3751 4607 3829 4662 beo

2197 4699 2252 4760 ι)
2278 4691 2439 4747 minis
2471 4700 2717 4760 naturam
2750 4702 3146 4759 per~0nantque
3177 4687 3369 4760 saltem
3401 4702 3536 4760 voce
3565 4692 3830 4760 tenusmcnn'

2280 4764 2486 4818 fundat.
2515 4751 2898 4816 Difﬁcultaletn
2923 4769 2982 4814 ιιι
3003 4751 3176 4832 solvat
3206 4755 3456 4832 Petavius
3482 4758 3667 4826 Dngm.
3692 4751 3831 4832 Theo-

2279 4837 2384 4905 log.
2403 4833 2470 4890 de
2487 4834 2681 4888 Trinit.
2698 4835 2772 4886 ait
2793 4845 3078 4905 persmtam
3097 4830 3181 4884 hic
3197 4830 3587 4905 eosignilicatu
3603 4827 3829 4905 accipignj

2279 4898 2429 4967 da'm,
2457 4921 2568 4976 quo
2599 4908 2790 4974 vulgus
2816 4904 2947 4959 dicit
2973 4906 3212 4976 aliquem
3270 4898 3352 4976 ἰιί
3375 4916 3608 4976 persona
3641 4898 3833 4976 alicujus

2282 4979 2427 5050 loqui
2459 4972 2542 5033 vel
2565 4972 2748 5048 agere,
2781 4978 2832 5032 id
2857 4988 2962 5039 est,
2987 4975 3131 5038 vice,
3159 4975 3384 5050 nomine
3412 4975 3493 5050 vel
3513 4972 3806 5050 auctoritate
3817 4979 3830 5050 ξ

2282 5033 2392 5122 qu'o
2416 5033 2860 5122 sensu'isers'ontc
2888 5033 3078 5102 vocem
3098 5033 3262 5122 etiam
3297 5045 3364 5098 ab
3390 5045 3512 5122 aliis
3552 5033 3833 5122 quibusdam

2287 5111 2538 5176 l'atrihus
2569 5111 2795 5191 positam
2826 5129 3033 5191 censet.
3081 5117 3298 5172 Addere
3339 5111 3604 5191 potuisset
3644 5111 3836 5191 Audire:

2283 5196 2422 5248 sium
2455 5186 2629 5262 ipsum
2663 5192 2797 5247 infra
2839 5206 2888 5246 c.
2935 5189 3036 5255 10,
3071 5205 3220 5244 nunt.
3255 5186 3352 5254 8t,
3389 5187 3476 5242 ulti
3519 5186 3652 5262 dicit
3682 5188 3835 5262 tuot‘lli

2283 5257 2650 5322 obedientiam
2678 5263 3067 5320 incarnationis
3089 5261 3271 5321 fuisse.
3297 5263 3350 5313 in
3373 5277 3474 5330 qua
3495 5270 3544 5313 et
3571 5257 3728 5330 amcis
3746 5265 3837 5330 non

2285 5347 2366 5392 tra
2390 5339 2615 5406 suscepit
2659 5346 2706 5390 et
2746 5336 2974 5391 nomina.
3032 5333 3228 5406 Verum
3269 5323 3528 5406 quidquid
3560 5323 3636 5382 sit
3659 5327 3723 5382 de
3760 5323 3837 5406 hac

2283 5401 2636 5480 acceptione,
2681 5424 2803 5480 cum
2838 5407 3038 5477 passim
3073 5405 3127 5480 in
3172 5407 3274 5480 Irae
3311 5405 3485 5474 Opere
3523 5410 3758 5480 naturam
3791 5401 3838 5443 ³ο

2287 5477 2575 5550 personant
2605 5483 2738 5534 satis
2774 5479 3070 5548 distinguat
3094 5479 3151 5532 S.
3191 5477 3412 5540 Doctor,
3436 5483 3641 5529 certum
3674 5477 3839 5550 estut":

2290 5529 2581 5608 ihodoxam
2605 5551 2708 5607 hoc
2737 5551 2853 5606 loco
2883 5529 3004 5604 esse
3038 5549 3207 5618 ipsius
3231 5529 3579 5606 sententiam,
3603 5557 3698 5598 nec
3721 5529 3839 5591 aliud

2285 5626 2387 5679 sibi
2410 5625 2676 5688 voluisse,
2707 5623 2807 5678 nisi
2847 5621 3126 5677 Christum
3159 5631 3216 5674 ut
3246 5620 3514 5674 hominem
3553 5632 3651 5671 seu
3681 5621 3841 5667 secun-

2285 5693 2414 5751 dum
2446 5706 2692 5750 naturam
2729 5695 3015 5750 humanam
3055 5694 3312 5757 locutum,
3343 5706 3483 5764 cunt
3507 5689 3716 5764 Patren!
3751 5692 3843 5764 ξηιῇ

2282 5766 2458 5840 iorem
2485 5769 2664 5828 dixit:
2689 5770 2829 5824 sicut
2846 5767 3008 5840 etiam
3032 5766 3124 5820 ltb.
3143 5781 3200 5840 tv
3228 5764 3305 5820 ait
3327 5760 3577 5840 eumdem
3599 5757 3841 5840 ειμι-ιω

677 5851 698 5878 θ
728 5841 887 5914 Itoni.
915 5843 1076 5919 edin,
1100 5840 1251 5926 dem
1275 5841 1418 5908 Deus
1444 5853 1491 5898 et
1516 5841 1691 5901 homo.
1717 5840 1875 5920 Quod
1897 5850 2080 5901 autem
2101 5841 2192 5904 hic
2282 5830 2356 5898 ξπ
2376 5856 2611 5914 persona:
2636 5841 2864 5899 hominis
2894 5837 3155 5896 incantati
3177 5835 3498 5908 susceptione
