4016 6292
184 311 291 366 575

1560 306 1652 366 BE
1690 306 1850 366 FIDE
1889 306 2018 365 LIB.
2059 306 2124 365 ll.

3381 308 3487 363 3ῖῶ

183 429 240 496 6,
265 426 361 498 'l):
392 438 504 482 non
528 424 815 484 remittens
837 428 1024 499 utique
1041 426 1188 498 quod
1213 433 1352 493 erat,
1377 425 1475 483 sed
1504 436 1789 483 assumens
1817 430 1870 492 Α
1893 426 2161 497 signiﬁcat
2188 426 2377 484 dicens
2402 445 2417 481 :
2448 426 2733 500 Propterea
2778 428 2915 482 enim
2940 428 3178 482 volebant
3201 443 3315 481 eant
3348 428 3485 480 occi-

184 522 333 596 quod
366 530 477 577 non
510 530 666 591 erat;
696 524 821 592 quia
854 522 1081 577 formam
1111 520 1252 575 servi
1288 519 1524 588 accepit.

255 615 347 671 63.
394 610 645 684 Denique
687 625 744 669 ιιι
770 616 1039 669 sciremus
1076 626 1174 681 per
1215 612 1627 681 susceptionem
1665 625 1790 666 cors

193 706 348 778 poris
389 707 763 769 minoratum,
806 706 874 761 de
904 706 1122 761 homine
1147 719 1209 761 se
1247 704 1419 760 David
1461 704 1790 776 prophetare

186 801 427 874 signavit
450 800 644 857 dicens
669 819 682 854 :
714 800 851 866 Quid
876 808 951 855 est
981 800 1154 869 homo,
1182 798 1320 870 quod
1351 815 1545 853 tuamor
1565 814 1619 853 es
1640 800 1789 869 ejus:

183 903 277 947 aut
304 890 481 947 Filius
527 893 774 959 hominis,
812 893 914 947 nisi
946 894 1073 965 quia
1097 892 1273 947 uisitas
1303 909 1420 947 eam
1441 892 1467 946 2
1511 890 1791 946 Hinorasti

196 1004 316 1045 eam
346 992 507 1059 paulo
531 989 699 1043 atinas
730 988 793 1043 ab
820 989 1017 1059 angelis
1054 986 1228 1058 (Psal.
1255 1002 1370 1054 vnt,
1403 988 1462 1053 5,
1481 983 1562 1057 6).
1584 987 1648 1040 Et
1686 985 1791 1040 hoc

186 1085 365 1154 ipsum
386 1083 782 1149 interpretatus
797 1082 1118 1152 Apostolus,
1137 1082 1244 1136 ait:
1294 1080 1431 1135 Nam
1458 1079 1619 1152 paulo
1635 1094 1807 1150 quam

186 1176 406 1249 angelos
432 1177 749 1232 minoralnm
772 1177 999 1231 uidemus
1019 1175 1223 1242 Iesum,
1252 1185 1464 1249 propter
1494 1176 1792 1246 passionem

186 1270 373 1323 mortis
393 1269 563 1340 gloria
581 1277 633 1323 et
657 1268 853 1322 ltoaore
870 1277 1169 1323 coronatum
1188 1283 1207 1332 ;
1228 1278 1281 1322 tu
1303 1269 1419 1323 sine
1436 1266 1545 1323 Deo
1567 1283 1661 1338 pro
1681 1282 1791 1322 om-

192 1361 348 1415 nibus
368 1368 597 1433 gustaret
623 1370 839 1417 mortem
866 1360 1053 1432 (Hebr.
1079 1378 1138 1429 tt,
1174 1362 1255 1431 9).

266 1453 358 1509 64.
402 1454 520 1509 Non
551 1455 730 1510 solum
758 1470 890 1527 ergo
917 1455 1099 1521 Patre,
1132 1454 1231 1511 sed
1258 1455 1423 1511 etiam
1450 1455 1660 1527 angelis
1689 1455 1790 1510 mi-

148 1532 158 1538 ’
189 1562 295 1602 nor
322 1546 497 1602 Filius
527 1548 622 1603 Dei
655 1546 829 1603 lactus
859 1556 962 1604 est.
992 1546 1131 1603 Etsi
1166 1547 1270 1603 hoc
1313 1548 1381 1604 ad
1415 1548 1791 1619 prmjudieium

185 1641 394 1707 trahis;
420 1657 549 1696 num
569 1654 704 1712 ergo
721 1641 893 1699 Filius
914 1642 966 1696 in
992 1652 1181 1697 natura
1199 1642 1296 1699 Dei
1311 1642 1486 1698 minor
1497 1654 1602 1710 est,
1622 1656 1783 1713 quam

186 1734 273 1788 sui
303 1733 485 1804 angeli
506 1734 602 1804 qui
628 1734 679 1789 ei
697 1735 939 1789 serviunt
967 1742 1024 1790 et
1038 1735 1354 1791 ministrant
1375 1735 1593 1804 (Matth.
1610 1751 1690 1803 tv,
1713 1735 1793 1808 6)?

1892 520 2013 576 dere
2034 521 2232 589 Judaei,
2260 522 2385 592 quia
2414 538 2515 576 non
2543 522 2710 576 solum
2749 521 2981 577 solvebat
3001 520 3290 585 sabbatum,
3317 520 3408 576 sed
3433 529 3482 575 et

1893 614 2105 670 Patrem
2161 615 2428 687 propriam
2468 614 2669 669 dicebat
2695 612 2888 681 Deum,
2913 613 3166 683 mactem
3188 629 3244 667 se
3294 612 3489 683 faciens

1893 707 2003 764 Deo
2026 709 2207 778 (Joaa.
2239 725 2290 777 ν,
2326 710 2435 781 18).

1960 802 2051 859 68.
2081 802 2198 860 Νοιι
2218 803 2389 860 Judaei
2412 804 2514 865 hoc
2552 806 2773 871 dicunt,
2819 804 2913 860 Sed
2948 802 3288 874 Erangelista
3320 810 3489 857 testa-

1893 907 2002 963 tur,
2051 897 2195 968 quod
2246 898 2509 969 aequalem
2550 912 2610 954 se
2666 898 2902 954 iaciebat
2950 898 3085 963 Deo,
3120 897 3403 968 proprium
3429 908 3489 949 se

1891 986 2086 1044 Filium
2136 988 2231 1044 Dei
2259 989 2466 1047 dicens.
2492 990 2608 1045 Non
2638 993 2781 1046 enim
2807 989 3070 1060 scriptum
3094 1000 3177 1046 est
3228 1005 3295 1046 ex
3355 1004 3484 1059 per-
3586 1055 3591 1061 _

1891 1095 2021 1137 sona
2074 1081 2385 1137 Iudaeorum
2444 1083 2777 1139 dicentium:
2831 1083 3122 1153 Propterea
3174 1082 3490 1137 volebamus

1891 1186 2015 1230 eum
2028 1175 2280 1233 accidere
2309 1195 2321 1231 :
2353 1176 2448 1233 sed
2474 1178 2804 1248 evangelista
2827 1194 2895 1233 ex
2922 1192 3021 1232 sua
3052 1191 3280 1247 persona
3308 1174 3443 1231 dicit
3472 1192 3485 1228 :

1895 1266 2180 1340 Pt-0pterea
2204 1270 2340 1324 enim
2370 1270 2604 1325 volebant
2632 1271 2780 1325 illum
2818 1268 2994 1324 Iudici
3019 1269 3272 1324 occidere.
3305 1268 3369 1323 Et
3396 1269 3484 1322 in-

1896 1370 2228 1431 terpretatus
2248 1370 2335 1417 est
2357 1379 2598 1428 causam,
2640 1363 2763 1419 ideo
2797 1362 3021 1419 Judteos
3048 1363 3114 1417 ad
3148 1377 3339 1418 necem
3371 1362 3491 1430 ejus

1894 1469 2016 1512 esse
2042 1466 2366 1523 commotos,
2416 1456 2559 1527 quod
2586 1471 2707 1512 eum
2738 1468 2792 1513 et
2812 1458 3096 1513 sabbatum
3137 1458 3292 1528 quasi
3345 1458 3489 1513 Deus

1894 1548 2230 1615 solveret,et
2253 1550 2417 1607 Deum
2450 1550 2666 1606 Patrem
2699 1551 2804 1607 sibi
2837 1552 3117 1622 proprium
3149 1551 3476 1617 vindicaret,

1899 1656 2005 1696 non
2054 1645 2230 1698 solum
2264 1643 2319 1698 in
2360 1644 2635 1701 solutione
2678 1645 2891 1699 sabbati
2925 1645 3269 1715 maiestatem
3293 1644 3493 1700 divinae

1899 1738 2203 1806 potestatis,
2239 1735 2335 1791 sed
2367 1738 2532 1792 etiam
2560 1736 2589 1777 1⁵
2613 1739 2664 1792 in
2691 1737 2869 1792 Patris
2908 1738 3113 1809 proprii
3164 1738 3383 1792 nomine
3404 1739 3492 1808 jus

188 1825 269 1882 Ita
298 1826 428 1882 dum
454 1830 722 1884 minorem
748 1827 919 1883 vultis
944 1844 1217 1893 asserere,
1252 1830 1585 1899 impietatem
1613 1832 1792 1887 incur—
1821 1826 1868 1887 Β
1897 1829 1998 1884 sibi
2026 1842 2241 1885 :eterna:
2265 1831 2591 1900 malualitatis
2616 1830 2969 1887 adscisceret.

187 1921 353 1988 ritis;
394 1933 455 1977 ut
502 1924 823 1993 angelorum
872 1934 1124 1980 naturam
1164 1924 1263 1980 Dei
1291 1924 1427 1979 Fi'io
1463 1924 1787 1995 prarferais.

193 2014 311 2071 Sed
342 2028 448 2071 non
473 2028 547 2071 est
578 2033 754 2073 servas
780 2034 943 2088 supra
982 2018 1264 2075 Dominum
1308 2030 1458 2074 suam
1486 2018 1703 2091 (Matth.
1733 2036 1789 2088 ι,

185 2108 309 2178 24).
346 2110 591 2182 Denique
615 2120 671 2166 et
698 2110 753 2166 in
784 2126 953 2168 carne
977 2113 1272 2168 constituto
1295 2112 1477 2183 angeli
1516 2112 1792 2167 ministra-

188 2200 361 2265 bant;
404 2211 466 2257 ut
504 2203 640 2258 nihil
672 2219 797 2258 eum
819 2219 1085 2274 agnoscas
1120 2220 1213 2275 per
1253 2214 1503 2261 naturam
1540 2206 1792 2275 corporis

191 2292 545 2349 imminutum
569 2311 585 2358 ;
614 2309 790 2366 neque
808 2297 955 2352 enim
988 2297 1136 2352 Deus
1161 2300 1243 2353 sui
1277 2299 1385 2368 pati
1416 2300 1588 2369 potuit
1616 2298 1790 2354 detri-

188 2396 458 2454 mentum,
488 2403 609 2443 cum
636 2388 691 2444 id
715 2390 858 2460 quod
886 2393 1182 2461 assumpsit
1208 2407 1273 2448 es
1300 2392 1546 2465 Virgine,
1579 2408 1679 2450 nec
1697 2408 1789 2449 ac-

185 2482 370 2537 cessio
395 2482 597 2538 divinae
630 2499 733 2540 nee
760 2484 1057 2541 diminutio
1078 2488 1367 2555 potestatis
1395 2489 1484 2543 sit.

260 2574 351 2629 65.
397 2574 516 2629 Non
550 2587 632 2631 est
675 2592 806 2647 ergo
848 2578 1144 2633 secundum
1187 2580 1529 2638 divinitatem
1571 2582 1786 2647 minor,

182 2667 281 2739 qui
336 2668 733 2737 plenitudinem
768 2669 934 2727 habet
958 2670 1260 2729 divinitatis
1283 2681 1340 2729 et
1377 2673 1589 2743 gloriae.
1617 2674 1789 2745 Major

184 2760 342 2816 enim
373 2771 432 2817 et
455 2764 636 2819 minor
670 2764 727 2820 in
754 2765 823 2821 iis
854 2782 974 2835 (tuae
1001 2768 1305 2837 corporalia
1336 2777 1496 2834 sunt,
1525 2768 1788 2841 distingui

183 2855 371 2911 solent
399 2876 413 2910 :
446 2866 540 2913 aut
566 2865 713 2913 statu
753 2858 949 2929 major,
981 2869 1074 2916 aut
1102 2860 1470 2931 plenitudine,
1507 2871 1601 2919 aut
1634 2869 1788 2918 certe

183 2954 373 3002 aetate.
405 2947 616 3005 Vacant
653 2950 781 3016 ista,
814 2951 902 3007 ubi
945 2952 1013 3008 de
1050 2952 1249 3008 divinis
1275 2960 1536 3011 tractatus
1574 2953 1787 3011 induci-

187 3049 300 3096 tur.
328 3039 503 3111 Major
530 3043 674 3099 enim
706 3043 869 3115 vulgo
894 3043 1001 3100 dici
1032 3046 1197 3112 solet,
1228 3047 1318 3115 qui
1359 3047 1594 3117 aliquem
1632 3045 1789 3101 insti-

187 3131 295 3186 tuit
321 3142 380 3187 et
403 3133 661 3190 informat
686 3153 699 3189 :
731 3138 784 3191 in
812 3137 905 3192 Dci
935 3149 1117 3194 autem
1140 3141 1460 3209 sapientiam
1489 3156 1597 3197 non
1620 3139 1782 3205 cadit,

1965 1923 2056 1979 69.
2083 1922 2294 1991 Quibus
2323 1924 2606 1993 aptissime
2646 1924 2932 1994 respondit
2975 1924 3066 1980 Dei
3098 1923 3292 1989 Filius,
3342 1932 3400 1977 nt
3435 1932 3492 1980 et

1897 2014 1989 2070 Dei
2019 2030 2078 2070 se
2106 2014 2323 2079 Filium,
2372 2024 2428 2070 et
2468 2015 2730 2085 :equalem
2779 2015 3078 2085 probaret;
3121 2014 3487 2084 Quacumque,

1895 2106 2088 2176 inquit,
2124 2106 2283 2160 Pater
2315 2108 2511 2177 fecerit.
2559 2107 2737 2161 eadem
2785 2117 2831 2161 et
2884 2106 3051 2163 Filius
3098 2108 3223 2178 facit
3248 2108 3491 2162 similiter

1893 2199 2101 2271 (Mitt,
2137 2200 2207 2256 l9
2229 2203 2268 2270 ).
2303 2200 2473 2255 Filius
2503 2202 2663 2272 igitur
2682 2202 2830 2256 Patri
2863 2200 3136 2257 etdicltur
3157 2210 3214 2258 et
3231 2202 3490 2272 probatur

1893 2294 2136 2366 :rqnalis.
2178 2293 2326 2349 Bona
2355 2294 2658 2366 aequalitas,
2690 2306 2811 2366 quze
2856 2304 2910 2351 et
2957 2296 3318 2353 dill'erentiam
3350 2297 3487 2351 divi-

1891 2388 2075 2442 nitatis
2118 2382 2398 2457 excludit,
2442 2396 2499 2445 et
2544 2406 2667 2445 cum
2712 2384 2850 2445 Filio
2902 2391 3114 2444 Patrem
3158 2391 3355 2459 signat,
3399 2390 3487 2445 cui

1894 2484 2064 2540 Filius
2089 2485 2161 2540 sit
2184 2484 2446 2555 (aqualis;
2480 2501 2588 2541 non
2618 2494 2702 2542 est
2723 2484 2866 2541 enim
2895 2485 3126 2552 diversa,
3164 2501 3263 2543 nec
3304 2484 3489 2556 singu-

1893 2578 2021 2635 laris
2068 2579 2385 2648 atqualitas;
2417 2578 2539 2649 quia
2584 2595 2746 2635 nemo
2777 2580 3003 2650 aequalis
3045 2580 3160 2651 ipse
3206 2580 3308 2636 sibi
3337 2578 3486 2634 solus

1891 2681 1995 2728 est.
2030 2672 2172 2743 Ergo
2203 2672 2544 2743 Evangelista
2573 2671 2966 2744 interpretatus
2992 2683 3071 2728 est
3105 2671 3237 2743 quid
3266 2672 3334 2727 sit
3363 2686 3491 2744 pro-

1892 2768 2066 2833 prium
2109 2763 2301 2821 Filium
2331 2766 2425 2820 Dei
2452 2780 2513 2821 se
2546 2765 2765 2836 dicere,
2818 2765 2918 2821 hoc
2947 2777 3063 2833 est,
3116 2765 3382 2837 aequalem
3431 2779 3492 2820 se

1889 2854 2068 2913 lacere
2098 2857 2229 2913 Deo.
3120 2928 3125 2931 τ

1964 2948 2052 3004 70.
2081 2949 2231 3006 Unde
2252 2950 2304 3005 id
2327 2960 2546 3006 secutus
2578 2952 2872 3020 Apostolus
2898 2950 3069 3006 dixit:
3098 2949 3220 3005 Non
3247 2950 3485 3018 rapinam

1890 3041 2173 3098 arbitratus
2196 3052 2272 3099 est
2303 3060 2413 3099 esse
2436 3060 2488 3098 se
2508 3044 2759 3115 mqualem
2777 3042 2890 3098 Deo
2932 3040 3112 3111 (Phil.
3138 3059 3196 3105 ιι.
3224 3041 3300 3114 6).
3328 3042 3485 3111 Quod

1891 3136 2036 3190 enim
2081 3137 2203 3203 quis
2257 3152 2363 3193 non
2420 3136 2602 3203 habet,
2660 3152 2856 3208 rapere
2901 3146 3150 3192 conatur.
3202 3136 3341 3205 Ergo
3377 3153 3482 3189 non

188 3237 252 3280 ut
276 3225 527 3283 instituta
552 3230 623 3284 sit
645 3231 869 3286 alterius
889 3231 1224 3303 disciplinis;
1253 3250 1376 3290 eum
1406 3234 1520 3304 ipsa
1545 3234 1786 3303 discipti-
1812 3224 1858 3289 C
1888 3227 2042 3298 Quasi
2090 3228 2333 3298 rapinam
2394 3228 2631 3284 habebat
2681 3229 3041 3299 aequalitatem
3086 3244 3211 3282 cum
3260 3227 3421 3282 Patre
3461 3240 3482 3266 υ

188 3334 392 3374 narum
441 3323 678 3379 omnium
724 3324 1008 3383 tradiderit
1054 3327 1381 3383 institutum.
1427 3328 1600 3394 Quam
1649 3328 1787 3383 bene

185 3423 380 3467 autent
414 3417 584 3483 posuit
626 3418 954 3487 Apostolus:
1006 3420 1074 3477 Ut
1119 3420 1232 3475 sine
1271 3419 1384 3477 Deo
1417 3436 1514 3491 pro
1554 3421 1789 3476 omnibus

179 3514 423 3576 gustaret
462 3520 671 3564 mortem
717 3509 917 3584 (Hebr.
943 3528 1005 3580 tt,
1033 3515 1141 3585 9);
1176 3530 1244 3571 ue
1277 3513 1578 3573 divinitatis
1640 3514 1785 3569 illam

184 3599 504 3668 passionetn
536 3611 854 3672 putaremus
879 3605 1066 3674 fuisse,
1101 3622 1209 3662 non
1238 3608 1454 3673 carnis!

258 3692 352 3747 66.
378 3694 518 3764 Ergo
538 3696 583 3750 si
601 3712 709 3753 non
734 3691 1059 3755 invenerunt
1080 3700 1537 3771 quemadmodum
1564 3711 1789 3771 possent

181 3786 422 3855 probare
450 3790 857 3859 majorem,non
882 3793 1063 3849 verbis
1088 3794 1511 3863 calumniantur,
1540 3795 1637 3851 sed
1670 3810 1789 3851 rer-

179 3881 383 3934 borum
415 3882 681 3940 rationem
707 3887 1010 3956 requirant.
1042 3888 1183 3959 Ergo
1212 3888 1335 3943 illos
1366 3889 1644 3959 interrogo
1678 3903 1787 3959 quo

180 3981 386 4040 putent
411 3988 536 4030 esse
560 3976 860 4047 majorem?
886 3979 943 4037 Si
965 3979 1089 4052 quia
1123 3982 1280 4037 Pater
1300 3992 1404 4046 est,
1437 3997 1504 4037 eo
1524 3985 1787 4052 majorem

179 4075 385 4136 putant
413 4084 428 4121 :
458 4067 553 4124 sed
584 4085 693 4126 non
726 4071 815 4127 hic
839 4082 972 4128 aetas
995 4082 1050 4129 et
1078 4083 1315 4146 tempus,
1346 4091 1525 4146 neque
1553 4076 1790 4133 canities

179 4159 390 4225 Patris,
423 4171 479 4217 et
506 4161 671 4237 483
731 4164 825 4220 ﬁlii
855 4167 1088 4237 pueritia
1127 4179 1249 4235 est;
1282 4168 1397 4225 haec
1435 4170 1581 4225 enim
1615 4170 1788 4242 majo-

177 4268 302 4310 rem
337 4260 363 4291 α
395 4254 576 4313 Solent
601 4258 783 4316 facere
819 4271 1051 4332 patrem.
1084 4260 1350 4320 Caeterum
1384 4274 1536 4334 pater
1562 4273 1618 4321 et
1645 4264 1786 4331 lilins

176 4352 506 4419 generantia
533 4362 588 4407 et
618 4354 726 4409 nati
760 4355 981 4411 nomina
1023 4366 1187 4423 sunt,
1232 4372 1354 4427 quae
1385 4368 1491 4412 non
1536 4358 1788 4413 videntur

178 4454 475 4510 separare,
502 4445 596 4499 sed
623 4444 856 4517 iungere
885 4458 900 4513 ;
931 4462 1039 4503 non
1068 4449 1215 4504 enim
1249 4451 1422 4519 pietas
1450 4458 1657 4505 natura:
1692 4446 1789 4506 de-

178 4534 505 4590 trimentum
535 4544 655 4592 est:
687 4555 923 4612 namque
961 4541 1211 4597 homines
1256 4540 1360 4597 sibi
1391 4541 1628 4601 invicem
1656 4558 1786 4601 con-
1835 4609 1837 4612 ,

1810 4619 2073 4691 Dantem
2122 4634 2418 4703 Apostolus
2442 4649 2567 4689 eum
2593 4634 2683 4703 qui
2718 4650 2812 4701 per
2861 4649 2922 4688 se
2968 4634 3158 4703 jurat,
3213 4631 3482 4688 minorem

177 4626 337 4682 ciiiat
369 4629 735 4698 necessitudo,
764 4647 873 4688 non
901 4644 1138 4704 separat.

255 4720 351 4775 67.
377 4719 561 4789 Itaque
585 4723 629 4777 si
655 4738 755 4779 nec
779 4725 846 4778 de
874 4732 1063 4779 natura
1086 4722 1279 4780 afferre
1295 4735 1521 4795 possunt
1547 4727 1783 4798 aliquam

176 4815 577 4885 quaestionem,
629 4819 715 4871 vel
762 4818 1089 4874 testimoniis
1125 4818 1371 4874 credant.
1422 4816 1662 4890 Denique
1697 4818 1787 4876 Fi-

177 4904 318 4961 lium
343 4920 453 4960 non
486 4923 607 4965 esse
628 4925 694 4965 eo
724 4909 1024 4978 minorem,
1052 4913 1177 4982 quia
1207 4910 1375 4967 Filius
1401 4921 1510 4978 cst,
1544 4929 1785 4983 evange-

176 5001 312 5056 lista
344 5012 608 5069 testatur;
638 5013 692 5059 et
714 5005 977 5075 :nqualem
1009 5020 1150 5071 esse,
1182 5007 1308 5077 quia
1343 5006 1513 5062 Filius
1540 5017 1646 5077 est,
1673 5009 1789 5080 ipse

253 5152 283 5216 ft
504 5143 731 5216 aliquot,
761 5145 929 5216 solent
957 5146 1112 5215 fateri
1134 5154 1350 5216 patrem.

251 5211 280 5251 δ
308 5212 497 5287 gods:
524 5211 686 5279 'l‘ell.,
712 5216 766 5269 in
786 5215 944 5270 Patre
957 5211 1175 5286 proprio
1200 5233 1384 5275 nomen
1405 5222 1538 5287 eius,
1580 5229 1688 5277 etc.

256 5293 281 5322 ο
318 5283 665 5351 Edit.‘Qnant
690 5288 744 5339 in
772 5283 1082 5343 nummatis".

248 5352 279 5392 ἀ
310 5357 440 5411 Mss.
480 5358 760 5423 nonnulli,
786 5374 849 5414 ac
908 5362 1017 5415 edit
1054 5371 1158 5415 vet.
1188 5401 1203 5426 ,
1232 5362 1602 5430 Contrarium;
1632 5365 1768 5421 edit.

175 5429 495 5502 lionlrartus
515 5430 689 5498 utique
705 5446 878 5502 servus
903 5432 1093 5501 azquali
1117 5451 1135 5497 ;
1167 5434 1364 5502 reliqui
1390 5449 1519 5489 mss.
1554 5429 1610 5491 et
1646 5439 1781 5492 edit.

175 5501 341 5554 Rom.
372 5499 508 5579 _nti_n
532 5510 700 5555 testu.
745 5501 885 5579 Infra
918 5499 1047 5557 vero
1088 5506 1177 5579 ubi
1209 5499 1400 5579 omnes
1437 5507 1569 5579 edit.
1619 5519 1783 5579 atque

172 5587 314 5627 mss.
350 5571 569 5626 duobus
597 5575 839 5639 exceptis
862 5612 878 5639 ,
926 5576 1185 5643 quomodo
1209 5576 1388 5632 eadem
1414 5595 1433 5643 ;
1475 5578 1638 5634 iidem
1669 5571 1779 5636 duo

174 5644 399 5712 legunt,
421 5645 674 5710 quomodo
701 5645 884 5707 eidem,
909 5658 1017 5701 etc.

254 5726 279 5794 ἦ
312 5714 625 5794 ilicapcrte
652 5717 890 5773 declarat
910 5719 1249 5794 Ambrosius,
1280 5722 1421 5790 qunti
1446 5737 1512 5778 ex
1544 5729 1659 5778 toto
1681 5739 1777 5780 cao

173 5786 306 5855 pitis
341 5787 508 5860 huius
534 5797 793 5845 contextu
812 5792 1174 5860 cognoscitur.
1211 5786 1402 5850 Filium
1418 5795 1623 5851 scilicet
1644 5810 1777 5860 qua;

1894 3338 2057 3394 quant
2088 3322 2142 3377 in
2187 3324 2491 3379 substantia
2518 3325 2598 3376 sui
2633 3332 2904 3394 tamquam
2935 3323 3077 3378 Deus
3129 3332 3184 3377 et
3228 3322 3489 3377 Dominus

1894 3415 2226 3486 possidebat.
2286 3415 2440 3472 Unde
2499 3415 2741 3471 addidit:
2795 3415 3040 3471 Formam
3102 3417 3233 3472 servi
3289 3416 3485 3483 accepit

1893 3509 2060 3583 (Ibid.
2095 3510 2171 3580 7).
2205 3508 2231 3547 ἀ
2262 3510 2606 3567 Contrarium
2642 3512 2829 3582 utique
2871 3526 3060 3567 servus
3085 3551 3099 3576 ,
3153 3521 3207 3567 ct
3236 3511 3478 3581 atqualis.

1890 3603 2134 3679 Aiqualis
2178 3620 2307 3675 ergo
2364 3605 2416 3659 in
2457 3600 2551 3659 Dei
2604 3604 2805 3669 fortun;
2835 3605 3013 3660 minor
3040 3605 3095 3659 in
3137 3604 3485 3674 susceptione

1890 3697 2102 3764 carnis,
2126 3706 2180 3753 et
2211 3696 2449 3753 hominis
2480 3698 2751 3767 passione.
2797 3697 2926 3753 Nam
2972 3697 3247 3769 quomodo
3291 3700 3481 3752 eadem

1891 3799 2076 3861 posset
2099 3792 2276 3846 minor
2302 3805 2426 3847 esse
2447 3791 2777 3861 atqualisquc
2808 3780 3043 3845 natura?
3072 3788 3356 3858 Quomodo
3384 3805 3482 3842 att-

1892 3891 2020 3948 tem,
2044 3884 2090 3943 si
2124 3883 2300 3939 minor
2327 3894 2410 3940 est
2432 3924 2446 3949 ,
2490 3884 2681 3941 eadem
2710 3884 2966 3939 similiter
2988 3883 3144 3950 facit,
3170 3899 3289 3955 quae
3326 3881 3487 3938 Pater

1889 3976 2051 4037 facit?
2084 3976 2218 4037 Nam
2262 3975 2719 4047 quemadmodum
2748 3975 2937 4031 eadem
2981 3976 3226 4044 operatio
3258 3975 3487 4030 diversae

1889 4079 2038 4127 esset
2071 4070 2355 4141 petestatis
2380 4071 2403 4126 ?
2433 4070 2704 4141 Numquid
2736 4072 2815 4125 sic
2852 4079 3029 4139 potest
3058 4069 3264 4135 minor,
3294 4084 3485 4139 quem-

1890 4163 2184 4223 admodum
2228 4163 2400 4228 major
2446 4164 2709 4234 operari?
2754 4173 2846 4218 aut
2884 4179 2986 4218 una
3019 4160 3266 4233 operatio
3308 4170 3486 4231 potest

1890 4272 2059 4326 esse,
2116 4252 2207 4313 ubi
2265 4256 2481 4313 diversa
2538 4257 2836 4313 substantia
2881 4254 2997 4312 est?

1960 4350 2049 4405 7i.
2100 4350 2284 4421 Itaque
2325 4350 2512 4420 accipe
2535 4347 2818 4407 Christum
2845 4360 2867 4389 θ
2895 4349 3190 4408 secundum
3232 4350 3485 4407 divinita-

1890 4452 1997 4500 tem
2029 4445 2293 4500 minorem
2320 4453 2428 4499 tton
2454 4458 2615 4515 posse
2638 4445 2766 4500 dici.
2798 4445 2914 4515 Ipse
2944 4445 3191 4515 loquitur
3216 4444 3283 4499 ad
3313 4445 3485 4500 Abra-

1890 4541 2014 4598 ham
2050 4561 2063 4597 :
2097 4536 2201 4595 Per
2231 4559 2307 4597 me
2330 4544 2501 4610 ipsum
2522 4543 2696 4615 juravi
2729 4538 2879 4612 (Gen.
2911 4555 3019 4595 ml
3045 4582 3060 4608 ,
3096 4536 3205 4610 l6).
3231 4536 3486 4595 Ostendit

1891 4727 2195 4802 Messe
2218 4740 2325 4782 non
2356 4740 2537 4796 posse.
2568 4726 2756 4794 itaque
2781 4727 2861 4781 sic
2884 4729 2958 4779 ait
2984 4745 2996 4779 :
3024 4724 3246 4780 Abralue
3265 4741 3380 4779 cum
3406 4742 3485 4779 re-

1891 4822 2207 4896 protnisisset
2258 4821 2437 4889 Deus,
2492 4820 2735 4890 quoniam
2786 4818 2987 4874 nullam
3033 4821 3192 4874 alium
3232 4823 3483 4891 majorem

1890 4918 2129 4984 habebat,
2168 4916 2368 4990 jnravit
2404 4932 2495 4987 per
2543 4916 2808 4987 seipsum,
2855 4915 3070 4969 dicens:
3110 4912 3229 4968 Nisi
3276 4912 3485 4967 benedi-

1891 5011 2052 5067 cendo
2104 5010 2407 5065 benedizero
2452 5018 2538 5073 te,
2592 5018 2641 5063 et
2714 5009 3111 5073 multiplicando
3160 5005 3482 5076 multiplica-

1886 5153 2000 5222 Qua
2047 5151 2267 5221 quidem
2295 5151 2654 5220 responsione
2686 5152 3014 5222 prtecipuam
3048 5134 3383 5222 Arianorum
3404 5150 3482 5203 le-

1885 5219 2105 5293 gionum
2138 5219 2441 5277 machinam
2475 5224 2645 5277 everti
2670 5219 2698 5288 ,⁷
2733 5234 2787 5278 et
2835 5219 3238 5293 confringinun
3262 5219 3481 5293 dubium

1883 5291 1987 5351 est.
2045 5295 2428 5349 Verumtamen
2470 5311 2535 5348 es
2582 5295 2834 5351 Patriints
2881 5310 2988 5350 non
3031 5292 3313 5347 doluerunt
3340 5333 3355 5355 ,
3388 5291 3480 5360 qui

1887 5366 2138 5423 eumdem
2168 5366 2386 5430 Filium,
2412 5367 2574 5420 etiam
2598 5383 2702 5435 qna
2728 5367 2919 5428 Deum,
2948 5369 3482 5419 voluerunteatentts

1884 5441 1991 5494 diri
2020 5441 2286 5493 minorem
2317 5454 2497 5508 posse,
2528 5449 2797 5509 quatenus
2828 5436 3138 5509 omnimodo
3170 5435 3482 5509 omniain-

1886 5521 1970 5566 ter
1991 5522 2280 5578 utrumque
2308 5505 2561 5565 servetur
2578 5512 2879 5579 aequalitas;
2906 5518 2959 5560 ut
2990 5508 3091 5561 hoc
3121 5523 3283 5579 tutum
3316 5505 3480 5561 Filius

1886 5584 2023 5638 iui‘ra
2056 5580 2270 5636 Patrem
2299 5582 2516 5646 haheat,
2550 5578 2695 5651 quod
2721 5584 2785 5633 sit
2816 5582 3034 5645 genitus
3071 5597 3082 5630 :
3114 5578 3349 5651 etPater
3371 5580 3481 5651 hoc

1886 5666 2051 5707 unum
2080 5669 2245 5714 supra
2263 5653 2484 5715 Filium,
2514 5648 2656 5721 quod
2682 5651 2750 5705 sit
2770 5652 3066 5715 ingenitus,
3085 5665 3145 5703 tc
3172 5648 3478 5719 Filiiorigo.

1884 5724 2066 5782 Atlisis
2101 5729 2199 5798 hac
2231 5727 2297 5782 de
2327 5740 2392 5798 re
2422 5724 2692 5798 synodum
2723 5721 2937 5798 Sardic.
2960 5721 3013 5774 in
3058 5724 3201 5798 epist
3243 5725 3475 5798 synod;

1887 5797 2277 5865 Alexandrum,
2310 5792 2468 5852 Alex;
2524 5797 2720 5863 epise,
2756 5792 3089 5851 scribentem
3131 5793 3196 5850 ad
3244 5792 3477 5852 Alexan-

171 5870 342 5925 tenus
374 5858 550 5923 Deum
576 5861 725 5923 nullo
750 5858 935 5942 ιιιοιιὸ,
960 5879 1120 5941 posse
1146 5866 1307 5929 Patre
1346 5869 1615 5930 minorem
1643 5858 1777 5931 dici.
1885 5869 2096 5945 drinos,
2130 5858 2289 5945 cujus
2312 5869 2511 5929 litterte
2532 5858 2935 5935 a'Theodoreto
2957 5864 3052 5928 lib.
3082 5883 3122 5941 ι,
3147 5882 3266 5949 cap.
3292 5868 3479 5941 trste-
