4016 6292
585 280 689 338 575

1935 280 2178 340 SANCTI
2219 281 2547 342 AMBROSII

3720 287 3804 344 576

585 420 705 462 uero
737 414 761 443 α
784 415 831 462 te
869 405 1059 478 (Hebr.
1085 420 1160 472 vr,
1186 403 1553 478 linit).qu
1570 403 1831 475 majorem
1855 419 1964 460 non
1988 402 2181 459 habuit
2207 406 2399 466 Antea
2444 403 2682 475 [undavit
2727 413 2941 470 terrain,
2989 404 3205 459 dextera
3246 419 3358 459 mea
3401 401 3622 460 soliduit
3663 405 3807 462 retu

589 498 861 567 Christus,
891 511 946 556 et
982 499 1105 555 ideo
1133 514 1232 572 per
1281 513 1342 555 se
1385 498 1613 569 juravit.
1655 496 1722 553 Et
1759 496 1900 553 bene
1929 496 2176 553 addidit:

598 590 847 647 Homines
871 592 1008 648 enim
1037 608 1127 663 per
1155 594 1403 666 majorem
1432 608 1485 647 se
1524 592 1710 662 jurant
1734 607 1755 657 ;
1783 590 1905 662 quia
1955 589 2184 645 homines

506 761 510 765 ι
592 687 842 757 majorem
859 685 1064 753 habent,
1094 682 1235 740 Deus
1256 701 1356 740 non
1378 683 1526 739 habet
1555 683 1750 755 (lbid.,
1783 682 1898 754 16).

664 778 753 835 72.
782 781 890 835 Aut
909 779 956 835 si
979 779 1171 836 volunt
1211 779 1279 835 de
1304 778 1468 834 Patre
1494 778 1697 834 dictum
1731 777 1905 834 videri
1930 818 1946 845 ,
1978 777 2184 847 reliqua

594 888 704 929 non
735 873 1054 939 cohaerent;
1083 887 1259 942 neque
1289 858 1433 928 enini
1466 872 1630 927 Pater
1644 871 1794 927 visus
1823 880 1908 928 est
1926 870 2183 935 Abrahae,

594 982 697 1023 nec
726 968 835 1022 Deo
858 966 1005 1022 Patri
1033 966 1201 1037 pedes
1223 965 1373 1032 lavit,
1400 966 1497 1021 sed
1523 964 1571 1020 ei
1604 965 1659 1020 in
1689 978 1803 1035 quo
1828 962 1996 1018 futuri
2018 963 2186 1018 homi-

593 1060 681 1116 nis
716 1067 803 1118 est
849 1063 1039 1133 ligura.
1071 1058 1313 1131 Denique
1355 1059 1531 1115 Filius
1584 1058 1679 1114 Dei
1709 1057 1882 1114 dicit:
1916 1056 2188 1126 .Abraltam

593 1154 729 1209 diem
758 1170 924 1209 meum
948 1154 1096 1220 vidit,
1120 1162 1168 1208 et
1195 1153 1430 1227 gravisus
1456 1161 1528 1208 est
1555 1151 1741 1221 (Joan.
1772 1166 1887 1218 Vttt,
1921 1149 2037 1221 56).
2066 1150 2187 1222 lpse

2290 496 2456 570 (Esai.
2487 511 2657 553 xuvm
2677 537 2692 562 ,
2716 495 2783 550 l2
2811 537 2826 562 ,
2856 495 2948 569 15)
2972 513 2987 561 ;
3010 505 3066 552 et
3091 495 3232 552 infra
3265 513 3279 549 :
3314 493 3425 568 Ego
3445 497 3629 551 locutus
3646 512 3754 563 sunt,
3770 509 3807 555 et

2284 606 2379 662 ego
2404 591 2616 658 vocavi;
2643 590 2843 646 adduxi
2880 607 2996 647 eum
3019 633 3036 660 ,
3077 601 3128 647 et
3155 606 3463 662 prosperum
3488 591 3580 645 iter
3599 591 3697 662 ejus
3717 591 3807 663 feci.

2286 686 2525 741 Accedite
2547 690 2616 741 ad
2637 703 2739 753 me,
2760 695 2809 741 et
2832 686 3006 742 audite
3033 688 3144 743 haec
3166 704 3186 743 :
3209 704 3311 742 non
3336 688 3391 741 in
3411 688 3597 742 occulto
3617 688 3675 742 ab
3699 688 3810 743 initio

2287 781 2484 836 locutus
2510 797 2643 837 sum.
2685 781 2814 836 Cum
2839 783 3019 851 ﬁerent
3043 824 3060 850 ,
3106 781 3216 836 illia:
3233 798 3376 837 erant
3400 797 3419 836 :
3455 794 3503 837 et
3532 798 3655 835 nunc
3676 780 3814 837 Denti-

2288 890 2384 929 uus
2405 875 2541 929 misit
2562 892 2663 941 me,
2702 885 2753 930 et
2785 875 3017 947 Spiritus
3034 877 3151 939 eius
3184 872 3380 947 (Ibid.,
3410 872 3509 942 l5,
3537 872 3641 945 l6).
3664 872 3815 945 Utique

2290 968 2382 1038 qui
2406 968 2605 1025 coelum
2637 967 2766 1024 fecit
2785 980 2840 1025 et
2870 979 3072 1025 terram
3098 1009 3115 1035 ,
3147 970 3265 1041 ipse
3287 968 3417 1024 dicit
3438 984 3469 1023 a
3509 968 3714 1024 Domino
3734 977 3815 1025 ets

2291 1062 2496 1134 Spiritu
2523 1064 2643 1134 ejus
2663 1079 2788 1121 esse
2811 1078 2871 1120 se
2901 1064 3149 1120 missum.
3182 1062 3396 1120 Videtis
3422 1078 3551 1135 ergo
3576 1064 3703 1135 quod
3719 1065 3818 1120 sitn—

2293 1156 2505 1227 plicitas
2543 1157 2815 1213 sermonis
2838 1199 2854 1225 ,
2886 1172 2993 1213 non
3046 1156 3241 1228 injuria
3270 1155 3439 1231 5,85
3480 1157 3728 1213 missionis
3750 1156 3816 1214 sit.

593 1262 680 1308 est
707 1266 838 1322 ergo
866 1252 956 1322 qui
984 1265 1078 1321 per
1104 1265 1165 1307 se
1185 1251 1416 1320 juravit,
1446 1266 1607 1321 quem
1634 1248 1910 1305 Abraham
1936 1248 2090 1303 vidit.

665 1342 751 1398 75.
781 1343 849 1399 Et
877 1357 1072 1398 revera
1098 1341 1378 1413 quomodo
1408 1342 1674 1411 majorem
1707 1340 1903 1406 habet,
1927 1340 2018 1411 qui
2050 1339 2184 1394 divi-

2289 1251 2412 1322 lpse
2438 1253 2604 1324 igitur
2633 1253 2833 1308 missus
2860 1268 2891 1308 a
2908 1252 3089 1321 Patre,
3108 1254 3226 1324 ipse
3244 1263 3331 1310 est
3346 1255 3544 1309 missus
3559 1253 3622 1310 ab
3643 1252 3817 1325 Spiritu.

2364 1346 2451 1402 76.
2485 1348 2550 1402 Et
2572 1355 2631 1402 ut
2649 1362 2948 1419 cognoscas
2969 1348 3178 1404 nullam
3204 1349 3508 1414 maiestatis
3531 1361 3646 1404 esse
3663 1346 3820 1403 distan-

589 1436 760 1492 nilale
813 1450 937 1491 cum
984 1436 1144 1492 Patre
1173 1451 1342 1491 unum
1386 1443 1471 1491 εει
1519 1434 1719 1506 (Ιοαηο
1755 1449 1809 1498 ι,
1854 1431 1997 1503 50)?
2032 1431 2187 1500 Ουοά
2292 1441 2444 1509 tiam,
2478 1442 2640 1497 etiam
2670 1441 2842 1498 Filius
2865 1442 3126 1513 Spiritum
3158 1443 3358 1510 mittit,
3387 1442 3530 1498 sicut
3559 1442 3666 1512 ipse
3689 1441 3819 1496 dixit:

587 1532 731 1586 enim
756 1546 923 1586 unum
944 1539 1052 1597 est,
1075 1528 1342 1585 dissimile
1366 1543 1474 1584 non
1497 1536 1620 1583 est:
1646 1529 1789 1582 inter
1804 1526 2069 1595 majorem
2092 1540 2190 1580 au—
2292 1535 2422 1591 Cum
2450 1537 2645 1591 uenerii
2665 1545 2837 1591 autem
2859 1534 3159 1591 Ραταοιεωε
3177 1578 3192 1603 ,
3221 1551 3372 1606 quem
3392 1551 3488 1607 ego
3519 1535 3701 1589 mittam
3721 1533 3822 1589 nobis

585 1636 695 1682 tem
725 1625 1104 1696 minoremque
1132 1623 1392 1680 discretio
1423 1633 1526 1679 est.
1552 1621 1697 1693 Ergo
1719 1620 1790 1679 de
1814 1620 1981 1691 Filio,
2015 1618 2187 1674 etPa-

2293 1649 2323 1684 a
2354 1629 2510 1685 Patre
2533 1646 2678 1697 meo,
2708 1631 2937 1703 Spiritus
2965 1632 3197 1687 veritatis
3215 1674 3231 1698 ,
3261 1632 3351 1702 qui
3373 1648 3407 1685 a
3438 1630 3594 1686 Patre
3617 1646 3714 1686 meo
3734 1646 3823 1701 pro-

587 1731 669 1776 tre
702 1720 991 1791 praesentis
1040 1718 1202 1774 docet
1240 1716 1496 1774 lectionis
1531 1714 1843 1785 exemplum
1870 1755 1886 1780 ,
1931 1714 2057 1784 quia
2088 1727 2187 1767 nec

2293 1724 2422 1779 cedit
2444 1723 2629 1797 (Joan.
2660 1742 2734 1781 xv
2751 1766 2765 1792 ,
2789 1726 2917 1798 26).
2951 1726 3105 1782 Hunc
3130 1728 3385 1782 eumdem
3419 1727 3718 1782 Paraclitum
3737 1732 3780 1780 et
3802 1740 3825 1780 a

585 1813 753 1871 Pater
780 1814 1047 1871 minorem
1080 1812 1270 1880 habet,
1295 1825 1400 1868 nec
1422 1810 1684 1882 majorem
1712 1808 1807 1865 Dei
1833 1808 2036 1875 Filius;
2061 1821 2185 1898 cum
2218 1837 2266 1898 B
2294 1817 2454 1873 Patre
2480 1832 2603 1875 esse
2632 1819 2961 1875 mittendum
2990 1835 3154 1892 supra
3184 1819 3372 1876 docuit
3392 1821 3614 1877 dicens:
3645 1818 3827 1874 Paracli-

586 1908 641 1963 in
671 1907 833 1963 Patre
871 1917 926 1963 et
955 1905 1096 1962 Filio
1123 1905 1268 1961 nulla
1310 1903 1569 1960 distantia
1600 1900 1907 1959 divinitatis
1948 1900 2057 1967 sit,
2092 1897 2189 1955 sed

590 2016 698 2057 una
722 2000 1004 2073 maiestas.

834 2082 852 2098 ⁸
1190 2070 1421 2128 CAPUT
1472 2069 1564 2125 1X.

597 2166 967 2237 Obiicieittibus
995 2170 1196 2227 Filium
1217 2187 1333 2225 cum
1354 2187 1387 2225 a
1412 2168 1572 2225 Patre
1592 2170 1656 2224 sit
1683 2168 1873 2223 missus
1893 2210 1908 2235 ,
1931 2184 1992 2223 eo
2019 2166 2196 2237 utique

667 2252 916 2307 minorem
938 2268 1049 2306 esse
1087 2269 1105 2319 ;
1148 2250 1493 2324 respondetur
1529 2250 1681 2304 illum
1721 2250 1878 2304 etiam
1921 2264 1954 2302 α
1991 2246 2196 2318 Spiritu

668 2332 917 2399 missum,
959 2349 1059 2403 quo
1100 2342 1272 2386 tamen
1313 2332 1482 2384 minor
1521 2345 1623 2384 non
1651 2327 1926 2386 habeatur.
1972 2328 2197 2382 Additur

672 2411 827 2466 etiam
860 2412 1116 2482 Spiritum
1146 2412 1281 2465 mitti
1303 2428 1336 2464 a
1358 2408 1518 2464 Patre
1553 2418 1603 2464 et
1640 2405 1805 2476 Filio,
1832 2418 1889 2463 ut
1930 2408 2197 2477 utriusque

678 2492 1036 2561 operationum
1083 2494 1254 2547 unitas
1288 2491 1584 2561 designetur
1615 2506 1634 2543 :
1672 2487 1817 2543 Hinc
1858 2489 2197 2547 admonemur

675 2583 855 2638 sedulo
882 2580 1301 2653 distinguendum
1314 2594 1430 2648 quia
1450 2579 1729 2634 locutiones
1754 2576 1956 2633 Christo
1979 2588 2032 2630 ut
2059 2576 2193 2644 Deo,

667 2679 837 2734 quwve
852 2663 1019 2719 eidem
1055 2673 1109 2717 ut
1130 2663 1325 2716 homini
1372 2662 1677 2716 conueniant
1705 2677 1719 2713 ε
1752 2675 1975 2729 quorum
2020 2673 2195 2714 exem-

670 2746 760 2818 pla
781 2761 886 2799 non
915 2760 1083 2814 pauca
1101 2741 1450 2816 subjiciuntur
1477 2752 1921 2813 exponunturque.

670 2859 758 2914 7i.
787 2857 901 2914 Nec
925 2856 1062 2912 illud
1094 2872 1224 2913 sane
1250 2863 1435 2912 metuo
1460 2896 1475 2921 ,
1508 2855 1651 2927 quod
1681 2856 1864 2912 solent
1897 2855 2198 2911 obtendere

601 2954 866 3010 minorem
888 2968 1033 3016 esse.
1050 2952 1177 3023 quia
1202 2951 1402 3006 missus
1430 2960 1535 3006 est.
1561 2951 1617 3006 Si
1641 2951 1783 3005 enim
1811 2959 1865 3005 et
1888 2950 2069 3005 minor
2091 2965 2197 3004 non

594 3048 843 3112 docetur,
863 3056 919 3102 et
939 3045 1366 3102 honoriﬁcentia:
1380 3044 1607 3101 docetur
1631 3045 1946 3115 inqualitas;
1971 3060 2093 3101 cum
2128 3046 2197 3100 ita

594 3156 787 3197 omnes
828 3139 1186 3196 honoriﬁcent
1220 3136 1416 3193 Filium
1441 3178 1457 3205 ,
1515 3138 1657 3194 sicut
1698 3137 2066 3194 bonorilicant
2095 3137 2201 3193 Pa-

2295 1921 2379 1965 tus
2399 1920 2569 1966 autent
2588 1912 2680 1966 ille
2715 1911 2950 1983 Spiritus
2982 1921 3211 1978 sanctus,
3242 1930 3398 1986 quem
3439 1914 3602 1968 mittet
3634 1910 3765 1967 Pater
3789 1912 3826 1965 iit

2296 2004 2502 2059 nomine
2529 2021 2641 2060 meo
2663 2004 2846 2079 (Joan.
2866 2021 2978 2073 xiv,
2999 2005 3262 2078 26).Vide
3274 2007 3562 2075 unitatem,
3582 2007 3696 2077 quia
3709 2021 3827 2078 queis

2298 2096 2442 2153 Deus
2467 2097 2633 2154 Pater
2661 2098 2846 2165 mittit,
2890 2098 3058 2154 mittit
3098 2109 3152 2156 et
3194 2098 3370 2156 Filius
3397 2118 3414 2156 :
3448 2109 3505 2157 et
3532 2114 3680 2171 quem
3710 2097 3831 2154 mittit

2296 2188 2475 2274 Pater,
2507 2191 2676 2247 mittit
2704 2204 2759 2248 et
2785 2177 3040 2263 Spiritus.
3074 2192 3220 2249 cAut
3243 2194 3290 2249 si
3318 2195 3516 2252 nolunt
3542 2193 3718 2250 Filium
3738 2194 3833 2248 mis-

2298 2300 2417 2341 sum
2450 2328 2465 2352 ,
2515 2287 2639 2355 quia
2667 2286 2950 2342 dexteram
2979 2288 3158 2343 Patris
3176 2286 3375 2343 Filium
3400 2288 3663 2361 legimus;
3689 2284 3832 2358 ipside

2299 2380 2458 2436 Patre
2486 2380 2630 2453 quod
2652 2382 2720 2437 de
2747 2381 2886 2438 Filio
2913 2382 3198 2452 abnuunt,
3228 2383 3550 2441 fatebuntur
3578 2401 3592 2438 :
3616 2383 3707 2439 nisi
3732 2383 3834 2439 forte

2298 2485 2391 2531 aut
2417 2476 2647 2532 alterum
2668 2477 2770 2535 sibi
2805 2477 3020 2534 Patrem
3040 2519 3056 2546 ,
3088 2488 3185 2534 aut
3212 2478 3448 2536 alterum
3470 2479 3574 2537 sibi
3596 2478 3761 2535 Filium
3778 2478 3836 2532 in-

2300 2570 2521 2628 veniant
2548 2574 2758 2629 Ariani.

2375 2665 2463 2719 77.
2499 2664 2711 2722 Sileant
2757 2666 2922 2737 igitur
2946 2667 2975 2707 ά
3007 2669 3198 2726 inanes
3224 2670 3295 2727 de
3343 2670 3685 2727 sermonibus
3707 2682 3836 2740 ques-

2301 2757 2502 2825 tiones;
2530 2759 2653 2830 quia
2684 2773 2910 2829 regnum
2941 2761 3036 2817 Dei
3064 2804 3078 2829 ,
3106 2763 3250 2819 sicut
3289 2763 3564 2834 scriptum
3598 2773 3674 2819 est
3697 2758 3834 2833 (lCor.

2299 2865 2360 2915 st,
2385 2851 2465 2924 4),
2494 2868 2601 2908 non
2625 2854 2678 2908 in
2703 2854 3057 2924 persuasione
3080 2856 3231 2911 verbi
3255 2865 3360 2923 est,
3390 2856 3494 2913 sed
3518 2857 3574 2913 in
3587 2854 3837 2912 ostensione

2299 2945 2540 3003 virtutis.
2572 2948 2865 3005 Servemus
2900 2949 3304 3007 distinctionem
3345 2950 3648 3008 divinitatis
3690 2960 3838 3006 etesi-

2303 3043 2408 3098 uis.
2435 3043 2588 3101 Unus
2618 3045 2670 3099 in
2702 3053 2933 3116 utraque
2956 3045 3196 3118 loquitur
3220 3046 3316 3103 Dei
3349 3046 3510 3104 Flius
3534 3064 3551 3114 ;
3573 3047 3688 3119 quia
3715 3045 3839 3101 inea

2300 3133 2426 3191 dem
2458 3144 2689 3209 utraque
2711 3149 2905 3194 natura
2929 3147 3013 3194 est
3055 3154 3070 3196 :
3120 3147 3178 3195 et
3225 3140 3269 3195 si
3317 3139 3464 3197 idem
3496 3140 3739 3214 loquitur,
3763 3152 3837 3193 non

594 3245 732 3292 trem
758 3234 778 3307 (
802 3232 961 3288 Joan.
1014 3250 1066 3301 v,
1108 3231 1247 3304 23),
1271 3238 1487 3288 constat
1513 3246 1580 3286 eo
1611 3232 1880 3288 minorem
1915 3246 2026 3288 non
2053 3245 2197 3300 esse,
2227 3231 2273 3295 C
2304 3245 2413 3285 uno
2468 3246 2686 3302 semper
2731 3232 2972 3303 loquitur
3020 3232 3204 3289 modo.
3262 3234 3497 3292 Intende
3547 3237 3601 3290 in
3640 3249 3699 3291 eo
3737 3245 3839 3289 nunc

593 3329 738 3403 quod
767 3331 967 3386 missus
987 3337 1090 3384 est.

666 3426 758 3481 75.
798 3423 917 3480 Non
958 3438 1089 3496 ergo
1114 3422 1339 3479 humani
1383 3423 1654 3478 sermonis
1702 3421 1999 3493 angustias.
2038 3420 2068 3460 ι)
2098 3421 2193 3476 sed

596 3520 891 3575 verborum
918 3519 1223 3575 claritatem
1270 3519 1507 3586 intuere,
1539 3516 1801 3589 operibus
1830 3517 2014 3572 crede.
2045 3515 2198 3572 Con,

594 3614 774 3669 sidera
805 3615 930 3683 quia
960 3613 1226 3669 Dominus
1267 3620 1455 3668 noster
1475 3611 1635 3668 Jesus
1662 3611 1915 3668 Christus
1944 3612 1995 3666 in
2030 3609 2193 3665 Esaia

596 3709 811 3764 locutus
840 3717 924 3764 est
953 3708 1022 3763 ab
1049 3707 1255 3779 Spiritu
1299 3716 1491 3763 sancto
1519 3721 1643 3763 esse
1671 3721 1732 3762 se
1760 3708 1989 3762 missum
2042 3703 2192 3778 (Esa.

601 3818 686 3858 ut
717 3844 732 3869 ,
773 3800 848 3873 l).
898 3800 1168 3871 Numquid
1200 3815 1330 3872 ergo
1351 3800 1562 3870 Spiritu
1600 3800 1778 3855 minor
1806 3797 1977 3853 Filius
2006 3840 2020 3864 ,
2068 3797 2192 3869 quia

593 3895 797 3951 missus
824 3894 893 3951 ab
915 3893 1121 3964 Spit-itu
1146 3904 1229 3948 est
1252 3894 1278 3947 ἵ
1308 3894 1493 3948 llabes
1541 3892 1705 3963 igitur
1749 3891 2013 3962 scriptum
2042 3890 2185 3961 quod

592 3987 764 4044 Filius
793 4003 820 4042 a
854 3987 1016 4044 Patre
1041 3995 1097 4043 et
1123 3986 1332 4054 Spiritu
1362 3985 1483 4056 ejus
1512 3984 1657 4039 dicat
1686 3996 1810 4040 esse
1834 3997 1894 4039 se
1923 3982 2148 4037 missum
2179 3999 2192 4037 :

594 4085 708 4158 Ego
723 4102 860 4152 sum,
889 4084 1086 4156 inquit,
1117 4085 1334 4154 primus,
1368 4092 1415 4136 et
1440 4098 1533 4153 ego
1561 4083 1614 4136 in
1633 4091 1904 4148 (sternunt,
1934 4089 1983 4135 et
2010 4094 2194 4133 manus

589 4209 816 4265 runtur;
845 4199 1204 4255 Athanasium
1236 4197 1334 4253 lib.
1369 4213 1428 4265 it,
1474 4197 1526 4251 in
1555 4195 1792 4252 Arianos
1817 4212 1833 4258 ;
1863 4193 2185 4266 Gregorium

591 4269 723 4325 ΝΜ..
752 4270 904 4341 Orat.
938 4272 971 4325 5
1015 4279 1072 4325 et
1102 4271 1205 4334 ὅθ,
1238 4269 1525 4341 Cltrysost.
1574 4268 1722 4322 hom.
1758 4265 2101 4341 'Zﬁgingloan.
2131 4276 2190 4341 _et

592 4342 732 4397 alios
774 4340 1045 4397 Graecos:
1107 4342 1251 4396 inter
1280 4337 1506 4395 Latinos
1545 4348 1726 4395 autem
1768 4338 2036 4393 Hilarium
2088 4337 2187 4392 lib.

592 4427 643 4465 ts
688 4413 756 4468 de
785 4412 987 4468 Trinit.
1029 4429 1082 4468 c.
1122 4413 1185 4468 51
1220 4423 1387 4480 atque
1425 4412 1790 4483 Augustinum
1839 4411 1914 4483 lib
1934 4424 2000 4483 iit
2041 4419 2187 4465 cont.

595 4484 811 4539 Maxiin.
861 4485 1051 4541 Arian.
1083 4498 1204 4554 cap.
1248 4485 1337 4540 M.
1392 4481 1559 4556 Magis
1599 4494 1781 4538 tamen
1830 4481 2188 4537 Ambrosiana

592 4556 875 4611 disnnctio
902 4555 1137 4611 obtinuit
1168 4556 1310 4625 apud
1342 4555 1610 4626 posteros.

667 4634 693 4701 ξι
722 4626 992 4701 Nonnulli
1020 4643 1149 4683 mss.
1180 4624 1217 4701 ,ί
1241 4638 1295 4701 et
1318 4624 1710 4701 multiplicando
1733 4624 2183 4701 multiplicaberis.

664 4696 691 4735 ι)
718 4698 847 4754 Mss.
876 4699 1017 4754 And.
1052 4710 1109 4757 et
1136 4700 1347 4766 Ebrul.,
1377 4696 1763 4755 sed'uerborum
1788 4698 2097 4752 claritatem.

671 4781 693 4808 ε
728 4771 853 4826 Ant.
887 4772 1024 4827 edit.
1057 4788 1181 4829 cum
1206 4787 1315 4828 uno
1338 4773 1421 4826 vel
1444 4772 1618 4826 altern
1650 4768 1901 4835 ms.,Aut
1924 4768 1969 4823 si
1990 4770 2188 4834 uolunt;

594 4841 751 4897 Rom.
784 4853 839 4898 et
869 4859 999 4898 mss.
1030 4847 1215 4900 caeteri
1244 4887 1256 4906 ,
1301 4844 1400 4899 Aut
1430 4844 1475 4898 si
1509 4842 1713 4897 nolunt.
1747 4841 1965 4904 Optime
1987 4883 2003 4908 ,
2052 4839 2195 4895 refe-

592 4914 819 4969 rendum
860 4917 1007 4970 enim
1038 4916 1104 4971 ad
1139 4916 1330 4971 ultima
1361 4915 1526 4970 verba
1557 4915 1663 4970 loci
1709 4929 1776 4970 ex
1806 4912 1965 4967 Esaia
1996 4912 2147 4967 citati
2175 4952 2190 4973 ,

595 4984 848 5059 Dominus
887 4987 1035 5059 misit
1080 5003 1201 5053 me,
1263 4997 1310 5042 et
1363 4987 1595 5059 Spiritus
1635 4987 1770 5059 ejus.
1835 4984 2047 5059 Etenim
2102 4986 2195 5053 qui

590 5057 864 5115 Christum
885 5058 973 5114 hic
1000 5075 1029 5113 a
1056 5062 1315 5129 propheta
1337 5057 1653 5126 loquentem
1679 5057 1859 5112 induci
1888 5060 2193 5124 negaverit,

587 5144 711 5183 enin
739 5131 858 5185 haec
888 5131 1049 5185 verba
1084 5132 1226 5185 Patri
1257 5130 1554 5185 attribttere
1581 5144 1867 5186 necessum
1896 5129 2023 5183 erit.
2158 5142 2162 5147 ·

658 5197 686 5237 ά
719 5201 792 5256 Ita
827 5216 935 5256 non
958 5202 1136 5257 solum
1170 5202 1514 5257 Ambrosiani
1543 5202 1666 5256 cod.
1691 5213 1882 5255 omnes
1907 5200 2095 5267 scripti
2119 5213 2183 5254 ac

586 5271 719 5328 editi
753 5292 767 5337 ;
814 5288 1003 5328 verum
1048 5275 1210 5328 etiam
1238 5273 1539 5328 Concilium
1590 5273 1790 5343 Epltes.
1827 5288 1839 5325 l
1867 5312 1882 5337 ,
1911 5270 2057 5341 quod
2081 5279 2185 5343 _est

585 5344 842 5408 generale
872 5359 927 5398 ttt
948 5386 964 5409 ,
990 5360 1109 5415 cap.
1134 5346 1206 5401 24
1232 5386 1246 5411 ,
1276 5345 1418 5399 inter
1443 5340 1656 5412 excepta
1682 5361 1746 5399 ea:
1772 5340 2039 5413 opusculis
2070 5340 2180 5415 Pa:

585 5425 762 5474 trum.
794 5424 928 5471 tom.
959 5416 1024 5472 ΙΙΙ
1045 5413 1071 5485 ,⁷
1099 5417 1229 5473 edit.
1276 5416 1443 5471 Labb.
1472 5457 1487 5481 ,
1519 5433 1640 5487 quae
1676 5417 1870 5487 ingact.
1890 5429 2122 5487 quoque
2149 5413 2183 5469 6

585 5487 813 5557 repetita
853 5500 980 5542 sunt
1033 5491 1086 5543 in
1131 5486 1360 5545 Collect.
1421 5485 1607 5542 Baliiz:
1634 5498 1688 5544 et
1730 5485 1946 5542 Concil.
1993 5485 2179 5557 Cltalc.

583 5562 1104 5623 oecumen.ttt,actl
1135 5572 1190 5616 ct
1210 5559 1426 5623 2,'tont.
1456 5559 1544 5625 IV,
1567 5558 1812 5629 eiusdem
1828 5558 1957 5612 edit.
1983 5556 2177 5622 Labb.;

584 5644 770 5685 verum
797 5634 963 5685 etiam
995 5634 1048 5687 in
1074 5633 1234 5699 epist.
1278 5630 1478 5686 Leonis
1526 5628 1678 5701 papm
1705 5628 1772 5683 ad
1805 5629 1975 5701 Leon.
2008 5630 2179 5701 impe-

577 5711 683 5754 rat.
714 5716 835 5755 cum
869 5703 1010 5772 apud
1043 5704 1316 5759 Labbeutn
1351 5713 1389 5756 t.
1421 5702 1485 5757 lll
1506 5699 1666 5772 ,‘tum
1699 5703 1752 5753 in
1776 5700 1910 5753 edit.
1939 5699 2176 5767 Quenel-

578 5771 721 5824 iiana
756 5771 1291 5842 {Opuntii-eiusdem
1336 5773 1533 5828 Leonis
1578 5771 1631 5827 iit
1681 5782 1942 5842 contextu
1972 5772 2171 5842 :citatae

576 5843 765 5907 captiin.
791 5834 1034 5898 attamen
1055 5834 1257 5899 ibidem
1282 5845 1333 5898 in
1358 5844 1601 5907 margine
1626 5840 1943 5905 Queucliius
1970 5834 2023 5898 in
2040 5841 2161 5899 cod.

2299 3324 2528 3396 gloriam
2562 3325 2694 3391 Dei,
2729 3341 2876 3382 nunc
2913 3326 3150 3383 hominis
3180 3329 3497 3400 passiones.
3552 3328 3707 3399 Quasi
3740 3325 3839 3382 Deus

2298 3416 2535 3488 loquitur
2558 3433 2679 3488 qua:
2707 3426 2838 3474 sunt
2863 3419 3042 3475 divina
3075 3461 3089 3484 ,
3131 3421 3259 3492 quia
3285 3419 3529 3478 Verbum
3577 3432 3692 3478 est:
3729 3417 3838 3491 quasi

2299 3507 2465 3564 homo
2492 3509 2625 3567 dicit
2646 3527 2768 3582 qute
2795 3521 2924 3568 sunt
2945 3512 3180 3570 humana
3212 3557 3227 3584 ,
3263 3515 3388 3587 quia
3419 3515 3477 3572 in
3510 3530 3629 3574 mea
3648 3514 3840 3571 subsuta

2297 3603 2368 3658 tia
2401 3604 2741 3676 loquebatur.

2371 3697 2460 3752 78.
2518 3696 2618 3752 Hic
2677 3709 2750 3755 est
2801 3704 2951 3770 panis
2998 3703 3173 3771 vivus,
3222 3706 3311 3774 qui
3351 3694 3628 3762 descendit
3665 3707 3722 3761 de
3753 3699 3840 3759 talo

2300 3789 2479 3861 (Joan.
2515 3807 2592 3859 Vl,
2621 3790 2735 3866 51).
2767 3793 2931 3850 Panis
2963 3796 3050 3852 hic
3077 3810 3208 3852 caro
3234 3807 3319 3854 est
3353 3841 3368 3866 ,
3409 3801 3557 3856 sicut
3583 3802 3692 3871 ipse
3709 3797 3837 3853 dixit:

2304 3883 2406 3938 Hic
2428 3887 2577 3951 panis
2602 3903 2751 3958 quem
2772 3905 2867 3961 ego
2894 3889 3028 3945 dabo
3058 3932 3073 3956 ,
3108 3908 3228 3947 caro
3256 3909 3370 3947 mea
3395 3904 3478 3949 est
3525 3894 3545 3967 (
3572 3893 3722 3960 Ibid.,
3747 3889 3839 3955 δί).

2300 3977 2398 4033 Hic
2440 3987 2524 4032 est
2564 3982 2654 4049 qui
2687 3980 2971 4037 descendit
3000 3985 3069 4039 de
3092 3984 3235 4041 coelo
3261 4027 3276 4053 ,
3308 3984 3398 4041 hic
3427 3998 3515 4042 est
3544 4000 3698 4059 quem
3724 3984 3841 4038 Pater

2298 4072 2676 4140 sanctiﬁcavit,
2719 4085 2774 4130 et
2824 4077 2974 4132 misit
3011 4077 3065 4133 in
3090 4076 3233 4134 hunc
3275 4079 3567 4136 mundum.
3596 4076 3842 4147 eNecipsa

2293 4192 2805 4270 'l_‘huan._scriptnm
2838 4198 3083 4270 notavit,
3128 4199 3299 4255 inanis
3329 4201 3705 4257 dissertationis
3722 4212 3838 4270 quas.

2295 4265 2804 4340 tionesqlnl'raivero
2832 4269 3162 4340 diligentiss.
3195 4271 3453 4328 Baltizius
3478 4289 3547 4330 ex
3571 4282 3676 4330 vet.
3703 4265 3843 4327 cicer

2296 4338 2540 4407 plaribus
2581 4338 2784 4407 Ephes.
2816 4338 3047 4397 Concilii
3069 4384 3085 4408 ,
3133 4358 3200 4399 ex
3226 4344 3426 4401 Contio
3455 4356 3511 4401 et
3540 4362 3641 4401 ms.
3669 4341 3836 4400 Comei.

2297 4409 2492 4481 synodi
2543 4409 2801 4467 Chalced.
2834 4414 2922 4467 cui
2951 4414 3115 4469 etiam
3147 4415 3359 4472 Rustici
3392 4417 3686 4474 lectionem
3710 4412 3837 4472 addit.

2297 4480 2496 4560 quibus
2533 4491 2816 4560 pinoteres
2838 4484 3071 4560 iungere
3116 4486 3359 4560 licuisset
3402 4504 3472 4545 ex
3515 4491 3633 4559 ipsa
3667 4483 3843 4560 SyIIOdQ

2298 4553 2487 4639 Clialc.
2517 4554 2663 4639 edit:
2688 4553 2859 4639 Labb‘.
2891 4556 3080 4639 Graeca
3123 4558 3237 4639 illa,
3270 4557 3427 4639 εἶς-ἐν
3463 4553 3686 4639 ἱκὰτέρῳ
3702 4553 3839 4639 iouia

2292 4630 2384 4704 rei)
2415 4632 2544 4704 Θεοὶξ
2584 4627 2739 4704 Υἱός-.
2791 4628 2931 4704 sicut
2959 4639 3015 4683 et
3038 4628 3314 4704 laudatam
3342 4634 3544 4689 Leonis
3570 4627 3722 4704 epist.
3744 4629 3840 4684 edit.

2296 4699 2498 4772 Quem;
2533 4698 2585 4751 in
2616 4699 2811 4772 eodem
2839 4701 3004 4771 igitur
3035 4701 3236 4771 Ephes.
3258 4700 3431 4760 Cone.
3457 4698 3705 4760 Balniius
3724 4714 3844 4772 repo-

2295 4770 2440 4847 suit,
2460 4771 2675 4847 unus__in
2703 4770 2917 4847 utroque
2946 4770 3145 4847 locutus
3172 4783 3264 4832 est.
3300 4784 3436 4840 etc.,
3464 4779 3558 4832 ubi
3588 4775 3723 4847 apud
3748 4770 3844 4847 Ant:

2297 4839 2560 4906 brosittm,
2583 4839 2917 4908 Facundum,
2938 4853 2993 4899 et
3034 4846 3087 4898 in
3110 4858 3217 4900 act.
3247 4848 3282 4903 5
3308 4839 3538 4904 Concilii
3568 4839 3739 4904 Later.
3770 4842 3844 4898 sub

2301 4911 2535 4968 Martino
2563 4927 2721 4989 papa,
2748 4929 2852 4969 nec
2877 4931 2982 4989 non
3006 4916 3059 4970 iii
3088 4931 3220 4973 mss.
3249 4918 3465 4975 duobus
3493 4920 3649 4977 Colb.
3675 4919 3844 4989 legeba—

2300 4994 2423 5061 μιν,¹
2458 5000 2592 5038 unus
2621 4986 2674 5039 iu
2699 4996 2918 5061 utraque
2948 4987 3151 5061 locutus
3192 5002 3308 5055 est,
3344 5001 3452 5048 etc.
3494 4993 3663 5061 Quam
3702 4986 3841 5045 tamen

2301 5056 2613 5132 lectionem,
2643 5067 2847 5132 praeter
2869 5060 2985 5132 hinc
3006 5075 3034 5112 a
3050 5060 3402 5132 Baluzioipso
3421 5056 3728 5124 memorata,
3750 5073 3845 5132 n05-

2286 5129 2577 5205 t_ri_omues
2601 5144 2757 5194 mss.,
2792 5130 3006 5205 laudata
3035 5131 3276 5205 Qoncilia
3307 5129 3510 5205 Eplics.
3537 5146 3595 5191 et
3618 5133 3785 5189 Cbalc.
3805 5130 3842 5182 in

2286 5198 2455 5255 Labb.
2485 5198 2615 5283 edit.
2642 5208 2815 5283 atque
2838 5200 2998 5273 epist.
3030 5203 3236 5283 .Leonis
3262 5198 3462 5262 ibidem
3493 5250 3508 5275 ,
3540 5206 3707 5262 series
3736 5216 3842 5275 quo-

2286 5285 2394 5343 que
2422 5274 2705 5337 orationis,
2740 5274 2897 5342 plane
2917 5277 3257 5332 conllrtnant.
3498 5274 3501 5275 ⁷
3756 5274 3765 5275 ί

2361 5353 2385 5380 ε’
2414 5341 2619 5397 Omnes
2653 5346 2784 5419 edit.
2814 5360 2895 5419 ac
2937 5361 3067 5401 mss.
3113 5363 3216 5402 non
3251 5349 3431 5419 pauci,
3481 5348 3610 5404 Hice
3646 5350 3752 5419 ipsa
3782 5347 3845 5399 tit-

2288 5424 2488 5469 tera....
2522 5430 2631 5489 non
2662 5416 2976 5489 divinitatem
3018 5420 3215 5489 eguisse
3236 5416 3369 5482 {alii
3399 5437 3525 5476 mss.
3566 5433 3622 5478 et
3660 5416 3845 5477 Graecus

2291 5495 2467 5542 textus
2515 5487 2718 5557 Synodi
2755 5488 2943 5545 Cbalc.
2973 5487 3105 5545 edit.
3135 5490 3304 5547 Labb.
3335 5494 3614 5549 nobiscum
3642 5492 3843 5547 facium:

2289 5569 2520 5633 excepto
2550 5560 2693 5633 quod
2722 5562 2964 5616 nonnulli
2992 5563 3116 5618 cod.
3140 5564 3421 5632 geminant
3458 5567 3779 5633 negationem
3803 5561 3843 5611 in

2284 5628 2431 5703 hunc
2480 5630 2735 5697 modum,
2792 5649 2884 5686 nec
2920 5633 3040 5703 ipsa
3086 5628 3353 5690 interm...
3417 5628 3845 5693 non'disinitaml

2276 5702 2482 5778 eguisse
2513 5718 2531 5755 :
2579 5717 2740 5778 quam
2788 5702 3079 5778 lectiunem
3115 5720 3187 5761 ex
3224 5708 3395 5778 antiq.
3429 5722 3642 5777 exemp.
3674 5706 3842 5778 Ephes.

2278 5771 2506 5849 synodi,
2535 5771 2825 5829 etfduobus
2850 5775 3109 5849 Ambros.
3137 5771 3378 5849 prmtiilit
3399 5771 3843 5849 mmmam-Verum

2275 5839 2499 5901 nomine
2541 5839 2955 5911 cttpttttgeitdaiti
3005 5839 3299 5903 secundum
3346 5857 3682 5917 negationem
3710 5847 3845 5900 dum
