4016 6292
157 319 255 376 571

1538 322 1626 379 DE
1665 318 1824 380 FIDE
1865 318 1993 378 LIB.
2036 316 2100 377 11.

3355 317 3465 373 578

163 433 340 490 littera
368 450 472 491 nos
495 437 663 495 docet
684 439 1113 496 sanctificatione
1134 436 1469 494 divinitatem
1501 439 1714 510 eguisse
1748 481 1761 503 ,
1795 441 1846 500 Α
1873 437 2005 492 riam
2039 436 2196 492 habet
2226 475 2242 501 ,
2276 443 2332 487 ιιι
2357 432 2533 488 Patris
2555 437 2610 488 et
2632 431 2752 489 Filii
2785 443 2887 487 una
2921 431 2992 486 sit
3018 430 3210 502 gloria.
3243 430 3358 487 Non
3381 442 3462 486 est

161 529 250 585 sed
298 545 547 587 carnem.
592 534 835 604 Denique
876 535 990 605 ipse
1040 533 1296 589 Dominus
1325 533 1506 588 dixit:
1561 535 1626 589 Et
1673 552 1762 606 ego

161 625 516 692 memetipsum
553 628 820 697 sanctiﬁco
848 643 942 698 pro
976 627 1101 698 ipsis
1139 625 1321 698 (Joan.
1347 642 1477 694 xvn,
1523 627 1612 697 19)
1643 644 1657 692 ;
1709 637 1764 682 ιιι

160 731 427 787 agnoscas
452 719 598 790 quod
629 729 684 775 et
712 722 1077 788 sanctificatur
1104 721 1158 776 in
1184 736 1347 778 carne
1372 736 1470 792 pro
1501 722 1679 788 nobis,
1709 732 1765 779 et

161 809 447 867 divinitate
473 812 796 869 sanctiﬁcat.

235 903 324 960 79.
356 903 458 959 llic
485 904 630 961 idem
660 915 743 961 est
769 923 928 978 quem
959 907 1119 964 Pater
1154 908 1322 975 misit,
1352 909 1445 965 sed
1476 913 1671 981 factum
1701 925 1764 964 ea:

160 997 630 1070 muliere,‘{actum
652 1001 746 1054 sub
775 999 909 1074 Lege
933 1043 948 1067 ,
983 1011 1038 1056 ut
1067 1003 1360 1071 Apostolus
1382 1003 1518 1058 dixit
1560 1002 1759 1076 (Galat.

158 1106 235 1158 ιν,
259 1091 342 1161 6).
375 1091 473 1147 Hic
498 1101 581 1148 est
601 1135 616 1159 ,
661 1093 751 1163 qui
781 1095 856 1148 ait
889 1113 901 1146 :
946 1096 1178 1162 Spiritus
1209 1095 1418 1150 Domini
1447 1112 1604 1167 super
1641 1113 1720 1150 me
1742 1138 1758 1162 ,

162 1192 380 1252 propter
406 1185 547 1256 quod
573 1187 720 1240 unxit
749 1203 830 1240 me
853 1203 872 1240 :
898 1188 1248 1260 euangelizare
1284 1189 1598 1258 pauperibus
1624 1190 1762 1243 misit

160 1294 241 1332 me
268 1275 423 1350 (Luc.
448 1294 522 1344 tv,
558 1279 670 1347 18).
701 1279 799 1335 Hic
826 1289 911 1335 est
936 1284 1029 1351 qui
1059 1280 1191 1336 dicit
1220 1299 1230 1334 :
1267 1281 1388 1336 Mea
1404 1283 1639 1336 doctrina
1660 1298 1762 1336 non

155 1382 236 1427 est
261 1388 399 1438 mea,
421 1373 512 1427 sed
543 1375 653 1445 ejus
693 1375 781 1444 qui
804 1375 940 1428 misit
967 1391 1064 1430 me.
1099 1376 1163 1431 Si
1191 1377 1306 1446 quis
1335 1377 1554 1432 voluerit
1582 1377 1763 1432 volun-

153 1473 316 1519 tatent
357 1465 471 1536 ejus
516 1469 706 1536 facere,
767 1477 1035 1538 cognoscet
1080 1468 1145 1523 de
1182 1469 1442 1535 doctrina,
1485 1479 1654 1524 utrum
1699 1485 1764 1524 ea:

152 1556 276 1612 Deo
299 1568 406 1627 est,
449 1575 517 1614 an
546 1577 636 1630 ego
659 1577 689 1612 a
716 1576 796 1614 me
820 1561 934 1632 ipso
962 1562 1143 1632 loquar
1167 1561 1348 1635 (Joan.
1381 1579 1452 1616 vtt
1478 1603 1493 1628 ,
1529 1562 1615 1627 16,
1652 1563 1760 1632 17).

154 1653 284 1708 Alia
322 1668 452 1724 ergo
491 1670 556 1708 ex
603 1654 716 1710 Deo
742 1655 1025 1724 doctrina,
1058 1656 1160 1711 alia
1205 1672 1268 1712 ex
1304 1657 1540 1712 homine.
1580 1657 1763 1728 Itaque
1817 1689 1823 1696 -

151 1746 332 1803 Iudici
360 1763 482 1804 cum
509 1748 810 1804 doctrinam
841 1751 960 1820 ejus
980 1751 1283 1806 secundum
1302 1751 1580 1806 hominem
1607 1767 1760 1822 qua:-

1868 545 2000 598 etgo
2035 529 2217 584 minor
2259 528 2310 582 in
2341 527 2611 584 claritate.
2641 525 2761 597 quia
2787 540 2889 579 una
2919 524 3088 594 gloria
3113 543 3126 578 :
3150 540 3256 579 non
3284 523 3464 577 minor

1865 624 2172 688 divinitate,
2199 622 2325 694 quia
2357 621 2637 692 plenitudo
2663 619 2968 674 divinitatis
2997 619 3048 673 in
3079 617 3296 674 Christo
3319 628 3422 672 est.

1938 720 2026 775 85.
2061 718 2125 774 Et
2150 716 2444 790 quomodo,
2480 716 2681 786 inquis,
2711 713 2970 784 scriptum
3004 723 3086 769 cst
3115 729 3130 766 :
3167 711 3348 776 Pater,
3377 727 3460 766 ve-

1865 815 1937 868 nit
1964 815 2121 880 hora,
2149 813 2381 883 clari/ica
2407 811 2606 866 Filium
2628 821 2770 865 tuum
2799 808 2997 879 (Joan.
3028 824 3137 864 xvn
3156 849 3172 875 ,
3203 809 3227 864 1
3255 807 3320 878 )‘l
3355 807 3458 876 Qui

1867 907 1969 961 hoc
2000 905 2166 971 dicit,
2203 904 2624 968 clariﬁcationc,
2657 903 2833 973 inquis
2858 943 2873 968 ,
2906 902 3130 972 indiget.
3172 899 3461 971 [lucusque

1865 998 2052 1052 oculos
2085 997 2254 1052 habes
2289 1015 2300 1050 :
2350 996 2493 1066 quod
2528 997 2792 1066 reliquum
2833 1004 2917 1051 est
2956 1011 3061 1049 non
3109 994 3282 1065 legisti
3316 1010 3332 1059 ;
3372 1009 3463 1049 se-

1864 1090 2048 1161 quitur
2094 1091 2280 1145 enim:
2337 1088 2405 1144 Ut
2462 1088 2629 1142 Filius
2680 1098 2799 1142 tuus
2851 1087 3104 1158 clariﬁcet
3154 1097 3201 1142 te
3239 1086 3456 1157 (lbid.).

1865 1180 2132 1252 Numquid
2173 1191 2226 1236 et
2269 1181 2429 1237 Pater
2457 1179 2700 1251 indiget,
2741 1178 2831 1252 qui
2881 1178 3260 1235 clariticandus
3299 1193 3329 1234 a
3373 1177 3462 1234 Fi-

1864 1273 1938 1328 lio
1967 1274 2095 1330 est?

2489 1343 2720 1402 CAPUT
2767 1344 2836 1400 Χ.

1887 1438 2240 1509 Objectionem
2301 1455 2332 1491 a
2387 1435 2518 1492 Filii
2567 1437 2858 1492 obedientia
2920 1439 3244 1509 desumptam
3291 1438 3464 1505 solvit,

1936 1542 2238 1602 ostensoque
2261 1530 2538 1586 Trinitatis
2581 1547 2738 1585 unam
2781 1534 3098 1602 potentiam,
3146 1531 3464 1585 divinitatem

1934 1633 2084 1695 atque
2113 1625 2464 1695 Operationem
2494 1640 2604 1678 esse
2633 1665 2648 1690 ,
2693 1624 2839 1677 addit
2879 1621 3141 1678 Christum
3172 1624 3328 1678 etiam
3357 1638 3467 1676 ma-

1938 1719 2034 1784 tri,
2066 1735 2169 1788 qua
2199 1719 2368 1772 minor
2396 1717 2499 1771 diei
2540 1717 2838 1788 neutiquam
2879 1728 3076 1789 potest,
3127 1717 3465 1773 obedientiam

154 1852 370 1908 rcrent,
407 1851 460 1896 et
481 1841 724 1897 dicerent
753 1860 768 1898 :
804 1811 1076 1910 Quomodo
1099 1842 1181 1896 hic
1212 1844 1408 1897 litteras
1435 1844 1571 1897 nouit
1598 1811 1762 1909 ,icum
1791 1837 1838 1897 B
1936 1811 2247 1866 “l'il’uisse'

157 1953 266 1990 non
284 1935 527 1990 didicerit
552 1936 733 2006 \Joan.
753 1952 850 2000 vn,
877 1936 1006 2008 15)?
1031 1936 1310 2006 respondit
1326 1935 1506 1998 Jesus,
1525 1947 1578 1990 et
1595 1935 1762 1991 dixit:

157 2028 287 2084 Mea
315 2030 575 2096 doctrina,
607 2047 708 2084 non
729 2040 804 2086 est
833 2048 945 2084 mea
963 2047 982 2095 ;
1017 2048 1138 2086 nam
1167 2047 1291 2087 cum
1321 2032 1438 2087 sine
1465 2031 1765 2104 4868m-

158 2122 379 2179 ditione
405 2122 710 2179 litterarum
725 2123 938 2190 doceat,
955 2139 1061 2179 non
1085 2125 1239 2194 quasi
1257 2124 1443 2191 homo,
1467 2125 1561 2180 sed
1589 2126 1766 2193 potius

157 2225 228 2270 nt.
269 2216 416 2271 Deus
445 2214 658 2271 videtur
681 2216 910 2282 docere,
955 2218 1047 2288 qni
1081 2217 1383 2272 doctrinam
1419 2234 1525 2272 non
1563 2217 1768 2274 didice-

162 2309 241 2364 rit
262 2351 276 2372 ,
321 2308 417 2365 sed
449 2309 734 2366 invenerit.

240 2403 332 2458 80.
365 2401 661 2459 Adinveuit
696 2405 844 2460 enim
891 2419 1107 2460 omnem
1136 2406 1280 2460 viam
1309 2405 1609 2476 disciplina:
1641 2447 1656 2471 ,
1711 2415 1770 2462 ut

164 2507 334 2565 supra
363 2495 559 2573 lectum
591 2505 675 2552 est
702 2512 717 2562 ;
749 2513 872 2552 nam
917 2499 1100 2567 utique
1137 2498 1204 2554 de
1244 2498 1382 2554 Filio
1429 2499 1520 2555 Dei
1562 2500 1765 2555 dictum

165 2573 250 2647 eat
270 2583 298 2645 ’ς
337 2574 542 2646 Hic-“est
573 2591 713 2647 Deus
743 2602 932 2660 noster,
959 2603 1005 2649 et
1037 2611 1136 2648 non
1166 2594 1504 2650 azstimabitur
1529 2595 1666 2649 alius
1700 2594 1768 2647 ad

167 2700 285 2738 eum
315 2684 405 2753 qui
429 2685 688 2739 adinvenit
717 2701 914 2740 omnem
936 2686 1072 2740 viam
1096 2686 1404 2758 discipline.
1435 2685 1560 2742 Post
1582 2686 1694 2742 htec
1716 2689 1769 2742 in

169 2777 324 2832 terris
348 2777 488 2832 visus
507 2788 606 2843 est,
642 2787 691 2833 et
733 2795 849 2833 cum
871 2778 1160 2834 hominibus
1181 2790 1508 2835 conversatus
1535 2791 1608 2836 est
1636 2780 1770 2851 (Ba-

169 2889 290 2927 ruc.
320 2887 378 2926 ιιι
407 2913 422 2938 ,
451 2872 522 2928 56
543 2883 587 2927 et
613 2871 743 2944 seq).
772 2873 1058 2941 Quomodo
1087 2889 1216 2945 ergo
1239 2874 1538 2930 secundum
1575 2875 1773 2930 divini-

171 2974 345 3021 tatem
383 2964 686 3021 doetrinam
736 2981 887 3022 suam
943 2981 1047 3022 non
1105 2967 1306 3036 habet,
1360 2968 1452 3038 qui
1497 2968 1774 3025 adinvenit

171 3073 398 3115 omnem
430 3058 572 3114 viam
602 3057 926 3129 disciplinas,
956 3069 1245 3131 antequam
1270 3059 1546 3118 videretur
1577 3063 1628 3117 in
1660 3072 1772 3118 ter-

172 3152 254 3208 ris
278 3153 304 3205 ?
334 3153 442 3208 Aut
469 3153 743 3223 quomodo
771 3153 971 3220 minor,
1015 3153 1084 3209 de
1120 3169 1227 3224 quo
1255 3154 1458 3211 dictum
1484 3164 1569 3210 est
1600 3174 1612 3210 :
1649 3154 1773 3209 Non

1939 1925 2028 1978 84.
2062 1925 2181 1979 Pari
2215 1926 2376 1981 modo
2409 1926 2772 1982 obedientiam
2802 1925 2920 1980 Filii
2966 1923 3202 1995 obiicere
3241 1926 3419 1982 solent
3449 1968 3463 1992 ,

1867 2021 1988 2091 quia
2012 2022 2274 2092 scriptum
2315 2033 2398 2078 cst
2425 2042 2436 2078 :
2472 2022 2537 2076 Et
2565 2023 2732 2089 specie
2756 2025 2986 2076 inventus
3014 2021 3178 2094 487
3216 2033 3270 2076 ιιι
3293 2025 3467 2091 Ιιοιιιο,

1868 2113 2158 2168 humiliat-it
2190 2115 2549 2186 semetipsum,
2577 2119 2744 2185 factus
2789 2114 3030 2169 obediens
3059 2133 3221 2186 usque
3241 2117 3311 2170 ad
3336 2134 3476 2172 mor-

1868 2215 1968 2261 tem
1992 2205 2164 2279 (Phil:
2197 2223 2254 2271 ιι,
2285 2209 2340 2272 7,
2372 2207 2451 2278 8).
2484 2208 2549 2262 Et
2575 2207 2850 2263 hominem
2874 2209 3137 2279 prtetnisit
3162 2251 3177 2277 ,
3207 2219 3262 2266 et
3291 2227 3463 2283 usque

1867 2300 1932 2354 ad
1987 2308 2218 2355 mortem
2273 2299 2456 2365 dixit;
2518 2309 2573 2354 ut
2625 2301 3055 2373 intelligeremus
3097 2303 3464 2360 obedientiam

1869 2393 2062 2448 mortis
2089 2408 2194 2447 non
2229 2391 2531 2447 divinitatis
2555 2393 2722 2450 fuisse
2749 2436 2762 2460 ,
2806 2394 2902 2450 sed
2935 2396 3328 2452 incarnationis
3366 2415 3377 2450 :
3415 2399 3466 2454 in

1868 2504 1970 2558 qua
1996 2498 2049 2544 et
2079 2487 2256 2542 ofﬁcia
2286 2498 2468 2543 nostra
2498 2489 2740 2559 suscepit
2757 2498 2811 2544 et
2837 2489 3080 2544 nomina.

1941 2581 2032 2636 85.
2061 2581 2358 2638 Didicimus
2388 2582 2572 2653 itaque
2599 2599 2759 2638 unam
2795 2598 2919 2640 esse
2961 2586 3257 2654 potentiam
3289 2586 3474 2642 Trini-

1874 2675 2023 2741 tatis,
2057 2691 2220 2745 qnam
2267 2691 2370 2731 nos
2399 2675 2427 2712 ι)
2471 2676 2523 2730 in
2555 2676 2673 2747 ipsa
2703 2686 2866 2764 atque
2897 2687 3017 2747 post
3068 2678 3242 2748 ipsam
3293 2679 3478 2736 docuit

1873 2769 2218 2839 passionem;
2253 2768 2426 2824 Filius
2452 2769 2596 2826 enim
2622 2770 2829 2842 patitur
2864 2785 2960 2840 per
3004 2773 3253 2843 corporis
3294 2789 3477 2829 sacra-

1873 2874 2141 2930 mentum,
2171 2864 2438 2935 apostolis
2490 2865 2727 2936 Spiritus
2765 2873 2986 2921 sanctus
3039 2867 3385 2924 infunditur:
3419 2869 3476 2926 in

1875 2971 2068 3011 manus
2109 2956 2284 3012 Patris
2315 2955 2734 3012 commendatur
2765 2956 2994 3026 spiritus
3018 2999 3034 3024 ,
3069 2958 3212 3015 Deus
3258 2976 3476 3032 quoque

1875 3048 2036 3105 Pater
2064 3049 2301 3105 maxima
2333 3067 2466 3107 voce
2494 3051 2761 3122 signatur.
2792 3051 3093 3108 Didicimus
3112 3069 3272 3109 unam
3301 3054 3478 3113 Patris

1878 3154 1933 3200 et
1961 3144 2080 3199 Filii
2111 3161 2232 3200 esse
2263 3145 2576 3215 imaginem,
2630 3161 2791 3202 unam
2842 3145 3281 3214 similitudinem,
3313 3165 3477 3205 unam

175 3245 522 3300 (estimabimr
551 3247 684 3302 alius
705 3248 772 3301 ud
799 3248 961 3302 eunt?
988 3247 1186 3318 Utique
1213 3249 1656 3318 incomparabilis
1694 3249 1776 3304 di-
1802 3232 1847 3295 C
1879 3235 2389 3292 sanctificationem.
2417 3237 2711 3293 Didicimus
2737 3253 2898 3292 unam
2926 3253 3050 3295 esse
3077 3241 3477 3311 operationem,

177 3340 354 3405 citur,
397 3339 463 3394 ad
488 3356 644 3411 quem
676 3356 836 3396 nemo
866 3340 1005 3396 alius
1032 3342 1290 3396 :estimari
1325 3351 1506 3412 potest
1532 3358 1544 3395 :
1577 3341 1671 3397 sed
1703 3344 1775 3398 ita

177 3436 625 3506 incomparabilis
647 3479 663 3503 ,
705 3449 763 3492 ut
791 3437 937 3492 Patri
967 3447 1199 3509 nequeat
1229 3437 1511 3493 anteferri.
1538 3437 1690 3505 Quod
1729 3439 1773 3492 si

176 3531 250 3588 de
287 3531 448 3587 Patre
487 3531 685 3587 dictum
728 3541 920 3603 putant
943 3572 957 3594 ,
989 3531 1316 3603 impietatem
1349 3531 1618 3588 ﬂSabellii
1671 3547 1776 3586 non

175 3624 421 3679 evadent
445 3665 461 3689 ,
491 3633 550 3679 ut
574 3623 717 3679 Patri
759 3625 1158 3690 susceptionem
1193 3624 1443 3678 humanm
1479 3623 1657 3678 carnis
1699 3631 1780 3677 at-

179 3716 455 3773 tribuant.
495 3763 497 3766 .

252 3813 355 3869 8|.
385 3811 784 3883 Persequamur
810 3815 1090 3886 sequentia
1123 3831 1136 3868 :
1169 3814 1268 3879 Qui
1299 3832 1330 3868 a
1359 3812 1669 3884 semetipso,
1700 3812 1782 3867 in-

174 3905 336 3976 quit,
371 3905 619 3974 loquitur,
647 3906 866 3977 gloriam
911 3923 1056 3962 suam
1084 3907 1265 3977 quaerit
1296 3905 1474 3978 (Joan.
1503 3922 1612 3971 vn,
1666 3905 1779 3976 18).

178 3998 327 4054 Vide
361 3999 642 4067 unitatem,
677 4015 797 4071 qua:
823 4009 876 4055 et
894 3999 1108 4055 Patrem
1138 3999 1316 4070 signat
1336 4007 1391 4054 et
1417 3997 1636 4054 Filium.
1665 3996 1781 4052 Non

173 4103 376 4167 potest
398 4111 508 4151 non
538 4110 689 4162 esse,
720 4094 812 4167 qui
843 4095 1082 4166 loquitur
1117 4113 1130 4149 :
1163 4093 1259 4149 sed
1291 4108 1395 4148 non
1433 4101 1656 4163 potesta
1697 4107 1785 4148 se-

173 4190 430 4260 metipso
473 4204 595 4245 esse
637 4188 781 4260 quod
831 4188 1092 4258 loquitur,
1132 4187 1184 4242 in
1231 4202 1339 4258 quo
1370 4186 1687 4242 naturaliter
1716 4201 1781 4242 ex

173 4280 353 4338 Patre
373 4292 500 4337 sunt
529 4281 727 4337 omnia.

251 4374 354 4432 82.
377 4373 518 4444 Quid
549 4384 632 4430 est
651 4382 830 4430 autem
853 4391 865 4426 :
891 4373 934 4429 ϐ
944 4374 1127 4429 loriam
1147 4389 1292 4428 suam
1311 4372 1521 4445 quaerit?
1544 4371 1656 4428 Hoc
1679 4380 1784 4439 est,

173 4484 296 4526 non
322 4468 562 4524 divisam
591 4483 620 4523 a
652 4467 812 4524 Patre
828 4467 1087 4540 gloriam;
1115 4483 1236 4522 nam
1261 4469 1452 4537 utique
1477 4476 1532 4522 et
1553 4465 1786 4522 Verbum

177 4564 339 4622 Deus
379 4562 548 4619 habet
585 4562 836 4634 gloriam.
869 4562 1114 4633 Denique
1143 4561 1310 4618 dicit:
1343 4561 1413 4617 Ut
1439 4561 1644 4616 videant
1671 4560 1787 4631 glo-

1879 3345 2040 3384 unam
2073 3330 2325 3399 gloriam,
2370 3346 2530 3386 unam
2562 3346 2778 3400 quoque
2805 3331 3170 3388 divinitatem.

1951 3425 2040 3480 86.
2071 3424 2224 3480 Unus
2250 3440 2381 3495 ergo
2415 3433 2470 3481 et
2508 3425 2658 3480 solus
2687 3425 2862 3491 Deus;
2899 3425 3022 3496 quia
3066 3427 3329 3498 scriptum
3355 3439 3480 3490 est:

1881 3517 2162 3574 Dominum
2212 3517 2378 3573 Deum
2421 3528 2565 3574 tuum
2613 3517 2859 3572 adorabit
2885 3560 2898 3584 ,
2932 3530 2978 3573 et
3022 3520 3100 3574 illi
3151 3523 3250 3577 soli
3294 3525 3482 3581 servies

1881 3611 2061 3685 (Deut.
2093 3629 2167 3679 vt,
2203 3612 2316 3681 15).
2365 3611 2510 3667 Unus
2560 3612 2720 3677 Dens,
2758 3627 2864 3668 non
2893 3621 2953 3667 ut
2993 3613 3109 3684 ipse
3137 3618 3205 3670 sit
3238 3616 3396 3674 Pater
3427 3630 3484 3677 et

1883 3706 2052 3764 Filius
2075 3749 2090 3774 ,
2124 3707 2266 3764 sicut
2296 3706 2494 3778 impius
2523 3706 2793 3762 Sabellius
2823 3709 3055 3764 asserit:
3089 3710 3182 3765 sed
3214 3713 3339 3783 quia
3381 3712 3482 3771 Pa-

1885 3803 1982 3858 tris
2012 3809 2068 3858 et
2095 3801 2240 3868 Filii,
2267 3800 2611 3871 Spiritusque
2639 3801 2815 3856 sancti
2843 3817 2952 3857 una
2979 3802 3233 3859 divinitas
3259 3805 3358 3861 sit:
3391 3807 3483 3864 ubi

1885 3905 2066 3952 autem
2098 3910 2202 3949 una
2229 3893 2504 3960 divinitas,
2537 3909 2642 3948 una
2674 3893 2954 3958 voluntas,
2997 3911 3102 3949 una
3132 3897 3448 3966 prurceptio.

1958 3989 2048 4043 87.
2082 3986 2327 4055 Denique
2357 3993 2415 4038 ut
2453 3984 2600 4040 scias
2639 3992 2694 4040 et
2729 3984 2946 4041 Patrem
2990 4000 3113 4042 esse
3137 4027 3153 4054 ,
3184 3996 3240 4042 et
3285 3987 3481 4045 Filium

1887 4099 2033 4149 esse,
2067 4092 2122 4138 et
2144 4097 2307 4138 unum
2349 4096 2486 4152 opus
2515 4080 2692 4136 Patris
2737 4095 2800 4135 ac
2832 4080 2957 4135 Filii
2987 4097 3130 4150 esse,
3163 4083 3486 4153 Apostolum

1888 4193 2118 4250 sequere
2142 4220 2157 4245 ,
2185 4178 2274 4250 qui
2303 4177 2475 4234 dixit:
2511 4177 2634 4250 Ipse
2651 4187 2824 4235 autem
2857 4179 3021 4249 Deus,
3050 4192 3095 4238 et
3119 4182 3278 4242 Pater
3295 4197 3484 4259 noster,

1889 4285 1935 4328 et
1965 4274 2218 4329 Dominus
2249 4283 2422 4328 noster
2449 4271 2604 4328 Iesus
2644 4274 2834 4345 dirigat
2866 4274 3000 4330 viam
3043 4286 3272 4334 nostram
3300 4282 3369 4336 ad
3400 4299 3487 4339 vos

1891 4367 1950 4440 (l
1980 4366 2161 4422 Thess.
2196 4382 2276 4432 ιιι,
2313 4366 2373 4420 11
2407 4365 2450 4436 ).
2489 4377 2510 4404 ο
2544 4365 2614 4421 Ει
2643 4365 2859 4422 Patrem
2894 4366 3163 4439 loquitur,
3193 4380 3247 4427 et
3295 4372 3486 4431 Filium

1893 4459 2130 4531 loquitur
2160 4476 2172 4514 :
2205 4457 2304 4515 sed
2335 4456 2513 4513 unitas
2540 4457 2856 4514 directionis
2879 4468 2993 4525 est;
3023 4462 3151 4532 quia
3183 4467 3359 4520 unitas
3393 4483 3488 4533 po-

1895 4552 2107 4609 lcSIatis
2137 4561 2241 4606 est.
2271 4550 2362 4607 Sic
2390 4561 2444 4607 et
2466 4549 2595 4606 alibi
2625 4550 2794 4607 habes
2819 4567 2832 4604 :
2884 4549 3009 4621 Ipse
3036 4561 3203 4608 autem
3233 4553 3489 4616 Dominus

174 4660 321 4714 riam
365 4673 535 4713 meam
559 4653 740 4729 (Joan.
778 4672 914 4726 xvn,
936 4655 1050 4726 24).
1083 4655 1191 4712 Sed
1223 4656 1313 4712 illa
1337 4655 1483 4711 verbi
1505 4655 1678 4726 gloria
1701 4669 1792 4709 ea-
1818 4633 1871 4693 Ῑ)
1897 4655 2071 4701 noster
2099 4643 2255 4699 Jesus
2287 4642 2545 4709 Christus,
2575 4641 2810 4710 etDeus,
2828 4653 2874 4698 et
2903 4643 3065 4700 Pater
3094 4657 3264 4702 noster
3287 4650 3376 4720 qui
3405 4652 3492 4707 di-

173 4752 312 4810 dem
341 4752 528 4806 Patris
553 4750 723 4821 gloria
754 4759 840 4806 est
867 4791 882 4814 ,
930 4750 1066 4806 sicut
1097 4750 1357 4820 scriptum
1388 4756 1510 4804 est:
1539 4747 1792 4803 Dominus

171 4844 349 4900 Jesus
377 4842 617 4904 Christus
638 4844 692 4898 in
719 4843 886 4916 gloria
907 4854 980 4898 est
1001 4841 1098 4898 Dei
1132 4840 1301 4896 Patris
1329 4839 1556 4914 (Philip.
1581 4855 1648 4906 tt,
1681 4840 1790 4909 11).

174 4938 260 4996 Ita
295 4938 478 5010 igitur
499 4935 795 4992 secundum
827 4935 1161 4991 divinitatem
1189 4934 1280 4989 Dei
1312 4931 1482 4988 Filius
1498 4945 1651 4988 suam
1677 4930 1795 5002 glo-

173 5080 304 5150 ipse
357 5091 560 5133 sensus
591 5084 752 5150 :Aiaut
795 5076 984 5150 saltem
1021 5088 1142 5150 cum
1188 5071 1256 5150 Μ.
1299 5072 1601 5150 mercatore
1637 5077 1798 5150 atque

173 5141 422 5214 Contio,
455 5162 591 5216 quos
620 5148 816 5205 ibidem
850 5149 1016 5204 refert
1051 5145 1320 5212 Baluzius,
1351 5141 1635 5214 legendum
1669 5141 1794 5205 erit,

175 5221 254 5276 Et
285 5221 639 5296 ip_sa_li_ttera,
673 5227 779 5296 etc.
818 5293 825 5296 _
1013 5291 1022 5296 Α
1299 5288 1309 5296 _

257 5304 285 5332 ιι
311 5283 678 5364 Epiphanius
709 5295 762 5347 in
795 5291 1055 5364 Anaceph.
1088 5289 1184 5364 lib.
1231 5288 1314 5343 sui
1345 5303 1414 5351 ιι.
1450 5285 1664 5364 scribit.
1697 5283 1798 5339 Sa-

176 5360 422 5423 belliatii
450 5360 568 5418 cum
600 5363 869 5418 Noetianis
913 5360 976 5417 in
1015 5361 1246 5415 omnibus
1272 5360 1641 5432 prapemodum
1679 5372 1796 5432 con-

175 5444 461 5509 sentiunt,
491 5437 592 5490 nisi
610 5439 745 5506 quod
772 5435 977 5490 Patrem
1004 5434 1185 5509 ipsum
1203 5427 1390 5509 negant
1424 5445 1651 5501 passum.
1683 5427 1796 5509 Qua

177 5505 654 5580 sententiaﬁquid
697 5509 866 5576 magis
905 5521 1027 5580 eum
1068 5505 1424 5580 Ambrosiana
1453 5514 1689 5580 pugnare
1720 5505 1797 5580 vi-

178 5587 403 5639 deatur
427 5580 452 5632 ?
480 5573 673 5632 Verum
698 5573 1013 5648 praeceptori
1043 5590 1141 5648 suo
1179 5573 1519 5648 Commodum
1551 5573 1800 5648 A_ug_nsti-

179 5668 295 5711 nus
324 5653 461 5705 tulit
492 5640 764 5722 suppetias
789 5691 806 5715 ,
836 5640 891 5705 is'
920 5647 1236 5722 enim‘Hmr.
1269 5647 1332 5722 41
1360 5645 1538 5722 citatis
1569 5640 1802 5722 Epipha-

179 5728 266 5783 nii
327 5713 634 5778 verbisita
687 5713 1010 5792 subiungit:
1063 5718 1332 5792 Quomodo
1375 5717 1438 5768 de
1459 5713 1802 5792 _Sabellianis

182 5795 442 5867 intelligi
474 5803 630 5867 potest
657 5785 811 5858 ;curn
833 5785 912 5867 sic
935 5785 1429 5867 innotuerintdicere
1450 5785 1660 5867 Patrem
1682 5801 1801 5853 pas-

185 5885 313 5932 sum
343 5909 360 5936 ,
381 5856 483 5918 ἀι’
517 5856 892 5938 Patripassiam'
913 5879 1065 5934 quam
1115 5859 1396 5916 Sabelliani
1423 5856 1647 5911 crebrius
1675 5871 1808 5907 nun-

1898 4741 2019 4795 leait
2055 4755 2148 4793 nos
2169 4779 2183 4804 ,
2217 4747 2264 4792 et
2292 4736 2435 4791 dedit
2476 4737 2878 4791 consolationem
2921 4746 3165 4794 retentam
3189 4781 3204 4807 ,
3258 4750 3307 4795 et
3349 4760 3493 4814 spem

1899 4834 2082 4889 bonum
2110 4833 2162 4886 in
2190 4832 2358 4904 gratia
2386 4845 2405 4896 ,'
2435 4831 2725 4885 consoletur
2755 4831 2914 4885 corda
2936 4840 3124 4899 uestra,
3151 4843 3198 4888 et
3225 4836 3494 4904 conﬁrmet

1904 4927 1989 4999 (ll
2023 4926 2202 4982 Thess.
2232 4941 2292 4991 ιι,
2338 4925 2432 4991 15,
2461 4924 2584 4995 16).
2641 4923 2906 4994 Quantam
2937 4926 3196 4983 unitatem
3233 4929 3494 4998 ostendit,

1900 5064 2188 5136 cupenlur?
2240 5059 2351 5117 Sed
2425 5059 2542 5116 haec
2607 5059 2748 5117 inter
2795 5074 2856 5115 se
2905 5059 3014 5116 alio
3066 5061 3186 5117 loco
3236 5061 3494 5120 concilia-

1900 5138 2120 5193 buntur.
2415 5155 2418 5158 '

1973 5207 2000 5245 ι)
2034 5206 2152 5261 Vet.
2183 5203 2342 5272 edit.,
2364 5205 2418 5258 in
2447 5203 2561 5275 ipsa
2583 5220 2785 5274 quoque
2810 5204 2985 5260 docuit
3012 5204 3271 5273 passione.
3317 5202 3491 5264 Filius

1901 5281 2034 5335 enim
2065 5279 2279 5346 patitur,
2328 5279 2382 5330 in
2423 5292 2603 5329 manus
2629 5275 2808 5330 Patris
2835 5276 3226 5346 commendatur
3253 5277 3488 5346 spiritus,

1901 5350 2040 5405 Deus
2060 5344 2256 5421 quoque
2309 5347 2469 5421 Pater
2508 5348 2734 5421 maxima
2764 5362 2924 5421 uoce;
2955 5346 3082 5421 Gill.
3108 5344 3291 5421 soliis,
3325 5344 3493 5403 int-la;

1905 5414 2096 5487 matur,
2125 5414 2274 5489 atque
2297 5428 2412 5489 post
2434 5420 2601 5486 ipsam
2628 5418 2806 5472 docuit
2827 5418 3135 5489 passionem.
3168 5414 3332 5471 Filius
3353 5423 3490 5476 enim

1904 5497 2119 5565 patitur,
2151 5487 2257 5565 eic.
2282 5487 2517 5546 Confnse
2545 5489 2979 5565 perturbateque.
3016 5487 3144 5565 biss.
3175 5495 3352 5565 autem
3393 5508 3492 5546 tm.

1904 5556 2113 5622 biscnm
2158 5563 2384 5628 faciunt,
2415 5556 2598 5630 paucis
2631 5571 2806 5613 tamen
2837 5556 3076 5630 exceptis
3121 5558 3210 5630 qni
3245 5561 3484 5630 ultimam

1906 5649 2114 5708 partem
2144 5635 2213 5690 ita
2236 5628 2495 5710 ederunt,
2520 5632 2749 5710 Spiritus
2774 5639 2980 5710 sanctus
3001 5628 3311 5710 infunditur.
3330 5629 3488 5691 Pater

1907 5700 2126 5780 quoque,
2150 5717 2284 5780 etc.,
2309 5703 2527 5780 omissis
2553 5700 2918 5780 vocibus-gum
2943 5700 3362 5780 interﬁciuntur:

1986 5769 2186 5834 c'Itldit.
2220 5769 2422 5831 ultima:
2446 5774 2643 5837 Paris.,
2667 5769 2737 5824 Et
2766 5769 2925 5824 Pater
2952 5769 3200 5840 loquitur,
3242 5783 3289 5830 et
3324 5775 3494 5840 Filius

1914 5852 2158 5922 loquitur.
2194 5847 2461 5916 Corrupto
2501 5858 2682 5898 sensu.
