4016 6292
581 331 688 387 δτι)

1917 319 2162 382 SANGTI
2202 312 2530 382 AMBROSII

3720 324 3801 380 5ἓῆ

581 455 638 497 ιιι
665 441 1066 499 consolationis
1085 442 1290 506 unitas,
1321 455 1428 496 non
1459 439 1742 514 pluralitas
1783 439 1886 496 sit!
1925 440 2178 498 Conticc-
2207 442 2262 504 Α
2285 441 2428 513 quod
2460 455 2568 498 non
2594 441 2770 498 solum
2795 439 3110 497 cicatricem
3133 438 3335 495 vetusti
3363 437 3588 495 vulneris
3609 450 3802 511 amputa-

581 545 698 592 scat
725 550 860 606 ergo
893 535 1144 606 perlidia,
1170 539 1264 588 aut
1291 535 1334 588 si
1368 533 1580 589 ratione
1612 547 1720 588 non
1765 533 2000 588 vincitur
2023 574 2039 600 ,
2068 549 2186 588 mo-

583 627 690 684 rali
718 629 1058 684 humanitate
1086 629 1351 682 ﬂectatur.

656 721 750 776 88.
779 720 1198 778 Consideremus
1220 735 1378 791 quam
1402 719 1685 775 moraliter
1707 721 1880 792 egerit
1899 719 2182 786 Dominus,

583 829 640 873 ut
685 835 790 875 nos
832 835 938 875 non
989 819 1163 874 solum
1199 817 1380 882 iidem,
1412 817 1508 873 sed
1537 819 1701 873 etiam
1731 831 1913 872 mores
1939 815 2182 870 doceret.

578 911 830 982 Namque
863 912 916 966 in
947 910 1116 968 forma
1143 911 1376 966 heminis
1404 913 1756 978 constitutus,
1789 910 2040 965 subditus
2071 916 2190 964 erat

580 1003 790 1076 Joscph
822 1015 875 1060 et
907 1004 1087 1060 Maria:
1115 1003 1266 1076 (Luc.
1301 1019 1360 1070 ιι,
1391 1002 1505 1074 51).
1557 1003 1826 1076 Numquid
1857 1017 1988 1074 ergo
2009 1003 2188 1056 minor

582 1107 641 1154 et
673 1098 986 1153 horninibus
1011 1140 1025 1166 ,
1059 1097 1182 1168 quia
1227 1096 1524 1151 subditus?
1559 1095 1722 1151 Aliud
1753 1096 1971 1170 pietatis
1995 1135 2012 1163 ,
2041 1093 2184 1150 aliud

579 1191 876 1261 petesmtis
897 1199 1018 1246 est:
1065 1191 1158 1246 sed
1191 1205 1296 1245 non
1347 1191 1669 1262 prmjudicat
1699 1191 1872 1262 pietas
1905 1190 2181 1261 potestati.

580 1284 639 1338 In
671 1301 780 1356 quo
819 1299 950 1354 ergo
991 1284 1124 1354 legis
1153 1283 1432 1340 subditum
1460 1283 1650 1340 Patri?
1675 1283 1731 1339 ln
1780 1298 2009 1354 corpore
2040 1281 2186 1338 scili-

575 1386 685 1448 cct,
713 1375 771 1432 in
801 1391 909 1448 quo
936 1385 1054 1432 erat
1077 1375 1328 1432 subditus
1357 1374 1538 1430 matri.

1223 1488 1453 1546 CAPUT
1499 1489 1590 1550 XI.

571 1604 833 1674 Proponit
859 1621 976 1660 cum
997 1605 1209 1663 Arionis
1231 1604 1527 1659 humaniter
1547 1619 1700 1676 agere
1727 1601 1922 1659 Christi
1943 1603 2184 1674 exemplo

641 1701 859 1755 uulnera
881 1699 1003 1754 vino
1029 1708 1080 1754 et
1100 1700 1213 1754 oleo
1240 1700 1476 1754 curantis
1492 1715 1511 1754 :
1542 1699 1612 1752 ad
1637 1699 1775 1770 quod
1795 1700 1994 1754 caeleste
2015 1699 2182 1754 medi-

648 1805 946 1850 camentum
995 1811 1172 1849 omnes
1220 1796 1484 1863 incitans,
1527 1811 1627 1866 quo
1657 1795 1876 1849 consilio
1902 1797 1947 1850 is
1973 1812 2180 1850 carnem

641 1884 896 1949 induerit,
921 1893 969 1938 et
987 1901 1088 1949 qua
1110 1885 1352 1950 utilitate,
1375 1885 1555 1940 tradit.
1587 1883 1724 1940 Hinc
1742 1886 1910 1955 aperit
1927 1895 2180 1956 quantum

645 1978 810 2049 prosit
857 1976 1015 2046 [idem
1070 1976 1297 2042 habere,
1361 1993 1460 2046 qua
1512 1975 1776 2033 Christum
1820 1988 2032 2050 propter
2087 1993 2183 2032 nos

643 2088 848 2132 omnem
873 2071 1230 2142 inﬁrmitatem
1259 2071 1552 2141 suscepisse
1581 2071 1942 2145 cognoscimus
1965 2113 1980 2135 .
2025 2072 2181 2142 cujus

643 2165 894 2224 divinitas
937 2165 989 2218 in
1030 2164 1272 2234 passione
1299 2147 1620 2234 erumpebat.
1651 2162 1737 2218 Ea:
1759 2164 1944 2228 quibus
1987 2163 2184 2218 intelli-

643 2272 764 2329 gere
797 2268 874 2312 est
910 2254 1011 2312 Dei
1051 2254 1255 2313 Filium
1303 2256 1414 2312 sine
1453 2256 1771 2328 subjectione
1813 2256 1923 2315 ulla
1959 2255 2178 2312 missum

645 2351 810 2421 fuisse
824 2365 843 2404 :
863 2365 955 2404 nec
971 2348 1302 2406 metuendum
1333 2364 1396 2404 ne
1423 2347 1551 2416 ﬁdes
1573 2345 1684 2402 hate
1705 2345 1976 2416 displiceat
2005 2345 2178 2416 Patri;

643 2445 836 2514 quippe
863 2443 952 2514 qui
989 2443 1042 2497 in
1072 2443 1182 2512 [ilio
1209 2440 1309 2496 sibi
1335 2441 1661 2512 complacere
1682 2441 1960 2514 significet.

639 2583 734 2640 89.
781 2585 1019 2654 Agamus
1064 2591 1120 2639 et
1146 2597 1246 2638 nos
1279 2581 1583 2649 moraliter,
1615 2581 2039 2652 persuadeamus
2061 2581 2176 2637 illis

567 2677 715 2748 quod
751 2675 853 2733 sibi
883 2675 1090 2747 prosit,
1141 2675 1496 2731 Obsecremus
1527 2683 1581 2729 et
1614 2674 1893 2745 ploremus
1918 2685 2043 2729 ante
2068 2674 2175 2728 Do-

567 2774 777 2828 minum
810 2772 900 2842 qui
929 2771 1056 2826 lecit
1084 2768 1378 2839 nos(Psal.
1407 2785 1552 2825 χειν.
1579 2769 1661 2840 6).
1681 2763 1810 2824 Non
1836 2769 1980 2824 enim
2008 2765 2175 2840 ωε

568 2869 796 2923 vincere
821 2865 1096 2932 volumus,
1123 2864 1220 2919 sed
1253 2878 1478 2919 sanare:
1511 2879 1618 2919 non
1646 2862 1909 2918 insidiose
1939 2861 2170 2934 agimus,

569 2959 667 3018 sed
721 2959 976 3032 religiose
1029 2973 1336 3018 monemus.
1395 2960 1551 3031 Swpe
1597 2957 1770 3015 ﬂectit
1824 2959 2169 3026 humanitas,

568 3071 707 3127 quos
734 3069 836 3110 nec
868 3055 1040 3109 virtus
1073 3055 1314 3126 potuerit
1339 3068 1600 3124 superare
1623 3095 1638 3120 ,
1689 3068 1790 3108 nec
1819 3054 1977 3108 ratio.
2013 3052 2174 3108 Deni-

2289 537 2384 605 vit,
2417 535 2514 593 sed
2541 537 2705 592 etiam
2741 549 2960 592 causam
2989 533 3264 606 passionis
3295 531 3500 588 incidit.
3525 531 3567 589 0
3587 533 3697 588 lides
3717 534 3805 589 tlte-

2288 629 2471 684 sauris
2502 628 2756 686 omnibus
2785 625 3135 698 opulentior!
3165 639 3198 680 ο
3233 625 3511 680 "itinerum
3538 635 3806 692 nostrorum,

2287 728 2746 794 peccatorumque
2770 719 3036 776 medicina
3067 716 3415 786 praestantior
3436 719 3449 772 !

2359 814 2448 870 93.
2485 812 2910 868 Consideremus
2945 812 3070 880 quia
3099 809 3262 864 nobis
3310 807 3527 880 prodest
3571 807 3692 862 bene
3721 821 3809 862 cre-

2289 905 2439 961 dere.
2465 906 2592 960 Mihi
2619 907 2767 961 enim
2792 905 3015 978 prodest
3047 905 3190 960 scire
3219 905 3346 972 quia
3381 911 3586 974 propter
3609 917 3682 957 me
3697 900 3812 956 Chri-

2286 1009 2402 1054 stus
2446 999 2689 1068 suscepit
2723 1013 2870 1053 meas
2913 996 3280 1061 ἰιιίὶιιηιὶιειιέ,
3315 997 3422 1052 mei
3449 995 3671 1066 corporis
3693 993 3813 1051 subiit

2287 1095 2573 1165 passiones
2601 1093 2775 1166 (Esai.
2805 1107 2918 1158 un,
2945 1091 3036 1163 4):
3065 1106 3165 1162 pzo
3194 1105 3280 1146 me
3311 1097 3609 1160 peccatum,
3633 1089 3719 1142 hoc
3735 1097 3810 1152 est,

2287 1202 2386 1260 pro
2419 1188 2565 1246 omni
2596 1188 2854 1254 homine,
2890 1203 2988 1258 pro
3027 1200 3116 1240 me
3153 1185 3498 1239 maledictum
3543 1183 3696 1237 tactus
3725 1191 3810 1245 est,

2286 1293 2390 1352 pro
2422 1295 2509 1336 me
2541 1291 2701 1352 atque
2743 1279 2796 1334 in
2837 1293 2926 1350 me
2953 1277 3202 1334 subditus
3249 1285 3412 1346 atque
3439 1275 3690 1345 subjectus
3710 1316 3722 1338 ,
3743 1288 3815 1342 pro

2287 1391 2373 1432 me
2398 1390 2589 1447 agnus,
2609 1391 2706 1446 pro
2727 1388 2815 1430 me
2842 1373 2993 1438 vitis,
3023 1387 3123 1444 pro
3147 1386 3235 1426 me
3255 1372 3416 1442 lapis,
3433 1385 3531 1440 pro
3555 1383 3635 1424 me
3653 1381 3814 1430 servus,

2288 1485 2385 1542 pro
2415 1485 2502 1525 me
2533 1469 2676 1524 lilins
2705 1467 2941 1532 ancillae,
2971 1481 3068 1536 pro
3097 1479 3193 1520 me
3207 1465 3356 1520 diem
3384 1462 3570 1534 iudicii
3597 1462 3813 1531 ignorans,

2288 1576 2386 1632 pro
2415 1561 2577 1616 nobis
2611 1560 2865 1615 nesciens
2896 1559 3040 1614 diem
3071 1568 3163 1612 aut
3195 1555 3489 1624 horam'tll
3511 1555 3622 1608 Cor.
3649 1550 3795 1619 v,2l).

2357 1655 2448 1709 9i.
2481 1652 2612 1707 Nam
2654 1650 2931 1723 quomodo
2971 1661 3156 1721 posset
3192 1649 3336 1704 diem
3359 1647 3574 1703 nescire
3596 1687 3610 1711 ,
3639 1643 3713 1713 qui
3734 1642 3818 1696 dies

2285 1745 2414 1801 fecit
2453 1754 2509 1800 et
2555 1744 2846 1814 tempora?
2890 1742 3178 1812 Quomodo
3209 1749 3394 1812 posset
3439 1739 3582 1793 diem
3623 1737 3818 1806 ignorare

2211 1839 2260 1902 B
2286 1837 2473 1910 iudicii
2495 1881 2510 1905 ,
2539 1839 2632 1909 qui
2662 1847 2718 1894 et
2747 1837 2939 1893 horam
2971 1835 3138 1891 futuri
3161 1835 3352 1905 judicii
3380 1833 3649 1904 expressit
3667 1840 3708 1886 et
3725 1844 3818 1884 cau-

2282 1946 2398 1987 sam
2423 1931 2446 1985 τ
2473 1931 2670 1986 Factus
2690 1945 2822 2000 ergo
2851 1929 3200 1985 maledictum
3227 1943 3336 1982 non
3367 1923 3654 1982 secundum
3675 1920 3820 1976 divini-

2284 2031 2471 2089 tatem,
2503 2022 2601 2081 sed
2622 2023 2920 2079 secundum
2951 2035 3202 2084 carnem;
3247 2017 3515 2089 scriptum
3563 2026 3642 2072 est
3677 2013 3817 2070 enim:

2279 2117 2308 2158 δ
2333 2118 2644 2174 Maledictum
2667 2119 2835 2174 omnia
2861 2118 2952 2190 qui
2967 2117 3156 2191 pendat
3177 2117 3230 2170 in
3255 2116 3396 2188 ligno
3417 2113 3600 2187 (Deut.
3615 2126 3712 2177 nt,
3733 2107 3816 2180 23).

2281 2210 2593 2268 Secundum
2625 2226 2844 2267 carnem
2878 2210 3064 2280 utique
3093 2207 3393 2280 pependit;
3417 2218 3476 2262 et
3505 2206 3624 2261 ideo
3648 2200 3822 2258 maledi-

2278 2313 2446 2368 ctum,
2474 2303 2564 2374 qui
2597 2313 2779 2359 nostra
2805 2301 3093 2359 maledicta
3121 2299 3384 2371 suscepit.
3419 2297 3519 2354 Ille
3535 2295 3688 2362 ﬂevit,
3713 2302 3819 2348 netu

2279 2396 2444 2451 homo
2499 2397 2593 2452 diu
2643 2395 2841 2452 ﬂeres:
2891 2395 2986 2452 ille
3043 2395 3274 2466 injurias
3315 2406 3522 2465 passus
3557 2397 3663 2456 est,
3697 2402 3752 2444 ne
3781 2395 3819 2440 tu

2278 2487 2533 2558 injuriam
2565 2499 2710 2543 tuatn
2737 2489 2976 2544 doleres.

2346 2581 2436 2638 95.
2456 2581 2675 2638 Grande
2693 2582 3018 2648 remedium,
3043 2581 3295 2637 solatium
3325 2579 3534 2638 lubere
3555 2581 3621 2636 de
3632 2577 3818 2636 Christo.

2275 2674 2373 2731 Ille
2411 2675 2558 2731 enim
2591 2690 2689 2746 pro
2717 2675 2876 2734 nobis
2921 2674 3036 2730 haec
3077 2675 3376 2746 patientius
3417 2676 3566 2740 tulit,
3597 2683 3649 2730 et
3677 2683 3820 2728 suum

2274 2770 2365 2840 qui
2387 2771 2658 2842 patienter
2681 2773 2802 2827 hac
2821 2784 2924 2846 pro
2945 2771 3095 2826 illius
3109 2773 3338 2826 nomine
3361 2771 3510 2828 ferre
3524 2767 3818 2842 nequeamus!

2274 2862 2407 2930 Quis
2449 2863 2724 2935 appetitus
2751 2879 2860 2920 non
2891 2863 3069 2920 discat
3093 2868 3381 2936 ignescere
3399 2905 3418 2933 ,
3452 2865 3664 2937 quando
3687 2874 3731 2918 et
3749 2871 3820 2932 pro

2276 2957 2722 3027 persecutoribus
2753 2955 2920 3030 ω
2947 2956 3062 3012 suis
3085 2957 3342 3013 Christus
3373 2960 3544 3014 etiam
3581 2957 3820 3013 cruciﬁxus

2272 3048 2504 3104 orabat?
2535 3047 2774 3104 Videsne
2795 3050 2916 3104 illas
2943 3058 3166 3134 quastu
3209 3057 3371 3120 putas
3396 3049 3606 3105 Ghristi
3645 3045 3820 3103 inlimi-

569 3162 676 3218 que
699 3147 964 3202 Dominus
987 3145 1142 3200 illum
1164 3145 1438 3200 hominem
1465 3144 1554 3215 qui
1579 3160 1646 3199 ex
1671 3142 1926 3199 Hiericho
1945 3144 2172 3199 descen-
2275 3149 2433 3210 tates,
2459 3153 2577 3198 tuas
2605 3157 2728 3199 esse
2755 3141 3028 3198 virtutes?
3055 3141 3167 3197 Cur
3194 3141 3263 3198 de
3301 3142 3565 3199 remediis
3587 3139 3764 3197 nostris
3783 3137 3819 3191 ei

571 3239 744 3306 deus,
791 3237 985 3293 incidit
1031 3237 1086 3291 in
1148 3237 1410 3301 latrones,
1440 3251 1600 3305 quem
1652 3250 1758 3291 non
1799 3234 2169 3306 asperioribus
2194 3223 2242 3290 (ἶ
2273 3237 2628 3308 quaestionem
2651 3237 2970 3294 movemus?
2998 3235 3278 3308 Lacryma:
3325 3237 3441 3292 illa:
3469 3247 3493 3278 ο
3527 3251 3623 3292 nos
3651 3235 3817 3294 lavant,

569 3333 730 3404 chis
777 3331 1211 3398 medicamentis,
1246 3345 1356 3384 non
1386 3328 1706 3400 prophetico
1736 3329 1916 3400 rigore
1944 3342 2167 3383 curat-e-

567 3434 674 3491 rat,
700 3425 824 3478 oleo
847 3423 1058 3478 curavit
1083 3430 1139 3477 et
1168 3423 1292 3476 vino
1322 3420 1480 3494 (an.
1517 3437 1568 3488 χ,
1592 3421 1662 3475 5t)
1691 3430 1738 3475 et
1767 3421 1920 3492 δρψ).

533 3591 538 3595 1
637 3518 730 3572 9t).
757 3517 987 3572 Veniant
1015 3531 1146 3587 ergo
1167 3515 1234 3569 ad
1263 3515 1407 3570 hunc
1423 3529 1614 3570 omnes
1635 3515 1727 3586 qui
1745 3515 1926 3568 sanari
1955 3515 2160 3578 volunt;

565 3609 840 3683 accipiant
865 3611 1342 3675 medicamentum,
1378 3610 1520 3678 quod
1549 3617 1605 3664 et
1626 3623 1656 3663 a
1687 3608 1847 3664 Patre
1873 3607 2088 3674 detulit,
2111 3618 2166 3662 et

568 3703 893 3776 praeparavit
923 3703 976 3758 in
1004 3703 1168 3768 etelo,
1191 3716 1259 3758 ex
1292 3702 1400 3756 illis
1426 3702 1734 3758 conlectum
1768 3701 2165 3756 immortalibus

565 3798 765 3854 succis.
797 3797 911 3852 lloc
942 3811 1009 3852 ex
1037 3807 1185 3852 terra
1214 3811 1320 3850 non
1352 3795 1607 3866 pullulat;
1641 3809 1840 3866 expers
1883 3796 2030 3868 enim
2078 3803 2164 3850 est

564 3895 746 3950 omnis
786 3901 978 3948 natura
1022 3891 1180 3962 hujus
1217 3889 1592 3946 confectionis.
1621 3889 1818 3946 Divino
1858 3891 2002 3945 enim
2031 3903 2164 3945 con-

564 3987 693 4042 silio
719 3987 962 4056 suscepit
987 3983 1128 4040 hanc
1153 3999 1399 4051 carnem,
1432 3992 1487 4038 ut
1508 3981 1822 4038 ostenderet
1845 3983 2020 4052 legem
2041 3997 2162 4036 car-

563 4081 650 4136 nis
683 4080 784 4152 legi
818 4094 942 4135 esse
970 4078 1242 4133 subditam
1278 4077 1502 4132 mentis.
1533 4075 1786 4146 Suscepit
1817 4089 2037 4130 carnem
2061 4115 2075 4140 ,
2103 4083 2162 4130 ut

561 4173 716 4243 quasi
757 4171 918 4226 homo
949 4169 1210 4236 vinceret,
1236 4169 1327 4239 qui
1355 4167 1608 4224 homines
1639 4166 1899 4222 erudiret.

633 4266 726 4320 9i.
761 4265 902 4334 Quid
927 4263 1060 4320 mihi
1108 4263 1416 4335 prodesset,
1442 4263 1658 4335 siquasi
1687 4263 1825 4317 Deus
1846 4271 2028 4317 exerta
2063 4277 2161 4332 po-

567 4369 764 4417 testate
802 4361 1138 4416 divinitatem
1171 4376 1322 4416 suam
1369 4358 1746 4415 tantummodo
1789 4357 2157 4416 inviolabilem

563 4453 1033 4508 demonstrasset?
1063 4451 1172 4508 Aut
1205 4467 1304 4508 cur
1333 4453 1634 4520 susciperet
1675 4466 1930 4518 carnem,
1962 4451 2067 4506 nisi
2100 4457 2160 4506 ot

2269 3329 2429 3386 ﬂetus
2467 3330 2549 3385 illi
2594 3345 2696 3386 nos
2723 3330 2956 3386 abluunt
2976 3370 2992 3398 ,
3021 3345 3085 3386 ac
3111 3329 3380 3387 dubitatio
3410 3331 3508 3385 Illa
3539 3343 3637 3386 nos
3657 3327 3820 3389 ﬁrmat:

2270 3437 2339 3478 ne
2367 3431 2425 3478 tu
2453 3423 2499 3482 si
2527 3424 2764 3494 caperis
2801 3423 3052 3480 dubitare
3078 3465 3092 3491 ,
3123 3423 3411 3494 desperes.
3451 3421 3669 3490 Quanto
3690 3419 3822 3488 main!

2266 3525 2351 3573 est
2384 3515 2604 3586 injuria,
2633 3526 2789 3572 tanto
2815 3516 3044 3571 uberior
3069 3515 3303 3571 debetur
3327 3517 3529 3586 gratia.

2337 3610 2429 3666 96.
2465 3611 2572 3668 Sed
2615 3613 2669 3665 in
2701 3611 2835 3681 ipsis
2863 3611 3078 3680 injuriis
3103 3624 3374 3680 cognosce
3412 3609 3754 3666 divinitatem.
3777 3604 3818 3658 in

2265 3719 2428 3761 cruce
2471 3703 2763 3775 pendebat,
2795 3714 2846 3759 et
2895 3704 3165 3758 elementa
3219 3703 3269 3760 ei
3317 3705 3503 3759 omnia
3537 3701 3818 3759 serviebant.

2261 3797 2352 3854 Sol
2383 3794 2597 3869 refugit,
2621 3797 2740 3854 dies
2770 3797 2990 3863 occidit,
3025 3797 3217 3857 onusto
3259 3808 3312 3854 et
3343 3798 3688 3854 circumfusa:
3707 3807 3821 3850 tene-

2263 3891 2398 3959 brte,
2425 3900 2569 3948 terra
2581 3891 2830 3946 tremuit:
2855 3907 2962 3946 non
2985 3889 3209 3947 tremuit
3237 3891 3330 3962 qui
3353 3892 3618 3962 pependit
3637 3885 3809 3964 (Matti-

2266 4001 2438 4054 xxrtt,
2471 3982 2588 4056 lii).
2610 3983 2752 4052 Quid
2777 3984 2922 4040 aliud
2951 3984 3088 4054 hac,
3122 4001 3284 4055 quam
3315 3986 3577 4042 Auctoris
3615 3994 3820 4040 reserat-

2264 4079 2391 4132 tiam
2413 4078 2632 4148 signant
2655 4077 2834 4144 iouia
2853 4077 2911 4133 in
2940 4093 3104 4134 cruce
3125 4087 3231 4145 est,
3261 4078 3416 4136 vides
3439 4096 3456 4132 :
3483 4079 3611 4150 quia
3641 4084 3820 4146 regnata

2263 4173 2360 4228 Dei
2385 4172 2575 4240 donat,
2610 4188 2719 4228 non
2741 4172 2919 4229 vides.
2957 4172 3096 4240 Quia
3123 4182 3359 4230 mortem
3393 4174 3661 4244 gustavit,
3688 4167 3816 4238 legis:

2259 4268 2382 4338 quia
2427 4267 2694 4323 latronem
2718 4282 2938 4338 quoque
2979 4265 3045 4320 ad
3083 4249 3669 4337 paradisum'invitavit
3693 4261 3818 4334 (Lac.

2260 4376 2415 4428 χχιιι,
2442 4359 2560 4432 45),
2589 4377 2699 4432 non
2728 4361 2886 4432 legis.
2917 4361 3175 4418 Mulieres
3205 4360 3406 4418 ﬂentes
3433 4364 3659 4418 intueris
3683 4357 3738 4412 ad
3764 4361 3820 4407 tn-

2259 4453 2487 4517 mulum,
2521 4468 2629 4509 non
2669 4453 2896 4510 intueris
2921 4455 3147 4526 angelos
3173 4455 3512 4510 excubantes
3549 4453 3722 4527 (loca.
3749 4463 3816 4512 ιιι

562 4549 762 4602 tentari
785 4561 844 4601 se
867 4557 1073 4600 natum
1115 4553 1277 4617 atque
1307 4543 1638 4600 inﬁrmitatis
1671 4559 1808 4599 mere
1842 4543 2156 4600 conditione
2199 4617 2205 4618 ί
2245 4544 2372 4612 ⁷η).
2403 4543 2542 4613 Quid
2571 4545 2775 4600 dixerit
2803 4545 2962 4618 legis,
2993 4546 3122 4617 quid
3151 4547 3386 4618 gesserit
3407 4563 3520 4604 non
3541 4547 3689 4617 legis.
3711 4540 3818 4598 Dicit

498 4625 512 4639 ’
562 4639 878 4709 pateretur?
897 4637 1120 4693 Tentari
1153 4637 1366 4704 debuit,
1404 4636 1647 4707 cornpoti
1676 4635 1807 4690 mihi
1847 4635 2066 4701 debuit;
2095 4644 2156 4691 ut
2182 4617 2236 4678 Β
2259 4635 2585 4692 (ibam-tuam
2609 4638 2824 4694 mulieri
2856 4638 3064 4694 dixisse
3091 4617 3416 4697 Duminutn:
3451 4639 3574 4700 Non
3593 4655 3699 4694 sum
3723 4635 3818 4689 alie

559 4735 756 4788 scirem
788 4732 1242 4803 quemadmodum
1276 4739 1514 4787 tentatus
1561 4733 1836 4786 vincerem
1861 4770 1875 4793 ,
1907 4744 2183 4798 «τοιιιιιιιε-⁸

558 4839 650 4881 sus
677 4825 986 4881 evaderem.
1017 4824 1156 4879 Vicit
1185 4839 1284 4894 per
1311 4823 1726 4890 continentiam,
1754 4821 1881 4878 vicit
1907 4838 2002 4892 per
2023 4837 2156 4876 con-

558 4930 826 4992 temptum
856 4919 1189 4984 divitiarum,
1221 4918 1352 4974 vicit
1381 4934 1478 4989 per
1507 4917 1668 4972 ﬁdem
1693 4933 1706 4970 :
1737 4915 1966 4972 calcavit
1988 4917 2159 4973 ambi-

555 5013 784 5084 tionem,
815 5011 1023 5086 fugavit
1067 5009 1584 5084 intemperantiam,
1635 5019 1663 5048 ι
1691 5009 1969 5082 lasciviam
2013 5009 2156 5066 relc—

550 5107 716 5180 gavit.

624 5200 714 5255 92.
738 5201 850 5257 Hoc
871 5199 1332 5262 medicamentum
1369 5197 1564 5272 Petrus
1588 5197 1745 5266 vidit,
1777 5207 1832 5254 et
1861 5198 1994 5254 retia
2026 5212 2146 5264 sua,

549 5292 913 5354 instrumenta
948 5293 1203 5350 videlicet
1229 5300 1466 5364 quaestus
1489 5299 1544 5346 et
1571 5290 1811 5349 subsidia
1837 5289 2146 5365 dereliquit,

550 5385 872 5442 renuntiatis
889 5386 1070 5441 carnis
1089 5381 1546 5450 concupisuntitc
1569 5391 1848 5452 tatuquam
1877 5389 2150 5451 corrupta:

551 5480 697 5545 navi,
724 5481 780 5534 in
809 5495 970 5551 quam
1011 5481 1164 5551 quasi
1193 5479 1408 5536 sentina
1449 5477 1694 5548 quaedam
1741 5477 2035 5532 multarum
2069 5478 2150 5532 in-

550 5573 792 5642 greditur
819 5575 1150 5648 passionum.
1195 5575 1445 5645 Magnum
1477 5587 1610 5644 ergo
1655 5573 2141 5657 medicamentum,

554 5731 803 5872 “92:61:53.
837 5735 1059 5804 aliquot,
1079 5733 1345 5799 lasciviant
1371 5733 1644 5808 religavit;
1669 5730 1918 5791 nonnulli
1939 5729 2130 5798 etiam,

621 5871 648 5910 ι’
679 5873 929 5944 Plerique
956 5890 1121 5945 mss.,
1153 5874 1463 5932 Haledictus
1493 5880 1643 5934 homo
1669 5878 1776 5949 qui,
1811 5884 1918 5933 etc.

2261 4745 2351 4782 sus
2369 4729 2471 4784 nisi
2499 4729 2570 4783 ad
2601 4746 2720 4785 oues
2757 4747 2873 4800 qua:
2901 4733 3168 4800 perierunt
3191 4733 3378 4787 damus
3407 4731 3578 4794 Israel
3619 4731 3640 4804 (
3664 4725 3814 4784 leui.

2264 4837 2360 4886 av,
2383 4820 2500 4893 ‘24):
2533 4836 2644 4878 non
2681 4821 2842 4891 dicis,
2867 4824 3126 4895 quoniam
3158 4823 3212 4881 id
3248 4825 3397 4897 quod
3433 4825 3503 4882 ab
3533 4840 3600 4884 ea
3636 4829 3816 4894 malli

2259 4924 2368 4980 est,
2397 4913 2542 4970 fecit.

2329 5007 2418 5063 97.
2454 5006 2605 5065 Unde
2635 5007 2942 5082 intelligere
2974 5017 3027 5065 te
3053 5012 3330 5083 convenit,
3361 5012 3488 5088 quia
3517 5011 3707 5068 missus
3730 5019 3812 5061 non

2257 5102 2312 5163 id
2339 5104 2610 5175 signiﬁcat
2629 5145 2646 5176 ,
2673 5105 2818 5176 quod
2863 5105 3044 5172 alicno
3067 5107 3146 5166 sit
3185 5117 3411 5172 coactus
3442 5106 3700 5178 imperio,
3738 5097 3815 5161 sed

2257 5198 2401 5268 quod
2433 5197 2743 5254 voluntario
2765 5199 2982 5256 functus
3011 5201 3082 5255 sit
3117 5201 3424 5257 arbitratu:
3453 5200 3688 5270 alioquin
3711 5209 3816 5250 coa-

2255 5299 2518 5362 temptum
2547 5291 2790 5364 Ostendis
2813 5291 3008 5346 Patris.
3045 5292 3102 5347 Si
3149 5293 3320 5361 enim,
3351 5304 3410 5349 ut
3441 5304 3498 5348 tu
3525 5294 3816 5360 interpreta-

2253 5386 2350 5454 ris,
2384 5394 2735 5456 paternorum
2765 5385 3002 5447 famulus
3027 5396 3430 5461 prazceptorqm
3467 5385 3711 5452 Christus
3740 5394 3814 5440 γε·

2253 5490 2408 5536 uerat
2433 5482 2489 5536 in
2515 5479 2786 5548 indutam,
2815 5490 2879 5535 ut
2905 5481 3038 5537 solis
3055 5481 3174 5552 eius
3201 5481 3396 5538 incolis
3423 5479 3754 5540 mederetur.
3771 5479 3816 5527 αι

2251 5573 2571 5646 Chanautea:
2601 5574 2752 5646 prius
2777 5574 2942 5646 tiliam
2972 5616 2986 5642 ,
3015 5584 3072 5630 ut
3103 5573 3332 5644 legimus
3354 5615 3370 5644 ,
3415 5571 3686 5632 liberavit;
3724 5579 3811 5621 non

2320 5746 2339 5773 ο
2367 5733 2619 5814 Nonnulli
2647 5751 2804 5805 mss.,
2846 5753 2940 5810 nos
2977 5735 3229 5810 litteram;
3277 5735 3592 5814 culminum:
3617 5729 3740 5802 alii.
3767 5733 3813 5794 ξι

2250 5805 2407 5875 cdtt.,
2438 5825 2534 5870 nos
2555 5810 2749 5871 lavant.
