4016 6292
171 324 261 390 εει

170 450 344 521 utique
391 449 561 505 alieni
610 450 709 505 fuit
737 459 1025 507 exsecutor
1058 451 1297 522 imperii,
1325 448 1421 505 sed
1468 447 1759 503 voluntarii
1795 448 1837 508 Α

172 542 296 601 liber
322 541 559 601 arbitrii.
584 542 685 599 Ubi
711 553 893 600 autem
921 545 1145 601 libertas
1169 543 1488 612 voluntatis,
1514 543 1591 599 ibi
1614 542 1760 598 nulla

176 635 547 705 prmraricatin
579 637 879 699 missionis.

237 727 325 785 98.
376 727 488 784 Nec
523 744 748 785 vereare
791 746 860 787 ne
886 729 1174 801 displiceat
1213 729 1392 796 Patri,
1449 728 1598 802 quod
1637 729 1764 785 iecit

172 820 211 877 Ρ
215 820 362 885 ilius;
385 836 510 876 eunt
544 822 662 891 ipse
690 822 877 877 dicat:
908 823 1258 891 Quaecumque
1294 823 1491 892 placita
1538 831 1657 877 sunt
1696 823 1765 887 ei,

174 914 302 984 facio
329 929 531 981 semper
553 912 733 986 (Joau.
761 931 875 981 vut,
901 915 1033 985 ‘29);
1064 924 1121 970 et
1140 915 1298 971 alibi:
1329 914 1507 987 Opera
1539 930 1655 985 quis
1675 929 1769 987 ego

173 1008 333 1079 facio,
363 1008 473 1078 ipse
502 1009 630 1080 facit
658 1007 843 1075 (Joan.
872 1025 986 1077 xxv,
1018 1009 1130 1081 ιιι).
1160 1008 1447 1077 Quomodo
1474 1024 1606 1079 ergo
1624 1010 1772 1065 Patri

173 1099 339 1170 potuit
367 1098 685 1169 displicere,
730 1102 875 1172 quod
918 1103 1036 1173 ipse
1067 1103 1195 1159 fecit
1221 1118 1321 1173 per
1350 1102 1590 1157 Filiam?
1619 1101 1772 1160 Unus

172 1194 310 1246 enim
336 1191 500 1258 Dens,
530 1193 674 1248 sicut
701 1193 960 1263 scriptum
992 1201 1094 1256 ut.
1122 1194 1531 1267 qaijnstiﬁeaait
1551 1194 1773 1249 cireum-

172 1283 416 1341 cisionem
439 1300 502 1339 ea:
517 1283 641 1353 ﬁde,
664 1294 713 1339 et
729 1287 1038 1355 praeputium
1062 1302 1154 1355 per
1165 1286 1323 1356 ﬁdem
1345 1284 1527 1359 (Rom.
1560 1301 1638 1352 ιιι,
1659 1284 1772 1357 56).

240 1378 330 1434 99.
370 1378 563 1433 Omnia
614 1378 734 1448 lege
758 1419 772 1443 ,
794 1380 974 1435 omnia
1005 1379 1299 1450 diligenter
1331 1379 1588 1443 adverte;
1624 1379 1775 1433 inve-

173 1471 289 1528 nies
313 1470 399 1527 sic
448 1471 863 1529 demonstrasse
888 1487 949 1527 se
973 1472 1260 1528 Christum
1280 1514 1297 1539 ,
1335 1481 1392 1528 ut
1423 1472 1569 1529 Deus
1596 1473 1648 1526 in
1678 1472 1779 1528 ho-

173 1564 317 1621 mine
363 1573 729 1622 cerneretur:
775 1579 878 1621 nec
926 1566 1198 1623 malitiose
1245 1567 1486 1638 accipias
1516 1566 1589 1623 de
1620 1566 1780 1622 Patre

175 1657 368 1713 Filium
393 1658 718 1728 gloriantem
745 1697 761 1725 ,
789 1673 916 1715 cum
937 1658 1128 1716 audias
1156 1660 1376 1717 Patrem
1398 1662 1452 1716 in
1476 1659 1614 1717 Filio
1628 1674 1782 1716 com-

173 1752 480 1823 planentcm
508 1748 726 1823 (illum.
757 1767 888 1818 sint,
910 1753 990 1823 5).

786 1866 1019 1924 CAPUT
1047 1869 1162 1925 XII.

174 1982 442 2039 Christum
468 1983 522 2035 in
550 1998 766 2053 persona
796 1983 997 2059 judicis
1018 1984 1395 2041 consideratam
1442 1984 1697 2043 Catholici
1714 2001 1782 2039 an

247 2076 435 2132 Ariani
490 2076 669 2130 melius
709 2076 807 2131 sibi
833 2076 1145 2145 concilient,
1196 2078 1497 2148 inquiritur.
1545 2078 1786 2151 Objectio

247 2182 467 2245 propter
509 2172 701 2239 iudicis
748 2174 1028 2227 sessionem
1072 2190 1131 2229 ac
1183 2171 1361 2227 Patris
1407 2188 1555 2231 voces
1607 2182 1789 2231 exorta

249 2265 599 2341 dissolvitur;
645 2265 1125 2337 demonstraturque
1167 2266 1365 2320 nullam
1408 2267 1461 2319 in
1503 2263 1647 2319 Filio
1696 2280 1787 2320 nec

247 2358 626 2431 sabjectionem
655 2358 962 2430 signiﬁcari,
995 2358 1134 2428 quod
1156 2358 1329 2413 sedeat
1358 2374 1389 2411 α
1418 2356 1578 2412 Patre
1607 2357 1790 2413 invita-

251 2462 334 2506 tus
351 2469 371 2507 .'
399 2468 494 2506 nec
527 2453 906 2523 praelationem,
930 2453 1070 2524 quod
1090 2454 1157 2506 ad
1179 2454 1290 2524 ejus
1321 2452 1559 2507 dextram
1590 2452 1785 2517 sedeat.

251 2541 494 2615 Denique
530 2559 593 2598 ea:
635 2543 882 2615 Angelico
921 2543 1162 2618 Trisagio
1201 2561 1539 2617 personarum
1583 2545 1635 2597 in
1681 2542 1791 2598 Deo

249 2635 599 2705 Trinitatem,
629 2654 689 2691 ac
711 2638 868 2693 simul
897 2639 1148 2694 unitatem
1169 2650 1370 2696 natura:
1396 2639 1682 2711 signiﬁcari
1704 2638 1794 2694 de-

253 2730 519 2785 claratur.

258 2864 390 2920 100.
424 2865 533 2920 Sed
565 2865 611 2923 si
641 2867 938 2933 mpsalibus
969 2866 1116 2927 ﬂecti
1140 2883 1247 2927 non
1278 2878 1507 2940 queunt,
1536 2884 1797 2939 provoce-

177 2974 309 3017 mus
344 2959 422 3015 ad
460 2960 725 3029 judicem.
754 2960 839 3016 Ad
869 2976 1029 3032 quem
1068 2962 1287 3021 tandem
1318 2962 1565 3019 ibimus?
1593 2962 1799 3032 Nempe

182 3052 253 3107 ad
290 3067 427 3111 eum
469 3053 560 3123 qui
598 3051 863 3123 judicium
888 3054 1076 3117 habet.
1127 3055 1398 3126 Numquid
1440 3056 1505 3112 ad
1536 3055 1802 3111 Patrem?

180 3144 296 3203 Sed
331 3145 502 3200 Pater
533 3161 635 3201 non
652 3149 860 3220 judico:
904 3165 1252 3221 quemquam;
1298 3167 1450 3207 omne
1484 3151 1631 3206 enim
1656 3151 1804 3224 juﬁ-

1524 327 1617 386 οε
1656 318 1815 385 FIDE
1854 320 1985 381 LIB.
2028 314 2095 378 ll.

3354 324 3461 379 διαὶ

1869 458 1975 499 non
2004 442 2135 498 dicit
2176 442 2355 509 Pater,
2385 450 2441 497 et
2482 439 2725 512 przrdicit
2770 439 2939 495 Filius
2966 458 2978 493 :
3010 440 3209 495 Antodo
3233 441 3467 496 uidebitis

1868 536 2066 592 Filium
2097 536 2321 591 hominis
2348 537 2603 590 sedentem
2639 534 2708 589 ad
2736 532 3001 589 dexteram
3024 534 3224 588 uirtutis
3245 534 3461 606 (Matth.

1868 646 2018 696 xm,
2052 630 2180 702 64).
2226 629 2297 685 Et
2326 628 2431 685 hoc
2469 629 2537 685 de
2578 629 2961 699 assumptione
3008 629 3254 697 corporis
3295 627 3464 694 dicit;

1870 726 1996 781 huic
2022 726 2192 781 dicit:
2238 723 2373 781 Sede
2409 724 2477 779 ad
2507 724 2768 778 dexteram
2798 740 2965 777 meum
2998 722 3015 795 (
3045 721 3190 777 Psal.
3229 738 3338 787 (ιιι,
3375 724 3396 776 l
3424 720 3469 795 ).

1869 819 2005 879 Nam
2035 821 2078 876 si
2107 819 2176 875 de
2219 828 2420 875 :rterna
2454 818 2585 875 sede
2630 817 2926 872 divinitatis
2953 817 3200 888 inquiris,
3234 817 3474 871 interro-

1871 924 2028 985 gatus
2075 930 2107 971 a
2151 914 2327 971 Pilato
2354 916 2399 969 si
2430 915 2544 985 ipse
2565 924 2710 970 esset
2743 927 2842 967 rex
2888 910 3225 975 Judzeorum,
3254 910 3359 964 ait:
3407 908 3472 964 In

1875 1009 1972 1065 hoc
1998 1023 2115 1065 sunt
2142 1016 2296 1064 natas
2321 1005 2502 1079 (Jun.
2545 1022 2696 1072 xvm,
2738 1004 2855 1078 37).
2881 1002 3038 1059 Unde
3076 1012 3135 1059 et
3174 1003 3474 1075 Apostolus

1873 1109 2063 1159 monet
2087 1102 2191 1157 hnc
2216 1113 2341 1157 esse
2371 1099 2532 1156 nobis
2554 1099 2708 1166 utile,
2728 1098 2773 1153 si
2799 1096 3079 1152 Christum
3104 1110 3211 1151 non
3237 1110 3303 1150 ex
3335 1109 3473 1165 prae-

1873 1204 2057 1267 cepto,
2088 1208 2267 1263 neque
2287 1207 2355 1251 ex
2380 1194 2578 1265 gratia,
2606 1190 2704 1247 sed
2745 1189 2899 1260 quasi
2941 1187 3355 1244 dilectissimum
3385 1186 3475 1243 Fi-

1878 1288 2011 1343 lium
2040 1287 2109 1345 ad
2148 1286 2434 1343 dexteram
2469 1284 2563 1340 Dei
2592 1283 2790 1340 sedere
2832 1281 3139 1337 credamus.
3197 1280 3288 1335 Sic
3326 1280 3475 1336 enim

1881 1382 2081 1436 habes:
2116 1380 2249 1446 ρυω
2274 1395 2481 1434 sursum
2503 1388 2644 1443 sunt,
2684 1378 2920 1449 quttrite,
2946 1376 3033 1430 ubi
3054 1375 3288 1432 Christus
3309 1387 3384 1430 est
3412 1376 3479 1429 ad

1880 1473 2146 1527 dexteram
2170 1470 2264 1526 Dei
2288 1472 2470 1526 sedens
2486 1487 2505 1526 :
2528 1486 2644 1542 qua
2669 1485 2875 1524 sursum
2894 1478 3036 1535 sunt,
3062 1469 3228 1536 sapite
3253 1469 3477 1540 (Coloss.

1880 1583 1962 1632 tn,
1994 1569 2049 1636 Ι,
2077 1566 2158 1639 2).
2210 1566 2325 1622 Hoc
2356 1574 2442 1622 est
2484 1566 2630 1621 enim
2654 1565 2936 1636 superiora
2978 1579 3171 1633 sapere
3194 1606 3207 1629 ,
3257 1564 3481 1621 credere

1881 1661 2005 1730 quia
2028 1658 2277 1715 Christus
2298 1668 2357 1714 ιιι
2386 1658 2596 1724 sedeat,
2628 1674 2736 1714 non
2759 1657 2914 1733 quasi
2927 1656 3114 1728 jussus
3140 1657 3482 1728 obsequitur,

1882 1754 1978 1810 sed
2007 1754 2159 1826 quasi
2183 1752 2757 1809 Filiusditectissimus
2788 1750 3109 1807 honoratur.
3137 1749 3368 1820 Propter
3398 1765 3485 1805 ra-

1808 1846 1857 1909 Β
1884 1849 2087 1904 tionem
2130 1864 2262 1919 ergo
2288 1848 2535 1920 corporis
2560 1846 2726 1903 dicit:
2757 1845 2894 1900 Sede
2916 1844 2984 1897 ad
3015 1844 3281 1898 dexteram
3297 1860 3484 1910 nteant,

1886 1944 2047 1997 donec
2074 1958 2262 2014 ponam
2316 1941 2555 1996 inimicos
2601 1950 2715 1994 tuos
2747 1936 3028 1993 ttubellum
3065 1935 3255 2007 pedum
3283 1946 3484 1991 tuorum

1888 2034 2059 2106 (Psal.
2091 2050 2203 2100 etx,
2230 2036 2307 2099 i).

1960 2128 2086 2186 164.
2119 2129 2275 2198 Quod
2307 2130 2351 2183 si
2384 2139 2438 2185 et
2478 2128 2584 2184 hoc
2612 2126 2680 2183 ad
2727 2127 3057 2183 calumniam
3105 2126 3274 2181 trahis
3300 2168 3314 2192 ,
3365 2124 3491 2196 quia

1890 2221 2244 2279 Paterdixit:
2282 2219 2485 2275 Panum
2515 2219 2925 2283 inimicoststos;
2956 2219 3119 2273 etiam
3145 2217 3306 2273 Pater
3327 2216 3496 2272 trahit

1891 2315 1957 2370 ad
1984 2313 2207 2379 Filium,
2234 2327 2373 2384 quos
2398 2312 2570 2368 Filius
2590 2312 2821 2367 suscitet
2851 2323 3017 2381 atque
3036 2310 3295 2366 viviﬁcet:
3324 2308 3493 2365 Nemo

1894 2408 2051 2472 enim,
2080 2406 2274 2477 inquit,
2312 2414 2478 2476 potest
2500 2405 2675 2459 venire
2702 2404 2771 2458 ad
2800 2420 2899 2468 me,
2931 2404 3033 2458 nisi
3063 2402 3222 2457 Pater
3242 2403 3329 2476 qui
3356 2403 3497 2473 misit

1895 2517 1998 2568 me,
2024 2501 2301 2555 attraxerit
2341 2516 2456 2555 eum
2480 2516 2498 2554 :
2523 2507 2574 2554 et
2601 2514 2695 2572 ego
2737 2499 3054 2554 resuscitabo
3092 2513 3209 2552 eum
3246 2498 3300 2552 in
3330 2501 3501 2553 novis-

1897 2596 2028 2649 simo
2051 2594 2137 2649 die
2163 2592 2347 2671 (Idan.
2376 2608 2453 2657 ιη,
2481 2592 2598 2663 Ui).
2629 2591 2694 2646 Et
2724 2600 2781 2646 tu
2810 2590 3004 2647 Filium
3032 2591 3128 2646 Dei
3158 2606 3252 2659 pro
3281 2589 3504 2645 inﬁrmi-

1900 2697 2013 2743 tate
2035 2686 2175 2742 dicis
2203 2700 2326 2742 esse
2354 2684 2663 2756 subjectum
2684 2726 2699 2753 ,
2731 2686 2815 2738 cui
2854 2683 3019 2739 Pater
3069 2682 3292 2739 attrahit
3320 2725 3333 2748 ,
3363 2698 3502 2747 quos

1898 2779 1991 2834 ille
2020 2780 2071 2834 in
2098 2778 2400 2833 novissimo
2427 2776 2516 2832 die
2556 2776 2819 2832 suscitet?
2866 2775 3124 2831 Hmccine
3152 2774 3247 2829 tibi
3289 2773 3505 2829 videtur

1903 2887 2024 2928 esse
2054 2871 2344 2943 subjectio,
2378 2871 2431 2925 in
2465 2885 2570 2941 qua
2625 2884 2851 2940 regnum
2896 2868 3047 2923 Patri
3089 2879 3311 2939 paratur
3336 2910 3353 2941 ,
3380 2881 3504 2922 cum

1906 2964 2072 3019 Pater
2097 2964 2163 3019 sd
2197 2962 2395 3018 Filium
2440 2961 2653 3028 trahat,
2684 2971 2740 3017 et
2765 2960 3052 3016 calumnia:
3078 2960 3226 3015 locus
3263 2975 3370 3014 non
3413 2960 3507 3025 sit,

1906 3074 2030 3114 cum
2054 3058 2201 3114 Patri
2230 3072 2457 3129 regnum
2492 3056 2661 3112 Filius
2702 3055 2912 3120 tradat,
2944 3053 2973 3093 δ
3002 3068 3103 3110 nec
3133 3053 3336 3124 aliquid
3371 3068 3509 3122 prae-

1910 3152 2161 3207 leratur‘i
2198 3150 2327 3206 llu-e
2374 3150 2521 3206 enim
2552 3148 2877 3204 documenta
2906 3146 3125 3219 pietatis
3176 3155 3333 3210 sunt,
3368 3143 3514 3217 quod

181 3239 334 3291 cium
386 3238 530 3292 dedit
592 3238 734 3294 Filio
781 3240 963 3313 (Joan.
990 3258 1043 3307 ιι,
1086 3242 1203 3314 ii).
1246 3242 1408 3299 Dedit
1435 3244 1619 3314 utique
1642 3259 1807 3314 geno-
1834 3241 1880 3304 C
1912 3254 1967 3301 et
1992 3244 2156 3299 Pater
2188 3242 2354 3307 Filio,
2386 3250 2443 3297 et
2484 3240 2656 3295 Filius
2677 3238 2825 3295 Patri
2868 3239 3079 3304 tradat;
3112 3238 3183 3293 ita
3222 3239 3365 3292 enim
3409 3236 3517 3292 sibi

181 3333 403 3397 rando,
432 3349 536 3391 non
574 3334 876 3406 largiendo.
941 3336 1073 3393 Vide
1103 3352 1264 3405 quain
1306 3347 1359 3393 te
1396 3336 1641 3397 uoluerit
1669 3336 1811 3393 Filio

179 3439 295 3485 suo
325 3423 619 3498 derogare.
656 3436 715 3484 ut
744 3426 843 3483 tibi
868 3428 1048 3497 ipsum
1078 3428 1317 3498 iudicem
1346 3429 1520 3485 daret.

254 3516 446 3593 ω
478 3518 595 3575 lOt.
624 3518 916 3577 Videamus
946 3536 1078 3592 ergo
1103 3532 1230 3581 ante
1258 3522 1813 3593 jttdiciumqoiscan-

176 3629 306 3671 sum
344 3614 641 3673 meliorem
671 3616 899 3682 habeat;
936 3632 1062 3687 ego,
1093 3633 1160 3673 an
1188 3626 1262 3675 ιιι.
1294 3616 1503 3688 Nempe
1532 3617 1815 3688 prudentis

175 3708 407 3766 ueteris
441 3717 529 3765 est
556 3708 709 3779 prius
751 3711 1048 3765 conciliare
1078 3708 1183 3768 sibi
1208 3709 1473 3779 iudicem.
1522 3709 1816 3766 Hominem

174 3802 474 3867 honores,
516 3809 541 3837 ⁸
574 3800 746 3857 Deum
777 3817 885 3857 non
927 3801 1209 3863 honorae?
1238 3802 1381 3871 Quid
1402 3818 1540 3872 ergo
1563 3802 1820 3859 conciliat

174 3895 579 3967 cognitorem,
628 3894 1075 3961 honoriﬁcentia,
1124 3911 1193 3952 an
1246 3895 1488 3965 injuria?
1528 3895 1678 3952 Pone
1729 3911 1820 3953 me

174 4003 493 4059 peccasse,
525 3988 670 4058 quod
700 4003 809 4043 non
836 3997 950 4055 est;
986 4005 1114 4047 num
1146 3988 1443 4055 oﬂenditur
1475 3992 1681 4053 honore
1717 4006 1820 4048 suo

177 4080 504 4137 Christus?
531 4081 831 4143 Peccamus
856 4097 1051 4150 omnes
1075 4102 1088 4137 :
1120 4086 1243 4154 quis
1272 4101 1403 4157 ergo
1442 4086 1657 4141 veniam
1694 4101 1821 4157 pro-

171 4176 535 4243 merebitur,
562 4177 652 4247 qui
678 4175 856 4232 defert
885 4175 1378 4246 honoriﬁcentiam,
1406 4194 1474 4236 an
1495 4181 1587 4252 qui
1612 4181 1823 4253 irrogat

171 4271 648 4327 contumeliam?

254 4365 403 4422 102.
440 4363 556 4429 Aut
584 4364 630 4421 si
659 4372 710 4420 te
737 4365 876 4425 ratio
905 4379 1015 4423 non
1042 4374 1248 4429 movet,
1268 4367 1488 4438 species
1515 4369 1709 4429 saltem
1737 4369 1826 4439 ju-

172 4459 312 4514 dicii
353 4459 494 4529 ipsa
510 4468 878 4517 commoveat.
904 4457 1109 4514 Attolle
1126 4458 1315 4519 oculos
1337 4459 1652 4530 adjudieem
1677 4471 1822 4529 tuos,

130 4620 137 4623 Α
170 4553 428 4611 intuere
451 4551 551 4622 qui
580 4551 793 4618 sedeat,
823 4567 947 4609 cum
978 4567 1090 4621 quo
1115 4552 1322 4619 sedent,
1355 4552 1448 4608 ubi
1476 4554 1679 4610 sedem.
1730 4554 1829 4612 Se-

1918 3338 2177 3402 tradunt,
2215 3347 2275 3391 ut
2322 3351 2500 3406 neque
2530 3335 2628 3391 ille
2659 3336 2748 3406 qui
2797 3335 3027 3405 accipit,
3072 3333 3226 3404 quasi
3276 3331 3515 3388 alienum

1917 3430 2197 3500 acquirat:
2229 3442 2330 3484 nec
2358 3428 2448 3496 qui
2479 3426 2664 3494 tradit,
2690 3425 2926 3481 amittat.

1988 3526 2119 3581 ιΙΘῦ.
2153 3523 2232 3579 Ad
2262 3523 2544 3579 dexteram
2585 3537 2803 3592 quoque
2843 3521 3037 3577 sedere
3078 3521 3226 3577 nulla
3274 3521 3523 3592 pra'latio

1919 3628 2029 3687 est,
2062 3632 2237 3689 neque
2271 3618 2339 3673 ad
2382 3618 2659 3672 sinistram
2700 3617 2929 3686 injuria;
2952 3615 3209 3669 divinitas
3231 3614 3373 3669 enim
3401 3631 3526 3686 gra-

1922 3714 2052 3769 dum
2087 3712 2282 3778 nescit,
2326 3726 2430 3767 nec
2458 3704 2602 3764 ‘luco
2650 3710 2835 3779 aliquo
2879 3708 3373 3774 circumscribitur,
3427 3722 3529 3765 nec

1925 3804 2266 3876 temporibus
2294 3801 2577 3859 delinitur.
2618 3800 2879 3871 Augustis
2906 3801 3101 3855 animis
3148 3801 3398 3855 homines
3423 3799 3527 3856 ista

1924 3910 2237 3969 pensamus.
2262 3895 2420 3951 Nulla
2440 3893 2752 3951 diderentia
2779 3894 3085 3961 cbaritatis,
3111 3894 3316 3949 nullum
3338 3893 3532 3949 discri-

1926 4007 2054 4049 men
2083 4000 2169 4045 est
2196 3988 2438 4044 unitatis.

1998 4086 2159 4159 ‘91
2203 4085 2324 4145 106.
2367 4084 2479 4141 Sed
2524 4099 2622 4140 cur
2668 4084 2879 4154 longius
2916 4084 3242 4154 evagamur?
3284 4083 3528 4139 Circum-

1928 4180 2187 4251 speotasti
2214 4179 2433 4244 omnia,
2466 4177 2647 4233 vidisti
2671 4176 2943 4249 judicent,
2977 4177 3254 4232 advertisti
3299 4178 3536 4248 Angelos

1928 4271 2310 4343 praedicantes.
2358 4270 2435 4327 llli
2485 4271 2727 4337 laudant,
2756 4280 2813 4324 et
2847 4278 2901 4324 tu
2943 4268 3250 4339 vituperas!
3278 4269 3535 4324 Domina—

1931 4366 2109 4421 tiones
2153 4374 2208 4420 et
2242 4363 2549 4421 Potestatus
2596 4371 2949 4430 venerantur,
2978 4370 3035 4418 et
3062 4370 3120 4416 tu
3152 4362 3537 4417 caitnnniaris!

1934 4460 2183 4521 Aderant
2223 4474 2415 4514 omnes
2460 4459 2632 4514 sancti
2677 4458 2834 4528 ejus:
2866 4473 2977 4513 non
3005 4458 3195 4513 adorat
3227 4458 3318 4513 hci
3349 4457 3541 4526 Filius,

1936 4570 2043 4609 non
2100 4554 2293 4609 adorat
2348 4552 2587 4623 Spiritus
2646 4561 2889 4607 sanctus.
2950 4549 3239 4621 Seraphin:
3300 4551 3543 4607 dicunt:

168 4645 272 4703 det
304 4644 597 4703 Christus
640 4643 709 4701 ad
746 4642 1028 4701 dexteram
1067 4643 1261 4700 Patris.
1306 4646 1414 4701 Ant
1438 4646 1486 4702 si
1524 4648 1698 4702 oculis
1726 4648 1832 4703 hoc
1860 4640 1914 4703 Β
1940 4647 2191 4713 Sanctus,
2221 4656 2454 4712 sanctus,
2487 4655 2695 4700 sanctus
2722 4642 2894 4718 (Esai.
2928 4659 3001 4709 vt,
3033 4645 3112 4714 5).

169 4755 293 4795 non
348 4747 533 4809 potes
572 4737 1043 4806 comprehendere
1069 4779 1083 4803 ,
1116 4737 1240 4793 audi
1271 4738 1546 4797 tlicentesn
1592 4740 1837 4810 Ρι-οριιο-

171 4845 297 4891 tam
325 4851 343 4888 :
382 4831 559 4891 Dixit
589 4830 854 4889 Dominus
882 4831 1110 4887 Domino
1149 4849 1285 4899 meo,
1319 4834 1443 4888 sede
1469 4834 1540 4889 ad
1565 4833 1836 4897 dextera.

166 4943 368 4983 meam
404 4923 599 4998 (Psat.
632 4939 746 4992 (ιιι,
780 4920 859 4995 2).
892 4924 1061 4981 Sedet
1086 4940 1218 4996 ergo
1246 4927 1312 4980 ad
1348 4926 1627 4982 dexteram
1654 4927 1839 4985 Patris

166 5019 399 5074 Filius.
456 5016 560 5071 Dic
591 5031 736 5071 nunc
767 5017 859 5087 qui
898 5016 965 5072 de
992 5017 1349 5073 smeularihus
1382 5018 1663 5075 arbitraris
1692 5021 1839 5076 usti-

166 5119 408 5173 manda
442 5114 662 5178 divina,
693 5129 823 5168 num
848 5113 941 5168 tibi
970 5114 1217 5169 videatur
1244 5114 1470 5171 inferior
1489 5116 1579 5186 qui
1610 5116 1677 5171 ad
1706 5115 1841 5172 dex—

168 5222 374 5268 teram
418 5208 641 5264 sedct?
677 5224 805 5262 num
835 5207 1031 5279 injttria
1060 5207 1259 5272 Patris,
1292 5209 1416 5279 quia
1450 5208 1516 5263 ad
1557 5210 1838 5264 sinistram

160 5304 397 5362 sedet?
443 5301 620 5356 Pater
660 5299 937 5366 honorat,
968 5311 1022 5356 et
1053 5309 1109 5355 tu
1158 5300 1408 5371 injuriam
1447 5302 1648 5371 putas?
1680 5301 1844 5358 Pater

164 5398 419 5455 mavult
458 5393 525 5448 id
569 5410 689 5453 esse
720 5394 939 5465 pietatis
964 5395 1276 5464 exemplum
1298 5436 1314 5462 ,
1347 5404 1400 5450 et
1431 5403 1487 5453 tu
1517 5404 1672 5467 putas
1698 5411 1841 5468 pra:-

161 5491 510 5567 ceptionis
546 5489 828 5559 imperium
851 5490 874 5543 ἲ
904 5489 983 5545 De
1010 5499 1185 5546 morte
1200 5491 1459 5560 surrexit,
1479 5498 1536 5547 et
1563 5490 1631 5547 ad
1656 5492 1846 5548 desteo

162 5606 303 5645 ram
348 5584 479 5642 Dei
510 5582 690 5639 sedet.

250 5687 412 5743 105.
481 5680 604 5737 Sed
636 5680 790 5749 dixit,
825 5682 1026 5753 inquis,
1059 5680 1241 5743 Patar.
1292 5680 1499 5753 Accipe
1541 5680 1702 5745 etiam
1753 5678 1847 5741 ubi

253 5835 282 5862 ι·
318 5820 493 5879 M58.
532 5815 758 5883 aliquot,
795 5816 1077 5874 Dominum
1111 5833 1213 5872 non
1252 5817 1496 5877 honores.

253 5897 285 5935 δ
325 5891 568 5951 Codex
583 5885 787 5959 Albim,
819 5904 911 5945 nec
929 5889 1121 5959 aliquis
1142 5904 1160 5954 ;
1182 5887 1381 5943 Teller.
1394 5929 1408 5955 ,
1425 5902 1515 5941 nec
1529 5885 1688 5941 alicui
1711 5898 1846 5954 pra:-

2016 4744 2141 4799 107.
2182 4742 2327 4811 Quid
2374 4742 2476 4797 sibi
2521 4742 2636 4797 vult
2677 4740 2781 4795 sub
2829 4756 2941 4796 uno
2984 4740 3204 4795 nomine
3245 4738 3555 4793 sanctitatis

1943 4835 2083 4891 trina
2117 4834 2413 4905 repetitio?
2440 4833 2501 4891 Si
2527 4833 2666 4889 trina
2698 4834 2976 4904 repetitio,
3008 4849 3106 4888 cur
3134 4848 3238 4888 una
3271 4830 3553 4886 laudatio?

1941 4927 1999 4983 Si
2023 4943 2128 4982 una
2160 4926 2423 4993 laudatio,
2452 4941 2551 4981 cur
2586 4927 2727 4981 trina
2756 4926 3055 4995 repetitio?
3082 4924 3251 4979 Trina
3295 4922 3553 4991 repetitio

1943 5036 2073 5087 cur,
2119 5020 2225 5075 nisi
2272 5020 2399 5090 quia
2444 5018 2605 5074 Pater
2648 5028 2702 5074 et
2742 5017 2913 5074 Filius
2955 5029 3010 5074 et
3048 5018 3284 5087 Spiritus
3328 5026 3554 5070 sanctus

1945 5113 2233 5171 sanctitate
2254 5128 2423 5168 unum
2450 5123 2574 5168 sunt
2602 5112 2642 5184 (Ι
2668 5111 2827 5167 Joan.
2856 5128 2908 5178 ν,
2936 5111 3036 5182 7)?
3058 5110 3173 5165 Non
3199 5108 3340 5163 dixit
3359 5108 3551 5173 semel,

1948 5226 2019 5266 ne
2043 5209 2239 5264 Filium
2266 5216 2678 5280 sequestraret:
2720 5222 2827 5264 non
2857 5206 2960 5269 his,
3002 5221 3071 5260 ne
3122 5204 3383 5273 Spiritum
3418 5216 3553 5269 prae-

1952 5304 2176 5361 teriret:
2210 5319 2316 5359 non
2346 5311 2562 5375 quater,
2594 5318 2663 5360 ne
2688 5310 2970 5361 creaturas
2992 5302 3379 5367 conjunget'ct.
3411 5295 3476 5350 Et
3504 5304 3564 5367 ut

1949 5395 2270 5457 ostenderet
2294 5396 2580 5453 Trinitatis
2602 5411 2763 5451 unam
2791 5409 2915 5451 esse
2935 5393 3215 5454 deitatem,
3245 5406 3367 5445 cum
3388 5389 3560 5445 tertio

1951 5490 2221 5545 dixisset:
2253 5487 2501 5554 Sanctus,
2530 5499 2758 5555 sanctus,
2788 5497 3026 5550 sanctus;
3071 5484 3283 5537 addidit
3318 5482 3559 5555 singula-

1952 5584 2127 5639 riter:
2163 5580 2415 5637 Dominus
2456 5578 2598 5636 Deus
2626 5579 2839 5643 saltanti:
2882 5575 3053 5648 (Esai,
3093 5592 3175 5643 vt,
3211 5575 3291 5647 ὅ).
3324 5574 3562 5649 Sanctus

1956 5677 2122 5748 igitur
2149 5675 2333 5741 Pater,
2366 5681 2583 5730 sanctus
2613 5671 2806 5737 Filius,
2838 5677 3061 5726 sanctus
3087 5678 3144 5725 et
3168 5669 3265 5726 Dei
3303 5669 3561 5741 b‘piaitus.

1964 5812 2184 5878 feratur.
