4016 6292
560 329 670 388 583
1921 328 2002 386 SA
2012 327 2164 388 NCT]
2203 328 2531 388 AMBROSII
3705 332 3782 388 581

557 440 836 498 Adoratur
863 441 1026 514 igitur
1055 441 1318 511 Trinitas,
1352 457 1462 500 non
1497 441 1728 499 adorat:
1760 441 2011 498 laudatur
2036 443 2159 498 Tri-
2191 449 2244 507 Λ
2269 444 2463 516 inquit,
2497 445 2690 501 Deum.
2723 443 3092 518 Respondebit
3127 444 3178 501 ei
3224 443 3520 500 Dominus:
3549 443 3672 500 Dicit
3694 447 3788 501 insi-

557 533 733 601 nitas,
777 551 885 591 non
929 537 1136 591 laudat.
1185 537 1297 608 Ego
1337 536 1482 592 malo
1519 535 1662 594 sicut
1705 536 1991 608 Seraphitn
2041 551 2163 593 cre-
2264 540 2409 610 piens
2449 540 2502 594 in
2542 540 2698 596 corde
2735 557 2831 596 suo
2861 556 2880 595 :
2908 539 3031 596 Non
3069 551 3144 595 est
3185 537 3327 596 Deus
3380 539 3401 612 (
3424 537 3564 594 Psal.
3609 542 3785 610 1.11.1).

555 627 715 696 dere,
743 639 800 687 et
829 631 974 688 sicut
997 645 1185 688 omnes
1213 631 1516 688 Potestates
1543 631 1885 700 Virtutesqne
1909 631 2160 688 cmlestes
2263 628 2341 684 De
2369 645 2476 699 quo
2502 631 2707 686 dictum
2739 641 2929 702 putas,
2968 631 3036 687 de
3062 630 3283 699 Judaeo,
3309 631 3379 687 de
3416 631 3615 703 gentili,
3651 647 3708 686 an
3739 633 3790 690 de

557 721 814 781 adorare.
2261 723 2517 780 diabolo?
2549 727 2626 782 De
2651 726 2844 797 quovis
2875 725 3080 783 dictum
3109 727 3203 792 sit,
3235 725 3567 790 Photiniane,
3593 721 3792 782 tolerabi-

1155 814 1384 873 CAPUT
1423 815 1563 873 Xlll.
2261 814 2366 870 lior
2399 826 2484 872 est
2525 817 2648 883 ille,
2690 820 2782 889 qui
2829 819 3034 874 tacuit:
3067 825 3124 872 tu
3158 833 3292 874 vero
3328 827 3386 874 et
3423 832 3550 874 voce
3584 833 3718 875 ausus
3746 834 3792 874 es

557 924 875 985 Continuata
917 930 1111 1004 judicii
1170 928 1434 985 Dominici
1487 931 1774 1004 allegoria,
1832 933 2138 1004 blaspheme

2265 907 2467 975 dicere,
2500 919 2557 964 nt
2595 909 2884 980 insipiente
2927 909 3276 982 insipientior
3314 911 3628 982 prohareris.
3661 909 3792 982 Negas

630 1025 962 1091 Arianorum,
995 1025 1428 1094 Sabellianorum,
1459 1037 1504 1082 et
1535 1027 1947 1084 Manicltazorum
1977 1030 2042 1084 de
2067 1045 2138 1082 sut

2265 1021 2414 1077 ergo,
2447 1006 2642 1077 inquit,
2674 1007 2842 1062 Deum
2869 1024 2884 1072 ;
2916 1022 3039 1062 cum
3076 1021 3178 1076 ego
3215 1005 3447 1062 dixerim
3474 1023 3486 1060 :
3516 1004 3602 1060 Dii
3624 1007 3738 1074 estis,
3761 1016 3793 1060 et

617 1118 804 1190 judice
837 1120 1101 1191 Opiniones
1141 1120 1442 1176 Ambrosius
1483 1122 1664 1194 paucis
1705 1122 1913 1192 refellit.
1963 1119 2138 1176 Deindt

2265 1100 2362 1170 ﬁlii
2386 1100 2572 1154 excelsi
2593 1116 2768 1154 omnes
2795 1098 2972 1172 (Psal.
3000 1115 3182 1165 Lsxxt,
3205 1099 3284 1171 6).
3309 1099 3377 1155 Et
3399 1106 3453 1154 tu
3479 1099 3635 1156 Deum
3652 1113 3792 1170 negas,

628 1213 909 1284 propositis
929 1211 1122 1268 Christi
1143 1213 1208 1268 de
1229 1215 1430 1270 ueteris
1451 1193 1562 1269 suis
1586 1215 1896 1270 adversariis
1918 1223 2138 1284 exposta

2265 1193 2418 1264 cujus
2447 1209 2610 1264 onera
2643 1195 2823 1250 divina
2855 1193 3266 1266 circumspicis?

631 1307 926 1374 lotionibus,
949 1306 1210 1380 judicium
1241 1309 1338 1362 sibi
1364 1308 1540 1364 mitius
1567 1311 1808 1380 futurum
1835 1317 2024 1379 sperat.
2279 1323 2286 1327 '
2337 1289 2461 1345 “8-
2505 1288 2661 1344 Diei“
2697 1298 2752 1344 ει
2780 1287 3122 1344 Sabellum!”
3168 1305 3182 1341 ε
3233 1287 3347 1359 Εεο
3377 1286 3795 1380 ιθίρευῐηᾲΡθπθω

2265 1389 2321 1436 et
2369 1381 2564 1436 Filium
2609 1391 2664 1436 et
2713 1381 2973 1451 Spiritum
3021 1387 3268 1436 sanctum
3313 1379 3564 1436 arbitror.
3609 1378 3798 1450 Respon-

628 1463 752 1522 108.
794 1463 970 1536 Igitur
1001 1464 1445 1536 prosecutionem
1479 1475 1624 1522 tuam
1654 1465 2162 1534 videamus,quem-
2263 1474 2412 1530 debit
2451 1484 2508 1530 et
2550 1473 2810 1529 Dominus
2840 1491 2854 1527 :
2883 1473 3001 1529 Non
3046 1473 3204 1530 audis
3251 1473 3502 1540 Patrem,
3546 1486 3642 1528 non
3683 1470 3797 1526 audis

551 1555 848 1614 admodum
893 1558 1154 1614 concilies
1198 1559 1293 1614 tibi
1315 1559 1580 1630 judicem.
1634 1559 1732 1614 Dic
1761 1574 1915 1624 sane,
1940 1558 2049 1624 dic,
2080 1559 2162 1613 in-
2263 1567 2481 1624 Filium.
2523 1566 2791 1638 Numquid
2838 1566 2926 1622 hic
2969 1566 3078 1622 ulla
3120 1565 3370 1622 confusio
3412 1565 3531 1622 est?
3571 1563 3800 1635 Scriptura

551 1667 712 1725 quam
744 1669 758 1708 Ξ
791 1650 907 1723 Ego
939 1662 1014 1720 te,
1043 1653 1284 1722 Christe,
1316 1662 1450 1726 puto
1480 1669 1603 1710 esse
1633 1653 1953 1710 dissimilem
1990 1653 2158 1708 Patri.
2263 1661 2378 1733 ipsa
2411 1673 2436 1700 ιι
2463 1671 2516 1718 te
2553 1663 2715 1719 docet
2756 1663 2974 1720 Patrem
3020 1678 3174 1730 esse,
3205 1663 3297 1734 qui
3327 1660 3524 1718 detulit
3547 1661 3797 1732 judicium:

551 1743 928 1818 ReSpondebil
966 1757 1022 1803 et
1068 1746 1200 1802 ille:
1235 1745 1529 1814 Discerne.
1561 1747 1607 1802 si
1649 1755 1834 1816 poles;
1879 1745 2154 1814 discerne,
2264 1755 2459 1811 Filium
2489 1771 2631 1820 esse,
2662 1755 2753 1826 qui
2775 1755 3003 1824 judicat.
3032 1755 3147 1812 Non
3185 1755 3386 1811 audisti
3421 1770 3511 1812 me
3544 1755 3798 1809 dicentem:

549 1835 800 1910 inquam,
832 1839 887 1894 in
919 1854 1031 1910 quo
1063 1846 1221 1909 putes
1243 1853 1366 1895 esse
1393 1837 1734 1922 diSsitnilem.
2190 1844 2237 1903 B
2267 1847 2426 1903 Solus
2475 1866 2576 1904 non
2623 1865 2773 1914 sum;
2829 1849 2919 1904 sed
2971 1865 3095 1923 ego,
3145 1859 3192 1904 et
3245 1849 3333 1920 qui
3386 1849 3527 1904 misit
3569 1863 3642 1904 me
3684 1846 3802 1902 Pater

623 1933 750 1991 109.
794 1934 892 1990 Dic
917 1933 1105 1990 aliud:
1133 1932 1477 2001 Creaturam,
1521 1935 1754 2006 inquies.
1794 1942 1849 1990 te
1893 1933 2154 1991 arbitror.
2261 1940 2442 2014 (Joan.
2475 1959 2590 2007 un,
2628 1942 2747 2015 29).

548 2025 926 2101 Respondebit
947 2037 1004 2086 et
1028 2028 1283 2086 Christus
1307 2047 1321 2086 :
1349 2029 1407 2086 Si
1431 2030 1660 2086 duorum
1691 2031 1972 2086 hominum
2003 2031 2160 2087 testi-
2333 2036 2456 2093 119.
2503 2035 2658 2092 Dicat
2687 2046 2744 2093 et
2770 2037 3098 2093 Manicltteus
3125 2055 3139 2093 :
3174 2036 3200 2076 ι)
3229 2037 3345 2108 Ego
3370 2045 3641 2094 auctorem
3665 2034 3802 2092 carnis

549 2119 796 2178 monium
826 2136 1016 2178 verum
1045 2130 1168 2190 est,
1206 2131 1263 2178 tu
1296 2137 1396 2178 nec
1439 2123 1604 2192 mihi,
1639 2138 1740 2180 nec
1783 2123 1930 2179 Patri
1961 2123 2156 2180 saltem
2258 2139 2461 2186 nostrae
2497 2129 2774 2185 diabolum
2813 2130 3000 2186 credo.
3037 2129 3409 2201 Respondebit
3439 2131 3532 2186 ei:
3561 2129 3688 2201 Ergo
3708 2128 3804 2200 quid

551 2212 781 2271 credere
810 2213 1080 2282 debuisti,
1107 2217 1200 2286 qui
1231 2217 1474 2288 genitum
1501 2217 1836 2272 nominavit?
2257 2221 2424 2278 facies
2453 2222 2506 2277 in
2535 2222 2888 2279 coelestibus?
2917 2223 3066 2280 Vade
3105 2224 3172 2279 ad
3214 2235 3496 2280 auctorem
3535 2233 3690 2280 tuum.
3721 2223 3806 2290 Ego

623 2308 750 2365 110.
790 2307 1038 2374 Bonum,
1081 2310 1328 2380 inquies,
1371 2325 1532 2382 nego.
1577 2311 1731 2368 Dicet
1773 2321 1828 2368 et
1867 2311 1962 2368 ille
1991 2328 2006 2367 :
2038 2312 2158 2368 Fiat
2257 2331 2352 2372 eos
2379 2317 2504 2372 volo
2535 2332 2744 2372 mecum
2775 2334 2918 2383 esse,
2949 2333 3086 2389 quos
3111 2318 3260 2375 dedit
3290 2318 3424 2375 mihi
3454 2319 3626 2376 Pater.
3665 2317 3734 2374 'l'u
3768 2325 3805 2372 te

550 2399 648 2458 tibi
695 2401 994 2458 secundum
1034 2401 1193 2459 iidetn
1237 2413 1416 2470 tuam,
1454 2411 1513 2458 ut
1547 2402 1644 2460 tibi
1684 2403 1859 2460 bonus
1889 2421 1996 2461 non
2027 2406 2152 2461 sim.
2256 2423 2286 2464 a
2332 2407 2564 2466 diabolo.
2595 2419 2865 2478 creatum,
2907 2410 3232 2478 Manichaee,
3264 2411 3588 2468 arbitraris:
3614 2411 3674 2467 ad
3699 2409 3806 2466 illius

626 2493 753 2551 111.
795 2494 1238 2567 Omnipotentem
1269 2511 1379 2551 non
1409 2496 1667 2553 arbitror.
1701 2496 2075 2566 ReSpondebit
2102 2507 2159 2554 et
2256 2515 2386 2572 ergo
2433 2499 2631 2556 festina
2683 2503 2905 2571 sedem;
2951 2505 3039 2560 uhi
3077 2505 3218 2577 ignis
3247 2515 3303 2562 et
3333 2505 3584 2578 sulphur,
3613 2505 3693 2560 ubi
3721 2520 3800 2558 non

547 2591 706 2664 ipse:
739 2589 860 2647 Non
899 2605 1124 2662 possum
1151 2606 1282 2663 ergo
1312 2591 1406 2648 tibi
1435 2599 1527 2647 tua
1556 2601 1775 2663 peccata
1803 2593 2029 2650 donare.
2255 2593 2613 2665 restinguitur
2639 2596 2756 2667 ejus
2787 2596 3128 2664 incendium,
3161 2612 3228 2654 ne
3260 2613 3520 2668 umquam
3551 2611 3697 2668 ptena
3717 2611 3798 2652 tne

626 2683 752 2739 112.
793 2683 1113 2756 Subjectum
1156 2683 1301 2740 dico.
1347 2683 1572 2740 Referet
1596 2684 1665 2740 ad
1691 2685 1794 2740 hoc
1820 2703 1834 2740 :
1859 2682 1972 2768 cur
1992 2686 2156 2756 igitur
2255 2689 2449 2746 riatur.

545 2775 856 2834 libertatem
902 2791 966 2832 ac
1006 2777 1221 2832 veniam
1253 2775 1324 2832 ah
1352 2791 1420 2833 eo
1447 2779 1620 2848 petis,
1649 2793 1811 2848 quem
1852 2790 2012 2849 putas
2054 2793 2154 2850 pro
2329 2784 2451 2839 120.
2494 2784 2646 2840 Mitto
2682 2785 2788 2842 alia
2833 2785 3216 2843 haereticorum
3259 2793 3537 2858 portenta,
3574 2798 3594 2826 ο
3621 2800 3715 2843 non
3739 2798 3808 2840 no-

546 2868 778 2927 servitio
806 2883 931 2926 esse
959 2867 1306 2941 subjectum?
2255 2876 2436 2943 mina;
2469 2877 2598 2947 quid
2639 2878 2719 2934 eis
2748 2877 2854 2934 erit
2878 2878 3092 2950 judicii,
3120 2895 3242 2950 quae
3281 2879 3388 2936 erit
3425 2879 3598 2937 forma
3634 2886 3808 2936 senten-

623 2963 752 3020 115.
799 2962 969 3021 Video
999 2963 1212 3022 haerere
1239 2965 1682 3036 prosecutionem
1709 2975 1854 3023 tuam
1882 2985 1896 3022 :
1925 2981 2032 3023 non
2063 2984 2154 3024 ur—
2257 2967 2380 3025 tite?
2405 2969 2778 3041 Respondebit
2809 2972 2896 3028 his
2919 2971 3170 3028 omnibus
3197 2982 3253 3030 et
3281 2973 3373 3029 ille
3398 2973 3705 3030 moraliter:
3731 2970 3810 3025 Ρο-

546 3071 673 3131 geo,
713 3057 837 3130 quia
881 3066 1230 3128 peccatorum
1273 3072 1520 3138 meorum
1552 3059 1671 3130 ipse
1715 3075 1834 3116 sum
1874 3061 2148 3116 conscius.
2258 3064 2412 3135 pulus
2447 3081 2618 3130 meus,
2667 3064 2793 3136 quid
2835 3067 2935 3138 feci
2977 3065 3099 3132 tibi,
3141 3075 3229 3120 aut
3269 3067 3396 3138 quid
3446 3066 3748 3122 constristtm'
3777 3073 3810 3116 te

544 3149 666 3206 Non
710 3148 928 3206 invideo
952 3149 1172 3206 veniam
1195 3190 1211 3216 ,
1241 3149 1374 3221 quia
1400 3151 1518 3220 ipse
1555 3159 1685 3224 opto
1715 3151 2148 3221 indulgentiam:
2204 3231 2213 3232 ί
2256 3155 2444 3230 (Miclt.
2483 3173 2558 3224 vt,
2589 3157 2688 3229 5)?
2725 3157 2916 3214 Nonne
2958 3173 3026 3214 ex
3069 3157 3304 3232 Egypto
3348 3159 3515 3217 eduxi
3560 3170 3640 3228 te,
3677 3168 3726 3216 et
3757 3172 3807 3214 ex

545 3252 737 3303 votum
768 3251 918 3301 tuum
945 3245 1089 3300 scire
1117 3243 1394 3300 desidero.
1426 3244 1506 3300 En
1535 3246 1712 3317 allego
1739 3245 1882 3316 apud
1910 3245 2149 3316 judicent
2182 3231 2227 3294 Ο
2258 3251 2424 3307 domo
2451 3251 2736 3307 servitutis
2763 3250 2996 3306 liberavi
3023 3253 3116 3307 te?

545 3339 815 3399 desideria
863 3349 994 3396 tua:
1025 3353 1134 3396 non
1171 3337 1344 3410 prodo
1382 3339 1642 3406 crimina,
1687 3341 1886 3397 seriem
1933 3349 2148 3397 tuorum
2331 3345 2454 3400 121.
2496 3344 2604 3402 Sed
2643 3359 2829 3415 parum
2875 3355 2961 3400 est
3003 3361 3073 3400 ex
3112 3343 3353 3418 Egypto
3381 3345 3665 3414 liberasse,
3697 3353 3811 3400 etes

545 3445 808 3508 exspecto
835 3443 1112 3492 votorum.
2254 3437 2416 3494 domo
2443 3438 2726 3495 servitutis
2753 3439 3022 3510 eripuisse
3051 3455 3067 3494 :
3101 3438 3222 3510 plus
3245 3449 3332 3495 est
3357 3448 3411 3497 te
3436 3441 3611 3512 ipsum
3639 3436 3812 3496 dedisse

621 3529 749 3586 H4-
793 3529 892 3586 Dic
926 3529 1110 3600 itaque
1147 3543 1212 3586 ea
1253 3544 1375 3602 qua!
1412 3527 1467 3584 in
1503 3527 1779 3584 communi
1823 3536 1950 3584 V010
1987 3537 2148 3592 sunt;
2255 3549 2354 3604 pro
2385 3533 2560 3590 nobis.
2588 3533 2746 3588 Dices
2774 3547 2944 3604 ergo:
2975 3532 3171 3590 Nonne
3191 3541 3403 3590 vestras
3427 3549 3620 3590 omnes
3644 3527 3813 3599 suscepi

546 3622 666 3692 dic,
713 3624 974 3695 inquam:
1009 3623 1260 3690 Domine,
1312 3623 1394 3680 lac
1441 3639 1528 3681 me
1579 3623 1646 3680 ad
1691 3624 1984 3695 imaginem
2029 3625 2146 3680 Dei.
2254 3626 2518 3698 injurias?
2565 3624 2758 3682 Nonne
2811 3641 3012 3698 corpus
3067 3642 3248 3682 meum
3300 3641 3400 3698 pro
3453 3627 3608 3683 vobis
3651 3619 3814 3680 obtuli?

549 3715 926 3789 Respondebit
992 3717 1087 3774 ille
1131 3734 1146 3770 :
1205 3715 1287 3773 Ad
1359 3732 1519 3788 quam
1583 3717 1912 3790 imaginem?
1976 3717 2149 3784 Quam
2253 3716 2444 3774 Nonne
2483 3725 2715 3774 mortem
2756 3717 3023 3788 appetivi,
3063 3717 3206 3788 quod
3249 3731 3358 3773 non
3403 3727 3529 3774 erat
3566 3711 3814 3774 divinitatis

546 3809 795 3884 negasti?
1921 3884 1932 3891 κ
2254 3825 2412 3878 metu,
2434 3811 2531 3867 sed
2563 3817 2762 3866 vestrae
2779 3807 2804 3848 ἀ
2824 3809 3251 3880 redemptionis?
3275 3809 3530 3867 liaccine
3554 3809 3814 3866 referuntur

617 3905 746 3962 115.
789 3903 916 3960 Dic:
937 3902 1046 3960 Fac
1066 3917 1154 3960 me
1175 3902 1668 3976 incorruptibilem.
1691 3903 1914 3962 Releret
1935 3906 2149 3977 utique:
2251 3905 2474 3979 gratim?
2503 3904 2616 3960 Hoc
2642 3902 2874 3974 proiecit
2895 3901 3114 3973 sanguis
3141 3917 3318 3970 mens,
3341 3903 3486 3960 sicut
3509 3903 3566 3959 in
3594 3899 3815 3972 Propheta

544 3997 707 4074 ωε
746 3998 1034 4070 Quomodo
1075 4006 1128 4055 te
1173 3998 1638 4070 incorruptibilem
1682 3998 1862 4056 facere
1901 4014 2148 4071 possum,
2254 4001 2370 4074 ipse
2399 3999 2511 4070 jam
2557 3999 2666 4054 dixi
2694 4015 2708 4054 :
2740 3997 2871 4066 Quae
2911 3997 3110 4051 utilitas
3149 3997 3204 4051 in
3249 3999 3508 4069 sanguine
3551 4012 3690 4060 meo;
3723 3993 3814 4062 quia

540 4109 705 4167 quem
733 4101 789 4150 tu
817 4103 1124 4151 creaturam
1163 4091 1428 4158 dicendo,
1473 4105 1732 4162 capacem
1777 4092 2149 4164 corruptibili-
2253 4092 2494 4148 descendi
2522 4093 2577 4147 in
2608 4092 2986 4164 corruptionem
3017 4089 3190 4162 (Psat.
3221 4105 3374 4157 xxix,
3409 4091 3542 4162 10)?
3579 4090 3686 4146 Hoc
3717 4100 3816 4155 ergo

541 4187 672 4244 tatis
696 4201 821 4244 esse
842 4186 1102 4244 voluisti?
1127 4184 1326 4241 Mortui
1351 4194 1636 4257 resurgant
1661 4185 1984 4257 incorrupti,
2012 4195 2068 4242 et
2095 4195 2148 4242 tu
2253 4185 2516 4258 proiecit,
2565 4195 2627 4242 ut
2674 4200 2763 4240 me
2803 4183 2970 4255 impie
3010 4183 3322 4255 negaretis,
3373 4199 3475 4255 pro
3517 4183 3706 4256 quibus
3741 4180 3814 4234 ista

541 4279 956 4352 corruptibilem
972 4279 1113 4336 dicis
1127 4295 1288 4351 quem
1311 4279 1481 4335 Deum
1499 4280 1680 4336 cernis
1701 4279 1748 4351 (Ι
1769 4279 1888 4336 Cor.
1910 4296 1998 4346 xv,
2020 4279 2152 4352 52)?
2253 4280 2508 4337 sustinui.
2651 4336 2671 4349 ,

615 4371 742 4428 116.
783 4372 879 4428 Dic
899 4389 913 4426 :
933 4371 1116 4427 Bonus
1137 4381 1258 4428 esto
1279 4370 1435 4427 mihi.
1461 4371 1615 4427 Dicet
1637 4370 1734 4427 tibi
1759 4389 1772 4426 :
1797 4371 1936 4438 Quid
1960 4379 2151 4443 postu-
2329 4373 2452 4429 122.
2497 4373 2610 4442 Ego
2637 4387 2768 4428 vero
2803 4380 2956 4440 tunc,
2988 4371 3218 4428 Domine
3251 4369 3404 4440 Jesu,
3449 4380 3509 4430 et
3539 4371 3588 4430 si
3615 4368 3814 4443 gravium

541 4464 657 4532 las,
697 4463 840 4536 quod
884 4463 1134 4536 negasti?
1167 4462 1282 4536 Ego
1326 4474 1378 4520 te
1415 4463 1616 4521 bonum
1659 4479 1783 4521 esse
1827 4465 2006 4532 volui,
2046 4481 2148 4537 ego
2252 4475 2596 4537 peccatorum
2628 4463 2758 4518 mihi
2787 4463 2905 4534 ipse
2940 4461 3043 4516 sim
3087 4462 3370 4530 conscius,
3407 4462 3589 4520 dicam
3629 4471 3815 4516 tamen:

543 4557 657 4617 dixi
683 4576 698 4614 :
729 4555 909 4613 Estote
936 4557 1124 4625 sancti,
1151 4557 1398 4628 quoniam
1428 4559 1536 4628 ipse
1559 4566 1768 4612 sanctus
1801 4575 1914 4614 sum
1953 4557 2142 4631 (Leuit.
2254 4557 2372 4614 Non
2398 4567 2449 4613 te
2469 4555 2694 4628 negavi;
2721 4555 2890 4612 habes
2909 4554 3053 4626 quod
3081 4555 3332 4627 ignoscas
3355 4555 3632 4628 lragilitati
3653 4551 3813 4610 carnis.

543 4649 693 4724 xtx);
721 4661 778 4707 et
803 4658 857 4706 tu
882 4649 1014 4706 mihi
1042 4649 1098 4706 id
1126 4664 1328 4722 negare
1351 4651 1675 4706 contendis?
1701 4659 1757 4706 et
1783 4661 1839 4707 tu
1861 4660 2144 4724 exspectas
2171 4635 2226 4696 Ῑ)
2254 4651 2516 4706 Delictum
2559 4647 2762 4714 fateor,
2791 4657 3073 4718 peccatum
3105 4663 3212 4704 non
3243 4647 3424 4705 abnuo
3449 4667 3463 4704 :
3490 4647 3558 4705 Si
3581 4650 3682 4714 vis,
3707 4651 3818 4718 pom

542 4745 761 4803 veniam
805 4743 1195 4817 peccatorum?
1237 4743 1348 4801 Sed
1389 4759 1552 4800 nemo
1582 4752 1760 4816 potest
1787 4745 1991 4803 donare
2021 4761 2145 4818 pec-
2253 4761 2333 4798 me
2357 4743 2607 4798 mundare
2629 4740 2848 4815 (Matth.
2872 4756 2987 4806 vnt,
3011 4740 3102 4813 2);
3130 4743 3260 4812 quia
3287 4742 3392 4798 hoc
3416 4743 3579 4809 dixit,
3602 4737 3814 4798 emeruit.

539 4843 694 4903 cata,
737 4835 841 4891 nisi
890 4834 1042 4892 solus
1089 4836 1254 4893 Deus.
1303 4834 1488 4908 Itaque
1528 4851 1651 4892 cum
1699 4853 1860 4894 verus
1903 4847 1960 4895 et
1995 4839 2144 4895 solus
2249 4834 2413 4910 493
2446 4833 2552 4902 Ne,
2582 4847 2790 4905 quaeso,
2821 4833 2876 4889 in
2908 4832 3174 4906 judicium
3214 4835 3376 4889 intres
3421 4850 3540 4888 cum
3578 4847 3713 4891 sem
3751 4839 3817 4882 tuo

535 4930 637 4988 tibi
666 4931 812 4988 Deus
842 4945 951 4988 non
978 4930 1104 5000 sint,
1139 4945 1246 4988 non
1289 4945 1512 5004 possum
1553 4931 1741 5004 utique
1783 4941 1872 4988 tua
1919 4943 2140 5004 peccata
2255 4929 2440 5003 (Psal.
2488 4943 2668 4995 exui,
2708 4927 2800 4998 2).
2849 4925 2968 4983 Non
3015 4941 3202 4998 quaero
3247 4937 3308 4983 ut
3347 4925 3601 4997 judices,
3651 4922 3735 4982 sed
3775 4927 3819 4974 ut

537 5021 766 5081 donare.
2247 5025 2516 5098 ignoscas.

611 5117 739 5174 117.
780 5115 908 5176 llaec
937 5117 1170 5189 Arianus
1192 5117 1358 5184 dicat,
1381 5124 1434 5174 et
1462 5115 1818 5174 Pbotinianus
1845 5135 1858 5172 :
1883 5117 2032 5190 Nego
2062 5125 2138 5184 te,

610 5287 638 5318 ιι
667 5277 743 5334 Ita
789 5277 923 5334 edit.
965 5292 1088 5332 cum
1131 5290 1264 5331 mss.
1308 5275 1550 5348 aliquot;
1577 5276 1808 5333 aliorum
1842 5294 1972 5335 vero
2003 5294 2138 5334 non-
2243 5277 2437 5334 sedulo
2483 5276 2842 5348 prohibitam;
2885 5292 2952 5333 ne
2985 5275 3260 5348 principes
3305 5277 3657 5334 tenebrarum
3683 5272 3827 5330 oden-

537 5352 696 5411 nulli.
744 5365 838 5404 nos
881 5353 1063 5413 docet;
1096 5349 1367 5414 nonnulli,
1403 5364 1494 5403 vos
1524 5350 1668 5404 docet
1696 5364 1714 5404 :
1741 5351 1849 5406 duo
1878 5351 2063 5416 etiam,
2094 5361 2142 5404 te
2243 5351 2524 5406 derentur.

533 5437 641 5478 non
667 5421 836 5478 docet.
869 5420 1187 5490 Perperam,
1224 5419 1326 5476 nisi
1359 5435 1455 5490 per
1481 5419 1962 5490 interrogationem
1992 5415 2139 5476 acci-
2322 5432 2344 5460 ε
2375 5421 2581 5478 Omnes
2605 5421 2736 5478 edit.
2779 5437 2810 5476 a
2839 5436 2968 5476 mss.
3005 5421 3240 5492 aliquot,
3273 5437 3374 5476 non
3401 5421 3636 5483 nomina,
3658 5415 3824 5492 auidi-

535 5493 740 5567 piatur.
794 5563 806 5567 _
846 5563 858 5567 Δ
979 5489 991 5490 ί
1111 5562 1122 5567 _
1208 5563 1217 5567 _
1261 5562 1273 5567 _
1360 5489 1394 5567 ί,
1577 5562 1588 5567 _
1945 5562 1956 5567 _
2250 5503 2371 5567 cunt
2394 5494 2542 5567 :_Qui
2567 5493 2677 5567 dies
2706 5493 2805 5567 erit
2818 5493 3048 5567 judicii;
3073 5489 3162 5546 alii
3199 5492 3460 5567 nonnulli,
3492 5509 3598 5567 non
3621 5489 3822 5567 naming-

606 5563 994 5638 b_Maniclta_eos
1044 5561 1473 5638 prittcipia_duo
1525 5562 1854 5638 admisisse.
1909 5562 2140 5619 alterum
2251 5565 2354 5638 Qui
2393 5563 2507 5618 dies
2548 5565 2648 5620 erit
2679 5558 3181 5638 judicii;unus....
3217 5563 3355 5630 Quid
3391 5564 3609 5638 gesserit
3644 5558 3824 5629 iudtcii.

533 5629 688 5699 boni,
711 5637 839 5690 mali
867 5629 1096 5706 alterum
1121 5652 1135 5690 :
1160 5651 1189 5688 a
1215 5629 1341 5690 [nali
1369 5644 1552 5688 autem
1587 5635 1854 5704 principio
1881 5649 2142 5704 corporea
2243 5629 2460 5706 Optime
2501 5629 2697 5690 antem'
2729 5629 2948 5706 reliqui,
2995 5647 3054 5690 ut
3097 5637 3154 5690 in
3202 5629 3371 5700 textu,
3391 5629 3633 5706 'duobus
3675 5643 3827 5687 tamen

539 5707 724 5762 omnia
751 5705 1272 5777 conditadocuisse,
1313 5716 1565 5762 auctores
1601 5715 1729 5760 sunt
1757 5722 1785 5760 ιι
1831 5708 1989 5760 nobis
2022 5707 2131 5773 jam
2243 5705 2510 5776 enceptis,
2543 5707 2632 5763 ubi
2659 5723 2756 5777 pro
2781 5705 2884 5764 non
2913 5707 3126 5761 nomina
3149 5705 3348 5776 legitur
3369 5722 3462 5760 non
3492 5705 3718 5769 nomine,
3748 5712 3830 5755 nec

533 5775 1362 5850 ggepiuswlandatiEpiphtnius
1406 5777 1552 5833 uter.
1593 5779 1755 5850 ’ῖϋίθι
1801 5779 2133 5850 Augustinus
2245 5775 2417 5850 pravo
2441 5795 2629 5833 smsu.

535 5843 684 5908 ne».
714 5845 806 5913 Η,
835 5847 926 5917 qui
947 5843 1109 5902 etiam
1133 5843 1322 5918 adjicit
1350 5849 1551 5906 abillis
1577 5849 1781 5906 ca‘dem
1814 5843 2132 5905 animalium
2245 5843 2261 5850 ⁷
2317 5848 2345 5886 ἀ
2375 5847 2635 5905 Nonnulli
2669 5865 2824 5916 mss,
2857 5847 3224 5918 redemptionis
3254 5848 3537 5905 devotione.
