4016 6292
189 362 294 418 585

788 477 1012 534 CAPUT
1053 477 1187 532 XIV.

182 616 391 671 Iudicis
438 618 650 688 exponit
695 617 1027 681 sententiam;
1073 615 1417 683 discussisque
1456 610 1779 666 adrersario-

254 727 372 763 rum
413 709 636 771 catillis,
664 709 728 764 ab
757 726 816 764 ea
842 710 1252 780 provocationem
1282 723 1382 761 non
1425 706 1541 758 dari
1572 705 1784 774 planum

255 803 409 872 facit.

253 938 380 994 125.
425 937 563 1006 Quid
609 947 858 1008 putamus
905 938 1181 994 Christum
1227 938 1630 1008 judicaturum?
1673 939 1784 1008 Ego

180 1032 318 1098 scio,
346 1031 716 1102 iudicaturum
744 1031 908 1087 dico?
953 1031 1122 1087 Immo
1155 1033 1266 1102 jam
1297 1032 1576 1103 judicavit.
1608 1033 1785 1088 Tene-

181 1140 302 1180 mus
351 1125 473 1195 ejus
513 1125 840 1180 sententiam
875 1143 887 1178 :
923 1125 1141 1190 Omnes,
1191 1126 1400 1196 inquit,
1448 1126 1785 1194 honoriﬁcent

177 1217 402 1284 Filium,
445 1220 576 1272 sicut
614 1220 955 1288 honoriﬁrant
997 1217 1224 1273 Patrem.
1278 1218 1381 1286 Qui
1421 1236 1523 1273 non
1571 1219 1783 1272 honori-

178 1313 300 1381 ﬁcut
332 1310 567 1378 Filium,
602 1328 704 1366 non
736 1312 1042 1380 honoriﬁcat
1075 1311 1284 1366 Patrem
1306 1354 1318 1377 ,
1353 1313 1437 1380 qui
1471 1312 1606 1366 misit
1635 1311 1783 1365 illum

176 1402 364 1472 (Joan.
396 1421 453 1469 ν,
480 1405 599 1476 es).

251 1497 381 1552 124.
421 1498 476 1553 Si
521 1497 776 1567 displicet
822 1498 1128 1563 sententia,
1169 1497 1381 1567 appella
1427 1496 1494 1552 ad
1537 1497 1781 1562 Patrem,

174 1589 435 1646 rescinde
460 1589 745 1660 judicium,
769 1590 912 1660 quod
939 1590 1098 1645 Pater
1121 1590 1335 1645 detulit.
1361 1590 1457 1646 Dic
1478 1592 1602 1659 quia
1625 1591 1784 1646 dissi-

174 1683 366 1738 mitem
420 1681 585 1738 habet
614 1682 837 1738 Filium.
881 1681 1254 1753 Respondebit
1299 1683 1395 1738 tibi
1436 1703 1449 1738 :
1496 1683 1612 1754 Ego
1659 1698 1788 1756 ergo

175 1775 442 1831 mentitus
463 1791 606 1842 sum,
633 1776 724 1845 qui
755 1774 866 1830 disi
897 1774 1036 1830 Filio
1062 1793 1074 1827 :
1107 1773 1386 1830 Faciamus
1424 1777 1679 1830 hominem
1719 1778 1786 1828 ad

173 1869 460 1942 imaginem
487 1879 532 1922 et
563 1868 954 1923 similitudinem
983 1879 1212 1922 nostram
1243 1867 1400 1938 (Gen.
1432 1885 1472 1934 t,
1501 1868 1615 1939 ‘26).

248 1963 383 2017 125.
427 1962 520 2018 Dic
543 1961 666 2032 quia
698 1961 926 2016 creavit.
951 1959 1329 2032 Respondebit
1360 1961 1455 2017 tibi
1483 1979 1495 2015 :
1523 1961 1633 2017 Cur
1655 1978 1787 2034 ergo

175 2054 447 2121 adorasti,
477 2070 636 2126 quem
664 2064 973 2110 creaturam
1011 2055 1256 2124 putasti?

255 2147 384 2204 126.
430 2147 522 2202 Dic
543 2148 668 2217 quia
691 2147 959 2202 minorem
982 2147 1262 2217 generavit
1290 2146 1504 2201 Filium.
1541 2147 1788 2217 Respon-

176 2240 341 2296 debit
368 2257 381 2293 :
416 2249 441 2277 ι
471 2240 682 2307 Metire,
712 2239 1015 2296 videamus.

250 2333 382 2388 127.
424 2331 521 2387 Dic
551 2332 676 2403 quia
708 2331 761 2388 ei
793 2348 901 2388 non
925 2332 1158 2388 debuisti
1189 2332 1435 2389 credere.
1465 2332 1688 2388 Referet
1719 2332 1787 2388 ad

177 2428 285 2482 hoc
314 2441 327 2479 :
359 2425 477 2481 Non
521 2425 616 2480 tibi
653 2425 895 2481 dixeram
926 2443 939 2479 :
971 2425 1072 2480 llic
1100 2435 1175 2481 est
1203 2426 1346 2496 ﬁlius
1381 2443 1526 2483 meus
1554 2425 1787 2482 dilectis-

175 2521 368 2586 simus,
391 2520 443 2573 in
464 2535 564 2589 quo
585 2520 895 2592 complacui,
916 2521 1085 2590 ipsum
1105 2521 1280 2576 audite
1301 2519 1524 2592 (Matth.
1544 2536 1674 2586 xvn,
1693 2519 1790 2590 5)?

175 2611 325 2680 Quid
373 2621 490 2676 est,
529 2613 700 2682 ipsum
747 2612 968 2667 audite?
1015 2613 1294 2668 Dicentem
1341 2614 1569 2682 utique:
1602 2612 1793 2668 Omnia

175 2723 297 2778 quia
331 2705 494 2761 Pater
518 2706 692 2772 habet,
724 2724 840 2762 mea
865 2718 983 2761 sunt
1015 2706 1199 2780 (Joan.
1236 2724 1365 2774 xvu,
1399 2708 1510 2779 10).
1539 2707 1652 2764 Hoc
1691 2724 1791 2762 au-

173 2800 405 2854 dierunt
425 2799 683 2870 apostoli,
716 2801 858 2856 sicut
883 2801 1146 2872 scriptum
1169 2811 1253 2857 est
1279 2819 1293 2855 :
1325 2799 1393 2856 Et
1420 2803 1716 2856 ceciderunt
1739 2803 1792 2856 in

177 2894 372 2964 faciem
411 2910 591 2958 suam,
636 2902 686 2948 et
727 2893 1005 2947 timuerunt
1044 2895 1194 2949 valde
1231 2894 1417 2964 (Matt.
1453 2911 1586 2962 xvu,
1625 2893 1703 2966 6).
1735 2894 1792 2951 Si

176 2987 504 3043 ceciderunt
527 2987 618 3057 qui
649 2988 886 3043 confessi
913 2997 1063 3055 sunt,
1103 2988 1232 3060 quid
1261 2988 1464 3044 facient
1501 2990 1591 3059 qui
1631 3004 1793 3060 nega-

184 3081 349 3135 runt?
388 3079 494 3136 Sed
527 3078 656 3135 illos
698 3079 856 3136 Jesus
894 3081 1072 3153 tetigit
1111 3091 1168 3138 et
1210 3082 1451 3138 levavit:
1484 3097 1581 3138 vos
1611 3083 1795 3154 jacere

182 3175 457 3245 patietur;
485 3189 550 3229 ne
581 3173 811 3230 videatis
840 3175 1090 3244 gloriam,
1123 3193 1283 3248 quam
1317 3176 1577 3247 negastis.

1586 357 1671 412 DE
1715 355 1870 412 FIDE
1913 352 2039 410 LIB.
2085 355 2147 410 ΙΙ.

1808 480 1859 540 Α
1884 470 1981 524 vivi
2029 468 2243 539 (Matth.
2297 487 2414 537 xvr,
2460 471 2578 544 l6);
2629 483 2711 526 sat
2760 483 2842 528 est
2887 477 3031 530 enint
3079 483 3488 548 generationem

3381 372 3490 429 586

1888 563 2032 619 scire
2063 564 2300 619 divinam
2325 606 2339 631 ,
2375 582 2481 620 non
2514 565 2762 633 divisam,
2796 567 2823 606 δ
2855 585 2960 624 non
2994 569 3345 637 diminutam,
3383 592 3488 630 non

1887 655 2296 723 derivatoriam,
2331 673 2436 713 non
2469 671 2731 714 creatam.

1957 747 2123 822 494
2163 751 2283 806 150.
2327 751 2439 806 Hoc
2486 752 2652 807 etiam
2703 754 2830 808 totis
2872 753 3276 825 Scripturarum
3325 775 3491 827 expu-

1889 843 2036 898 nitur
2066 843 2240 910 libris,
2276 859 2374 900 nec
2399 845 2574 900 adhuc
2599 845 2668 901 ab
2693 845 2874 916 impiis
2904 849 3145 903 creditur
3171 869 3181 902 ;
3218 849 3489 904 Incrassa-

1888 945 1996 990 tum
2029 946 2105 990 εει
2147 938 2318 1005 enim,
2354 948 2409 992 ut
2446 939 2706 1009 scriptum
2740 950 2846 1005 est,
2879 957 2968 994 cor
3008 942 3186 1012 populi
3226 943 3404 1016 hujus,
3446 957 3496 998 et

1887 1032 2100 1086 auribus
2124 1033 2349 1104 grauiter
2378 1035 2674 1099 audierunt,
2702 1044 2746 1088 et
2775 1034 2953 1088 oculos
2981 1052 3098 1089 suos
3125 1049 3495 1106 gravaverunt;

1891 1138 1952 1175 ne
1980 1124 2187 1191 quando
2217 1126 2380 1179 oculis
2406 1126 2514 1179 suis
2540 1126 2773 1190 videant,
2818 1135 2863 1180 et
2908 1128 3116 1182 auribus
3153 1130 3398 1190 audiant,
3448 1141 3494 1184 el

1889 1218 2042 1272 corde
2059 1218 2349 1290 intelligant
2370 1217 2536 1288 (Esai.
2566 1219 2618 1283 6,
2648 1219 2760 1288 10).
2786 1219 3051 1291 Namque,
3079 1238 3227 1276 more.
3245 1223 3491 1288 .ludaico.

1888 1321 2049 1363 aures
2077 1324 2204 1363 suas
2229 1310 2414 1364 Ariani
2445 1309 2704 1366 claudere
2731 1311 2930 1377 solent,
2961 1323 3052 1367 aut
3084 1330 3268 1368 serere
3297 1317 3496 1370 tumul-

1889 1409 1996 1465 tus,
2029 1402 2482 1472 quotiescumque
2509 1403 2736 1458 verbum
2767 1405 2959 1460 salutis
2989 1407 3224 1462 auditur.

1963 1496 2084 1552 151.
2131 1495 2197 1551 Ει
2235 1497 2364 1567 quid
2405 1500 2604 1553 mirum
2637 1500 2683 1555 si
2725 1500 2977 1555 humanis
3017 1503 3242 1558 vocibus
3268 1504 3496 1561 credere

1891 1604 1996 1642 non
2020 1589 2237 1645 soleant
2258 1589 2532 1655 infideles,
2557 1592 2648 1661 qui
2673 1608 2779 1647 non
2801 1595 3040 1648 credunt
3067 1595 3301 1651 divinis?
3330 1595 3498 1652 Filius

1891 1679 1986 1735 Dei
2017 1681 2254 1747 dicebat,
2283 1683 2430 1738 sicut
2456 1684 2628 1741 habes
2656 1687 2707 1740 iu
2757 1686 3062 1758 Evangelio
3091 1706 3103 1741 :
3139 1687 3317 1755 Pater,
3343 1691 3500 1744 clari-

1889 1774 1990 1844 ﬁca
2012 1791 2194 1832 nomen
2222 1787 2384 1831 tuum.
2414 1777 2526 1834 Vox
2554 1779 2730 1835 Patris
2751 1781 2820 1836 de
2838 1783 2977 1837 cmlo
2999 1784 3179 1837 audita
3205 1794 3288 1839 est
3315 1783 3497 1840 dicen-

1817 1878 1864 1937 B
1893 1871 1961 1924 tis
1987 1888 2000 1924 :
2029 1870 2094 1924 Et
2115 1873 2418 1941 clariﬁcavi,
2441 1883 2489 1927 et
2511 1875 2696 1928 iterum
2719 1877 3017 1944 clariﬁcabo
3043 1875 3223 1948 (Joan.
3259 1895 3352 1944 xtt,
3377 1879 3496 1954 28).

1888 1960 2139 2020 [nfideles
2169 1965 2284 2020 lucc
2313 1966 2630 2031 audiebant,
2656 1968 2751 2024 sed
2785 1985 2891 2023 non
2920 1971 3238 2027 credebant.
3275 1973 3501 2030 Dicebat

1891 2053 2078 2123 Filius,
2109 2057 2473 2127 respondebat
2502 2059 2696 2125 Pater;
2725 2069 2779 2116 et
2803 2060 3058 2117 dicebant
3087 2063 3258 2119 Judaei
3288 2084 3301 2119 :
3334 2065 3499 2120 Tani-

1890 2157 2059 2202 truum
2085 2154 2284 2220 factum
2311 2160 2381 2206 est
2415 2151 2493 2205 illi
2530 2151 2726 2223 (Ibid.,
2758 2153 2887 2223 29);
2931 2155 3022 2208 alii
3068 2155 3325 2212 dicebant
3351 2175 3363 2209 :
3395 2159 3501 2212 An-

1889 2241 2033 2309 gelus
2061 2243 2263 2296 locutus
2294 2253 2368 2297 est
2398 2244 2444 2298 ei
2468 2245 2607 2314 (Act.
2643 2262 2724 2312 ix,
2744 2245 2823 2318 4).

1965 2333 2088 2388 152.
2132 2335 2333 2390 Paulus
2353 2353 2591 2409 quoqtte,
2621 2342 2761 2395 sicut
2785 2342 3046 2412 scriptum
3076 2354 3159 2400 est
3186 2345 3240 2400 in
3271 2347 3502 2402 Actibus

1890 2427 2300 2496 Apostolorum,
2347 2445 2470 2486 cum
2513 2447 2647 2487 voce
2686 2432 2888 2489 Christi
2931 2447 3220 2492 vocaretur
3269 2438 3336 2493 ad
3382 2455 3506 2510 gra—

1893 2517 2054 2585 tiam,
2101 2519 2397 2592 pluresque
2440 2524 2673 2579 comites
2716 2527 2918 2595 pariter
2962 2527 3310 2598 incederent,
3355 2533 3509 2589 solus

1892 2624 2080 2666 vocem
2121 2610 2325 2668 Christi
2356 2613 2574 2670 audisse
2597 2630 2658 2671 se
2689 2616 2848 2672 dixit.
2884 2618 3070 2685 Adeo,
3111 2630 3298 2676 sancte
3327 2621 3502 2692 Impe-

1893 2713 2064 2770 rator,
2088 2707 2178 2775 qui
2202 2707 2396 2773 credit,
2421 2709 2603 2776 audit;
2638 2721 2692 2765 et
2722 2712 2892 2778 audit,
2929 2723 2984 2768 ut
3010 2715 3199 2770 credat
3227 2734 3240 2770 :
3271 2716 3364 2787 qui
3395 2733 3503 2773 tton

1892 2797 2086 2865 credit,
2119 2816 2225 2855 non
2257 2801 2443 2869 audit;
2477 2803 2573 2859 sed
2617 2819 2718 2860 nec
2746 2806 2882 2873 vult,
2923 2823 3022 2863 nec
3063 2818 3248 2878 potest
3289 2809 3499 2877 audire,

1894 2907 1962 2948 ne
1987 2893 2178 2950 credat
2203 2897 2215 2949 l

1968 2986 2093 3043 155.
2138 2990 2318 3058 Atque
2359 2990 2591 3054 utinam,
2633 2992 2778 3063 quod
2820 2995 2872 3048 in
2911 3009 2998 3050 me
3039 3005 3142 3060 est,
3178 2996 3366 3052 audire
3400 2999 3509 3053 vcl-

1894 3079 2040 3145 leut,
2075 3089 2134 3135 ut
2166 3082 2498 3139 crederent:
2531 3085 2724 3142 audite
2770 3102 2892 3140 cuin
2947 3088 3086 3143 bona
3132 3089 3402 3144 cltaritate
3450 3095 3506 3147 el

1896 3175 2336 3241 mansuetudine,
2367 3186 2426 3231 ut
2455 3192 2642 3232 verum
2679 3192 2983 3248 quaarentes
3006 3221 3020 3245 ,
3062 3195 3168 3236 non
3211 3183 3501 3238 veritatem

262 3267 390 3324 128.
435 3267 727 3324 Videamus
755 3285 885 3340 ergo
926 3271 1182 3341 quoniam
1228 3286 1391 3342 quem
1421 3271 1594 3326 Filius
1634 3271 1792 3326 dam-
1821 3258 1866 3322 C
1898 3268 2299 3338 impugnantes.
2331 3269 2605 3339 Scriptum
2632 3281 2714 3326 est
2737 3271 2905 3339 enim,
2937 3283 2993 3328 ut
3020 3289 3128 3329 non
3156 3276 3504 3333 intendamus

184 3371 312 3427 ttat,
345 3371 400 3416 et
426 3361 580 3418 Pater
607 3363 853 3418 damnat.
885 3363 953 3419 Et
974 3363 1099 3420 ideo
1121 3364 1539 3422 ltonorilicemus
1569 3366 1788 3433 Filium,

180 3455 332 3511 sicut
355 3455 771 3512 bonorillcamus
794 3457 1040 3523 Patrem;
1064 3468 1123 3514 ut
1146 3473 1244 3529 per
1264 3456 1461 3514 Filium
1486 3459 1552 3514 ad
1577 3459 1790 3518 Patrem

176 3550 479 3618 pervenire
509 3550 800 3620 possimus.

779 3662 1010 3723 CAPUT
1047 3665 1166 3722 XV.

177 3774 429 3834 Modeste
470 3781 626 3835 sentit
674 3781 739 3836 de
779 3781 950 3852 Opere
976 3799 1070 3837 suo
1093 3799 1112 3837 :
1141 3783 1263 3838 dicit
1309 3793 1478 3838 tamen
1521 3784 1590 3837 ad
1635 3783 1792 3853 ﬁdem

250 3871 395 3926 illud
450 3873 718 3944 sumcere;
765 3891 878 3928 cum
932 3876 1120 3930 divina:
1173 3876 1488 3948 generationi
1541 3885 1613 3930 tot
1666 3876 1792 3930 locis

256 3965 548 4037 Scriptura
604 3969 952 4043 suffragetur,
1011 3973 1098 4026 cui
1153 3972 1521 4027 obsurdescunt
1589 3972 1787 4026 Ariani.

258 4061 472 4118 Horum
515 4065 854 4135 pervicaciam
899 4063 1139 4120 Iudaicae
1190 4067 1342 4136 plane
1385 4066 1602 4120 similem
1650 4075 1793 4136 pate-

254 4156 482 4228 faciens,
510 4157 827 4224 adprecatur
856 4158 961 4212 illis
990 4157 1219 4213 veritatis
1248 4173 1496 4212 amorem.
1521 4157 1791 4212 Postremo

250 4248 572 4305 deserendos
627 4266 744 4319 eos,
770 4260 948 4321 utpote
1007 4251 1274 4306 haereticos
1321 4261 1369 4306 et
1418 4250 1790 4316 Antichristos,

252 4343 432 4398 docet.

256 4480 390 4536 1'29.
433 4480 559 4537 Haec
579 4497 701 4552 ego,
730 4481 1035 4553 Imperator
1057 4495 1306 4556 auguste,
1329 4485 1557 4555 carptim
1584 4499 1648 4541 ac
1674 4487 1792 4540 bre-

171 4576 324 4631 viter
351 4573 599 4645 impolita
623 4578 794 4648 magis
817 4573 1096 4646 proposui,
1121 4593 1282 4648 quam
1310 4578 1539 4634 enodata
1563 4578 1787 4649 digessi.

1894 3357 2082 3428 fabulis
2109 3369 2155 3413 et
2182 3361 2500 3432 genealogiis
2539 3363 3026 3432 interminabilibus,
3058 3383 3174 3434 qua:
3198 3369 3505 3437 quaestiones

1896 3451 2059 3522 magis
2099 3461 2345 3522 prastant
2389 3470 2544 3522 quam
2585 3455 2985 3523 cediﬁcalionem
3027 3455 3150 3523 Dei,
3178 3475 3292 3529 qua?
3318 3461 3372 3513 in
3400 3461 3505 3530 ﬁde

1894 3559 1988 3602 est.
2016 3547 2171 3602 Finis
2195 3558 2364 3602 autem
2391 3551 2632 3620 pracepti
2658 3560 2737 3604 est
2766 3549 2996 3607 charitas
3017 3552 3082 3607 de
3103 3553 3259 3608 corde
3277 3571 3431 3624 puro,
3455 3568 3505 3611 et

1894 3643 2204 3698 conscientia
2247 3643 2399 3707 bona,
2442 3654 2488 3697 et
2529 3644 2635 3712 ﬁde
2664 3660 2765 3699 non
2797 3645 2936 3713 ﬁcta.
2974 3645 3019 3698 A
3061 3646 3248 3714 quibus
3289 3648 3502 3718 quidam

1893 3736 2212 3800 aberrantes,
2245 3737 2476 3790 conversi
2513 3746 2630 3791 sunt
2656 3737 2708 3790 in
2741 3737 3114 3809 vaniloquium,
3142 3741 3365 3795 volentes
3395 3758 3505 3796 esse

1896 3832 2024 3902 legis
2051 3832 2310 3898 doctores,
2343 3849 2444 3886 non
2475 3831 2815 3903 intelligentes
2843 3850 3004 3904 neque
3037 3850 3153 3900 qua:
3195 3835 3498 3904 loquuntur,

1898 3941 2054 3996 neque
2094 3925 2158 3980 de
2187 3926 2368 3996 quibus
2408 3926 2665 3996 afﬁrmant
2699 3925 2740 3996 (Ι
2775 3924 2908 3980 Tim.
2945 3942 2994 3992 ι,
3025 3926 3059 3980 4
3086 3937 3131 3980 et
3161 3926 3308 3996 seq.)
3352 3927 3497 3981 Alibi

1895 4032 2111 4088 quoque
2141 4017 2283 4072 idem
2318 4017 2616 4088 Apostolus
2644 4017 2812 4072 dicit:
2845 4017 3052 4074 Stultas
3088 4029 3260 4072 autem
3296 4029 3341 4073 et
3385 4019 3498 4075 sine

1896 4112 2174 4184 disciplina
2198 4113 2503 4182 quiestiones
2527 4112 2695 4166 devita
2717 4111 2781 4184 (ll
2807 4109 2944 4166 Tim.
2971 4127 3030 4179 tt,
3058 4111 3175 4184 25).

1970 4205 2092 4263 154.
2137 4205 2296 4261 Tales
2323 4217 2345 4244 ο
2365 4206 2701 4262 deserendos
2723 4207 3018 4276 Apostolus
3038 4207 3189 4271 dicit,
3211 4209 3300 4278 qui
3325 4224 3501 4276 quaes-

1898 4298 2075 4355 tiones
2105 4308 2318 4366 serunt,
2344 4298 2447 4355 hoc
2472 4309 2576 4366 est,
2602 4298 2894 4355 haereticos
2924 4319 2938 4355 :
2967 4301 3036 4356 de
3061 4301 3260 4373 quibus
3287 4313 3339 4358 et
3370 4303 3499 4358 alibi

1895 4388 2028 4444 dicit
2063 4389 2207 4460 quod
2237 4389 2498 4446 discedent
2525 4389 2736 4460 quidam
2774 4406 2806 4443 a
2832 4391 2957 4460 ﬁde,
2989 4393 3308 4448 intendentes
3344 4395 3500 4464 spiri-

1896 4481 2031 4536 tibus
2058 4484 2248 4536 erroris
2275 4492 2323 4538 et
2363 4483 2617 4537 doctrinis
2662 4484 3034 4539 daemoniorum
3065 4485 3107 4558 (Ι
3130 4484 3263 4543 Tim.
3291 4502 3364 4552 tv,
3416 4487 3491 4556 1).

1971 4575 2094 4630 155.
2135 4575 2200 4630 Et
2227 4574 2472 4632 Joannes
2492 4575 2627 4631 dicit
2648 4576 2936 4631 haereticos
2961 4590 3084 4632 esse
3108 4577 3496 4644 Autichristos,

169 4667 342 4736 Quod
387 4667 434 4722 si
469 4683 571 4737 qua
610 4669 799 4724 Ariani
840 4670 1270 4726 inconsummata
1312 4670 1663 4738 arbitrantur,
1696 4686 1796 4742 ego
1821 4657 1876 4718 D
1899 4671 2132 4726 Arianos
2161 4671 2346 4742 utique
2375 4671 2666 4742 designans
2697 4671 2744 4741 (l
2767 4670 2921 4726 Joan.
2959 4687 3018 4736 ll,
3054 4671 3168 4743 18).
3199 4671 3323 4728 llaec
3352 4674 3498 4728 enim

169 4762 266 4816 vix
326 4759 506 4815 fateor
543 4761 834 4817 inchoata:
869 4764 914 4816 si
961 4777 1064 4832 qua
1113 4763 1292 4818 adhuc
1338 4776 1631 4832 superesse
1675 4763 1794 4832 opi-

171 4863 428 4918 nantur,
477 4868 579 4924 ego
618 4869 787 4924 prope
826 4855 1040 4920 omnia;
1082 4854 1391 4910 inﬁdelibus
1431 4855 1575 4911 enim
1621 4863 1790 4911 totum

167 4947 374 5013 deest,
398 4945 638 5001 abundat
659 4947 931 5003 fidelibus.
957 4947 1200 5019 Denique
1222 4964 1325 5004 una
1349 4949 1622 5005 confessio
1647 4950 1790 5006 Petri

169 5038 487 5094 abundavit
509 5038 575 5093 ad
602 5039 758 5096 fidem
780 5041 1000 5097 Christo
1025 5058 1037 5095 :
1061 5039 1144 5096 Tu
1167 5057 1220 5097 es
1242 5040 1477 5097 Christus
1501 5039 1550 5094 F
1555 5042 1675 5097 ilius
1696 5041 1795 5099 Dei

251 5187 282 5250 ς
319 5175 634 5250 lrridentur
665 5176 752 5232 hic
779 5178 989 5243 Ariani,
1022 5180 1111 5246 qui
1141 5193 1265 5234 cum
1297 5178 1653 5250 phil050phim
1683 5179 1799 5249 pla-

167 5249 315 5322 citis
375 5247 471 5322 niti
496 5263 581 5322 ‘se
613 5249 929 5322 iactarent,
971 5247 1310 5322 relationem
1336 5247 1798 5322 quantitatis—ubi

168 5319 579 5390 philosophice
609 5321 884 5388 laquendo
914 5321 1192 5390 qualitatis
1223 5319 1600 5385 esse—debeat,
1639 5322 1797 5377 indu-

165 5392 413 5464 cebant.
439 5390 532 5464 Sic
557 5394 717 5446 etiam
745 5391 982 5464 Cyrillus
1008 5394 1171 5448 Alex.
1202 5395 1254 5448 in
1283 5394 1448 5450 Thes.
1476 5395 1696 5450 dissert.
1733 5395 1795 5449 11

165 5463 445 5538 eamdem
479 5463 727 5538 Eunomii
759 5463 1023 5538 fallaciam
1055 5465 1253 5534 arguit.
1287 5467 1590 5538 Eapropter
1616 5473 1799 5521 autem

165 5535 576 5592 difﬁcultatem
607 5534 743 5591 hanc
774 5551 882 5590 uno
913 5536 1078 5592 verbo
1110 5534 1427 5604 perstrinxit
1452 5534 1796 5604 Ambrosius,

165 5609 332 5679 quin,
356 5607 530 5679 ipsam
561 5621 720 5679 supra
751 5607 966 5662 abunde
993 5608 1268 5663 enodavit.

248 5679 283 5716 δ
323 5677 462 5734 Mss.
507 5680 609 5732 hau

165 5766 294 5807 non
333 5748 598 5823 absurde,
628 5749 824 5805 melius
857 5761 1033 5806 tamen
1067 5751 1182 5818 alii,
1216 5762 1378 5823 atque
1395 5751 1552 5815 edit.,
1582 5748 1683 5807 non
1714 5754 1797 5805 di-

165 5823 490 5894 minutum.
516 5820 664 5876 llauc
686 5833 871 5894 autem
902 5836 1112 5889 vocem,
1142 5820 1366 5894 perinde
1393 5838 1457 5878 ac
1477 5834 1802 5894 sequentem

167 5910 299 5958 non
337 5891 526 5966 possis
568 5893 766 5948 rectius
809 5891 1156 5964 intelligere,
1179 5911 1341 5968 quam
1372 5911 1438 5953 ex
1474 5891 1578 5951 hoc
1617 5895 1808 5951 Hilarii

637 5991 923 6055 ΡΛτιιοι..
982 5989 1156 6056 XVI.

689 5681 880 5752 pauci,
932 5695 1032 5732 non
1075 5681 1409 5752 demutatam.
1446 5679 1796 5752 Quamquam
1845 5736 1848 5738 .

1898 4765 2123 4821 haeresis
2173 4773 2294 4835 post
2341 4779 2532 4821 omnes
2584 4764 2822 4820 hmreses
2869 4766 3070 4835 coepit,
3126 4776 3182 4822 et
3233 4783 3301 4823 ex
3349 4769 3499 4823 omni

1896 4853 2092 4912 haeresi
2133 4871 2338 4912 venena
2379 4855 2617 4926 collegit.
2664 4855 2821 4930 Sicut
2863 4856 3008 4912 enim
3049 4857 3118 4914 de
3159 4859 3499 4914 Antichristo

1895 4951 2158 5021 scriptum
2189 4951 2438 5019 est.quia
2483 4949 2684 5019 aperuit
2734 4965 2791 5004 os
2830 4966 2982 5004 suum
3029 4951 3083 5004 in
3125 4951 3499 5022 blasphemiam

1901 5045 1969 5098 ad
1999 5044 2180 5107 Deum,
2215 5041 2572 5110 blasphemare
2613 5057 2799 5097 nomen
2843 5046 2977 5115 ejus,
3008 5052 3055 5098 et
3099 5044 3286 5097 bellum
3327 5046 3500 5112 facere

1895 5180 2014 5235 loco
2057 5179 2150 5233 lib.
2185 5193 2237 5232 vr
2267 5177 2336 5232 de
2379 5175 2574 5247 Trinit.
2617 5177 2697 5233 sic
2737 5177 3006 5247 loquentis
3039 5195 3050 5230 :
3089 5175 3268 5229 Nescit
3297 5175 3350 5228 in
3383 5173 3495 5229 Deo

1901 5252 2188 5321 porticum
2207 5290 2221 5313 ,
2266 5248 2356 5302 sed
2385 5249 2480 5321 scit
2511 5246 2679 5302 Deum
2707 5246 2869 5321 totum
2897 5265 2960 5303 ea:
2991 5248 3097 5303 Deo
3127 5256 3231 5301 toto
3261 5263 3278 5300 :
3306 5247 3402 5321 scit
3431 5263 3497 5301 ex

1900 5318 2003 5377 uno
2051 5336 2244 5384 unum;
2273 5335 2375 5373 non
2407 5320 2698 5385 desectum,
2740 5320 2830 5372 sed
2868 5330 3045 5373 natum
3068 5334 3088 5373 :
3111 5321 3206 5373 scit
3235 5318 3500 5371 nativitate

1901 5394 1998 5448 Dei
2026 5409 2116 5446 nec
2145 5391 2539 5445 diminutionem
2565 5407 2675 5445 esse
2701 5391 2980 5462 gignentis,
3012 5407 3104 5444 nec
3143 5388 3500 5458 inﬁrmitatem

1899 5482 2010 5521 esse
2036 5464 2314 5519 nascentis.

1976 5547 1998 5575 ο
2031 5537 2106 5592 Ita
2139 5550 2268 5590 mss.
2299 5535 2484 5604 plures
2511 5549 2574 5590 ac
2598 5532 2841 5604 potiores
2869 5550 2881 5585 :
2915 5531 3004 5585 alii
3033 5547 3162 5588 vero
3190 5531 3410 5604 partim,
3447 5541 3506 5586 ut

1900 5610 2122 5664 Amerb.
2155 5603 2317 5676 atque
2346 5607 2524 5673 Eras.,
2549 5603 2638 5675 qui
2666 5607 2970 5673 quastiones
2992 5613 3242 5676 asset-ant.
3270 5603 3362 5676 hos
3393 5619 3502 5658 esse

1901 5680 2170 5735 hazreticos
2193 5673 2449 5748 {partim
2492 5673 2818 5748 ut'Gill.,..._
2844 5683 3044 5748 serunt,
3068 5673 3165 5748 hos
3192 5689 3302 5728 esse
3335 5675 3502 5748 luere-

1899 5754 2059 5818 ticos;
2097 5745 2406 5813 unus'ms.,
2447 5759 2493 5801 et
2531 5764 2617 5802 eos
2649 5760 2756 5798 esse
2799 5745 3098 5809 hereticos;
3135 5745 3294 5800 Rom.
3342 5745 3501 5813 edit.,

1906 5825 2002 5879 hoc
2028 5833 2122 5889 est,
2152 5837 2240 5876 eos
2269 5836 2378 5874 esse
2403 5819 2690 5873 luereticos.

2988 5987 3063 6054 10
