4016 6292
250 329 359 388 58⁸)

1612 323 1705 386 DE
1746 324 1909 386 FIDE
1949 326 2081 385 LIB.
2121 326 2215 385 III.

251 451 451 506 exsilia
502 451 781 507 recordari
810 493 825 519 ,
878 452 1087 523 piorum
1150 446 1453 504 sacerdotis
1512 447 1850 517 proditorum
1879 447 1934 507 Α
1957 447 2137 502 avium
2166 446 2467 502 exercitum
2496 445 2696 500 ducent
2731 457 2745 497 :
2777 442 2871 499 sed
2915 451 3091 509 tuum,
3118 443 3347 500 Domine
3392 444 3547 512 Iesu,

249 559 503 600 munera.
538 544 730 601 Nonne
769 544 835 601 de
861 544 1111 600 Thraciae
1152 540 1401 613 partibus
1432 554 1528 610 per
1562 539 1852 610 Ripensem

249 638 474 693 Daciam
523 649 578 695 et
627 639 885 711 Mysiam,
931 651 1258 709 omnemque
1302 635 1578 693 Valeriam
1640 634 1857 690 Panno-

250 732 497 799 niorum,
548 742 721 791 totum
758 735 905 789 illum
936 734 1162 789 limitem
1204 731 1482 802 sacrilegis
1527 730 1728 800 pariter
1754 744 1853 785 vo-

247 829 406 886 cibus
444 839 500 885 et
528 829 838 886 Barbaricis
863 828 1102 883 motibus
1118 825 1422 882 audivimus
1448 822 1857 880 iuhorrentem?

245 922 387 993 Quid
442 933 661 994 poterat
701 923 861 979 nobis
906 923 1106 977 vicinia
1159 932 1267 976 tam
1319 918 1509 975 fcraiis
1561 917 1855 973 invehere?

248 1029 343 1073 aut
394 1017 855 1090 quemadmoddm
918 1034 1006 1074 res
1042 1017 1289 1073 Romana
1344 1014 1435 1070 lali
1488 1023 1601 1069 tnta
1646 1020 1856 1083 poterat

248 1127 380 1175 esse
404 1106 689 1169 custodia?

321 1207 449 1263 141.
478 1206 585 1263 Sed
630 1207 740 1278 jam
786 1208 918 1263 satis
964 1216 1261 1277 superque,
1304 1201 1651 1273 Omnipotens
1684 1201 1851 1266 Deus,

255 1306 282 1336 ι
318 1308 510 1355 nostro
555 1299 774 1365 exsilio,
808 1308 1105 1370 noStroque
1145 1297 1429 1369 Sanguine,
1477 1294 1851 1351 confessorem

244 1402 434 1459 neces,
460 1392 651 1450 exsilia
686 1392 1058 1458 sacerdotum,
1091 1398 1144 1447 et
1178 1390 1331 1445 nefas
1352 1395 1525 1443 tantm
1558 1386 1855 1457 impietatis

243 1484 486 1543 eluitntts
538 1504 551 1539 :
602 1483 735 1540 satis
781 1483 977 1539 claruit
1015 1496 1112 1538 eos
1156 1481 1249 1552 qui
1288 1480 1615 1536 violaverim
1656 1477 1851 1548 fidem,

244 1578 396 1635 tutos
427 1593 551 1634 esse
582 1586 688 1634 non
719 1592 900 1647 posse.
933 1574 1298 1642 Convertere,
1326 1572 1580 1641 Domine,
1615 1573 1854 1645 fideique

244 1680 355 1728 tute
404 1671 595 1727 attolle
626 1671 843 1727 vexilla.

320 1764 446 1819 149..
478 1762 599 1819 Non
663 1763 751 1820 hic
801 1763 998 1835 aquila:
1045 1760 1333 1826 militares,
1400 1774 1577 1832 neque
1639 1759 1856 1815 volatus

317 1914 343 1942 ι
373 1904 534 1959 Rom.
565 1904 849 1979 edit.‘cum
878 1920 990 1964 uno
1011 1905 1096 1962 vel
1112 1905 1303 1979 altero
1332 1919 1465 1970 ms.,
1486 1912 1665 1979 nostra
1686 1901 1852 1979 eaitio
1886 1919 1934 1979 Β

238 1986 352 2033 vet.
380 1992 507 2032 cum
527 1976 776 2044 reliquis,
812 1988 990 2033 nostra
1010 1977 1194 2033 exsilio
1220 1994 1238 2043 ;
1267 1992 1374 2030 non
1403 1976 1565 2044 male.
1591 1974 1857 2042 Loquitur

239 2048 385 2105 enim
419 2048 471 2103 in
503 2042 907 2104 Catholicornm
942 2063 1201 2121 persona,
1251 2042 1483 2117 quorum
1513 2056 1722 2102 certum
1770 2051 1855 2099 est

1959 554 2154 596 nomen
2185 548 2241 595 et
2268 540 2466 594 cultus.
2519 538 2633 592 Non
2679 536 2766 591 hic
2813 535 3052 591 inﬁdelis
3087 533 3116 574 ι’
3152 536 3333 606 aliqua
3375 540 3547 607 regio,

1958 635 2053 691 sed
2093 648 2157 709 ea
2194 648 2317 705 quae
2359 632 2707 689 confessorcs
2750 632 2970 687 mittere
3013 629 3156 686 solet
3185 628 3369 694 Italia;
3400 628 3551 685 Italia

1957 728 2247 801 aliquando
2274 734 2514 791 tentata,
2560 730 2764 780 mutata
2786 733 3082 793 numquam
3109 740 3122 776 :
3150 734 3311 793 quam
3341 721 3547 777 dudum

1956 823 2026 879 ab
2048 822 2205 879 hoste
2232 821 2463 877 barbaro
2497 816 2811 884 defendisti,
2863 830 3008 871 nunc
3035 816 3203 870 etiam
3233 814 3546 870 vindicasti.

1956 915 2074 971 Non
2128 915 2216 970 hic
2262 915 2319 968 in
2367 913 2699 983 imperatore
2750 922 2905 965 mens
2958 907 3206 975 lubrica,
3260 906 3357 963 sed
3414 906 3550 963 fides

1956 1010 2080 1065 ﬁxa.

2028 1103 2152 1160 M5.
2180 1102 2418 1159 Ostende
2465 1115 2607 1155 nunc
2628 1086 2858 1153 evidens
2910 1104 3015 1150 tua:
3060 1093 3360 1165 maiestatis
3408 1094 3551 1149 indi-

1952 1198 2135 1261 cium;
2189 1205 2247 1252 ut
2295 1196 2342 1250 is
2388 1192 2485 1264 qui
2527 1202 2579 1248 te
2617 1205 2808 1247 verum
2857 1189 3113 1243 virtutum
3158 1186 3452 1242 Dominum
3496 1194 3554 1241 et

1955 1288 2196 1348 cmlestis
2222 1286 2429 1343 militia:
2456 1284 2651 1340 ducem
2684 1300 2696 1335 :
2728 1283 2776 1337 is
2818 1280 2912 1352 qui
2944 1288 2996 1335 te
3035 1293 3221 1335 veram
3255 1276 3351 1332 Dei
3383 1277 3557 1331 virtu-

1957 1392 2063 1441 tem
2095 1383 2273 1439 credit
2297 1395 2422 1438 esse
2449 1375 2615 1452 atque
2659 1376 3009 1446 sapientiam,
3042 1387 3149 1428 non
3196 1370 3555 1445 temporalem

1956 1478 2145 1547 utique
2173 1489 2276 1531 nec
2313 1482 2579 1538 creatam,
2623 1468 2721 1526 sed
2750 1468 3163 1539 sempiternam,
3204 1464 3345 1520 sicut
3380 1464 3555 1534 scrip-

1958 1580 2070 1627 tum
2100 1578 2208 1636 est,
2252 1567 2350 1623 Dei
2404 1566 2659 1622 virtutem
2701 1570 2758 1618 et
2797 1558 3165 1623 divinitatem,
3200 1565 3306 1612 tute
3354 1555 3554 1626 majes-

1956 1665 2086 1721 tatis
2141 1660 2311 1717 fultus
2364 1656 2589 1721 auxilio,
2645 1652 2773 1719 ﬁdei
2828 1666 2943 1708 suae
3015 1659 3216 1721 tropaea
3274 1655 3554 1704 mereatur

1957 1757 2004 1830 (l
2032 1754 2153 1813 Cor.
2184 1769 2225 1821 ι,
2255 1752 2372 1823 24).

1961 1913 2069 1953 non
2118 1907 2318 1966 paucos
2344 1892 2431 1947 bis
2472 1888 2831 1947 barbarorum
2875 1880 3280 1942 incursionibus
3323 1895 3354 1936 e
3382 1878 3572 1953 patria.

1960 1984 2057 2025 sua
2098 1966 2374 2037 expulsos.

2032 2038 2060 2079 δ
2089 2023 2218 2095 Mss.
2246 2032 2516 2100 nonnulli,
2550 2028 2725 2104 aliqua
2752 2029 2957 2102 religio,
2988 2024 3173 2085 minus
3192 2023 3482 2082 concinne.

250 2159 3546 2201 ,________________________________—————-————-

1418 2292 1761 2375 LIBER
1839 2284 2385 2373 TERTIUS.

667 2572 827 2645 497
876 2570 1106 2628 CAPUT
1148 2568 1438 2627 PRIMUM.

242 2709 345 2767 Ubi
376 2708 633 2781 prtemisit
676 2707 971 2762 Ambrosius
997 2705 1325 2778 quamobrem
1354 2702 1583 2759 strictim
1631 2708 1847 2753 tractata

313 2806 369 2858 in
401 2792 662 2874 prioribus
698 2800 862 2870 libris,
904 2801 955 2854 in
999 2799 1077 2854 his
1115 2799 1324 2853 uberius
1364 2794 1638 2850 tractanda
1684 2793 1846 2847 susci-

319 2905 428 2969 piat
452 2916 471 2965 ;
495 2895 751 2964 objectum
775 2892 872 2949 sibi
896 2891 1187 2965 fabularum
1216 2907 1368 2945 usum
1395 2888 1628 2959 exemplo
1660 2884 1847 2955 Scrip—

320 3004 451 3045 tum
474 2990 628 3043 diluit
658 3004 772 3042 cum
800 2986 904 3039 alia
944 2986 1143 3058 poetica
1173 2982 1525 3043 memorantis,
1571 2988 1681 3033 tum
1736 2990 1850 3029 nta-

316 3088 458 3139 xime
480 3083 715 3148 Sirenas,
744 3096 859 3151 quw
879 3080 1063 3149 ﬁgura:
1084 3087 1201 3131 sunt
1224 3078 1547 3143 voluptatum
1573 3088 1637 3126 :a
1667 3069 1850 3140 quibus

320 3191 369 3234 et
429 3174 585 3231 Pauli
636 3174 790 3229 verba
847 3183 894 3227 rt
940 3171 1134 3226 Christi
1194 3172 1331 3242 farta
1379 3175 1580 3240 oportet
1639 3160 1850 3219 avocent

323 3258 660 3328 Christianos.

1962 2557 2266 2616 versiculos
2315 2562 2598 2625 poetarum
2668 2551 2965 2624 Seripuris
3014 2552 3251 2610 insertos
3302 2568 3425 2612 esse
3480 2552 3562 2612 di-

1997 2668 2121 2705 "IIS.

1960 2668 2271 2799 νηἘυιιὰο
2309 2740 2455 2797 enim
2490 2738 2664 2795 illud:
2695 2736 2869 2811 Hujus
2913 2749 2962 2794 et
3004 2754 3170 2810 genus
3198 2755 3375 2795 sumus
3419 2738 3560 2812 (Art.

1960 2851 2091 2900 xvn,
2122 2830 2202 2905 8),
2231 2832 2376 2905 quod
2424 2831 2630 2887 Paulus
2663 2845 2761 2887 usu
2794 2829 3120 2901 prophetico
3167 2830 3365 2886 doctus
3394 2845 3557 2885 usur-

1959 2928 2094 2999 pat?
2140 2926 2272 2981 Nam
2321 2934 2377 2981 et
2427 2922 2677 2995 gigantes
2731 2921 2921 2993 (Nunt.
2968 2938 3087 2990 snt,
3118 2923 3237 2993 54),
3272 2932 3328 2978 et
3365 2922 3559 2979 vallem

1953 3018 2206 3074 Titanum
2253 3016 2317 3088 (li
2347 3015 2475 3086 Reg.
2522 3031 2576 3082 v,
2617 3013 2709 3085 18)
2741 3014 3047 3085 prophetici
3084 3014 3362 3071 sermonis
3388 3014 3562 3070 series

1956 3129 2064 3170 non
2095 3111 2318 3182 refugit.
2352 3110 2420 3165 Et
2464 3108 2654 3164 Esaias
2701 3106 2953 3174 Sirenas,
2982 3115 3036 3162 et
3090 3106 3229 3162 filias
3280 3120 3565 3175 passerum

1956 3205 2091 3261 dixit
2126 3202 2301 3277 (Emi.
2352 3214 2503 3262 sust.
2534 3197 2654 3270 20).
2715 3198 2784 3254 Et
2810 3197 3114 3255 Hieremias
3156 3196 3225 3252 de
3264 3196 3560 3268 Babylonia

1956 3294 2275 3353 memoravit
2334 3290 2480 3363 quod
2534 3289 2855 3347 habitabant
2895 3290 2949 3345 in
3000 3303 3067 3345 ea
3112 3287 3242 3344 ﬁlite
3298 3288 3555 3346 Sirenum

332 3403 386 3455 1.
416 3401 697 3469 Quoniam,
728 3398 1160 3455 clementiSsiute
1204 3395 1522 3466 Imperator,
1548 3389 1850 3449 instruendi
1879 3398 1924 3461 (ι
1959 3388 2173 3464 (Ierem.
2208 3400 2382 3450 xxvu,
2406 3384 2525 3453 59);
2551 3393 2610 3437 ut
2633 3379 3297 3451 ostenderetrBabylonis,
3326 3378 3430 3435 hoc
3450 3388 3556 3448 est,

1954 3483 2237 3542 saecularis
2269 3478 2613 3537 confusionis
2650 3475 2962 3542 illecebras,
3008 3483 3237 3531 vetuste
3271 3485 3294 3515 ο
3318 3474 3559 3531 lasciviae
3674 3484 3685 3491 '

244 3497 333 3551 sui
377 3494 571 3565 gratia,
616 3494 799 3563 aliqua
842 3492 913 3548 de
960 3491 1065 3547 ﬁde
1105 3489 1239 3545 mihi
1284 3486 1570 3544 scribenda
1622 3484 1849 3541 manda-

240 3603 433 3654 veras,
478 3599 533 3644 et
574 3585 1034 3643 verecundantem
1081 3598 1267 3639 coram
1308 3582 1471 3637 etiam
1521 3580 1637 3649 ipse
1673 3576 1854 3634 fueras
1905 3647 1912 3655 ο

237 3683 616 3747 adhortatus;
663 3681 788 3736 ideo
810 3679 970 3749 quasi
1019 3679 1072 3732 in
1123 3677 1403 3747 procinctu
1452 3674 1683 3744 positus,
1714 3671 1853 3726 duos

237 3788 464 3835 tantum
513 3775 815 3845 conscripsi
870 3772 1117 3838 libellos,
1167 3771 1364 3841 quibus
1428 3768 1543 3823 vias
1592 3763 1850 3837 quasdam

234 3872 382 3930 fidei
411 3882 467 3927 et
492 3872 717 3927 semitas
747 3869 1203 3924 demonstrarem.
1278 3918 1283 3923 ,

314 3964 378 4019 2.
407 3964 515 4021 Sed
547 3964 801 4035 quoniam
829 3974 987 4016 tuens
1020 3968 1183 4031 prava
1213 3956 1570 4028 quorumdam
1603 3951 1849 4011 serendis

230 4063 458 4119 intenta
494 4058 905 4130 quaestionibus,
940 4054 1083 4124 stylo
1117 4053 1336 4108 lacessit
1366 4061 1389 4088 ’ί
1418 4051 1669 4106 uberiore
1714 4061 1848 4103 con-

230 4155 334 4212 fici
368 4171 382 4223 ;
415 4160 520 4208 tua:
551 4156 765 4222 quoque
799 4148 887 4220 pia
922 4160 1007 4202 me
1053 4160 1179 4200 cura
1210 4143 1511 4197 clementia!
1546 4141 1613 4194 ad
1653 4148 1848 4194 cactcra

226 4255 441 4312 vocat,
470 4244 664 4299 volens
706 4244 757 4297 in
789 4238 1037 4313 pluribus
1072 4234 1342 4307 experiri,
1370 4242 1529 4304 quem
1578 4232 1631 4286 in
1665 4230 1851 4300 paucis

224 4340 542 4415 probasti;
587 4351 651 4392 ea
696 4348 816 4405 qua:
859 4332 1143 4404 perstricta
1174 4330 1364 4400 paucis
1410 4325 1659 4395 superius
1702 4330 1845 4383 sunt,

225 4414 456 4508 placuit
482 4430 613 4486 mihi
644 4428 805 4500 paulo
831 4427 990 4482 latius
1038 4423 1299 4493 exsequi;
1330 4430 1398 4476 ue
1426 4434 1487 4476 ιηι
1527 4419 1677 4489 quasi
1706 4414 1851 4471 etm-

224 4507 436 4584 dentia
481 4521 806 4579 assertionis
847 4517 1159 4575 deseruisse
1200 4514 1402 4585 potius,
1450 4522 1611 4583 quam
1648 4507 1852 4565 securi-

227 4632 367 4679 tate
397 4616 612 4673 ﬁducia;
639 4612 985 4683 proposuisse
1024 4611 1328 4666 videamur.

313 4717 381 4771 ὅ.
413 4714 480 4768 Et
509 4711 634 4783 quia
662 4708 690 4747 ι)
723 4708 937 4781 Ilydrtei
987 4703 1243 4768 nominis,
1292 4710 1349 4757 et
1392 4699 1605 4771 Scyll.ci
1655 4696 1852 4752 littoris

1953 3579 2154 3635 fabulis
2183 3573 2584 3647 comparandas
2610 3589 2624 3637 ;
2658 3588 2777 3645 qua:
2808 3571 2955 3627 velut
2979 3570 3275 3640 scopuloso
3320 3570 3374 3626 in
3402 3571 3561 3627 istius

1952 3675 2079 3730 vita:
2110 3673 2312 3736 littore.
2350 3668 2566 3725 dulcem
2614 3680 2876 3722 resonare
2926 3664 3244 3734 quamdam,
3277 3663 3373 3721 sed
3404 3678 3555 3720 mor-

1956 3768 2167 3824 tiferam
2194 3764 2522 3820 cantilenam
2550 3759 2620 3816 ad
2648 3757 2943 3828 capiendos
2979 3757 3196 3813 animos
3224 3756 3554 3815 adolescen-

1953 3863 2085 3917 tium
2152 3859 2466 3914 viderentur
2524 3872 2536 3908 :
2587 3865 2751 3925 quam
2810 3852 3034 3923 sapiens
3083 3852 3254 3907 etiam
3315 3851 3385 3907 ab
3434 3852 3556 3923 ipse

1956 3962 2113 4027 poeta
2167 3952 2358 4009 Gratco
2405 3948 2676 4004 inducitur
2728 3944 2912 4016 (Hom.
2966 3958 3041 4000 stt
3095 3943 3345 4017 ϐάρει),
3394 3947 3554 4015 quasi

1954 4044 2276 4117 quibusdam
2335 4039 2638 4110 prudentiae
2707 4050 2822 4093 sua:
2882 4035 3255 4092 circumdatus
3321 4032 3555 4092 vinculis

1956 4138 2300 4208 prastcriisse.
2330 4132 2407 4188 Ita
2430 4130 2649 4187 difﬁcile
2669 4122 2966 4201 iudicatum
2994 4136 3081 4183 est
3101 4136 3228 4184 ante
3255 4126 3549 4184 adventum

1954 4228 2154 4285 Christi
2186 4227 2349 4285 etiam
2376 4223 2633 4281 fortiores
2670 4236 2781 4277 non
2816 4234 2977 4291 posse
3002 4218 3124 4289 capi
3164 4217 3429 4290 speciosa:
3456 4218 3554 4276 de-

1955 4323 2092 4381 liciis
2129 4319 2426 4391 voluptatis
2451 4320 2464 4371 ι

2024 4417 2080 4472 ὅ.
2111 4415 2277 4489 [Alias
2314 4427 2431 4482 cap.
2463 4406 2553 4480 IL]
2586 4406 2742 4477 Quod
2788 4406 2833 4462 si
2865 4412 3024 4474 poeta
3064 4404 3549 4475 ille,pernieiesem

1955 4510 2225 4566 mentibus
2267 4504 2572 4568 hominum,
2616 4508 2674 4555 et
2724 4496 3023 4554 subeundis
3077 4496 3370 4554 obnoxiam
3414 4513 3551 4555 nau-

1955 4602 2162 4674 fragiis,
2221 4596 2456 4655 lascivis:
2520 4591 2798 4649 saecularis
2850 4589 3171 4646 illeoebram
3248 4589 3548 4661 judicavit;

1954 4695 2084 4767 quid
2130 4710 2228 4749 nos
2274 4693 2547 4747 assumere
2590 4692 2828 4756 Oportet,
2880 4683 3080 4755 quibus
3123 4683 3383 4754 scriptam
3423 4695 3547 4741 est:

224 4776 719 4877 comparationem
767 4776 1078 4857 indusimus
1121 4798 1277 4868 (Sup.
1307 4794 1398 4849 lib.
1439 4810 1484 4861 ι,
1519 4810 1639 4862 cap.
1677 4791 1763 4863 ι),
1795 4799 1854 4846 ιιι
1879 4789 2142 4857 DGarnis
2195 4797 2374 4840 curam
2425 4796 2488 4835 ne
2520 4777 2747 4877 [sectilis
2806 4776 2861 4831 in
2909 4776 3324 4842 concupiscentia
3366 4776 3547 4847 (Rom.

224 4900 671 4962 “tenderemus
699 4896 785 4951 vel
812 4895 1054 4951 rediviva
1099 4890 1367 4963 plantaria
1411 4888 1648 4943 cavenda
1680 4886 1845 4956 perii-

223 4995 391 5059 diaz,
417 4991 502 5046 vel
549 4992 756 5045 famosa
798 4985 1081 5056 naufragia
1122 4984 1211 5038 :si
1255 4983 1377 5052 quis
1418 4989 1608 5037 contra
1642 4979 1847 5035 licitum

220 5091 407 5158 putat
433 5083 672 5137 colorem
711 5077 1098 5149 disputationis
1122 5073 1390 5145 ejusmodi
1431 5089 1458 5127 a
1498 5070 1725 5142 poeticis
1772 5069 1851 5125 fa-

218 5178 396 5239 balis
424 5176 750 5240 derivatum,
794 5181 851 5228 et
887 5187 1009 5228 cum
1056 5171 1113 5226 in
1147 5168 1251 5225 fide
1291 5167 1424 5223 nihil
1463 5166 1606 5236 quod
1636 5165 1850 5235 vitupe-

220 5289 377 5333 rare
426 5270 601 5341 possit
645 5268 948 5333 invenerit,
998 5261 1207 5334 aliquid
1261 5260 1316 5317 in
1368 5273 1624 5316 sermone
1669 5272 1853 5326 repre-

220 5365 481 5429 hendit;
514 5372 774 5435 agatiscat
811 5377 920 5416 non
970 5359 1145 5415 solum
1174 5354 1496 5422 sententias,
1545 5351 1638 5408 sed
1689 5352 1855 5407 etiam

313 5515 346 5543 α
376 5505 541 5558 Rom.
569 5501 704 5556 edit.
733 5500 869 5562 sola,
920 5498 1154 5552 uberiore
1207 5494 1392 5565 configi
1418 5509 1431 5558 ;
1465 5500 1577 5548 vet.
1602 5490 1743 5565 pedit.
1791 5503 1853 5543 ac

218 5592 384 5638 mss.
419 5574 694 5637 nonnulli,
724 5560 954 5625 uberiore
1002 5568 1245 5639 confligi;
1292 5560 1487 5621 t'n'elius
1518 5560 1751 5634 'reliqui,
1798 5571 1855 5615 ut

225 5658 623 5774 lnb‘ezttiierb.
690 5725 745 5771 et
799 5714 978 5773 Erus,
1043 5705 1851 5782 Hytlrtvnnuminis...._calorem

172 5860 175 5861 ν
221 5790 627 5858 disputationis
661 5805 673 5840 :
702 5786 843 5861 Gill._
876 5799 938 5838 ac
990 5778 1175 5846 Rom”
1230 5781 1429 5861 Hydra;
1464 5778 1727 5861 nominis:
1762 5814 1814 5861 ,Α
1836 5812 1850 5827 .

217 5847 479 5926 datorem
496 5857 874 5930 disputationis
908 5870 926 5910 :
958 5868 1089 5911 mss.
1123 5862 1253 5910 Vero
1284 5847 1576 5907 nobiscum
1612 5847 1852 5912 faciunt;

1954 4895 2072 4946 xui,
2114 4876 2230 4949 Ii)?
2254 4876 2324 4931 Et
2347 4873 2474 4930 alibi
2509 4890 2521 4925 :
2555 4867 2761 4940 Castigo
2805 4883 2999 4938 corpus,
3024 4883 3194 4923 meum
3238 4878 3287 4923 et
3306 4866 3550 4947 servituti

1952 4973 2135 5044 redigo
2171 4987 2188 5025 :
2238 4985 2301 5023 ne
2340 4966 2458 5021 aliis
2507 4962 2796 5035 pradicans
2820 5001 2835 5028 ,
2891 4961 3004 5032 ipse
3040 4960 3296 5031 reprobus
3340 4960 3549 5031 efﬁcinr

1955 5066 1999 5139 (I
2029 5064 2151 5120 Cor.
2181 5078 2256 5128 nt,
2286 5060 2402 5131 27).

2026 5156 2194 5229 598
2219 5152 2271 5209 6.
2302 5151 2420 5207 Non
2447 5148 2591 5205 enim
2637 5162 2731 5216 per
2767 5146 3035 5201 luxuriam
3087 5144 3244 5200 nobis
3268 5143 3543 5214 Christus,

1956 5250 2053 5308 sed
2097 5264 2193 5319 per
2218 5243 2482 5317 jejunium
2522 5242 2753 5297 salutem
2784 5240 2982 5296 attulit.
3037 5238 3223 5309 Neque
3269 5239 3359 5294 ille
3390 5250 3554 5296 else-

1958 5344 2145 5402 reuda:
2200 5341 2387 5413 gratia:
2436 5353 2549 5427 sum
2587 5350 2771 5401 causa,
2827 5334 2923 5390 sed
2968 5340 3176 5393 nostra:
3227 5332 3552 5390 eruditionis

1955 5486 2150 5555 excipe
2188 5491 2372 5537 tamen
2397 5479 2611 5555 Thoen.
2646 5492 2836 5555 unum,
2869 5476 3282 5555 ubilegi‘tur....
3313 5481 3390 5555 vel
3417 5485 3548 5538 ναί-

1956 5559 2059 5611 dua
2085 5550 2504 5627 'plautaria...vel
2530 5551 2811 5627 ﬂagitiosa
2848 5550 3155 5627 naufragia,
3196 5558 3303 5604 etc.
3328 5552 3443 5627 {fer
3467 5570 3556 5612 eo.

1956 5617 2126 5686 torem
2150 5637 2332 5685 autem
2361 5617 2745 5693 disputationis
2774 5617 3017 5688 intelligo
3035 5617 3290 5677 anetum
3322 5623 3444 5694 eius
3483 5642 3550 5685 ac

1957 5701 2197 5825 Ιθυοοῖξξὸ
2225 5782 2356 5823 “re
2385 5763 2607 5820 magia,-
2643 5763 2695 5815 in
2732 5759 2944 5815 “tuam
2997 5772 3104 5818 uno
3154 5762 3277 5821 cod.
3306 5764 3556 5827 habetur

1960 5842 2048 5899 hic
2077 5851 2132 5899 et
2155 5840 2315 5907 infra,
2340 5836 2588 5908 fallaciis.

3653 3123 3756 3203 Χ.
