4016 6292
525 288 623 346 591

1890 295 1969 349 SA
1979 289 2135 349 NCT!
2172 292 2499 352 AMBROSII
3672 303 3752 358 593

518 404 690 474 gratia
735 402 1013 473 jejunavit.
1046 403 1232 474 Neque
1271 403 1583 461 inﬁrmitate
1633 407 1880 474 corporis
1932 406 2112 462 victus
2142 404 2195 468 Α
2221 405 2345 461 tatis
2367 406 2664 476 potentiatn
2697 406 2832 463 Filio
2853 406 3197 479 deneganda,
3223 419 3282 466 et
3322 412 3632 468 incarnattnn
3675 415 3754 470 1³1-

519 504 627 558 est,
680 504 740 548 ut
785 496 1013 550 esuriret
1048 512 1061 548 :
1091 494 1186 550 sed
1234 495 1528 552 esuriendo
1574 496 1816 567 suscepti
1865 495 2114 566 corporis

523 587 685 642 tidem
729 587 1011 657 prmstitit;
1065 596 1122 642 ut
1162 606 1266 643 ttutt
1308 590 1480 643 solum
1530 604 1753 660 corpus,
1802 591 1897 646 sed
1949 589 2113 646 etiam

521 678 870 737 inﬁrmitates
901 681 1071 735 nostri
1101 680 1345 750 corporis
1370 679 1592 736 doceret
1631 697 1661 736 a
1698 697 1757 737 se
1782 697 1905 737 esse
1928 696 2115 737 susce-

519 782 663 843 ptas,
730 772 873 829 sicut
933 773 1190 842 scriptum
1260 782 1340 828 est
1391 789 1407 827 :
1457 772 1713 839 Quoniam
1781 774 2113 844 infirmitates

520 874 726 921 nostras
754 865 997 934 suscepit,
1028 876 1077 919 et
1109 862 1438 935 (egritudines
1463 873 1665 919 nostras
1685 865 1907 937 portavit
1936 862 2110 929 (Esai.

522 972 639 1024 Lllt,
667 956 749 1026 4).

730 1078 737 1087 ·
1152 1049 1377 1108 CAPUT
1418 1051 1482 1107 ll.

523 1187 654 1257 Qua:
682 1187 909 1259 corporis
944 1195 1060 1241 sunt
1086 1203 1117 1240 a
1147 1185 1351 1243 Christo
1378 1205 1474 1258 pro
1514 1189 1660 1243 nobis
1685 1191 1931 1259 suscepti,
1974 1189 2109 1244 divi-

587 1281 737 1336 nitati
778 1296 879 1333 non
921 1279 1188 1334 tribuenda
1221 1297 1239 1334 :
1279 1281 1562 1337 secundum
1600 1281 1733 1337 hanc
1780 1282 1929 1338 illum
1962 1283 2107 1338 altis-
2148 1323 2156 1329 -

2220 506 2355 552 trem
2422 498 2727 555 Sabelliaua
2802 500 3077 571 impietate
3150 510 3399 559 astruere
3469 503 3753 560 videbuntur.

2218 589 2411 646 Dicant
2437 591 2581 648 enim
2612 592 2885 664 quomodo
2937 593 3068 649 illud
3100 609 3209 650 non
3241 595 3406 667 impie
3441 594 3506 652 de
3529 595 3668 652 Patre
3690 600 3757 653 iu-

2216 681 2458 754 telligere
2521 685 2748 755 possint,
2798 684 2942 756 quod
2989 686 3287 756 Apostolus
3331 688 3410 742 ait
3451 706 3465 741 :
3510 687 3571 743 lu
3606 706 3688 757 quo
3720 700 3757 746 et

2215 780 2621 833 consurrexistis
2648 795 2738 848 per
2763 780 2921 849 ﬁdem
2946 782 3263 850 operationis
3288 780 3410 848 Dei,
3433 783 3518 855 qui
3539 785 3756 839 suscitauit

2214 865 2364 922 illum
2389 885 2423 924 a
2450 871 2666 926 mortuis
2692 868 2933 941 (Coloss.
2959 888 3020 937 tt,
3048 871 3185 944 {2);
3219 882 3278 929 et
3303 873 3579 930 advertant
3602 874 3662 932 de
3690 891 3758 933 se-

2214 962 2503 1032 quentibus
2550 962 2682 1034 quid
2732 964 3053 1028 incurrant;
3102 966 3351 1037 sequitur
3399 965 3761 1024 enim:Etcust

2214 1055 2401 1108 mortui
2428 1056 2604 1111 essetis
2650 1056 2852 1112 delictis
2878 1066 2929 1112 et
2960 1060 3219 1128 praeputio
3246 1059 3421 1116 carnis
3452 1069 3638 1126 uestra,
3664 1062 3761 1116 risi-

2214 1146 2385 1215 ﬁcaoit
2411 1164 2506 1203 nos
2535 1164 2652 1203 cum
2697 1148 2814 1216 illo,
2849 1149 3052 1205 donans
3080 1150 3227 1207 nobis
3263 1154 3442 1208 omnia
3464 1154 3653 1221 delicta,
3691 1157 3761 1211 de-

2213 1241 2324 1296 lens
2368 1241 2509 1311 quod
2539 1241 2815 1297 adversum
2859 1260 2952 1299 nos
2990 1255 3101 1299 erat
3144 1246 3547 1319 chirographum
3589 1250 3762 1315 decreti,

2212 1332 2351 1402 quod
2378 1343 2489 1388 erat
2514 1335 2835 1389 contrarium
2860 1335 3009 1390 nobis
3042 1352 3062 1391 :
3090 1346 3139 1392 et
3167 1338 3344 1409 ipsum
3384 1341 3503 1394 tulit
3528 1339 3587 1395 de
3608 1342 3761 1408 medio,

2212 1424 2434 1497 afﬁgens
2476 1425 2611 1480 illud
2633 1427 2797 1493 cruci,
2841 1443 3036 1484 exuens
3063 1445 3120 1483 se
3146 1445 3305 1486 carne
3333 1428 3532 1500 (Ibid.,
3562 1432 3641 1499 13,
3665 1432 3761 1504 il).

2289 1516 2376 1572 15.
2419 1521 2446 1552 ⁸
2473 1515 2617 1589 Ergo
2647 1533 2755 1574 non
2782 1518 2926 1575 Deus
2945 1518 3111 1577 Pater
3128 1521 3281 1576 solus
3306 1521 3665 1594 intelligendus
3681 1534 3771 1582 at.

2212 1610 2303 1677 qui
2336 1610 2616 1666 suscitavit
2661 1625 2882 1668 carnem
2912 1630 2927 1666 :
2956 1623 3147 1669 etnon
3194 1616 3359 1670 etiam
3411 1614 3595 1680 Filius,
3643 1616 3766 1688 cujus

2212 1702 2472 1770 templum
2495 1704 2877 1761 resuscitatum
2908 1714 3011 1762 est.
3036 1706 3139 1774 Qui
3175 1707 3487 1772 suscitavit,
3524 1708 3687 1779 utique
3723 1718 3767 1766 et

2137 1797 2186 1858 B
2212 1795 2503 1852 viviﬁcavit
2541 1798 2678 1869 :qui
2724 1799 3036 1865 viviﬁcavit,
3080 1810 3136 1856 et
3170 1800 3369 1857 delicta
3412 1800 3661 1858 donavit:
3695 1803 3765 1874 qui

2210 1888 2407 1945 delicta
2438 1890 2686 1959 donavit,
2716 1900 2771 1949 et
2787 1892 3214 1965 chirographum
3248 1894 3400 1950 tulit:
3426 1895 3517 1966 qui
3536 1894 3767 1967 chirogra-

582 1971 638 2026 7.
667 1967 929 2043 Corporis
950 1980 1034 2027 est
1064 1971 1252 2042 igitur,
1284 1971 1390 2029 hoc
1411 1981 1514 2038 est,
1546 1982 1790 2029 nostrum
1820 1984 1924 2043 est,
1962 1975 2104 2048 quod
2210 1981 2374 2052 phum
2410 1984 2550 2048 tulit,
2583 1983 2758 2040 alﬂxit
2787 1984 2916 2040 illud
2938 1986 3087 2041 cruci
3113 2002 3126 2040 :
3155 1986 3249 2057 qui
3284 1984 3461 2042 affixit
3488 1985 3608 2042 illud
3628 1987 3766 2052 cruci,

510 2065 737 2122 esurivit
770 2082 785 2119 :
814 2073 1058 2121 nostrum
1093 2074 1200 2132 est,
1231 2066 1381 2137 quod
1420 2066 1588 2130 ﬂevit,
1631 2068 1776 2139 quod
1812 2069 1982 2125 tristis
2007 2070 2109 2126 fuit
2208 2090 2427 2133 carnem
2472 2092 2534 2133 se
2568 2079 2739 2133 exuit.
2772 2078 2880 2135 Sed
2920 2078 3084 2136 Pater
3109 2094 3215 2135 non
3261 2094 3322 2137 se
3363 2081 3517 2136 esuit
3551 2096 3764 2146 carnem;

508 2175 682 2231 usque
731 2159 798 2213 ad
838 2168 1090 2214 mortem.
1132 2159 1243 2213 Cur
1298 2159 1749 2241 ad’divinitatem
1807 2177 1928 2231 qua:
1980 2172 2109 2218 sunt
2212 2186 2322 2227 non
2347 2172 2493 2228 enim
2539 2172 2705 2231 Pater
2745 2189 2873 2230 caro
2914 2173 3086 2231 lactus
3115 2184 3223 2241 est,
3254 2176 3351 2232 sed
3396 2175 3629 2241 Verbum,
3658 2177 3768 2232 sicut

505 2263 695 2309 nostra
722 2249 1357 2323 referuntur?Corporis
1387 2260 1494 2319 est,
1541 2253 1686 2323 quod
1727 2255 1891 2309 etiam
1933 2255 2105 2312 factus
2213 2266 2462 2337 legimus,
2493 2284 2614 2323 caro
2660 2272 2859 2340 factum
2886 2279 2960 2325 est
2992 2268 3185 2342 (Joan.
3215 2286 3259 2337 ι,
3286 2269 3407 2343 ll).
3443 2269 3640 2328 Videtis
3664 2286 3768 2339 ergo

509 2345 796 2401 asseritur.
848 2343 1096 2413 Denique
1140 2343 1221 2399 sic
1279 2344 1449 2401 habes
1486 2343 1697 2401 :Mater
1748 2346 1880 2402 Sion
1927 2348 2103 2404 dicet:
2207 2358 2350 2429 quod
2381 2360 2564 2415 Ariani
2587 2360 2716 2416 dum
2740 2369 3050 2431 separanta
3074 2361 3234 2418 Patre
3255 2361 3483 2431 Filium,
3508 2362 3628 2420 inid
3653 2364 3770 2434 peri-

2208 2454 2390 2508 culum
2435 2453 2701 2521 incidant,
2752 2462 2812 2510 ut
2857 2454 3072 2512 Patrem
3121 2470 3339 2527 passum
3385 2470 3515 2514 esse
3556 2470 3768 2514 comme-

2208 2554 2447 2602 morent.

2281 2636 2368 2692 M.
2409 2637 2517 2693 Nos
2557 2648 2740 2695 autem
2788 2638 2949 2696 facile
2994 2641 3254 2698 docemus
3311 2642 3383 2699 de
3428 2641 3552 2699 Filii
3601 2641 3772 2697 dictum

2205 2732 2561 2801 operatione;
2593 2748 2717 2787 nam
2750 2740 2805 2788 et
2849 2733 2965 2803 ipse
3002 2749 3201 2805 corpus
3230 2750 3388 2791 suum
3436 2732 3770 2799 resuscitavit,

2203 2823 2349 2878 sicut
2399 2824 2515 2894 ipse
2560 2823 2697 2879 dixit
2726 2841 2745 2879 :
2771 2824 2973 2882 Solvite
3004 2828 3253 2900 templum
3296 2827 3419 2896 hoc,
3449 2839 3500 2885 et
3525 2829 3580 2883 in
3619 2826 3766 2882 triduo

590 1374 815 1439 simum;
843 1370 992 1442 'quod
1037 1373 1125 1441 qui
1178 1388 1345 1444 neget,
1384 1390 1503 1429 eum
1537 1372 1689 1429 Patri
1739 1375 1991 1431 ascribere
2031 1375 2112 1429 in-

587 1463 952 1517 carnationem.
979 1461 1109 1516 Cum
1136 1461 1277 1519 Deus
1308 1464 1496 1537 legitur
1518 1464 1661 1520 solus
1695 1482 1821 1530 esse,
1852 1474 1943 1521 aut
1967 1466 2111 1520 solus

588 1554 774 1609 habere
836 1554 1298 1620 immortalitatem,
1365 1556 1421 1609 id
1484 1556 1642 1611 etiam
1718 1557 2110 1628 intelligendum

585 1646 650 1721 de
677 1644 902 1713 Christo,
935 1656 1042 1700 tum
1082 1657 1139 1701 ut
1189 1657 1472 1703 memorata
1520 1648 1756 1721 impietas
1787 1649 2105 1719 declinetur,

584 1748 693 1793 tum
740 1741 863 1810 quia
918 1739 1097 1795 eadem
1161 1737 1289 1796 Filii
1338 1759 1401 1796 ac
1460 1740 1636 1797 Patris
1688 1744 1937 1798 asseritur
1985 1761 2106 1814 ope-

580 1833 739 1889 ratio.

514 2435 718 2501 Homo,
744 2444 791 2489 et
821 2435 973 2489 homo
1000 2438 1165 2506 [actus
1188 2435 1260 2511 est
1289 2438 1345 2491 in
1373 2454 1452 2503 ea,
1485 2446 1534 2493 et
1567 2439 1681 2507 ipse
1705 2441 1941 2511 fundauit
1994 2458 2107 2497 eam

513 2525 814 2581 Altissimus
840 2523 1013 2599 (Psal.
1049 2542 1275 2595 uxxvr,
1304 2525 1382 2599 5).
1438 2526 1629 2597 Homo,
1687 2529 1882 2601 inquit,
1937 2535 2106 2604 factus

507 2628 604 2687 est,
640 2634 746 2673 non
776 2619 918 2674 Deus
948 2619 1122 2675 factus
1161 2629 1267 2676 est.

582 2711 638 2765 8.
668 2709 768 2778 Qui
812 2719 995 2766 autem
1033 2711 1176 2766 idem
1204 2711 1526 2780 altissimus,
1567 2715 1708 2770 idem
1759 2716 1942 2784 homo,
1999 2721 2102 2776 nisi

514 2800 774 2856 Mediator
821 2802 949 2869 Dei,
1006 2814 1054 2857 et
1100 2804 1397 2871 hominum,
1448 2808 1598 2862 homo
1642 2809 1877 2867 Christus
1924 2812 2101 2883 Jesus,

507 2896 599 2965 qui
626 2894 768 2949 dedit
808 2896 1139 2966 semetipsum
1165 2897 1567 2966 redemptionem
1598 2918 1691 2971 pro
1711 2903 1858 2959 nobis
1890 2904 1932 2977 (Ι
1962 2904 2099 2962 Tim.

2207 2920 2518 2973 resuscitubo
2578 2919 2712 2974 illud
2762 2919 2954 2992 (Joan.
3005 2939 3062 2988 ιι,
3107 2894 3240 2995 19).
3283 2924 3351 2980 Ει
3403 2894 3524 2996 ipse
3570 2924 3773 2980 viviﬁcat

509 3003 569 3047 ιι,
603 2988 656 3053 5,
680 2984 772 3059 6)?
802 2986 872 3042 Et
908 2986 1014 3043 hoc
1042 2988 1226 3058 utique
1269 2989 1335 3044 ad
1366 2991 1797 3049 incarnationem
1829 2996 2099 3066 pertinet;

2207 3027 2308 3067 nos
2338 3028 2459 3067 cum
2504 3028 2604 3067 suo
2653 3028 2887 3083 corpore
2926 3032 2941 3069 :
2984 3014 3134 3070 Sicut
3182 3016 3320 3070 enim
3368 3014 3534 3072 Pater
3594 3015 3774 3071 suscitat

504 3077 807 3149 redemptio
854 3080 999 3136 enim
1056 3088 1241 3137 nostra
1297 3097 1392 3152 per
1440 3086 1782 3155 sanguinem,
1841 3090 2095 3146 remissio

2207 3114 2436 3159 mortuos
2460 3114 2511 3160 et
2555 3106 2812 3174 vivi/icat;
2855 3108 2932 3163 sic
2960 3118 3008 3163 et
3038 3106 3209 3163 Filius
3236 3125 3365 3179 quos
3407 3111 3544 3177 vult,
3584 3109 3777 3179 siciﬁcat

508 3185 606 3269 rer
631 3180 979 3269 ροιεειεφςη.
1003 3172 1111 3226 vita
1164 3187 1265 3243 per
1303 3174 1552 3244 gratiam-
1602 3176 1766 3245 Quasi
1804 3181 2099 3241 altissimus
2129 3186 2173 3249 C
2206 3195 2395 3267 (Joatt.
2429 3212 2481 3263 v,
2512 3197 2573 3253 ει
2594 3172 2755 3269 ).“ι‹;ι
2779 3198 2897 3269 ipse
2939 3198 3137 3255 delicta
3173 3172 3397 3256 donavit
3437 3172 3627 3258 dicens
3654 3172 3772 3256 εὐε-

506 3264 692 3368 donat,
725 3265 879 3334 quasi
909 3266 1357 3368 homo-precatur
1389 3286 1402 3323 :
1430 3269 1578 3327 aliud
1626 3275 1915 3339 creatoris.
1957 3277 2102 3334 aliud
2205 3264 2367 3345 missa
2393 3301 2512 3345 sunt
2540 3264 2633 3345 tibi
2660 3264 2870 3365 peccata
2900 3301 2988 3347 tua
3015 3292 3186 3365 (Luc.
3211 3310 3263 3359 ν,
3294 3293 3424 3365 20).
3460 3293 3535 3351 Et
3560 3296 3666 3368 ipse
3686 3291 3776 3352 chi-

505 3356 871 3459 redemptoris
913 3369 1019 3415 est.
1066 3359 1338 3418 Distincta
1380 3363 1530 3431 licet,
1579 3367 1737 3423 unius
1766 3379 1943 3426 tamen
1972 3387 2103 3430 auc-
2204 3380 2537 3452 rographum
2568 3356 2743 3438 attixit
2778 3383 2949 3451 cruci.
2978 3356 3070 3456 qui
3099 3356 3395 3443 crucitixus
3439 3398 3533 3444 est
3569 3356 3658 3459 per
3676 3401 3775 3441 cor-

511 3449 642 3503 toris
673 3447 1117 3547 beneﬁciasunt;
1148 3452 1334 3509 decuit
1353 3457 1499 3511 enim
1526 3467 1584 3512 ut
1624 3459 1715 3515 ille
1738 3477 1836 3519 nos
1868 3465 2105 3524 redime-
2206 3447 2354 3541 poris
2374 3447 2705 3545 passionem.
2738 3475 2848 3532 Nec
2876 3447 3015 3532 alius
3043 3492 3104 3534 se
3123 3492 3343 3534 carnem
3375 3481 3555 3547 exuit,
3570 3447 3670 3535 nisi
3697 3474 3775 3533 Dei

508 3546 615 3644 V0:-
642 3540 994 3644 (ιλιιοτθενίι-
2207 3540 2402 3632 Filius,
2432 3566 2527 3636 qui
2565 3581 2783 3623 carnem
2825 3582 2886 3624 se
2914 3566 3114 3624 induit.
3156 3568 3279 3640 Ipse
3303 3586 3435 3642 ergo
3470 3558 3777 3644 signiﬁcatur

577 3632 634 3687 9.
664 3632 798 3700 Quis
848 3643 1030 3691 autem
1082 3647 1243 3708 neget
1284 3640 1561 3698 Christum
1605 3660 1732 3704 esse
1776 3649 2103 3710 altissimum
2208 3655 2373 3724 Deus,
2401 3632 2492 3728 qui
2513 3672 2651 3729 opus
2672 3666 2875 3715 nostra:
2897 3661 3321 3718 resurrectionis
3345 3632 3608 3733 operatus
3630 3670 3722 3720 est.

507 3728 1798 3851 ifﬂ??1?.§a"lﬂuiinterfimlt‘ﬂ‘i"
1838 3744 1995 3851 Ρῗίῗί.
2013 3761 2103 3850 ⁸³ἶ
2556 3728 2563 3729 ί
2808 3792 3040 3851 CAPUT
3085 3793 3174 3849 ut.

507 3831 846 3876 cramentum
882 3824 1274 3884 incarnationis
1303 3830 1545 3887 ascribit.
1574 3832 1683 3889 Sed
1712 3834 1843 3892 hinc
1869 3835 2107 3894 dubitari

505 3927 612 3968 non
630 3923 825 3983 potest
854 3916 1002 3987 quod
1034 3918 1335 3976 altissimus
1362 3921 1614 3981 Christus
1643 3927 1751 3994 sit;
1781 3943 1903 3985 cum
1939 3931 2105 3988 etiam

2210 3905 2409 3962 Filium
2436 3926 2469 3962 a
2503 3906 2659 3963 Patre
2696 3924 2799 3963 non
2839 3909 3186 3983 separandum
3225 3927 3291 3968 ea:
3332 3912 3590 3983 Apostolo
3613 3911 3776 3982 conﬁr-

2279 4000 2433 4065 mari,
2458 4017 2576 4054 cum
2619 3998 2765 4055 Filio
2806 4017 3007 4070 quoque
3034 4006 3302 4059 conveniat
3328 4006 3533 4062 beatum
3568 4023 3687 4072 esse,
3709 4020 3775 4060 so.

508 4004 634 4061 alibi
685 4005 890 4064 dixerit
934 4010 1004 4067 de
1057 4014 1322 4085 mysterio
1366 4018 1633 4086 passionis
1677 4037 1690 4073 :
1738 4020 1890 4077 Dedit
1935 4040 2107 4080 vocem

505 4116 654 4154 suam
698 4101 1017 4173 Altissimus,
1065 4117 1113 4161 et
1136 4117 1274 4163 mota
1321 4120 1393 4165 est
1439 4121 1576 4167 terra
1623 4113 1798 4185 (Psal.
1827 4119 2103 4191 “11.14).

2280 4093 2383 4147 lum
2416 4102 2673 4164 potentem
2699 4111 2763 4149 ac
2790 4094 3138 4152 immortalem
3157 4138 3172 4164 ,
3210 4107 3399 4155 natura
3424 4100 3674 4166 uidelicet,
3694 4113 3779 4153 non

2280 4186 2447 4255 gratia
2473 4202 2575 4256 qua
2600 4186 2703 4255 ipsi
2729 4186 2882 4241 etiam
2903 4189 3077 4257 angeli
3114 4200 3234 4245 sunt
3258 4191 3609 4261 immortales;
3637 4201 3680 4248 et
3713 4192 3778 4245 ls-

506 4191 573 4245 Et
599 4192 651 4246 in
675 4191 972 4265 Evangelia
1002 4196 1172 4254 habes
1200 4217 1213 4252 :
1246 4199 1314 4256 Et
1346 4211 1423 4268 tu,
1448 4220 1597 4274 puer,
1620 4207 1873 4277 propheta
1894 4209 2106 4265 Altissi-

2280 4294 2385 4332 cem
2415 4276 2648 4332 habitare
2671 4278 3077 4336 inaccessibilem
3101 4297 3121 4337 :
3139 4300 3243 4354 quo
3278 4285 3456 4342 ultimo
3478 4303 3583 4357 qua
3608 4286 3779 4341 ratione

509 4285 578 4337 mi
607 4288 869 4343 vocaberis
889 4305 906 4355 ;
928 4292 1135 4362 prteibis
1173 4295 1311 4349 enim
1335 4306 1455 4352 ante
1477 4300 1662 4369 faciem
1685 4299 1897 4357 Domini
1921 4321 2110 4375 parare
2280 4294 2385 4386 iam
2415 4285 2648 4386 "alim"
2671 4285 3077 4386 ίηαθοεδείθίιεξι
3101 4297 3121 4337 -'
3139 4300 3243 4354 quo
3265 4285 3456 4386 ultimo
3608 4286 3757 4386 ration

510 4380 618 4431 uias
646 4381 758 4451 ejus
780 4379 934 4450 (Luc.
965 4398 1003 4446 ι,
1064 4385 1181 4452 76).
1235 4388 1336 4455 Qui
1386 4389 1720 4449 altissimus?
1767 4396 1861 4452 Dei
1918 4370 2102 4455 li'ilius.
2280 4371 2374 4438 ﬁat
2398 4370 2677 4440 explicat“
2705 4387 2809 4439 quo
2838 4384 2989 4439 pacm
3015 4373 3179 4431 Pa!"
3195 4378 3361 4446 ⁶⁰ί⁸¹⁸ο
3384 4395 3446 4433 ac
3468 4378 3637 4437 Fili"
3662 4376 3779 4450 μή·

2280 4471 2357 4517 ter
2382 4463 2524 4517 solus
2545 4462 2812 4532 dicantur,
2844 4467 3149 4524 ostenditur.

514 4469 656 4541 Ergo
681 4473 773 4543 qui
800 4472 1098 4534 altissimus
1124 4479 1290 4548 Deus,
1323 4483 1574 4542 Christus
1611 4499 1715 4544 est.

586 4562 673 4619 10.
706 4561 776 4619 Ει
802 4565 952 4622 solus
982 4567 1168 4641 utique
1213 4588 1336 4629 cum
1364 4575 1564 4634 dicitur
1608 4578 1770 4648 Deus,
1799 4597 1904 4638 nou
1949 4601 2106 4658 sepa-

586 4664 660 4682 ι..-
687 4656 846 4682 ,εαξη-η..
896 4658 991 4682 “-3
1027 4659 1189 4682 una..-
1265 4664 1306 4682 Λ
1351 4666 1363 4678 ι
1480 4667 1493 4679 ο
1621 4670 1676 4682 ι..
1742 4670 1755 4682 ι
1999 4678 2012 4682 -

2280 4599 2369 4655 15.
2413 4599 2561 4671 Ergo
2588 4617 2709 4659 cum
2739 4604 2873 4676 legis
2912 4606 3104 4675 Deum,
3157 4625 3263 4666 non
3299 4626 3524 4682 separes
3564 4612 3774 4672 Patrem.

512 4663 660 4757 ratur
685 4656 848 4760 etiam
896 4658 992 4714 Dei
1025 4659 1213 4771 Filius.
1261 4664 1364 4733 Qui
1406 4667 1553 4723 enim
1585 4670 1904 4742 altissimus,
1933 4656 2105 4745 solus,
2207 4706 2313 4747 ηοη
2345 4656 2569 4763 εθρειῖξιε
2596 4656 2828 4765 imum";
2878 4700 3006 4771 quia
3050 4656 3226 4759 dgna,
3269 4656 3326 4760 εἷ
3365 4656 3546 4762 pag,
3589 4715 3643 4762 ει
3673 4656 3778 4762 Fili}

508 4749 938 4869 sicutOscriptum
968 4763 1051 4869 est
1080 4772 1092 4807 :
1129 4755 1533 4869 E'tocopnoscant
1551 4765 1795 4834 quoniam
1812 4783 1996 4824 nomen
2019 4772 2112 4827 tibi
2206 4797 2313 4838 una
2334 4749 2865 4858 θθάειῃῂρυξνξᾷξέι
3030 4749 3236 4852 {eg-ig;
3259 4749 3643 4869 ξέρίτὶξνωυῦξ
3662 4749 3778 4868 1;;5

507 4837 788 4955 Dominus,
832 4853 887 4898 tu
928 4846 1073 4955 solu‘s
1129 4849 1415 4907 altissimus
1462 4870 1616 4925 super
1664 4874 1861 4916 onmem
1914 4872 2104 4921 terram
2203 4877 2328 4947 quia
2376 4837 2560 4934 beam;
2579 4891 2628 4936 ει
2664 4881 2805 4939 mla;
2842 4888 3051 4955 palma;
3085 4892 3115 4931 ιι
3142 4887 3211 4945 de
3250 4837 3388 4947 De:
3403 4837 3548 4948 gni’m
3593 4837 3777 4948 dicam

510 4931 686 5003 (Psal.
721 4951 930 5004 Luxu,
963 4936 1075 5013 19).

580 5029 637 5056 ι.
697 5030 848 5056 πη.-
895 5034 1053 5056 -.:-__
1093 5035 1224 5056 ηιμ
1881 5050 1894 5056 -
1993 5052 2003 5056 -

2221 4931 2234 4947 ,
2583 4931 2624 4936 --
2666 4931 2801 4939 ---η
2843 4931 3051 4955 ,.-.-..-,
3143 4931 3211 4945 ..ν
3251 4931 3363 4947 νυν
3404 4931 3548 4948 ...ηιμ
3593 4931 3777 4948 ...νη-.-

2207 4977 2305 5037 est,
2338 4971 2477 5026 sicut
2507 4971 2715 5029 habes:
2759 4974 3021 5047 Praecipio
3066 4996 3243 5036 coram
3289 4982 3418 5052 Deo,
3462 4986 3550 5056 qui
3580 4984 3779 5056 oioiﬁcat

579 5029 678 5138 ιι.¹
697 5030 851 5138 Unde
891 5034 1224 5138 etiam-illud
1281 5039 1565 5138 explosum
1618 5057 1720 5114 est,
1753 5050 1894 5121 quod
1924 5052 2102 5131 solent
2207 5029 2378 5116 omnia
2408 5062 2621 5135 (lTim.
2652 5080 2724 5133 νι,
2754 5029 3018 5138 ιεῑςῖξέά
3046 5029 3777 5135 έιξέιῖριῖὧὲὶυέῖεὲὶὲἑξῦ

500 5121 568 5176 ad
596 5124 927 5182 calumniam
968 5128 1244 5196 derivare,
1275 5133 1403 5203 quia
1438 5136 1507 5194 de
1537 5139 1646 5196 Deo
1675 5144 1940 5214 scriptum
1968 5126 2053 5204 est
2082 5165 2097 5204 :

420 5258 425 5264 .
509 5212 613 5280 Qui
636 5216 778 5272 solus
799 5218 949 5274 habet
970 5220 1430 5292 immortalitatem,
1459 5242 1509 5285 et
1537 5233 1704 5288 lucem
1733 5212 1929 5294 habitat
1957 5240 2102 5295 inac-

503 5307 787 5364 cessibilem
832 5311 876 5382 (ῐ
905 5310 1041 5368 Tim.
1083 5330 1158 5376 v1,
1195 5316 1283 5388 16)
1318 5319 1426 5383 ;de
1479 5323 1592 5379 Deo
1643 5328 1788 5382 enim
1836 5333 2098 5403 scriptum

504 5409 605 5467 est,
640 5403 784 5472 quod
812 5414 899 5461 est
925 5422 1213 5465 commune
1241 5427 1436 5469 nomen
1469 5417 1613 5472 Patri
1640 5431 1695 5476 et
1725 5422 1881 5480 Filio.

570 5492 856 5569 49912.
899 5498 1033 5555 Nam
1058 5503 1105 5556 si
1151 5504 1482 5578 ubicumque
1512 5510 1683 5567 Deum
1731 5513 1938 5584 legunt,
1998 5535 2096 5577 ne-

501 5593 631 5652 gant
655 5590 820 5645 etiam
877 5589 1074 5648 Filium
1096 5593 1401 5667 designari;
1430 5608 1487 5657 et
1523 5602 1673 5675 impii
1720 5617 1868 5676 sunt,
1899 5610 2099 5667 divini-
2204 5617 2269 5675 1η
2297 5619 2407 5677 Deo
2427 5623 2653 5681 laudabo
2684 5624 2907 5682 Verbum
2927 5589 3777 5706 De;

496 5701 1792 5813 ίηιζνῗιῗξᾴιξιῗῌὲΡΞΞῨ..ἕζξῗέξηθξὲξεὲἒΈν
1813 5722 2094 5813 -9151???
2203 5732 2293 5813 ubi
2326 5736 2589 5813 canicula
2621 5748 2670 5792 ει
2693 5749 2843 5813 esset
2871 5741 3254 5813 expultsenda.

493 5776 984 5844 interrogationem
1018 5788 1113 5836 aut
1140 5776 1555 5847 admirationem
1575 5776 1791 5850 dictum
1810 5776 2084 5869 accipi;
2204 5776 2293 5845 ’.ἲ
2856 5776 3301 5885 ;"&'§§I',’2'£"Bia
3328 5817 3483 5891 enim,
3503 5825 3604 5877 etc.

2205 5155 2461 5212 convenit
2484 5172 2616 5231 ergo
2648 5170 2703 5216 et
2734 5159 2881 5217 Patri
2914 5172 2970 5218 et
2994 5163 3136 5220 Filio
3183 5166 3278 5224 Dei
3310 5183 3536 5237 nomen;
3579 5167 3778 5243 quando

2201 5250 2457 5305 convenit
2482 5259 2536 5306 et
2561 5252 2894 5321 operationis
2915 5253 3160 5311 enectus.
3200 5259 3365 5333 500
3402 5261 3779 5334 Persequamur

2201 5349 2255 5394 et
2298 5350 2515 5398 cmtera.
2550 5342 2832 5414 Principio,
2862 5346 3059 5418 inquit,
3105 5365 3281 5406 coram
3304 5351 3417 5410 Deo
3462 5356 3549 5427 qui
3574 5356 3779 5424 eici/ica

2199 5433 2394 5496 omnia,
2426 5446 2473 5488 et
2496 5433 2703 5490 Christo
2732 5436 2884 5493 .Iesu.
3005 5428 3020 5442 ’

2274 5526 2361 5582 16.
2396 5526 2453 5583 In
2487 5528 2600 5587 Deo
2627 5540 2711 5587 est
2731 5533 2898 5588 etiam
2927 5534 3191 5605 Verbum,
3221 5539 3364 5598 sicut
3390 5542 3645 5612 scriptum
3668 5549 3774 5596 est:
