4016 6292
243 308 347 367 59³5

1589 314 1676 371 DE
1716 313 1876 374 FIDE
1915 314 2046 372 LIB.
2095 315 2184 370 lll.

3435 316 3544 373 594

245 432 455 502 piterua
477 444 574 486 sua
599 439 625 470 α
649 432 820 487 virtus
845 440 925 487 est
947 432 1139 488 Jesus:
1169 433 1220 488 in
1249 432 1358 489 Deo
1387 433 1549 504 igitur
1575 435 1838 492 unitatem
1868 439 1918 500 Α
1944 437 1988 492 si
2017 451 2123 493 non
2155 436 2421 493 moriatur
2446 445 2539 492 aut
2569 445 2779 508 peccet,
2809 450 2978 506 capax
3009 444 3190 490 tamen
3233 434 3416 490 omnis
3455 443 3542 490 est

245 521 562 590 divinitatis,
616 524 667 578 iu
714 525 912 580 Christi
951 535 1129 581 autem
1179 527 1396 583 nomine
1447 527 1840 587 incarnationis

249 612 571 670 testiﬁcatus
619 624 704 670 est
728 626 1150 672 sacramentum.

315 709 404 762 17.
449 709 691 778 Denique
720 717 778 764 ut
804 710 872 766 de
903 711 1278 768 incarnatione
1303 711 1507 769 Christi
1539 729 1598 770 se
1627 714 1836 772 dixisse

242 802 576 866 ostenderet,
619 803 905 859 subdidit:
936 804 1038 870 Qui
1082 807 1424 861 testimonium
1468 809 1695 864 reddidit
1743 811 1833 864 sub

244 893 436 948 Pontio
479 893 656 948 Pilato
699 896 880 949 bonam
926 896 1332 966 confessionem;
1385 909 1440 952 ut
1481 915 1647 954 serves
1689 917 1835 955 man-

244 987 421 1040 datum
449 987 560 1040 sine
589 988 790 1042 macula
838 1005 995 1058 usque
1024 991 1077 1044 in
1122 990 1392 1044 adventum
1424 990 1634 1046 Domini
1673 995 1832 1048 nostri

240 1079 366 1139 Jesu
392 1079 585 1135 Christi
617 1097 636 1136 :
662 1098 810 1152 quem
836 1083 944 1137 suis
973 1085 1287 1154 temporibus
1316 1087 1545 1141 ostendet
1571 1087 1748 1142 beatus
1787 1100 1834 1143 et

241 1171 383 1227 solus
414 1180 618 1240 potens,
649 1187 741 1226 rea:
784 1187 984 1243 regum,
1033 1183 1079 1226 et
1118 1170 1375 1228 Dominus
1414 1175 1833 1242 dominantium;

238 1263 324 1333 qui
360 1262 501 1318 solus
533 1263 684 1316 habet
727 1264 1185 1331 immortalitatem,
1217 1275 1265 1318 et
1309 1271 1476 1319 lucem
1522 1267 1718 1320 habitat
1749 1269 1831 1322 in—

240 1356 589 1411 accessibilem
605 1373 617 1410 :
633 1373 784 1427 quem
799 1357 924 1411 vidit
947 1358 1209 1412 hominum
1235 1374 1406 1425 nemo,
1425 1360 1514 1414 sed
1543 1376 1634 1414 nec
1659 1361 1832 1415 uidere

240 1457 402 1518 potest
421 1447 440 1521 (
464 1447 485 1503 1
505 1447 642 1504 Tim.
660 1464 736 1515 v1,
754 1450 820 1505 15
843 1461 890 1504 et
917 1450 1072 1520 seq.).
1102 1452 1242 1522 Ergo
1269 1452 1335 1507 de
1353 1452 1468 1508 Deo
1493 1453 1608 1508 haec
1623 1455 1829 1524 scripta

238 1552 386 1607 sunt,
413 1542 568 1613 cujus
599 1543 836 1599 nominis
864 1555 919 1600 et
945 1544 1184 1616 dignitas
1210 1555 1266 1601 et
1296 1546 1497 1602 veritas
1525 1548 1830 1604 communis

235 1643 320 1691 est
352 1635 514 1690 Filio.

313 1729 398 1783 t8.
437 1727 550 1784 Cur
595 1728 757 1800 igitur
806 1728 908 1785 hoc
958 1729 1078 1786 loco
1125 1730 1295 1787 Filius
1347 1742 1657 1804 separatur,
1708 1748 1829 1789 cum

231 1821 399 1875 etiam
427 1819 570 1876 Filio
601 1821 718 1876 hate
740 1831 934 1876 cuncta
952 1823 1305 1878 conveniant?
1328 1825 1433 1878 Aut
1469 1825 1514 1880 si
1559 1841 1664 1879 non
1695 1839 1826 1880 con-
1861 1837 1909 1897 Β

233 1913 482 1980 veniant,
515 1928 649 1983 nega
683 1912 933 1980 Deum;b
967 1923 1024 1968 ut
1047 1928 1211 1985 neges
1239 1931 1360 1985 qua:
1393 1915 1506 1970 Deo
1548 1926 1674 1971 sunt
1695 1931 1829 1970 cun-

228 2005 531 2060 venientia.
562 2006 764 2062 Beatus
791 2007 974 2078 uegari
1005 2022 1112 2062 non
1137 2017 1336 2078 potest,
1359 2011 1447 2079 qui
1472 2009 1832 2066 beatitudines

227 2097 432 2152 donat:
472 2095 626 2152 Beati
679 2097 822 2154 enim
865 2098 1049 2170 quibus
1091 2100 1318 2154 remisso:
1366 2112 1486 2154 sunt
1536 2101 1832 2171 iniquitates

224 2190 422 2264 (Psal.
449 2207 598 2259 χχιι,
624 2192 708 2260 1).
735 2191 934 2248 Beatus
956 2194 1137 2264 negari
1162 2208 1268 2248 non
1293 2201 1489 2264 potest,
1525 2195 1615 2265 qui
1639 2210 1828 2250 sanam

223 2285 534 2342 doctrinam
568 2285 778 2351 tribuit,
808 2286 948 2342 sicut
969 2287 1229 2356 scriptum
1253 2296 1340 2342 est
1365 2305 1378 2341 :
1405 2303 1522 2357 quae
1543 2299 1618 2343 est
1645 2305 1831 2343 secun-

221 2379 355 2432 dum
387 2377 736 2448 Euangelium
782 2379 1034 2433 claritatis
1083 2381 1216 2433 beati
1263 2378 1362 2434 Dei
1411 2379 1605 2451 (lTim.
1639 2396 1676 2446 ι,
1706 2382 1826 2452 11).

223 2473 431 2528 Potens
453 2473 622 2529 abnui
651 2489 758 2528 non
804 2483 1003 2542 potest,
1039 2475 1107 2530 de
1127 2490 1235 2545 quo
1262 2474 1426 2530 Pater
1454 2475 1588 2531 dicit
1621 2492 1639 2531 :
1668 2476 1831 2532 Posui

218 2565 556 2638 adjutorium
578 2582 734 2638 super
759 2577 1016 2638 potentem
1044 2567 1065 2640 (
1088 2565 1232 2621 Psal.
1268 2583 1526 2632 Lxxxvm,
1558 2567 1684 2640 20).
1728 2570 1832 2624 lm-

221 2661 623 2716 mortalitatem
668 2669 849 2716 mrtem
895 2661 1017 2730 ejus
1045 2662 1165 2731 quis
1195 2662 1394 2718 audeat
1421 2663 1662 2732 difﬁteri,
1707 2679 1828 2719 cum

216 2757 392 2811 ctiam
435 2755 560 2810 aliis
601 2754 1066 2810 immortalitatem
1121 2757 1236 2826 ipse
1283 2756 1511 2826 largitus
1555 2758 1648 2825 sit,
1693 2759 1832 2814 sicut

216 2848 493 2918 scriptum
524 2857 608 2902 est
632 2848 702 2904 de
723 2850 991 2920 sapientia
1020 2849 1116 2904 Dei
1153 2865 1171 2904 :
1203 2848 1306 2904 Per
1343 2850 1480 2904 lianc
1510 2851 1704 2906 habebo
1733 2853 1829 2904 im-

218 2941 601 2996 mortalitatem
629 2944 648 3010 (
665 2941 795 3012 Sap.
820 2955 937 3008 vm,
971 2942 1093 3012 15).

296 3033 393 3088 19.
437 3032 545 3088 Sed
573 3034 676 3089 alia
714 3034 1094 3090 immortalitas
1142 3049 1255 3089 suae
1284 3046 1514 3101 naturae,
1554 3035 1662 3092 alia
1707 3053 1834 3092 nos-

221 3139 349 3184 trae.
382 3128 505 3184 Non
534 3138 659 3184 sunt
685 3128 890 3200 fragilia
913 3129 1277 3199 comparanda
1308 3129 1510 3185 divinis
1535 3149 1548 3184 :
1573 3145 1678 3184 una
1716 3131 1828 3184 sola

1939 541 2228 588 creatura:
2265 547 2366 588 nec
2415 548 2481 589 ex
2525 531 2814 586 immortali
2861 539 3051 594 natura
3100 529 3286 595 habet,
3340 528 3435 584 sed
3468 543 3533 583 ex

1937 625 2221 697 disciplina
2260 628 2347 682 vel
2382 627 2577 698 gratia,
2603 627 2647 681 si
2677 641 2736 680 se
2761 626 2814 680 in
2863 623 3135 695 aliquibus
3165 623 3232 678 ad
3260 624 3391 679 vitia
3426 639 3534 680 non

1939 730 2129 777 mutat.
2157 723 2276 778 Alia
2296 739 2425 794 ergo
2448 721 2829 778 immortalitas
2850 737 2971 791 qum
2992 721 3246 788 donatur,
3270 722 3375 777 alia
3413 737 3538 793 quae

1937 818 2055 872 sine
2091 820 2391 888 capacitate
2423 818 2800 874 mutabilitatis
2829 827 2915 872 est
2944 833 3184 888 semper.

2006 912 2096 967 21.
2137 913 2219 968 An
2249 923 2474 984 negatur
2497 912 2822 968 immortalis
2851 910 3106 965 divinitas
3133 909 3364 976 Christi,
3396 913 3521 982 quia

1942 1005 1996 1059 in
2020 1020 2185 1060 carne
2237 1020 2336 1074 pro
2363 1005 2614 1059 omnibus
2661 1012 2888 1059 mortem
2921 1004 3184 1074 gustavit?
3222 1003 3381 1076 501
3416 1002 3536 1059 Jam

1936 1114 2068 1168 ergo
2114 1099 2306 1152 melior
2342 1097 2560 1154 Gabriel
2615 1112 2775 1168 quam
2805 1095 3084 1162 Christus;
3128 1096 3254 1167 quia
3286 1097 3378 1150 ille
3429 1110 3538 1149 non

1934 1199 2017 1244 est
2056 1189 2364 1255 defunctus,
2399 1189 2487 1244 hic
2513 1200 2761 1244 mortuus
2789 1199 2890 1243 est.
2925 1188 3032 1243 Sed
3079 1203 3184 1242 non
3232 1197 3317 1243 est
3343 1204 3535 1244 servus

1933 1297 2093 1352 supra
2141 1283 2419 1337 dominum
2455 1281 2682 1354 (Matth.
2733 1299 2785 1347 x,
2817 1281 2959 1353 24);
2991 1281 3094 1336 alia
3145 1283 3290 1338 enim
3345 1283 3526 1338 carnis

1937 1375 2244 1442 inﬁrmitas,
2293 1375 2398 1431 alia
2449 1375 2750 1430 divinitatis
2801 1374 3124 1430 aeternitas:
3157 1389 3303 1428 mors
3353 1375 3533 1430 carnis

1934 1478 2040 1533 est,
2079 1468 2454 1522 immortalitas
2484 1467 2790 1538 potestatis.
2828 1467 2983 1534 Quod
3033 1468 3078 1522 si
3123 1467 3380 1523 divinitas
3410 1466 3537 1521 fecit

1935 1577 2002 1617 ne
2023 1576 2151 1616 caro
2172 1561 2382 1617 videret
2401 1561 2829 1631 corruptionem,
2856 1578 2975 1631 qum
3000 1562 3189 1632 utique
3210 1562 3533 1631 corruptelae

1934 1664 2054 1710 erat
2096 1654 2327 1708 obnoxia
2371 1669 2468 1724 per
2511 1663 2794 1716 naturam;
2840 1652 3116 1722 quomodo
3159 1655 3296 1707 mori
3353 1663 3538 1722 posset

1931 1747 2048 1818 ipsa
2079 1747 2378 1802 divinitas?

2007 1840 2098 1895 22.
2139 1840 2425 1909 Quomodo
2482 1849 2660 1896 autem
2710 1840 2886 1894 lucem
2950 1837 3377 1894 inacressibilem
3430 1852 3540 1892 non

1937 1931 2145 1987 habitat
2195 1933 2395 1998 Filius,
2431 1949 2553 1988 cum
2585 1934 2636 1986 in
2680 1932 2800 1986 sinu
2832 1931 3010 1985 Patris
3059 1931 3228 1986 Filius
3260 1929 3334 1985 sit
3378 1948 3392 1984 :
3451 1929 3540 1984 lux

1935 2035 2116 2080 autem
2145 2027 2442 2093 Pater,qu
2471 2026 2634 2080 etiam
2664 2025 2781 2094 ipse
2804 2025 2874 2078 sit
2902 2022 3098 2087 Filius;
3121 2023 3248 2094 quia
3275 2023 3422 2076 Deus
3443 2021 3537 2075 lux

1933 2126 2019 2172 est
2049 2117 2242 2189 (Joan.
2275 2133 2313 2183 ι,
2338 2118 2435 2187 9)?
2460 2116 2566 2171 Aut
2604 2116 2648 2170 si
2697 2117 2858 2171 aliam
2893 2115 3067 2170 lucem
3109 2111 3542 2168 inaccessibilem

1935 2210 2037 2264 nisi
2066 2208 2288 2263 deitatis
2315 2218 2588 2278 putamus,
2615 2207 2873 2278 numquid
2903 2206 3100 2260 melior
3123 2203 3395 2260 Patrelux
3424 2210 3539 2266 est;

1935 2311 1992 2357 ut
2021 2317 2128 2357 non
2161 2301 2232 2356 sit
2264 2303 2315 2355 in
2350 2303 2491 2367 luce,
2525 2301 2616 2369 qui
2667 2300 2806 2354 sicut
2853 2298 3115 2368 scriptum
3161 2306 3266 2361 est,
3309 2305 3365 2350 et
3395 2295 3539 2364 apud

1935 2394 2149 2448 Patrem
2181 2406 2288 2459 est,
2327 2402 2382 2447 et
2413 2393 2464 2446 iu
2498 2391 2660 2446 Patre
2699 2389 2898 2462 (Ibid.,
2925 2389 3018 2459 ‘2)?
3071 2388 3187 2442 Non
3215 2402 3347 2458 ergo
3378 2401 3538 2457 sepa-

1936 2499 2056 2543 rent
2083 2487 2298 2547 Filium.
2330 2502 2452 2541 cum
2491 2488 2671 2557 legunt
2704 2486 2880 2539 solum
2925 2485 3095 2538 Deum
3135 2500 3147 2538 :
3187 2498 3288 2538 nec
3317 2483 3534 2538 Patrem

1932 2591 2210 2653 separent,
2243 2595 2364 2635 cum
2399 2580 2588 2650 legunt
2617 2577 2813 2633 Filium
2846 2577 3044 2632 solum.

2003 2673 2096 2730 25.
2138 2672 2194 2728 1η
2241 2673 2406 2728 terris
2437 2670 2610 2726 Filius
2650 2671 2773 2725 sine
2813 2668 2976 2724 Patre
3009 2683 3118 2724 non
3149 2677 3254 2732 est,
3286 2674 3341 2721 et
3375 2674 3536 2737 putas

1935 2765 2058 2836 quia
2090 2766 2248 2819 l’ater
2268 2765 2388 2818 sine
2412 2762 2553 2818 Filio
2579 2764 2650 2817 sit
2680 2763 2732 2816 in
2757 2762 2926 2817 ρωιοῖ
2952 2761 3008 2816 ln
3035 2775 3198 2816 carne
3226 2771 3311 2815 est
3341 2757 3536 2821 Filius,

1935 2872 2056 2912 cum
2082 2856 2206 2912 dico
2229 2857 2282 2911 in
2306 2871 2471 2910 carne
2495 2863 2599 2922 est,
2622 2855 2705 2909 vel
2736 2855 2788 2910 in
2817 2853 2998 2921 terris,
3029 2851 3330 2908 secundum
3356 2849 3538 2904 Evan-

1934 2951 2060 3022 gelii
2088 2960 2331 3020 tempora
2360 2948 2587 3018 loquor;
2618 2961 2764 3001 nunc
2789 2947 2936 3001 enim
2966 2944 3267 3001 secundum
3306 2956 3530 2998 carnem

1930 3044 2040 3115 jam
2073 3059 2179 3097 non
2225 3043 2474 3096 novimus
2523 3040 2801 3096 Christum
2852 3039 2930 3110 (11
2963 3039 3082 3093 Cor.
3115 3055 3170 3104 v,
3206 3037 3344 3106 16):
3389 3050 3524 3106 ergo

1934 3136 1990 3190 in
2020 3149 2184 3190 carne
2230 3145 2312 3189 est
2365 3133 2560 3197 Filius,
2593 3142 2646 3187 et
2697 3131 2844 3186 solus
2878 3145 2982 3184 non
3037 3138 3142 3191 est,
3195 3127 3496 3181 secundum

220 3223 544 3279 subSIautia
573 3222 874 3278 divinitatis
903 3233 1009 3289 est,
1040 3238 1162 3294 qua:
1189 3223 1327 3278 mori
1379 3223 1570 3278 nescit.
1601 3223 1755 3279 Unde
1772 3233 1828 3278 et
1853 3225 1900 3288 C
1931 3227 2072 3298 quod
2120 3227 2384 3296 scriptum
2433 3234 2516 3279 est
2542 3243 2557 3278 :
2591 3223 2656 3277 Et
2686 3240 2789 3277 non
2839 3238 2952 3274 sum
2995 3221 3159 3285 solus,
3195 3220 3317 3290 quia
3370 3216 3532 3271 Pater

223 3316 555 3385 Apostolus,
582 3332 705 3372 cum
738 3316 904 3372 sciret
931 3327 986 3372 et
1014 3316 1252 3371 animam
1279 3326 1334 3371 et
1358 3315 1578 3388 angelos
1610 3316 1833 3372 immor-

223 3409 399 3476 tales,
435 3410 574 3480 quod
598 3411 749 3465 solus
772 3409 914 3465 Deus
963 3409 1425 3465 immortalitatem
1471 3409 1667 3464 habeat
1697 3425 1837 3480 pra:-

217 3502 464 3558 dicavit.
510 3501 642 3557 Nam
685 3513 741 3558 et
775 3504 954 3558 anima
1001 3503 1232 3557 moritur
1262 3517 1276 3555 :
1304 3503 1490 3556 Anima
1535 3502 1672 3555 enim
1720 3516 1836 3571 qua:

214 3605 440 3664 peccat,
465 3595 580 3662 ipsa
599 3596 847 3649 morietur
871 3593 1098 3665 (Ezech.
1124 3609 1281 3660 xvm,
1307 3593 1440 3663 20);
1467 3609 1569 3650 nec
1597 3595 1834 3664 Angelus

214 3686 568 3741 immortalis
615 3695 700 3741 est
760 3685 1099 3749 naturaliter,
1149 3685 1305 3755 cujus
1353 3685 1730 3740 immortalitas
1779 3686 1831 3739 in

215 3779 526 3835 voluntate
555 3787 640 3834 est
664 3776 971 3834 Creatoris.

289 3871 395 3926 20.
448 3870 630 3941 Neque
652 3870 717 3924 ad
741 3869 1114 3942 praejudicium
1139 3869 1344 3935 trahas,
1373 3867 1516 3940 quod
1537 3884 1644 3923 non
1670 3872 1836 3923 mori-

207 3975 312 4020 tur
361 3963 616 4028 Gabriel,
667 3978 773 4019 non
821 3963 1050 4019 moritur
1100 3963 1364 4033 Raphuel,
1396 3974 1418 4001 ο
1450 3979 1554 4017 non
1606 3962 1836 4017 moritur

213 4059 418 4126 Uriel;
447 4068 503 4114 et
525 4060 576 4113 in
600 4059 732 4129 ipsis
753 4059 900 4114 enim
936 4070 1145 4114 natura!
1184 4060 1459 4129 capacitas
1494 4059 1628 4111 vitio
1667 4057 1837 4112 obno-

205 4155 328 4214 xia,
364 4151 476 4207 sed
508 4167 614 4207 non
644 4151 874 4207 obnoxia
901 4152 1224 4222 disciplina}.
1259 4150 1448 4206 Omnis
1475 4152 1620 4208 enim
1670 4152 1837 4205 ratio-

209 4247 438 4301 nabilis
470 4254 718 4300 creatura
761 4246 1061 4300 accidentia
1097 4246 1311 4316 recipit,
1341 4252 1398 4302 et
1425 4246 1668 4314 subjecta
1693 4244 1840 4313 judi—

201 4340 305 4393 cio
350 4349 475 4394 eSI.
526 4338 581 4392 In
613 4337 986 4394 accidentibus
1029 4348 1206 4394 autem
1255 4348 1312 4394 et
1349 4337 1735 4408 ptenajudicii,
1786 4347 1843 4392 et

205 4431 557 4501 corruptela
596 4439 700 4497 est,
748 4440 803 4486 et
848 4429 1141 4501 profectus.
1197 4429 1349 4487 Unde
1378 4441 1433 4485 et
1484 4429 1842 4486 Ecclesiastes

204 4525 291 4579 ait
326 4545 339 4577 :
383 4525 656 4592 Quoniam
687 4539 837 4578 omne
861 4539 994 4594 opus
1014 4539 1163 4576 suum
1199 4521 1337 4577 Deus
1365 4522 1588 4576 adducet
1618 4523 1674 4576 in
1691 4522 1844 4596 judi-

1934 3337 2133 3375 mecum
2179 3328 2252 3374 est
2283 3316 2478 3389 (Joan.
2511 3332 2626 3384 vm,
2654 3315 2792 3386 i6);
2827 3323 2880 3368 et
2911 3322 3068 3383 putas
3099 3311 3244 3382 quod
3273 3311 3342 3366 sit
3373 3309 3536 3365 Pater

1933 3414 2082 3468 solus
2110 3413 2164 3467 in
2194 3411 2356 3466 luce?

2004 3511 2095 3568 24.
2140 3515 2212 3565 At
2242 3524 2310 3563 ne
2344 3508 2447 3561 hoc
2472 3506 2498 3543 ἀ
2529 3513 2910 3577 argumentum
2943 3512 3124 3576 putes,
3156 3502 3341 3572 accipe
3371 3499 3536 3557 etiam

1933 3602 2302 3657 testimonium
2333 3618 2346 3653 :
2375 3598 2563 3664 Deum,
2591 3598 2786 3668 inquit,
2814 3611 2963 3650 nemo
2987 3594 3116 3649 vidit
3141 3608 3406 3663 umquam,
3433 3590 3535 3644 nisi

1937 3695 2235 3766 unigenitus
2265 3690 2462 3757 Filius,
2492 3691 2581 3760 qui
2609 3700 2681 3744 est
2707 3690 2760 3742 in
2790 3688 2908 3743 sinu
2956 3685 3152 3754 Patris,
3190 3687 3300 3757 ipse
3325 3700 3540 3740 enarra-

1935 3787 2005 3839 vit
2035 3785 2228 3857 (loan.
2275 3799 2313 3848 ι,
2351 3782 2470 3852 18).
2515 3781 2800 3851 Quomodo
2829 3781 2977 3836 solus
3008 3779 3192 3844 Pater,
3240 3777 3367 3833 siin
3416 3776 3541 3831 sinu

1940 3879 2111 3934 Patris
2141 3877 2310 3933 Filius
2340 3878 2449 3932 est?
2487 3875 2763 3948 quomodo
2802 3884 3046 3938 enarrat,
3104 3886 3265 3942 quem
3295 3885 3401 3924 non
3449 3868 3532 3922 vi-

1939 3971 2078 4026 det?
2109 3970 2227 4026 Non
2258 3984 2390 4039 ergo
2417 3969 2568 4023 solus
2601 3968 2780 4021 Pater.

2007 4064 2100 4118 25.
2143 4063 2340 4133 Accipe
2374 4077 2520 4117 nunc
2565 4072 2618 4116 et
2662 4060 2840 4116 solum
2887 4057 3124 4120 Patrem,
3150 4065 3205 4110 et
3243 4054 3419 4109 solum
3450 4050 3548 4106 Fi-

1940 4155 2092 4210 lium.
2126 4154 2291 4210 Solus
2320 4155 2506 4220 Pater,
2539 4153 2664 4224 quia
2712 4151 2850 4205 alius
2876 4149 3038 4203 Pater
3067 4162 3173 4202 non
3227 4155 3310 4201 est
3343 4161 3356 4198 :
3386 4142 3541 4200 solus

1944 4245 2140 4310 Filius,
2171 4246 2299 4316 quia
2328 4245 2470 4300 alius
2497 4244 2669 4299 Filius
2697 4257 2804 4299 non
2841 4248 2924 4296 est
2957 4259 2969 4294 :
3002 4238 3153 4293 solus
3207 4237 3365 4301 Deus,
3417 4233 3544 4306 quia

1945 4353 2051 4394 una
2081 4338 2340 4394 divinitas
2367 4337 2654 4393 Trinitatis
2681 4346 2783 4391 est.

2577 4428 2806 4486 CAPUT
2846 4429 2934 4483 IV.

1947 4524 2208 4579 Christum
2237 4541 2339 4579 non
2372 4524 2470 4578 nisi
2515 4524 2796 4578 secundum
2822 4536 3028 4576 carnem
3061 4522 3256 4591 factum
3302 4517 3511 4572 narrari
3536 4536 3555 4583 ,-

205 4617 363 4671 eium
387 4615 571 4686 (Eccl.
596 4632 691 4681 xtt,
715 4617 824 4685 M).
854 4614 1329 4685 Ergocorrnptelaa
1346 4623 1402 4670 et
1425 4613 1848 4679 mortis,etiam-
1871 4605 1924 4667 D
2023 4619 2214 4690 quippe
2240 4619 2326 4688 qui
2347 4628 2403 4671 ut
2429 4617 2659 4670 homines
2702 4617 2998 4678 redimeret,
3032 4627 3134 4664 non
3163 4611 3356 4681 eguerit
3402 4608 3556 4682 adju-

291 4767 318 4794 ε·
387 4754 577 4810 Virtus
605 4766 681 4810 est
708 4756 882 4820 Iesus,
929 4769 1032 4810 vox
1073 4755 1258 4809 ultima
1287 4753 1341 4808 in
1389 4767 1521 4808 mss.
1565 4754 1842 4825 plerisque

205 4830 452 4883 omissa
486 4837 590 4882 est.

289 4899 321 4939 ιι
371 4898 509 4954 Non
537 4899 690 4967 pauci
724 4911 883 4964 mss.,
913 4898 1043 4951 sicut
1094 4912 1250 4968 negas
1274 4910 1388 4966 qua:
1416 4893 1526 4951 Deo
1551 4905 1670 4950 sunt
1718 4913 1844 4950 con-

202 4973 540 5037 sequentia.

296 5055 322 5082 ι·
381 5039 524 5095 Non
573 5040 792 5094 moritur
837 5038 1006 5102 Uriet,
1037 5039 1191 5094 abest
1225 5052 1255 5091 a
1294 5051 1424 5092 mss.
1474 5053 1579 5092 non
1629 5038 1844 5105 paucis;

201 5131 352 5170 cum
388 5122 586 5166 autem
612 5111 664 5166 in
693 5111 815 5164 aliis
863 5110 1184 5180 quibusdam
1221 5117 1276 5163 et
1299 5107 1510 5180 cunctis
1529 5108 1661 5180 edit.
1690 5109 1844 5163 inve-

205 5190 459 5246 niatur.
489 5182 623 5237 nihil
645 5179 894 5252 prohibet
915 5180 1042 5252 quin
1063 5179 1336 5252 Ambrosii
1358 5193 1482 5252 esse
1496 5179 1844 5252 arbitremur.

203 5259 468 5315 Etenim
502 5249 753 5323 quamvis
781 5252 852 5306 cl.
887 5249 970 5306 vir
1003 5250 1054 5305 J.
1106 5250 1165 5304 Β.
1197 5250 1486 5304 'l‘hiersius
1517 5249 1570 5304 in
1587 5250 1745 5318 epist.
1781 5249 1847 5304 ad

205 5331 455 5374 Lucam
497 5325 788 5374 Acherium
831 5324 917 5374 τὸν
964 5325 1247 5374 μακαρίτην
1293 5322 1628 5374 argumentis
1683 5320 1847 5374 niuri-

1741 5335 1850 5374 111⁸1-

205 5331 455 5386 Ι.ιιοδιη
497 5322 788 5398 Acheriunt
831 5324 917 5380 τὸν
962 5325 1248 5398 μακαρέτηκ
1293 5322 1628 5398 argumentis

204 5404 357 5462 bus,
385 5396 648 5453 maxime
676 5409 807 5448 vero
854 5391 1181 5448 testimoniis
1209 5391 1388 5446 Caroli
1435 5391 1630 5457 Magni,
1663 5391 1847 5444 llaito-

203 5475 306 5529 nis
322 5471 410 5527 Ba
421 5467 706 5532 sileensis,
724 5465 943 5520 concilii
959 5465 1235 5520 Aurelian.
1255 5474 1310 5518 et
1326 5478 1481 5518 conc.
1503 5463 1661 5517 Rom.
1678 5477 1732 5525 ιι,
1753 5462 1853 5517 sub

202 5537 529 5600 Zacharia
553 5535 831 5604 pontiﬁce,
855 5552 920 5591 ex
945 5537 1260 5606 angelorum
1288 5535 1414 5589 albo
1436 5533 1852 5604 expungendum

201 5630 356 5670 esse
393 5610 563 5664 hunc
629 5607 869 5664 Urielcm
931 5607 1424 5670 demoiistraverit;
1487 5618 1665 5659 tamen
1731 5620 1854 5659 cum

200 5688 321 5744 lib.
344 5697 410 5738 ιν
453 5679 670 5743 Eadm,
691 5679 790 5749 ubi
818 5694 1012 5733 nomen
1037 5679 1168 5732 illud
1196 5680 1398 5748 saepius
1425 5690 1720 5749 occurrere
1743 5691 1862 5749 ag-

249 5753 440 5819 οὲείιΔ
457 5747 770 5818 Thiersiits,
790 5765 888 5819 pro
913 5751 1177 5819 canonico
1193 5747 1392 5819 sar-pius
1408 5748 1730 5819 Ambrosius
1743 5747 1830 5800 lau
1845 5777 1858 5788 ο

249 5775 430 5814 ﬁse“
474 5775 500 5802 I
517 5775 770 5818 IllCl’plltﬁ,
793 5775 888 5819 pro
913 5775 1177 5804 cauumcu
1193 5775 1392 5816 sar-plus
1408 5775 1730 5816 ntupruarup
1745 5775 1830 5800 tau
1845 5777 1858 5788 ο

203 5775 511 5885 ﬂaverit.
537 5829 639 5873 non
671 5832 751 5873 est
798 5812 1020 5873 duhlum
1049 5821 1177 5887 quin
1206 5816 1450 5886 ejusdem
1479 5811 1859 5870 auctoritatem

1953 4755 2040 4811 hic
2070 4756 2232 4826 etiam
2261 4754 2418 4826 sequi
2445 4753 2701 4826 potuerit.
2725 4749 2859 4826 Nam
2878 4749 3020 4820 quod
3051 4747 3264 4826 Ibidem
3282 4744 3434 4800 addit
3463 4745 3550 4826 v_i_r

1951 4825 2202 4882 eruditus
2258 4815 2491 4881 Urielcm
2545 4823 2737 4878 fortea
2768 4815 2993 4877 doctore
3045 4818 3297 4890 reprohis
3346 4815 3555 4885 angelis

1953 4899 2326 4961 annumerari,
2361 4896 2465 4950 hoc
2485 4894 2554 4949 ab
2583 4893 2702 4964 ejus
2728 4905 2908 4947 mente
2938 4889 3160 4964 prorsus
3189 4889 3426 4964 alienum
3446 4893 3552 4964 est.

1951 4968 2224 5022 Caeterum
2255 4954 2483 5036 pulchro
2525 4979 2588 5020 ac
2613 4954 2895 5036 sapienter
2923 4954 3191 5036 hoeAloco
3234 4954 3556 5036 immortali-

1957 5047 2124 5094 tatem
2185 5031 2490 5093 naturalem
2521 5052 2549 5088 a
2603 5031 2945 5105 participata,
2998 5031 3283 5099 distinguit
3332 5036 3553 5105 sanctus

1958 5093 2188 5172 Prmsul,
2217 5118 2265 5163 et
2296 5109 2480 5178 priore
2508 5093 2618 5178 Deo
2646 5107 2756 5178 soli
2772 5093 3040 5178 concessa
3065 5113 3120 5178 et
3141 5093 3443 5178 reservata,
3471 5093 3550 5148 al-

1959 5189 2128 5233 teram
2177 5171 2561 5233 tantummodo
2606 5177 2816 5248 angelis
2861 5175 3155 5230 attribuit:
3191 5171 3245 5224 in
3288 5183 3396 5238 quo
3422 5181 3547 5233 euut

1958 5251 2294 5320 Augustinus
2322 5265 2540 5320 quoque
2566 5258 2753 5317 postea
2779 5258 3022 5320 secutus.
3107 5313 3141 5320 _
3289 5307 3300 5318 ⁸

2028 5313 2071 5357 δ’
2096 5322 2251 5377 Eras.
2283 5313 2501 5376 ac'Gill.
2537 5313 2590 5375 in
2641 5333 2811 5389 marg.
2835 5327 2893 5374 et
2927 5316 3082 5389 edit._
3106 5313 3262 5366 Rom.
3288 5313 3342 5362 in
3369 5321 3549 5376 corp.,

1961 5403 2202 5463 argntum
2235 5403 2422 5462 putes:
2449 5391 2608 5446 iidem
2642 5385 2798 5463 Eras.
2831 5396 2888 5444 et
2910 5386 3036 5444 Gill.
3071 5385 3122 5436 in
3151 5395 3302 5463 corp.
3335 5392 3558 5463 necnon

1963 5457 2184 5518 Amerb.
2235 5457 2365 5516 cum
2405 5477 2572 5533 rmss.
2631 5462 2901 5533 omnibus,
2954 5457 3556 5533 argumentumhputes.

1962 5534 2198 5604 Optime,
2239 5532 2508 5603 siquidem
2545 5549 2649 5587 non
2701 5518 3190 5604 semcladvértere
3237 5518 3560 5601 licuit—Am-

1962 5593 2148 5660 brosio
2179 5593 2556 5673 argumentum
2578 5617 2698 5657 esse
2727 5599 3098 5673 probationem
3133 5593 3370 5673 humano
3410 5593 3560 5673 Logi?

1965 5676 2056 5731 nio
2077 5687 2131 5731 et
2157 5660 2375 5730 solertia
2416 5660 2812 5742 excogitatum,
2826 5668 2918 5742 cui
2934 5679 3209 5736 opponere
3238 5665 3372 5718 solet
3416 5660 3562 5719 Scri-

1967 5757 2144 5816 pturae
2175 5739 2581 5800 testiinonium.—
2603 5751 2664 5794 ut
2695 5739 2797 5793 hoc
2825 5739 2876 5790 in
2908 5739 3047 5792 loco.
