4016 6292
223 305 318 361 ίοί

1540 309 1628 366 DE
1669 311 1827 369 FIDE
1869 311 2002 368 LIB.
2046 311 2135 368 Ill.

3420 315 3526 371 602

221 437 375 481 natus
403 437 500 492 est,
530 428 703 486 Filius
734 432 886 488 datus
911 441 986 487 est
1017 433 1175 488 nobis.
1215 430 1550 487 Videruntet
1577 433 1736 504 Magi,
1767 446 1822 488 et
1850 452 1899 511 Α
1932 445 1953 473 ο
1978 443 2249 502 antequam
2285 433 2498 505 abyssos
2539 437 2762 504 faceret,
2813 443 2860 488 et
2901 443 3175 505 antequam
3221 436 3534 506 produceret

222 519 348 574 ideo
379 537 506 575 cum
542 525 825 591 parvulum
856 526 906 578 in
941 525 1169 594 pratsepi
1207 533 1524 590 cernerem,
1556 523 1820 580 adorave-

221 621 354 666 runt
386 613 636 670 dicentes
663 633 677 668 :
707 613 849 669 Puer
873 627 1026 671 natus
1065 627 1177 683 est;
1200 631 1322 671 cum
1355 617 1569 672 stellam
1597 616 1822 686 conspi-

221 715 435 772 cerent,
485 707 848 775 praedicantes
874 727 886 762 :
920 706 1093 762 Filius
1121 709 1273 762 datus
1319 718 1390 764 est
1422 709 1568 763 nobis
1600 707 1816 779 (Matth.

221 814 282 864 ιι,
320 799 434 867 ll).
470 800 632 856 Aliud
664 817 860 857 munus
896 817 927 858 e
959 803 1140 869 terris,
1186 803 1331 857 aliud
1377 817 1625 859 munuse
1655 803 1818 867 cmlo.

219 899 278 946 et
310 903 603 963 utrumque
630 910 770 948 imus
798 896 850 950 in
885 905 1115 964 utroque
1145 897 1437 966 perlectus,
1474 906 1529 950 et
1555 897 1674 950 sine
1702 910 1822 949 mu-

223 986 495 1042 tabilitate
524 987 850 1054 divinitatis,
899 999 955 1045 et
997 991 1116 1044 sine
1145 989 1397 1044 humana:
1439 989 1820 1043 imminutione

219 1086 450 1133 naturae.
499 1077 672 1134 Unum
709 1081 1094 1149 adoraverunt,
1135 1080 1422 1152 eidemque
1465 1096 1693 1136 munera
1723 1082 1820 1136 ob-

219 1169 500 1233 tulerunt;
536 1179 592 1224 ut
619 1173 970 1228 ostenderent
993 1173 1166 1242 ipsum
1203 1189 1326 1229 esse
1347 1174 1472 1230 caeli
1503 1173 1816 1242 Dominum,

216 1261 314 1329 qui
348 1261 404 1316 in
437 1264 770 1333 praesepibus
796 1264 1088 1321 videretur.

293 1353 386 1408 55.
441 1355 720 1427 Distingue
764 1359 1100 1430 singulorum
1153 1371 1427 1416 momenta
1479 1362 1816 1418 verborum:

220 1445 366 1501 Puer
407 1459 559 1503 natus
585 1460 680 1516 est,
715 1449 886 1507 Filius
914 1455 1067 1507 datus
1111 1465 1184 1508 est
1222 1457 1386 1510 nobis.
1419 1456 1534 1512 Etsi
1561 1473 1626 1512 ex
1659 1457 1820 1513 Patre

216 1551 409 1604 natus,
443 1557 549 1596 non
584 1553 762 1598 tamen
797 1546 956 1601 nobis
982 1557 1164 1614 natus,
1191 1549 1286 1602 sed
1315 1549 1478 1604 datus
1515 1560 1634 1613 est;
1693 1551 1816 1619 quia

217 1647 331 1688 non
388 1633 562 1689 Filius
594 1647 815 1706 propter
855 1654 976 1704 nos,
1021 1641 1114 1696 sed
1171 1656 1268 1696 nos
1327 1654 1544 1713 propter
1593 1643 1815 1700 Filium.

216 1724 413 1796 Neque
463 1731 607 1783 enim
657 1732 814 1785 nobis
847 1743 1006 1789 natus
1033 1743 1138 1801 est,
1170 1736 1260 1804 qui
1291 1747 1344 1791 et
1377 1747 1503 1793 ante
1535 1753 1633 1792 uos
1663 1749 1816 1794 natus

1927 529 2095 598 fontes
2142 543 2411 598 aquarum,
2453 537 2572 581 ante
2609 541 2783 580 omnes
2823 527 2979 582 colles
3023 528 3200 597 genuit
3230 544 3310 582 me
3340 527 3523 600 (Prov.

1926 634 2041 685 vni,
2071 618 2144 674 ‘25
2171 629 2219 675 et
2245 619 2403 692 seq.).

2539 713 2769 772 CAPUT
2806 715 2900 770 lx.

1928 823 2289 897 Difﬁcultate»:
2313 844 2377 883 ea:
2400 830 2517 883 loco
2541 829 2841 884 Salomonis
2859 845 3020 901 supra
3047 827 3258 884 laudato
3293 832 3528 886 exorien-

1996 928 2094 972 tem
2133 920 2284 973 solvit
2327 920 2649 986 Ambrosius,
2684 921 2793 975 illic
2837 930 2880 975 et
2919 921 3238 990 prteteritum
3264 923 3398 976 sumi
3428 939 3523 992 pro

1999 1014 2195 1082 futuro,
2228 1024 2276 1068 et
2304 1016 2557 1086 geminant
2579 1015 2630 1069 in
2655 1014 2860 1070 Christo
2889 1025 3127 1070 naturam
3151 1016 3415 1089 designari
3432 1034 3526 1089 pa-

1999 1108 2264 1177 tefaciens.

1997 1267 2088 1322 59.
2146 1267 2404 1322 Fortasse
2461 1267 2634 1332 dices,
2691 1267 2965 1336 quomodo
3015 1266 3086 1323 de
3143 1267 3520 1323 incarnatione

1925 1360 2350 1416 Christidictum
2399 1375 2522 1416 esse
2550 1359 2964 1415 memoraverim
2999 1377 3013 1414 :
3044 1360 3299 1416 Dominus
3335 1364 3525 1418 creavit

1927 1472 2033 1516 me.
2083 1469 2205 1509 cum
2255 1463 2383 1508 ante
2433 1453 2860 1508 incarnationem
2906 1452 3110 1508 Christi
3159 1463 3412 1509 creatura
3455 1456 3528 1510 sit

1927 1549 2156 1605 mundi?
2185 1549 2292 1605 Sed
2325 1549 2611 1605 considera
2642 1550 2767 1618 quia
2802 1549 2974 1604 mnris
2996 1558 3082 1605 est
3119 1549 3415 1620 Scripturis
3444 1549 3526 1604 di-

1927 1645 2089 1711 vinis,
2113 1655 2167 1700 et
2195 1644 2374 1699 futura
2411 1660 2506 1716 pro
2531 1645 2825 1714 prmteritis
2852 1643 3060 1711 dicere,
3083 1652 3142 1698 et
3164 1645 3436 1715 geminam
3467 1645 3520 1698 in

1927 1737 2139 1792 Christo
2161 1737 2470 1807 signiﬁcare
2497 1736 2855 1791 substantiam
2882 1737 3200 1802 divinitatis,
3225 1746 3281 1793 et
3302 1739 3483 1794 carnis
3507 1755 3522 1803 ;

215 1829 329 1883 est,
381 1829 437 1875 et
467 1822 633 1876 totius
661 1834 747 1878 est
795 1826 1046 1880 conditor
1093 1836 1362 1883 creatura:
1393 1847 1405 1882 :
1460 1846 1634 1901 neque
1679 1848 1820 1886 nunc
1852 1845 1898 1904 Β
1929 1845 1996 1884 ne
2026 1830 2146 1900 quis
2173 1840 2266 1884 aut
2291 1829 2626 1884 divinitatem
2659 1841 2818 1901 neget
2849 1830 2990 1900 ejus,
3025 1839 3118 1884 aut
3149 1844 3392 1886 carnem.

217 1911 462 1981 primum
485 1915 857 1996 nascitur,qui
879 1928 999 1972 erat
1023 1934 1260 1988 semper,
1287 1929 1312 1957 ει
1342 1931 1398 1976 et
1433 1932 1552 1977 erat
1579 1923 1634 1976 in
1669 1924 1819 1993 prin-

215 2005 368 2073 cipio
393 2023 406 2059 :
432 2005 524 2061 sed
550 2007 683 2063 illud
723 2009 868 2079 quod
893 2027 998 2064 non
1028 2022 1166 2078 erat,
1194 2012 1351 2068 nobis
1381 2015 1817 2082 nascitur.Quod

217 2101 389 2155 etiam
430 2102 655 2172 angelus
686 2105 994 2172 pastoribus
1020 2122 1142 2161 cum
1176 2107 1507 2177 loqueretur,
1538 2109 1674 2164 dixit
1696 2125 1820 2166 esse

215 2204 573 2263 generatum,
637 2197 782 2252 sicut
828 2196 996 2253 habes
1033 2199 1292 2269 scriptum
1329 2218 1342 2254 :
1372 2203 1506 2266 Quia
1543 2213 1698 2257 natus
1745 2215 1821 2258 est

217 2285 371 2340 nobis
416 2287 571 2342 hodie
615 2287 881 2354 Salvator,
933 2293 1023 2361 qui
1068 2302 1149 2347 est
1187 2292 1424 2349 Christus
1458 2293 1733 2359 Dominus,
1767 2298 1819 2350 in

218 2381 432 2435 civitate
473 2381 640 2437 David
667 2385 684 2450 (
707 2382 838 2439 Luc.
899 2402 956 2452 ll,
993 2387 1100 2456 ll).
1163 2388 1330 2444 Nobis
1377 2405 1508 2460 ergo
1534 2391 1679 2461 quod
1713 2407 1818 2445 non

217 2481 362 2540 erat,
394 2484 576 2529 natum
608 2485 692 2530 est
716 2494 728 2530 :
763 2477 864 2532 hoc
884 2487 988 2542 est,
1014 2496 1149 2550 puer
1174 2497 1238 2536 ex
1271 2481 1507 2552 Virgine,
1532 2499 1731 2554 corpus
1754 2500 1818 2540 ex

220 2565 427 2630 Maria;
478 2568 580 2622 hoc
619 2569 764 2624 enim
797 2581 919 2638 post
963 2587 1083 2638 uos,
1137 2574 1264 2628 illud
1298 2584 1423 2630 ante
1455 2591 1574 2632 nos.

296 2660 390 2714 56.
425 2662 530 2715 Alii
557 2663 774 2719 codices
813 2667 893 2720 sic
921 2665 1160 2722 habent:
1194 2668 1332 2725 Puer
1374 2681 1525 2725 natus
1555 2682 1628 2728 est
1653 2673 1816 2736 nobis,

225 2754 406 2809 Filius
432 2756 586 2812 datus
613 2769 687 2813 est
734 2760 911 2827 nobis;
943 2760 1046 2816 hoc
1083 2774 1189 2829 est,
1223 2764 1312 2834 qui
1355 2776 1474 2820 erat
1500 2765 1670 2820 Filius
1704 2767 1819 2831 Dei,

222 2846 249 2884 ιι
276 2850 368 2903 hic
397 2865 465 2905 ex
496 2851 657 2906 Maria
682 2868 816 2923 puer
840 2863 1003 2911 natus
1033 2866 1117 2912 est
1146 2859 1323 2923 nobis.
1355 2868 1409 2914 et
1428 2859 1587 2914 datus
1612 2870 1696 2916 est
1727 2876 1818 2915 no-

225 2943 332 2998 bis.
369 2944 506 3010 Quia
536 2946 694 3000 datus
723 2949 814 3013 sit,
865 2950 992 3004 audi
1043 2951 1368 3021 PrOphetam
1415 2953 1688 3010 dicentem
1718 2974 1730 3008 :
1759 2954 1824 3009 Et

223 3036 457 3091 salutare
487 3046 629 3090 tuum
658 3040 724 3094 da
760 3042 905 3096 nobis
927 3040 1102 3111 (Psal.
1139 3061 1356 3111 Lxxxtv,
1385 3047 1459 3117 8).
1498 3049 1650 3116 Quod
1681 3048 1822 3104 enim

225 3144 394 3199 supra
447 3145 545 3186 nos
590 3142 695 3197 est,
745 3133 950 3190 datur:
995 3137 1138 3205 quod
1186 3139 1255 3193 de
1298 3140 1441 3195 caelo
1479 3149 1585 3205 est,
1633 3141 1822 3207 datur;

1995 1921 2085 1976 60.
2113 1922 2242 1976 Nam
2269 1921 2411 1976 sicut
2431 1923 2481 1975 in
2509 1922 2663 1976 Esaia
2693 1923 2862 1977 habes
2886 1939 2902 1978 ε
2923 1921 3064 1976 Puer
3083 1931 3236 1976 natus
3260 1933 3334 1977 est
3357 1922 3524 1990 nobis,

1923 2025 1969 2069 et
2000 2013 2168 2068 Filius
2187 2014 2338 2068 datus
2371 2025 2444 2069 est
2485 2016 2634 2070 nobis
2656 2014 2827 2085 (Esai.
2863 2031 2942 2081 Ix,
2973 2015 3029 2085 6)
3057 2032 3070 2081 ;
3104 2017 3174 2071 ita
3201 2016 3290 2072 hic
3311 2033 3526 2088 quoque

1921 2119 2047 2164 ante
2079 2109 2340 2179 praemisit
2367 2117 2673 2164 creaturam
2703 2109 2911 2174 carnis,
2945 2120 2999 2164 et
3028 2110 3309 2165 subtexuit
3341 2119 3522 2164 asser-

1925 2203 2128 2257 tionem
2159 2201 2496 2266 divinitatis;
2529 2212 2586 2257 ut
2614 2203 2786 2258 scires
2827 2217 2933 2257 non
2957 2203 3094 2257 duos
3119 2201 3393 2268 Christos,
3427 2201 3525 2256 sed

1925 2311 2088 2350 unum
2120 2309 2278 2351 esse:
2310 2295 2399 2366 qui
2431 2304 2485 2349 et
2518 2307 2646 2350 ante
2680 2295 2881 2351 sucula
2911 2302 3200 2366 generatus
3227 2295 3292 2348 sit
3325 2308 3391 2348 ex
3424 2293 3515 2348 Pa-

1924 2396 2028 2452 tre,
2067 2398 2120 2442 et
2150 2386 2363 2441 ultimis
2389 2388 2730 2456 temporibus
2773 2397 2988 2442 creatus
3037 2401 3104 2442 ex
3148 2384 3390 2456 Virgine,
3422 2385 3525 2439 hoc

1924 2490 2051 2537 est:
2087 2481 2202 2552 Ego
2246 2496 2366 2536 sum
2399 2480 2493 2535 ille
2535 2488 2754 2535 creatus
2793 2496 2863 2535 ex
2910 2479 3154 2545 homine,
3199 2487 3416 2534 creatus
3457 2477 3525 2532 ad

1925 2591 2165 2640 causam,
2197 2577 2286 2646 qui
2315 2591 2436 2629 sum
2460 2584 2749 2645 generatus
2779 2588 2906 2630 ante
2941 2575 3161 2631 sarcula.

1999 2670 2088 2723 (il.
2125 2669 2364 2738 Denique
2408 2668 2648 2722 dicturus
2683 2686 2695 2722 :
2727 2666 2984 2721 Dominus
3025 2669 3217 2722 creavit
3251 2684 3355 2734 me,
3391 2683 3528 2737 prte-

1926 2761 2074 2815 misit
2104 2776 2119 2815 :
2151 2760 2572 2814 Commemorabo
2598 2775 2715 2831 qua:
2755 2777 2786 2812 a
2815 2760 3005 2815 sa’culo
3031 2771 3172 2815 sunt.
3220 2760 3474 2815 Dicturus
3509 2779 3523 2817 :

1928 2854 2139 2921 Genuit,
2183 2855 2447 2925 prtemisit
2475 2873 2487 2908 :
2519 2854 2584 2909 In
2632 2857 2888 2926 principio
2928 2866 3197 2926 antequam
3224 2865 3416 2910 terram
3445 2857 3525 2926 fa-

1928 2957 2080 3013 ceret,
2111 2957 2230 3001 ante
2260 2962 2434 3001 omnes
2463 2948 2620 3002 colles
2645 2947 2820 3019 genuit
2847 2963 2948 3002 me.
2979 2948 3130 3015 Ante,
3154 2962 3274 3002 cum
3303 2948 3524 3013 dicitur,

1929 3041 1980 3094 in
2014 3039 2279 3096 inﬁnitum
2304 3051 2452 3096 retro
2489 3041 2609 3096 sine
2648 3042 2824 3110 aliqua
2851 3042 3171 3096 deﬁnitione
3204 3041 3519 3111 porrigitur.

1929 3133 2197 3204 Denique,
2225 3143 2345 3187 ante
2374 3133 2657 3198 Abraham,
2695 3133 2888 3202 inquit,
2931 3148 3023 3203 ego
3045 3149 3159 3184 sum
3187 3129 3372 3199 (Joan.
3405 3146 3521 3192 vm.

228 3222 374 3276 sicut
410 3225 574 3278 etiam
617 3225 684 3280 de
727 3226 931 3296 Spiritu
973 3230 1201 3299 legimus
1243 3232 1408 3300 quod,
1441 3232 1681 3287 Charitas
1726 3227 1896 3290 DeiC
1930 3227 2045 3298 58).
2105 3242 2211 3282 non
2271 3228 2459 3298 utique
2519 3234 2646 3296 post
2695 3225 2868 3279 Adam
2913 3234 3004 3280 ιρι
3051 3234 3172 3279 ante
3221 3224 3526 3296 Luciferum

231 3314 401 3381 effusa
423 3327 495 3370 est
515 3319 566 3372 in
588 3319 827 3375 cordibus
855 3326 1044 3378 nostris
1063 3342 1152 3393 per
1176 3325 1434 3396 Spiritum
1461 3339 1714 3393 sanctum,
1738 3330 1825 3398 qui

232 3408 395 3462 datus
432 3419 502 3462 est
533 3412 672 3466 nobis
703 3413 882 3483 (Rom.
907 3431 962 3481 v,
996 3416 1072 3487 5).

303 3502 396 3556 57.
429 3501 536 3558 Sed
565 3505 744 3560 videte
787 3509 1249 3578 quemadmodum
1297 3510 1383 3566 hic
1422 3513 1572 3570 locus
1626 3515 1826 3570 multas

228 3591 474 3650 haereses
523 3595 848 3668 exstinguat.
895 3599 1036 3654 Puer
1077 3612 1228 3656 natus
1267 3613 1341 3657 est
1381 3603 1541 3671 nobis,
1584 3621 1689 3660 non
1731 3607 1825 3662 Ju-

228 3686 368 3742 daeis
401 3705 416 3742 :
447 3690 613 3756 nobis,
664 3707 770 3747 non
800 3693 1111 3749 Manichaeis
1145 3717 1158 3750 :
1187 3697 1354 3763 nobis,
1399 3713 1502 3752 non
1534 3699 1824 3755 Marcioni-

230 3781 324 3835 tis.
355 3780 624 3852 Propheta
652 3786 786 3841 dicit
820 3804 830 3840 :
871 3787 1054 3855 Nobis,
1091 3789 1191 3842 hoc
1212 3799 1296 3845 est
1325 3791 1691 3860 credentibus,
1719 3809 1824 3849 non

230 3874 552 3929 incredulis.
592 3876 658 3931 Et
694 3879 782 3933 ille
801 3880 1018 3949 quidem
1049 3881 1418 3938 misericordia
1451 3898 1546 3939 sua
1579 3886 1828 3940 omnibus

229 3977 396 4022 natus
432 3980 536 4035 cst,
585 3971 682 4026 sed
731 3975 952 4042 perﬁdia
1006 3975 1384 4032 haereticorum
1427 3979 1571 4045 fecit,
1615 3990 1674 4035 ut
1719 3996 1827 4038 non

230 4059 492 4115 omnibus
520 4072 853 4130 nasceretur,
883 4067 972 4136 qui
1009 4069 1265 4124 omnibus
1296 4079 1451 4126 natus
1478 4082 1580 4126 est.
1612 4071 1745 4128 Nam
1773 4082 1830 4129 et

229 4152 417 4206 lumen
449 4154 554 4208 diei
583 4157 714 4211 oriri
737 4158 959 4225 jubetur
997 4175 1160 4232 super
1187 4163 1356 4218 bonos
1384 4173 1439 4219 et
1483 4167 1658 4222 malos
1685 4186 1697 4220 :
1731 4169 1826 4224 sed

229 4244 368 4298 oriri
397 4259 508 4299 non
541 4247 850 4303 videntibus
889 4267 994 4304 non
1028 4255 1244 4309 videtur
1271 4255 1489 4325 (Matth.
1523 4274 1578 4322 v,
1611 4259 1724 4330 15).

309 4336 403 4393 58.
437 4337 590 4393 Sicut
631 4355 760 4410 ergo
789 4357 924 4411 puer
967 4360 1073 4399 non
1106 4348 1356 4403 omnibus
1397 4359 1552 4404 natus
1596 4362 1701 4419 est,
1733 4355 1828 4408 sed

232 4431 492 4485 ﬁdelibus
525 4451 538 4486 :
571 4434 650 4487 sic
678 4433 845 4490 Filius
887 4451 992 4491 non
1040 4438 1350 4494 inﬁdelibus
1379 4442 1537 4496 datus
1579 4454 1684 4510 est,
1733 4449 1827 4502 sed

231 4525 514 4579 ﬁdelibus.
570 4525 734 4582 Nobis
781 4529 940 4583 datus
984 4539 1106 4597 est,
1162 4547 1267 4586 non
1314 4534 1691 4599 Photinianis;
1750 4539 1828 4595 illi

228 4623 382 4677 enim
420 4638 526 4676 non
550 4623 733 4678 datum
776 4625 931 4680 nobis
965 4627 1058 4682 Dei
1091 4626 1286 4682 Filium
1315 4629 1502 4684 dicunt
1543 4647 1686 4696 esse,
1733 4635 1826 4689 sed
1853 4611 1906 4670 Ῑ)

225 4715 300 4769 ab
330 4715 489 4771 initio
515 4715 658 4772 inter
689 4733 786 4773 nos
817 4727 1002 4772 natum
1040 4736 1052 4773 :
1088 4721 1240 4775 nobis
1271 4721 1429 4776 datus
1458 4734 1563 4790 est,
1594 4743 1698 4781 non
1734 4727 1828 4780 Sa-

227 4807 520 4872 hellianis;
561 4810 635 4864 illi
685 4811 829 4865 enim
873 4813 1065 4866 uolunt
1095 4813 1291 4868 Filium
1333 4815 1541 4883 datum,
1575 4820 1824 4877 eumdem

224 4911 546 4956 asserentes
583 4901 798 4957 Patrem
841 4917 964 4958 esse
1009 4920 1172 4975 quem
1218 4905 1418 4962 Filium
1451 4927 1464 4962 :
1497 4911 1673 4978 nobis,
1719 4930 1824 4967 non

225 4991 484 5056 Arianis;
520 5005 574 5048 et
600 4995 700 5066 ipsi
722 4995 865 5050 enim
905 5012 1012 5051 non
1058 4999 1257 5054 habent
1286 4999 1482 5055 Filium
1520 5019 1618 5072 pro
1653 5005 1826 5062 salute

222 5088 443 5153 datum,
481 5088 574 5142 sed
621 5103 718 5159 pro
747 5089 1062 5146 inﬁrmitate
1112 5095 1493 5150 transmissum
1528 5113 1540 5149 :
1571 5111 1679 5151 non
1732 5097 1827 5151 ha-

224 5180 362 5236 bent
383 5181 780 5249 consiliarium,
803 5199 963 5253 quem
993 5195 1179 5252 putant
1201 5183 1380 5242 futura
1406 5189 1646 5244 nescisse
1673 5207 1685 5244 :
1716 5207 1822 5246 non

221 5271 438 5327 habent
488 5272 706 5336 Filium,
763 5289 925 5344 quem
985 5277 1376 5346 sempiternum
1427 5295 1532 5334 non
1591 5291 1819 5351 putant;

218 5379 354 5419 cum
386 5363 550 5437 ξω
574 5365 839 5435 scriptum
867 5366 938 5421 sit
972 5368 1039 5423 de
1065 5368 1246 5423 Verbo
1276 5371 1390 5438 Dei,
1431 5374 1571 5443 quod
1608 5386 1719 5428 erat
1766 5377 1819 5431 in

216 5457 483 5529 principio
506 5474 526 5523 ;
557 5465 613 5512 et
636 5457 764 5512 alibi
791 5478 803 5512 :
831 5458 899 5513 In
939 5461 1214 5530 principio,
1241 5473 1349 5517 erat
1377 5463 1602 5520 Verbum
1635 5464 1818 5538 (Joan.

218 5566 261 5614 ι,
295 5550 379 5617 2).
408 5549 648 5620 Denique
679 5560 734 5604 ut
780 5550 846 5605 ad
880 5555 1215 5622 propositum
1261 5566 1602 5612 revertamur
1631 5573 1820 5614 exem-

218 5647 380 5716 plum
408 5663 422 5698 :
453 5643 520 5699 In
547 5645 825 5716 principio,
853 5645 1048 5716 inquit,
1082 5658 1356 5719 antequam
1394 5660 1583 5705 terram
1605 5654 1817 5721 faceret,

303 5763 479 5836 filias.
509 5762 737 5836 eliquat,
761 5776 816 5820 ut
841 5776 948 5836 erat
977 5763 1036 5836 tu
1062 5761 1335 5836 principle.
1404 5805 1405 5808 η
1765 5821 1771 5831 ,

299 5831 329 5872 δ’
352 5827 468 5892 l‘lnn
498 5827 654 5902 pauet
683 5827 842 5898 uisu.
872 5832 958 5891 tua
985 5827 1188 5896 dicitur.
1230 5827 1370 5895 Puer
1401 5841 1550 5897 natat
1582 5845 1676 5906 ut.
1707 5827 1814 5898 eis.

1929 3320 2241 3394 (Psal.c1x,
2271 3321 2352 3390 5),
2391 3335 2498 3373 non
2531 3321 2718 3388 utique
2753 3327 2881 3390 post
2925 3317 3173 3388 angelos.
3223 3317 3330 3372 Sed
3383 3328 3524 3381 ante,

1928 3429 2050 3468 cum
2081 3412 2237 3476 dixit,
2273 3426 2381 3467 non
2411 3426 2470 3466 se
2501 3411 2641 3465 intra
2670 3410 2931 3480 aliquem,
2957 3408 3054 3464 sed
3082 3408 3264 3462 omnia
3295 3408 3436 3462 intra
3465 3421 3526 3463 se

1929 3509 2063 3565 dixit
2087 3524 2101 3572 ;
2127 3508 2208 3563 sic
2234 3507 2378 3562 enim
2406 3505 2574 3560 moris
2603 3515 2687 3559 est
2715 3505 3076 3560 arternitatem
3104 3503 3195 3557 Dei
3227 3501 3526 3570 Scripturis

1929 3601 2240 3671 signiﬁcare
2267 3600 2491 3655 divinis.
2531 3599 2772 3667 Denique
2799 3598 2926 3654 alibi
2965 3597 3131 3652 babes
3167 3614 3178 3650 :
3210 3594 3526 3662 Priusquam

1930 3705 2126 3749 montes
2156 3697 2356 3766 ﬁerent,
2388 3703 2435 3748 et
2465 3697 2776 3764 {armaretur
2806 3692 2943 3746 orbis
2989 3701 3160 3754 terrm,
3191 3707 3221 3743 n
3262 3689 3455 3743 uecqu
3483 3699 3528 3740 ct

1930 3803 2090 3858 usque
2117 3788 2173 3841 in
2203 3787 2449 3842 steculum
2479 3797 2533 3839 tu
2561 3803 2612 3840 es
2635 3783 2810 3856 (Ρη-Ι.
2841 3798 3068 3848 Lxxxtx,
3093 3781 3172 3852 9).

2002 3881 2092 3936 62.
2143 3882 2282 3936 Ante
2327 3879 2509 3934 omnia
2556 3893 2690 3948 ergo
2718 3878 3024 3947 generatio,
3059 3876 3202 3928 inter
3248 3873 3433 3926 omnia
3473 3881 3528 3926 et

1933 3983 2155 4043 propter
2183 3971 2361 4026 omnia
2400 3981 2672 4024 creatura.
2722 3969 2891 4024 Natus
2919 3984 2983 4022 ex
3032 3969 3190 4022 Patre
3235 3978 3399 4036 supra
3427 3963 3529 4018 Le-

1931 4082 2074 4137 gem,
2105 4066 2280 4122 l'actus
2309 4081 2372 4121 ex
2405 4066 2570 4121 Maria
2602 4064 2702 4120 sub
2726 4063 2888 4133 Lege.

2559 4198 2786 4256 CAPUT
2833 4199 2898 4252 Χ.

1932 4318 2183 4384 Baptista:
2217 4317 2370 4370 verba
2407 4331 2470 4370 ex
2497 4315 2682 4383 quibus
2708 4313 2971 4369 Christum
3019 4315 3176 4367 etiam
3207 4322 3326 4367 ante
3355 4312 3527 4367 incar-

2003 4411 2265 4464 nationem
2299 4413 2495 4479 factum
2531 4407 2887 4477 disputabant,
2929 4406 3217 4470 soluturus,
3265 4405 3352 4460 ubi
3395 4423 3533 4476 pra:-

2005 4504 2142 4557 misit
2169 4518 2231 4556 ea
2260 4502 2447 4571 referri
2485 4517 2632 4570 posse
2671 4500 2740 4554 ad
2768 4499 3277 4572 praedestinationem
3300 4517 3318 4565 ;
3342 4499 3536 4554 intelli-

2003 4595 2169 4666 genda
2198 4604 2370 4648 tamen
2398 4595 2462 4650 de
2492 4594 2844 4649 incarnatione
2873 4594 2936 4647 ab
2963 4590 3386 4648 antecedentibus
3410 4607 3532 4660 pro-

2006 4690 2111 4742 bat.
2154 4687 2295 4743 Hinc
2335 4688 2672 4759 progrediens
2702 4687 2772 4740 ad
2798 4689 3036 4757 mystica,
3085 4688 3258 4758 ipsum
3283 4687 3539 4758 dignitate

2005 4799 2068 4836 ac
2115 4782 2300 4835 merito
2340 4790 2461 4835 ante
2498 4779 2760 4834 Joannem
2801 4780 2964 4850 fuisse
3012 4780 3285 4834 declarat:
3315 4783 3538 4835 maxime

2005 4891 2122 4929 cum
2154 4873 2428 4938 Eectesim,
2461 4877 2612 4946 cujus
2646 4884 2801 4944 typus
2829 4873 2881 4928 in
2903 4873 3126 4928 historia
3160 4874 3301 4928 Ruth
3327 4889 3536 4942 expres-

2003 4983 2090 5020 sus
2142 4969 2332 5037 fuerat,
2384 4981 2628 5032 sponsus,
2678 4967 2832 5020 etiam
2887 4968 3096 5021 excluso
3149 4966 3350 5034 Moyse,
3393 4963 3536 5016 solus

2007 5060 2304 5124 exstiterit;
2343 5075 2498 5129 quam
2545 5059 2666 5113 licet
2711 5059 2994 5130 Synagoga
3052 5076 3154 5112 non
3197 5057 3408 5111 omnino
3455 5071 3544 5108 ne-

2006 5156 2190 5226 glecta,
2224 5154 2366 5207 solus
2395 5154 2612 5208 vocavit.

2004 5285 2095 5341 65.
2125 5282 2294 5357 [Alias
2319 5301 2435 5352 cap.
2469 5282 2561 5356 V.]
2586 5283 2691 5340 Sed
2724 5285 2987 5352 scriptum
3017 5290 3097 5335 est
3133 5297 3146 5334 :
3182 5279 3311 5333 Post
3339 5293 3418 5331 me
3449 5293 3532 5331 re-

1929 5381 2005 5434 nit
2033 5380 2130 5446 vir,
2178 5379 2263 5449 qui
2303 5387 2422 5434 ante
2452 5396 2531 5433 me
2575 5382 2740 5447 [actus
2785 5386 2890 5441 est;
2921 5376 3042 5444 quia
3085 5374 3232 5446 prior
3280 5388 3359 5426 me
3398 5381 3526 5425 erat.

1931 5473 2089 5529 [inde
2106 5474 2324 5528 dicunt:
2347 5473 2489 5525 Ecce
2509 5470 2603 5540 qui
2623 5480 2762 5535 erat,
2781 5469 2956 5522 factus
2969 5476 3070 5518 est.
3089 5466 3210 5534 Ipsa
3231 5466 3392 5519 verba
3406 5479 3524 5535 per-

1931 5564 2253 5634 pendamus.
2279 5561 2407 5617 Post
2436 5579 2534 5627 me,
2565 5559 2757 5630 inquit,
2777 5559 2910 5612 venit
2933 5558 3008 5609 vir
3031 5556 3211 5628 (Jonn.
3230 5573 3267 5622 ι,
3287 5555 3402 5621 30).
3437 5554 3528 5609 Vir

1929 5670 2064 5726 ergo
2081 5664 2163 5710 est
2180 5655 2270 5725 qui
2289 5655 2460 5717 venit,
2485 5655 2603 5722 ipse
2620 5652 2709 5720 qui
2738 5650 2908 5703 factus
2930 5659 3034 5702 est.
3061 5649 3153 5704 V’ir
3175 5650 3531 5722 509autcm

1945 5813 1952 5836 ._
2007 5781 2026 5811 ε
2050 5761 2338 5841 antequam
2385 5759 3272 5841 abnues-faceret,desiderabatur
3311 5747 3363 5823 in
3396 5750 3532 5821 editi

1928 5830 2071 5914 Quod
2098 5827 2285 5894 tiosos
2315 5827 2835 5896 tnuirettlluhnus.
