4016 6292
510 291 616 348 605

1834 292 2077 351 SANCTI
2108 293 2436 353 AHBBOSII
3656 297 3732 353 6M

514 419 716 469 nomen
744 412 831 463 est
850 418 1019 467 sexus
1043 425 1056 463 :
1081 420 1241 467 sexus
1256 415 1439 465 autem
1469 421 1577 477 non
1606 407 1791 478 utique
1809 405 2101 472 divinitati,
2134 409 2181 485 Α
2211 408 2404 474 lactus,
2437 421 2601 478 supra
2646 423 2821 465 meam
2850 407 3107 480 gratiam,
3148 416 3389 477 tempore
3411 408 3577 464 carnis
3601 420 3745 480 poste-

516 499 610 561 sed
645 506 857 561 naturae
893 500 1188 570 deputatur
1223 501 1494 561 humanm.

2215 502 2349 564 rior,
2391 500 2689 558 divinitatis
2736 502 2946 557 honore
2985 500 3345 557 venerabilis?
3387 500 3506 556 Post
3530 518 3599 556 tlte
3629 504 3744 558 enim

588 590 681 646 6t.
733 590 959 647 Possem
1002 607 1133 663 ergo
1173 593 1361 650 dicere
1390 610 1403 647 :
1435 594 1562 649 Erat
1593 595 1647 652 in
1686 594 2116 665 praemunitione
2215 596 2372 661 erait,
2395 596 2658 666 temporis
2686 596 2849 670 διο
2869 604 2953 654 est
2981 613 2995 650 :
3024 595 3167 665 prior
3188 611 3268 649 nte
3292 605 3421 659 erat,
3444 594 3745 651 mternitatis:

516 681 735 751 quidem
757 684 1027 753 corporis,
1057 684 1153 741 sed
1182 686 1486 749 aeternitate
1512 686 1757 751 virtutis;
1782 700 1905 740 nam
1936 692 1994 740 et
2015 684 2117 740 Ec-
2216 699 2339 743 aute
2363 705 2443 744 ate
2467 691 2638 760 [oens
2674 700 2770 756 est,
2805 690 3031 745 honoris
3056 705 3071 756 ;
3106 688 3231 759 quia
3276 689 3436 743 etiam
3468 689 3749 746 lncarnatio-

520 774 688 830 clesia
734 783 873 849 erat,
906 784 962 843 et
1009 778 1182 841 sancti
1228 786 1383 847 erant
1422 777 1797 859 praedestinati
1835 785 1963 843 ante
2009 791 2114 847 stat-

522 867 643 923 cola
674 885 687 923 :
720 867 812 924 sed
845 883 954 927 non
992 868 1044 933 id
1073 868 1177 937 hoc
1206 869 1327 925 loco
1354 870 1498 943 dico,
1532 881 1584 937 at
1615 871 1748 937 illud
1774 885 1984 941 assero,
2007 868 2118 933 iac-

523 968 638 1016 tum
686 974 809 1016 esse
843 974 949 1027 non
973 961 1058 1044 ad
1090 961 1450 1030 divinitatem,
1482 962 1580 1033 sed
1618 964 1686 1031 ad
1728 964 2120 1027 incarnationis

524 1053 799 1121 pertinere
831 1063 1099 1119 naturam,
1128 1054 1269 1108 sicut
1296 1055 1414 1125 ipse
1440 1055 1680 1112 Joannes
1701 1055 1843 1121 dixit
1871 1074 1885 1123 ς
1920 1055 2020 1125 Hic
2048 1064 2123 1111 est

525 1144 589 1200 de
610 1160 709 1216 quo
736 1144 845 1199 dixi
868 1160 887 1199 :
915 1142 1040 1199 Post
1060 1161 1141 1199 me
1169 1146 1301 1199 venit
1326 1146 1424 1213 vir,
1455 1147 1543 1217 qui
1571 1156 1687 1201 ante
1707 1162 1787 1201 me
1816 1150 1985 1215 {actus
2017 1155 2117 1201 est.

598 1238 690 1295 65.
732 1237 915 1308 Itaque
952 1252 1076 1295 eum
1125 1239 1423 1309 geminam,
1470 1240 1612 1297 sicut
1661 1255 1829 1311 supra
1874 1240 2011 1307 dixi,
2064 1240 2120 1297 in

521 1328 740 1395 Christo
777 1330 1143 1391 substantiam
1185 1333 1585 1403 proposuisset,
1621 1342 1680 1389 ut
1719 1344 2010 1406 utramque
2040 1335 2124 1391 inc

522 1422 740 1493 telligas
789 1430 844 1487 et
877 1422 1183 1485 divinitatis
1223 1432 1279 1480 et
1316 1425 1518 1492 carnis,
1554 1434 1581 1465 ι
1607 1425 1714 1481 hoc
1739 1429 1863 1483 loco
1900 1427 2069 1497 coepit
2091 1441 2121 1483 ι

521 1531 707 1573 carne.
754 1517 854 1579 Est
893 1518 1043 1579 enim
1092 1518 1396 1588 Scripturis
1443 1520 1752 1590 promiscua
1781 1522 2125 1579 consuetudo

519 1610 736 1677 divinis,
770 1621 828 1673 ut
853 1611 1130 1677 interdum
1162 1628 1191 1669 a
1218 1612 1506 1671 divinitate
1532 1613 1731 1671 Christi
1758 1614 2041 1686 incipiant,
2068 1627 2127 1675 et

519 1703 586 1761 ad
622 1704 1017 1771 incarnationis
1057 1716 1403 1767 sacramenta
1432 1706 1806 1772 descendant;
1848 1708 2122 1765 interdum

2220 783 2307 838 nis
2331 781 2653 853 mysterium
2687 796 2850 852 supra
2881 782 3173 838 humanam
3204 790 3287 835 est
3310 780 3547 851 gratiam.

2288 875 2380 932 69.
2412 875 2655 946 Denique
2679 876 2734 930 in
2762 875 3116 933 inferioribus
3154 874 3282 946 quid
3308 889 3467 943 supra
3492 875 3754 930 contexui:-

2221 975 2305 1022 set
2346 967 2617 1037 expressit
2645 966 2836 1023 dicens
2864 982 2880 1019 ι
2910 964 3039 1021 Post
3082 981 3162 1019 ate
3200 965 3338 1019 venit
3382 964 3476 1026 vir.
3515 965 3649 1035 cujus
3676 981 3756 1020 tua

2220 1075 2337 1113 sunt
2367 1059 2557 1129 digitus
2587 1059 2921 1117 calciamenta
2964 1068 3174 1130 portare
3207 1056 3388 1129 (Joan.
3413 1072 3449 1120 ι,
3478 1056 3598 1127 21);
3650 1071 3758 1126 pra-

2222 1151 2475 1210 stantiam
2497 1151 2681 1218 utique
2714 1162 2735 1189 ε
2759 1149 3056 1220 dignitatis,
3085 1164 3194 1204 non
3225 1148 3577 1203 aeternitatem
3602 1147 3761 1203 divinat

2222 1241 2595 1311 generationis
2621 1255 2921 1311 exponens.
2945 1240 3100 1308 Quod
3121 1254 3367 1311 eousque
3392 1240 3460 1301 ad
3486 1240 3764 1295 incarnatio-

2226 1349 2348 1390 nem
2380 1335 2639 1405 pertinet,
2683 1343 2738 1389 nt
2770 1344 2954 1405 typum
2992 1334 3044 1387 in
3089 1332 3405 1389 hominibus
3447 1332 3646 1404 mystici
3678 1332 3762 1386 cal-

2224 1428 2479 1487 ciamenti
2514 1436 2641 1485 ante
2685 1427 3035 1498 praemiserit.
3079 1426 3222 1497 Lege
3265 1428 3410 1482 enim
3450 1427 3678 1497 proximo
3696 1424 3767 1480 de-

2227 1521 2396 1577 functi
2435 1520 2520 1576 vel
2562 1518 2714 1576 fratri
2759 1521 2953 1590 copula
2985 1518 3335 1575 deferebatur
3359 1519 3478 1589 ejus
3504 1518 3700 1581 uxoris;
3724 1525 3767 1571 ut

2226 1628 2414 1673 semen
2456 1612 2640 1669 fratris
2666 1612 2752 1677 vel
2786 1612 3015 1680 proximi
3043 1612 3390 1668 resuscitaret
3420 1608 3767 1677 (Namxxm,

2226 1704 2305 1777 6).
2343 1704 2497 1762 Unde
2527 1703 2673 1775 quod
2718 1704 2884 1771 Ruth,
2918 1702 3041 1761 licet
3084 1705 3201 1773 ipsa
3249 1703 3585 1774 alienigena;
3627 1711 3768 1758 tamen

517 1798 586 1852 ab
617 1796 923 1857 humilitate
964 1798 1358 1859 incarnationis
1383 1799 1668 1857 exordium
1698 1810 1937 1870 sumant,
1964 1810 2020 1859 et
2050 1801 2118 1859 ed
2149 1807 2197 1881 ῃ
2223 1800 2345 1870 quia
2392 1798 2642 1861 maritum
2690 1796 2956 1855 habuerat
3007 1811 3073 1853 ex
3111 1796 3336 1856 ludatis.
3386 1798 3479 1867 qni
3528 1795 3773 1865 reliquerat

519 1889 749 1964 gloriam
775 1890 1080 1953 divinitatis
1110 1900 1424 1961 assurgant,
1472 1902 1530 1947 ut
1560 1894 1614 1949 in
1638 1893 1943 1964 prophetis,
1982 1903 2038 1951 et
2067 1894 2121 1950 in

521 1982 875 2050 evangelistis
918 1981 1254 2057 frequenter,
1294 1994 1350 2040 et
1391 1984 1446 2040 in
1499 1985 1689 2043 Paulo.
1744 1986 1888 2057 Ergo
1931 1995 1987 2042 et
2036 1988 2127 2044 hie

517 2074 676 2145 juxta
725 2085 1081 2137 memoratam
1139 2078 1590 2141 consuetudinem
1630 2079 1699 2135 ab
1748 2079 2128 2138 incarnatione

526 2168 739 2226 Domini
783 2170 949 2240 cmpit
990 2171 1059 2228 de
1106 2171 1224 2242 ejus
1264 2172 1547 2231 divinitate
1583 2172 1863 2239 dicturus;
1911 2190 2022 2230 non
2066 2183 2127 2232 ut

526 2260 890 2319 confunderet
910 2262 1143 2327 humana
1182 2274 1350 2335 atque
1382 2263 1588 2333 divina,
1624 2266 1719 2327 sed
1745 2275 1803 2323 ut
1829 2266 2129 2337 distingue-

527 2365 633 2415 ret.
667 2356 868 2415 Verum
895 2355 1108 2423 Ariani,
1143 2358 1291 2417 velut
1314 2358 1526 2417 Judaiei
1568 2372 1865 2429 caupones,
1898 2359 2129 2417 miscent

525 2463 720 2519 aquam
761 2464 886 2509 cum
915 2450 1079 2512 vino;
1123 2452 1249 2523 quia
1289 2451 1528 2509 divinant
1574 2453 1989 2523 generationem
2020 2453 2126 2509 ltu-

527 2557 851 2614 manamque
872 2545 1237 2614 confundunt,
1258 2546 1327 2607 ad
1353 2546 1614 2603 deitatem
1637 2547 1960 2616 referentes,
1982 2548 2127 2620 quod

525 2634 595 2692 de
621 2649 793 2693 carne
836 2637 909 2694 sit
936 2636 1159 2695 dictum.

597 2728 689 2785 66.
740 2729 851 2786 Nec
888 2741 1074 2789 metuo
1113 2731 1258 2803 quod
1306 2731 1574 2802 oltjecturi
1613 2731 1864 2791 videntur
1908 2734 2032 2804 quia
2072 2733 2130 2791 iu

526 2822 906 2890 superioribus
955 2838 1064 2883 non
1107 2823 1292 2891 habet,
1322 2823 1547 2890 Virum;
1593 2825 1675 2881 sie
1713 2825 1865 2897 enim
1916 2824 2130 2887 habet:

534 2913 638 2982 Qui
663 2926 775 2984 post
804 2931 883 2970 nte
912 2918 1066 2973 venit.
1105 2918 1211 2974 Sed
1245 2917 1464 2975 videant
1505 2926 1562 2975 et
1585 2917 1661 2975 ibi
1688 2918 1816 2987 quid
1850 2919 2129 2989 prtulisse

530 3008 603 3067 rit
630 3025 644 3062 :
684 3006 925 3074 Verbum.
957 3010 1157 3082 inquit,
1179 3011 1517 3082 rarefactum
1540 3021 1615 3067 sat
1636 3010 1824 3084 (Joatt.
1853 3027 1895 3079 ι,
1925 3011 2041 3083 ιι).
2068 3013 2132 3071 Et

531 3099 656 3163 ideo
689 3116 796 3157 non
823 3100 1056 3169 addidit,
1095 3102 1319 3169 Virum;
1343 3103 1468 3173 quia
1498 3116 1724 3164 carnem
1749 3103 2004 3173 dixerat:
2035 3118 2133 3174 per

2227 1892 2577 1962 superstitem
2614 1892 2947 1962 proximum,
2987 1905 3216 1960 eamque
3257 1888 3601 1959 colligentem
3640 1885 3774 1941 mssi-

2228 1985 2386 2056 pulos
2427 2001 2538 2043 ante
2575 1985 2794 2050 messis,
2842 1983 3040 2056 quibus
3082 1983 3263 2039 alebat
3311 1992 3368 2037 et
3392 1996 3457 2037 se
3483 1989 3538 2035 et
3577 1994 3773 2041 socrum,

2229 2080 2372 2137 Boos
2400 2079 2535 2137 vidit
2580 2089 2637 2136 et
2682 2078 2883 2135 amavit
2913 2093 3059 2134 :non
3092 2078 3254 2134 aliter
3296 2091 3418 2131 eam
3458 2076 3641 2145 accipit
3675 2086 3776 2127 uxo-

2229 2187 2368 2237 rem,
2399 2171 2943 2231 nisi-calciamentum
2972 2170 3093 2239 ejus
3115 2177 3243 2224 ante
3272 2168 3543 2232 solvisset,
3573 2166 3651 2221 cui
3667 2179 3777 2220 uxor

2226 2264 2527 2324 debebatur
2549 2279 2622 2321 cx
2650 2264 2793 2333 Lege
2821 2263 3006 2335 (Rath.
3031 2279 3106 2329 tr,
3135 2263 3278 2331 δεῖ).

2302 2358 2390 2413 τυ.
2447 2355 2684 2413 Historia
2731 2355 2963 2425 simplex
2989 2396 3005 2421 ,
3048 2354 3147 2410 sed
3196 2354 3305 2409 alta
3350 2351 3639 2425 mysteria;
3665 2347 3779 2403 aliud

2228 2449 2375 2513 enim
2401 2451 2711 2525 gerebatur,
2733 2449 2882 2507 aliud
2915 2447 3264 2518 figurabatnr.
3288 2446 3429 2502 Nam
3459 2449 3505 2501 si
3526 2443 3779 2501 secundum

2229 2541 2465 2597 litteram
2495 2555 2719 2601 sensum
2751 2550 3127 2612 torqueamus,
3166 2555 3339 2611 prope
3374 2539 3598 2611 quidam
3646 2537 3783 2607 pudor

2230 2645 2286 2693 et
2314 2635 2508 2699 horror
2554 2639 2609 2697 in
2638 2636 2805 2691 verbo
2833 2642 2943 2701 est,
2975 2634 3024 2691 si
3066 2634 3133 2692 ad
3176 2632 3588 2689 commixtionis
3629 2644 3784 2700 corpo-

2232 2745 2343 2789 reze
2368 2729 2813 2787 consuetudinem
2835 2728 3167 2787 sententiam
3209 2725 3654 2795 intellectumque
3677 2720 3788 2778 reie-

2233 2837 2439 2883 t'amus.
2472 2822 2869 2893 Designsbatur
2912 2830 3099 2877 autem
3143 2821 3359 2879 iuturus
3392 2834 3467 2875 ex
3500 2818 3708 2882 ludatis,
3737 2829 3786 2871 ex

2233 2916 2430 2987 quibus
2451 2914 2700 2977 Christus
2721 2914 3020 2973 secundum
3051 2928 3300 2981 carnem,
3328 2913 3425 2983 qni
3459 2911 3680 2984 proximi
3706 2909 3787 2974 ssi,

2236 3008 2339 3071 hoc
2362 3017 2469 3072 est.
2502 3007 2685 3079 populi
2726 3007 2926 3070 mortui
2955 3021 3142 3067 semen
3171 3005 3444 3063 doctrinae
3480 3004 3705 3061 cmlestis
3725 3015 3791 3055 se-

2233 3103 2382 3171 mine
2407 3102 2716 3168 suscitaret,
2743 3100 2833 3158 cui
2857 3100 3276 3159 calciamentum
3299 3099 3548 3170 nuptiale
3576 3094 3792 3152 Ecclesia

528 3206 748 3251 carnem
780 3202 963 3251 autem
994 3194 1117 3253 isuc
1143 3198 1321 3251 virum
1354 3195 1725 3267 intelligimus,
1749 3204 1805 3257 et
1831 3210 1930 3267 per
1953 3195 2128 3255 virum
2158 3194 2205 3259 Ο
2234 3195 2555 3264 capulanda
2584 3193 2901 3264 praeeripta
2928 3193 3092 3265 Legis
3120 3190 3385 3261 spiritalia
3417 3188 3736 3247 deferebant.

532 3299 773 3341 carnem.
797 3286 941 3358 Ergo
968 3288 1092 3357 quia
1126 3288 1338 3353 dixerat
1362 3306 1377 3345 :
1419 3286 1638 3345 Verbum
1660 3304 1784 3353 σιμ-α
1812 3288 2007 3358 factum
2031 3296 2128 3357 nt,

532 3379 710 3435 virum
739 3381 843 3437 hoc
868 3381 988 3437 loco
1015 3382 1298 3443 nominare
1328 3382 1662 3451 superfluum
1689 3381 1814 3449 fuit,
1840 3396 2000 3452 quem
2018 3381 2131 3453 jam

535 3473 721 3528 Carnis
749 3474 1104 3543 expreSSione
1132 3474 1461 3545 signaverat.

613 3564 703 3623 67.
759 3566 880 3633 Quo
916 3567 1199 3637 exemplo
1262 3567 1317 3626 iu
1371 3566 1767 3637 posterioribus
1810 3580 2029 3638 quoque
2080 3574 2137 3623 et

539 3672 738 3727 agnum
780 3659 1064 3727 pratmisit,
1098 3660 1189 3729 qui
1222 3659 1438 3721 tolleret
1479 3670 1699 3731 peccata
1733 3658 1953 3729 mundi;
1980 3668 2038 3717 et
2079 3667 2137 3726 ιιι

540 3752 881 3807 incarnatunt
926 3752 1495 3835 intelligereshquem
1551 3764 1678 3813 ante
1717 3760 2134 3817 memoraverat.

539 3845 616 3899 ait
651 3862 664 3897 :
696 3844 799 3900 Hic
828 3855 903 3901 est
927 3846 991 3905 de
1013 3862 1115 3918 quo
1141 3857 1261 3905 ante
1295 3846 1407 3905 dixi
1431 3864 1450 3903 :
1482 3845 1613 3907 Post
1650 3862 1729 3905 me
1750 3847 1885 3903 venit
1923 3847 2024 3913 vir,
2048 3847 2138 3916 qui

537 3946 661 3995 ante
703 3955 784 3995 me
808 3943 979 4010 factus
1015 3949 1093 3997 est
1118 3938 1315 4013 (Ibid.,
1343 3939 1461 4010 29),
1508 3941 1612 4001 hoc
1645 3950 1751 4007 est,
1793 3940 1969 3999 virum
2000 3940 2137 4008 dixi,

539 4045 646 4086 non
681 4032 847 4086 Deum
881 4034 1101 4089 factum.
1138 4033 1244 4090 Sed
1286 4042 1345 4091 ut
1374 4034 1552 4103 ipsum
1587 4034 1929 4095 incarnatum
1951 4032 2137 4099 decla-

544 4134 687 4179 raret
709 4140 855 4193 esse,
878 4127 1007 4197 quia
1029 4136 1155 4181 ante
1186 4127 1385 4191 saecula
1409 4135 1564 4192 erat;
1599 4143 1666 4182 ne
1693 4127 1833 4181 duos
1856 4126 1995 4180 filios
2024 4140 2145 4181 cre-

543 4217 825 4281 deremus,
854 4221 965 4273 ait:
988 4219 1124 4283 Quia
1148 4218 1293 4290 prior
1314 4233 1394 4272 me
1422 4225 1553 4272 erat.
1579 4217 1710 4271 Nam
1740 4218 1808 4282 si,
1832 4215 2024 4271 Factus
2041 4225 2138 4281 est,

540 4308 606 4362 ad
636 4307 873 4364 divinam
912 4311 1324 4380 generationem
1358 4308 1659 4375 retulisset,
1698 4308 1827 4379 quid
1859 4320 1996 4378 opus
2023 4316 2145 4363 erat

2309 3288 2399 3345 71.
2429 3287 2546 3351 Non
2570 3286 2784 3359 Moyses
2809 3299 3078 3354 sponsus;
3109 3283 3188 3339 illi
3216 3282 3363 3341 enim
3391 3283 3597 3339 dicitur
3631 3298 3643 3334 :
3676 3277 3795 3335 Satn

2237 3380 2632 3435 calciamentum
2679 3380 2865 3447 pedum
2906 3386 3107 3431 tuorum
3133 3373 3335 3443 (Exod.
3379 3390 3463 3440 ιιι,
3492 3374 3588 3445 ὅ);
3637 3371 3795 3427 utha-

2238 3474 2388 3539 ιιιίῃο
2409 3487 2509 3531 suo
2528 3470 2706 3539 cedat.
2741 3468 2857 3531 Non
2877 3468 3038 3531 Jesus
3065 3466 3211 3525 Nave
3239 3467 3382 3521 titius
3408 3477 3673 3536 sponsus;
3702 3474 3797 3515 nam

2239 3573 2294 3623 et
2346 3566 2449 3636 ipsi
2497 3562 2697 3627 dicitur
2736 3578 2753 3619 :
2787 3561 2942 3617 Solve
2975 3559 3371 3619 calciamentum
3393 3558 3588 3628 pedum
3630 3567 3799 3611 tam.

2244 3657 2427 3730 (lorus
2444 3673 2500 3725 tl.
2538 3654 2664 3727 16);
2706 3669 2776 3711 ne
2821 3670 2885 3711 ex
2928 3652 3287 3713 similitudine
3327 3652 3572 3709 nominis
3607 3660 3799 3720 sponsus

2240 3750 2501 3815 Ecclesia:
2544 3748 2877 3807 crederetur.
2913 3746 3034 3803 Non
3073 3746 3211 3803 alius
3245 3759 3510 3815 sponsus,
3559 3742 3652 3800 sed
3685 3740 3801 3797 solas

2238 3844 2491 3905 Christus
2518 3851 2604 3901 est
2628 3853 2883 3912 sponsus,
2915 3839 2986 3898 de
3009 3854 3119 3910 quo
3147 3837 3285 3901 dixit
3307 3836 3558 3894 Joannes
3583 3852 3596 3890 :
3625 3834 3714 3901 Qui
3732 3834 3802 3883 sa-

2239 3936 2318 4001 ἀει
2348 3951 2592 4005 sponsam
2627 3948 2850 4004 sponsus
2889 3941 2962 3989 est
3013 3929 3196 4002 (latnt.
3221 3944 3302 3991 ιιι.
3348 3925 3471 3997 29).
3523 3928 3634 3989 Illis
3673 3924 3803 3996 igitur

2241 4028 2655 4099 calciamentum
2695 4026 2948 4091 solvitur,
2993 4025 3118 4083 ltuio
3143 4022 3278 4091 solvi
3307 4036 3418 4081 non
3464 4029 3664 4091 potest,
3698 4016 3803 4073 sicut

2239 4121 2377 4183 dixit
2396 4120 2638 4183 Joannes
2663 4136 2677 4175 :
2710 4117 2834 4181 Non
2851 4133 2967 4177 sunt
2987 4116 3177 4188 dignus
3198 4114 3395 4171 solvere
3421 4114 3698 4184 corrigiam
3717 4110 3801 4166 cal-

2244 4214 2483 4285 ciamenti
2511 4216 2626 4283 ejus
2652 4209 2835 4284 (Joan.
2864 4226 2904 4276 t,
2938 4208 3055 4280 27).

2268 4342 2271 4343 ν
2317 4306 2405 4361 72.
2446 4305 2607 4365 Solus
2630 4317 2762 4373 ergo
2802 4301 3055 4365 Christus
3081 4307 3168 4361 est
3210 4312 3470 4367 sponsus,
3502 4297 3592 4355 cui
3635 4295 3717 4353 illa
3739 4307 3808 4347 ve-

546 4410 604 4455 ttt
633 4402 812 4458 adhuc
839 4402 1065 4458 adderet
1093 4403 1337 4469 tertium,
1365 4413 1530 4475 atque
1558 4404 1778 4459 iterat-et
1806 4402 1949 4473 quod
1977 4415 2144 4472 supra
2246 4400 2400 4461 niens
2425 4413 2495 4463 ex
2539 4396 2793 4469 gentibus
2818 4408 3041 4465 sputtsa.
3078 4403 3209 4451 ante
3238 4392 3398 4462 inops
3444 4401 3612 4461 atque
3630 4389 3805 4460 lein”.

545 4494 804 4550 dixerat?
826 4496 931 4552 Sed
954 4499 1078 4568 quia
1106 4507 1234 4555 ante
1259 4497 1328 4554 de
1350 4498 1727 4554 incarnatione
1747 4504 1956 4552 tantum
1986 4496 2145 4552 dixc-
2244 4491 2338 4551 sed
2359 4487 2701 4565 iam.Cht‘i8ii
2755 4501 2934 4545 utesse
2961 4485 3135 4553 dives,
3189 4483 3415 4568 innuba!
3453 4499 3469 4539 ³
3502 4498 3625 4554 «ιιιω
3667 4477 3807 4535 ¹³¹³¹³δ’

546 4596 667 4642 rat:
703 4586 831 4643 Post
871 4606 951 4645 me
971 4566 1128 4646 uenit
1159 4593 1255 4660 vir,
1294 4594 1383 4663 qui
1411 4601 1533 4648 ante
1558 4607 1640 4646 me
1664 4591 1838 4661 {actus
1866 4598 1985 4655 est;
2025 4589 2131 4645 idet

2254 4582 2409 4656 pulos
2452 4579 2701 4639 fecundae
2745 4578 2968 4650 segetis,
3015 4576 3289 4648 Yerbique
3332 4566 3599 4647 reliquias
3635 4572 3809 4643 gremio

545 4679 796 4737 addidit:
830 4682 968 4751 Quia
1014 4686 1158 4754 prior
1200 4702 1281 4741 me
1323 4697 1475 4756 erat,
1534 4687 1789 4757 quoniam
1839 4684 2141 4740 divinitatis
2247 4679 2392 4749 legat
2435 4674 2639 4733 mentis
2683 4674 2931 4738 ittlel‘no;
2982 4679 3039 4725 ut
3078 4669 3399 4727 exhaustam
3453 4668 3599 4727 illam
3633 4662 3811 4723 vidnaal

547 4776 823 4830 aeternitas
843 4776 1020 4832 fuerat
1044 4778 1421 4850 exprimenda.
1457 4778 1526 4835 Et
1551 4780 1667 4834 haec
1692 4788 1775 4834 est
1806 4792 1966 4834 causa
1996 4790 2139 4849 ιιι-ω·
2248 4778 2424 4829 morte
2446 4768 2560 4838 ﬁlii,
2584 4776 2746 4839 atque
2770 4766 2986 4838 inopem
3014 4763 3261 4825 defuncti
3281 4763 3468 4857 Popilli
3499 4769 3718 4818 “tam”
3738 4768 3813 4857 "f

546 4868 788 4938 lationis,
831 4879 890 4926 ut
940 4874 1139 4929 merito
1178 4873 1451 4929 antelatus
1494 4872 1761 4942 videatur,
1800 4872 1890 4944 qtti
1936 4869 2141 4943 proprii
2250 4866 2331 4927 vis
2363 4872 2552 4936 pascat
2593 4861 2884 4932 alimentiS,
2919 4875 3030 4917 non
3066 4857 3384 4928 relinquens
3409 4856 3717 4919 destitutam
3751 4856 3813 4903 ’δ’

550 4962 729 5018 Patris
756 4965 1085 5034 sempiterna
1112 4967 1289 5022 virtus
1319 4976 1424 5022 est.

2253 4958 2442 5027 (luam,
2471 4964 2527 5012 et
2556 4969 2727 5017 novos
2755 4966 3028 5025 quarens.

618 5054 707 5111 68.
744 5055 843 5111 Dat
865 5065 1043 5113 tamen
1074 5058 1384 5114 intellectus
1410 5055 1674 5126 spiritalis
1701 5057 1940 5122 ubertas,
1966 5062 2025 5111 ut
2046 5069 2142 5110 ex-
2328 5053 2419 5111 75.
2447 5050 2607 5111 Solus
2639 5063 2768 5121 ergo
2798 5047 3050 5113 Christus
3078 5050 3165 5107 est
3198 5056 3457 5113 sponsus,
3488 5041 3577 5112 qui
3609 5052 3703 5094 nec
3733 5033 3816 5102 Sy-

547 5161 773 5204 currere
817 5159 872 5204 et
893 5150 1111 5220 evagari
1147 5151 1213 5203 ad
1254 5148 1662 5204 concludendos
1694 5147 1861 5203 libeat
1888 5148 2144 5213 Arianos,

549 5240 641 5308 qui
676 5240 869 5301 volunt
909 5240 1113 5303 factum
1145 5242 1252 5297 hoc
1292 5240 1417 5297 loco
1454 5254 1562 5307 non
1603 5239 1671 5295 ad
1702 5239 1901 5309 virum,
1942 5240 2039 5307 sed
2079 5240 2146 5295 ad

552 5332 894 5389 divinitatem
941 5334 1168 5391 referre.
1222 5331 1362 5401 Quid
1409 5341 1495 5401 est
1542 5332 1687 5399 enim
1737 5329 2150 5402 tenetebquOd

556 5424 802 5489 possint;
846 5438 974 5487 cum
1020 5425 1225 5481 dixerit
1265 5424 1506 5494 Baptista
1538 5442 1552 5480 :
1580 5424 1707 5483 Post
1754 5440 1834 5479 me
1878 5425 2032 5495 venit,
2064 5426 2155 5499 qui

557 5524 676 5575 ante
720 5532 801 5569 nte
820 5519 990 5589 {actus
1028 5528 1137 5585 est;
1174 5517 1279 5582 hoc
1326 5527 1434 5585 est,
1478 5532 1642 5590 supra
1689 5516 1943 5581 meritum
1971 5533 2151 5587 meum

636 5688 661 5753 ξι
689 5680 821 5753 Mss.
854 5681 1078 5753 aliquot,
1107 5691 1203 5741 hoc
1233 5688 1347 5741 loco
1371 5698 1562 5743 certam
1584 5703 1811 5742 carnem.

631 5746 661 5786 ιι
687 5749 915 5830 Amerb.
948 5746 1025 5807 'ac
1066 5746 1266 5825 'Eras.,
1291 5768 1462 5815 tenere
1496 5759 1637 5830 quod

571 5815 730 5873 Rom.
763 5816 894 5874 edit.
917 5837 1060 5878 cum.
1094 5842 1224 5888 mss.
1249 5815 1307 5887 ut
1334 5832 1388 5887 in
1420 5815 1589 5892 texit!-

2254 5159 2478 5217 uagoga:
2508 5141 2612 5216 ipsi
2639 5140 2949 5210 manipulos
2973 5153 3086 5201 ante
3119 5135 3317 5201 messis
3344 5133 3603 5201 invideat.
3633 5128 3816 5189 Utinam

2254 5254 2316 5295 se
2346 5255 2454 5299 non
2495 5239 2609 5307 ipsa
2637 5233 2987 5297 excluderet!
3024 5230 3219 5295 Habuit
3254 5242 3394 5309 quos
3426 5242 3522 5297 par
3547 5219 3818 5309 sceollise-

2253 5341 2372 5401 ret:
2402 5332 2496 5392 sed
2522 5331 2647 5402 quia
2672 5328 2701 5365 (ι
2735 5326 2966 5399 populus
2993 5326 3114 5391 eius
3134 5333 3221 5383 est
3258 5308 3529 5386 mortuus,
3550 5315 3700 5390 quasi
3730 5308 3820 5402 tilio

2258 5436 2428 5496 egena
2472 5421 2753 5487 defuncto.
2790 5435 2888 5490 per
2942 5416 3241 5485 Ecclesiam
3280 5412 3614 5483 manipulos,
3654 5401 3820 5496 quibus

2261 5495 2488 5583 viveret,
2526 5513 2849 5585 colligebat;
2880 5526 3018 5583 quos
3061 5509 3347 5578 venientes
3385 5506 3442 5562 in
3493 5495 3823 5567 exsultatione

2342 5697 2364 5724 ο
2390 5683 2640 5741 Nonnulli
2664 5696 2823 5747 mss.,
2852 5676 3138 5734 divinitatis
3170 5669 3392 5740 :aptius
3414 5666 3526 5731 alii,
3558 5670 3616 5719 et
3644 5663 3825 5715 cuncta

1680 5759 1883 5827 posuit;
1925 5754 2051 5825 Gil].
2106 5767 2159 5813 et
2266 5756 2425 5828 edin,
2455 5756 2741 5828 dignitatis.

2342 5805 2791 5891 inﬁtiatio,
2823 5835 3042 5894 sponsus
3076 5817 3190 5890 ejus
3227 5822 3302 5872 est
3344 5816 3619 5875 statim;
3662 5805 3829 5858 om“
