4016 6292
209 306 323 366 603

1537 300 1624 359 DE
1661 298 1825 358 FIDE
1862 297 1994 357 LIB.
2040 296 2128 355 Ι11.

3402 288 3510 348 606

213 424 554 492 portabunt,
600 422 743 479 sicut
798 421 1053 493 scriptum
1111 427 1194 476 est
1240 435 1254 473 :
1316 417 1588 472 Venientes
1641 428 1809 472 autem
1838 429 1891 493 Α
1986 418 2076 473 ⁸18.
2115 416 2353 473 Primum
2396 413 2539 486 quod
2568 412 2929 484 puriﬁcatione
2971 413 3132 482 facta,
3181 410 3413 465 considet
3452 410 3506 463 in

208 517 412 571 renient
470 518 526 570 in
589 515 974 581 exsultatione,
1041 513 1270 567 tollentes
1336 512 1628 582 manipulos
1688 526 1810 567 suos

211 607 394 680 (Psal.
428 622 597 672 cur,
631 607 710 678 6).

286 702 378 755 7t.
414 700 551 767 Quis
593 700 739 755 enim
779 698 884 754 sibi
924 698 1062 753 alius
1101 712 1357 767 sponsam
1390 695 1589 752 audeat
1617 695 1812 751 Eccle-

210 795 351 849 siam
377 793 679 859 vindicare,
706 808 866 865 quant
897 807 928 846 a
951 791 1157 846 Libano
1181 804 1319 845 unus
1339 799 1395 846 et
1416 789 1568 845 solus
1598 787 1814 844 vocavit

212 887 406 943 dicens
436 885 611 943 :Ades
635 885 735 939 huc
757 903 788 940 a
819 882 1038 951 Libano,
1059 900 1286 953 sponsa;
1314 884 1473 957 511
1502 881 1626 937 ades
1659 882 1756 935 huc
1780 897 1814 935 a

210 981 411 1036 Libano
442 980 618 1054 (Cant.
645 995 720 1048 tv,
751 979 827 1051 8).
853 983 960 1034 Aut
988 978 1057 1034 de
1087 994 1196 1049 quo
1220 977 1330 1032 alio
1363 978 1538 1047 potuit
1564 975 1808 1032 Ecclesia

208 1072 398 1129 dicere
425 1092 438 1127 :
464 1081 491 1110 ἰ
518 1070 723 1126 Fauces
757 1072 870 1142 ejus
905 1071 1230 1135 dulcedines,
1269 1079 1316 1124 et
1341 1077 1478 1124 totus
1502 1067 1814 1123 desiderium

209 1165 388 1239 (Cant.
412 1181 465 1234 v,
499 1162 627 1236 16)!
657 1164 726 1219 Et
751 1166 877 1236 quia
901 1162 969 1220 de
996 1165 1355 1220 calciamento
1387 1159 1583 1231 pedum
1618 1169 1815 1215 tracta-

209 1267 324 1312 tum
364 1258 719 1328 sumpsimus,
770 1257 856 1311 cui
891 1255 982 1310 alii
1022 1254 1124 1310 nisi
1177 1254 1354 1309 Verbo
1394 1252 1491 1308 Dei
1534 1252 1814 1307 incarnato

205 1350 468 1404 convenit
510 1348 716 1403 dictum
764 1364 777 1401 :
816 1346 985 1402 Crura
1033 1349 1146 1419 ejus
1192 1346 1446 1401 columna.I
1487 1358 1807 1411 marmoreae,

206 1441 448 1512 fundata
485 1457 641 1512 super
670 1439 818 1494 bases
847 1455 1034 1494 aureas
1063 1437 1118 1510 (1
1124 1438 1260 1505 bid.,
1286 1437 1423 1507 ιδῃ
1451 1436 1616 1493 Solus
1663 1435 1810 1491 enim

135 1537 157 1551 ⁸
203 1536 454 1589 Christus
499 1534 800 1589 inambulat
848 1534 1069 1599 animis,
1117 1543 1173 1588 et
1220 1531 1467 1603 graditur
1520 1531 1575 1586 in
1626 1538 1812 1586 mente

206 1635 546 1693 sanctorum,
597 1627 648 1680 in
687 1627 883 1696 quibus
928 1627 1077 1681 velut
1117 1627 1301 1681 aureis
1336 1626 1574 1690 basibus,
1619 1623 1812 1679 luuda-

204 1719 516 1790 meutisque
542 1718 796 1789 pretiosis
837 1718 1074 1775 solidata
1108 1719 1334 1791 vestigia
1364 1717 1529 1774 Verbi
1570 1716 1809 1774 caelestis

214 1812 514 1867 uexerunt.
1258 1794 1265 1801 ’

281 1906 373 1960 15.
405 1905 591 1961 Claret
611 1905 773 1977 igitur
802 1913 857 1963 et
886 1905 1060 1961 virum
1091 1914 1144 1961 et
1167 1917 1356 1975 typum
1378 1903 1444 1958 ad
1471 1905 1811 1958 incarnatio-

204 1999 292 2054 nis
320 2009 572 2070 spectare
602 2002 943 2072 mysterium.

806 2090 1037 2148 CAPUT
1079 2091 1171 2146 Xl.

216 2186 464 2243 Reditad
503 2186 674 2240 locum
719 2188 1070 2258 propositum,
1127 2195 1173 2239 et
1210 2185 1297 2239 ubi
1334 2184 1569 2240 Christus
1622 2185 1817 2239 dicitur

280 2283 483 2351 factus,
514 2282 612 2333 hoc
642 2279 719 2334 vel
738 2280 805 2333 ad
829 2279 1238 2333 incarnationem
1273 2279 1352 2333 uel
1385 2280 1453 2333 ad
1476 2294 1685 2333 causam
1711 2279 1817 2332 sive

278 2374 592 2445 adjunctum
630 2374 840 2443 aliquod
883 2373 1068 2443 referri
1114 2372 1278 2425 docet.
1325 2372 1408 2425 Ad
1456 2388 1571 2426 eum
1610 2387 1816 2426 sensum

280 2468 517 2541 plurima
546 2481 812 2521 sacrorum
853 2464 1087 2518 codicum
1120 2473 1165 2518 et
1210 2462 1368 2518 Pauli
1393 2464 1651 2535 imprimis
1676 2465 1816 2518 testi-

280 2560 458 2615 monia
483 2559 719 2614 edisserit
755 2572 774 2612 :
814 2557 1032 2612 maxime
1070 2565 1243 2611 autem
1293 2558 1346 2610 in
1378 2573 1437 2610 eo
1475 2558 1811 2624 immoratur,

279 2665 337 2709 ut
359 2653 625 2709 Christum
651 2668 827 2708 verum
855 2653 1172 2708 sacerdotem
1200 2668 1309 2708 esse
1330 2664 1484 2724 atque
1516 2655 1569 2707 in
1600 2653 1816 2708 Melchi-

279 2746 469 2803 sedech
500 2747 918 2819 prteﬂguratum,
950 2747 1096 2817 eique
1135 2762 1254 2800 cum
1296 2745 1459 2802 Patre
1499 2748 1814 2816 operationis

280 2842 557 2907 unitatem,
594 2857 698 2895 non
736 2856 856 2895 uero
899 2841 1064 2896 solam
1092 2839 1489 2895 similitudinem
1512 2842 1677 2896 inesse
1697 2856 1815 2912 per-

280 2932 523 2987 suadeat.

281 3025 375 3081 76.
424 3025 544 3081 Non
589 3039 726 3096 ergo
764 3025 831 3082 ad
868 3027 1231 3083 substantiam
1264 3027 1588 3093 divinitatis,
1622 3027 1716 3082 sed
1746 3027 1813 3083 ad

208 3119 645 3174 incarnationem
670 3135 835 3190 saepe,
870 3134 1276 3190 nonnumquam
1307 3119 1471 3175 etiam
1499 3119 1567 3173 ad
1594 3133 1812 3174 causam

1914 512 2123 567 dextera
2166 509 2544 582 magnitudinis
2584 508 2637 561 in
2684 505 2922 570 excelsis,
2957 514 3099 557 tanto
3127 504 3306 558 melior
3336 506 3507 570 [actus

1913 607 2110 679 angelis
2140 604 2333 677 (Hebr.
2375 620 2418 670 ι,
2450 605 2506 669 3,
2531 602 2613 674 4).
2661 600 2759 657 Ubi
2802 598 3132 670 puriﬁcatio,
3173 596 3348 651 bestia
3374 611 3389 648 :
3419 593 3512 649 ubi

1915 699 2125 764 hostia,
2173 713 2367 767 corpus
2402 715 2414 749 :
2446 696 2538 752 ubi
2583 708 2818 764 corpus,
2869 691 3079 746 oblatio
3119 705 3133 744 :
3166 688 3257 744 ubi
3312 699 3511 742 munus

1915 793 2230 856 oblationis,
2256 791 2329 846 ibi
2359 788 2689 845 sacriﬁcium
2716 786 3007 856 passionis.

1987 885 2076 941 79.
2104 883 2313 941 Deinde
2340 896 2560 953 sponsor
2599 879 2828 933 melioris
2866 874 3151 931 testamenti
3182 871 3369 946 (Hebr.
3412 886 3506 938 vn,

1914 982 2035 1053 ΞΩ).
2062 981 2163 1036 Ubi
2208 989 2584 1043 testamentum,
2614 993 2753 1030 mors
2783 990 2988 1029 necesse
3015 983 3090 1028 est
3116 970 3373 1041 pra'cedat
3406 979 3510 1023 tes-

1914 1077 2097 1130 latoris
2132 1073 2330 1145 (Hebr.
2375 1087 2450 1136 rx,
2487 1071 2619 1143 16),
2659 1071 2802 1130 sicut
2851 1068 3040 1123 subter
3068 1076 3154 1121 est
3198 1068 3456 1134 scriptum
3491 1079 3504 1115 :

1917 1182 2064 1224 mors
2090 1178 2269 1221 autem
2322 1181 2429 1219 non
2462 1164 2529 1218 ad
2557 1162 2859 1218 divinitatis
2890 1160 3269 1226 aeternitatem,
3310 1156 3405 1213 sed
3438 1155 3506 1211 ad

1918 1264 2263 1335 fragilitatem
2292 1259 2532 1316 refertur
2559 1258 2870 1313 humanam.

1987 1357 2077 1413 80.
2111 1354 2380 1410 Excelsior
2407 1366 2623 1423 quoque
2643 1352 2784 1406 cretis
2805 1353 2975 1423 {actus
3003 1345 3277 1418 quomodo
3305 1344 3395 1408 sit,
3422 1359 3510 1399 os-

1915 1449 2155 1505 tenditur
2187 1466 2200 1503 :
2229 1445 2628 1511 Intntaculatus,
2663 1444 2858 1513 inquit,
2892 1449 3187 1512 segregatus
3213 1454 3244 1490 a
3275 1445 3509 1506 peccato-

1912 1543 2072 1608 ribus,
2096 1552 2144 1597 et
2173 1542 2424 1597 excelsior
2450 1539 2590 1594 caelis
2620 1542 2790 1610 factus
2814 1552 2832 1590 :
2855 1535 2942 1606 qui
2971 1550 3073 1588 non
3103 1532 3251 1587 habet
3279 1529 3511 1601 quotidie

1916 1635 2290 1699 necessitatem,
2337 1634 2468 1689 sicut
2501 1630 2813 1695 sacerdotes,
2845 1629 2991 1699 prius
3040 1641 3135 1695 pro
3173 1624 3280 1678 suis
3306 1621 3510 1675 delictis

1914 1730 2135 1784 hostium
2166 1726 2374 1795 olerre,
2408 1726 2594 1781 deinde
2622 1740 2717 1797 pro
2734 1722 2935 1795 populi.
2972 1720 3086 1773 Hoc
3111 1719 3246 1772 enim
3281 1716 3396 1786 fecit
3428 1729 3510 1767 se-

1840 1837 1887 1897 B
1914 1824 2016 1877 mel
2052 1839 2105 1877 se
2134 1820 2418 1887 o/ferendo,
2460 1819 2602 1875 sicut
2641 1817 2904 1887 scriptum
2947 1822 3030 1869 est
3070 1810 3257 1884 (Hebr.
3288 1824 3380 1879 vn,
3411 1804 3504 1872 96,

1919 1917 2033 1988 27).
2068 1916 2230 1989 512
2259 1913 2428 1970 Nemo
2455 1911 2724 1968 excelsior
2754 1908 2926 1964 lactus
2955 1906 3175 1969 dicitur,
3207 1902 3311 1958 nisi
3343 1900 3432 1969 qui
3456 1899 3511 1955 in

1917 2008 2099 2079 aliquo
2127 2008 2288 2063 fuerit
2311 2005 2568 2061 humilior
2594 2023 2608 2059 :
2641 2004 2692 2059 in
2720 2018 2787 2059 eo
2806 2003 2969 2073 igitur
2996 2010 3019 2039 ε
3041 1996 3312 2055 excelsior
3339 1994 3511 2048 lactus

1918 2109 2021 2166 cst,
2052 2098 2291 2154 sedendo
2332 2097 2399 2153 ad
2439 2097 2720 2151 dexteram
2770 2094 2969 2157 Patris,
3006 2092 3060 2146 iu
3090 2104 3196 2161 quo
3227 2104 3287 2143 se
3334 2086 3513 2141 minor

1917 2194 2123 2264 angelis
2151 2193 2346 2257 factus,
2376 2190 2572 2246 obtulit
2604 2187 2840 2259 passioui
2872 2185 3059 2258 (Hebr.
3091 2199 3148 2248 ll,
3184 2183 3265 2251 9).

1988 2286 2079 2345 8|.
2110 2286 2397 2342 Postremo
2427 2287 2545 2354 ipse
2577 2282 2878 2352 Apostolus
2909 2280 2977 2335 ad
3008 2277 3391 2347 Philippenses
3417 2272 3514 2339 ait,

1916 2380 2040 2452 quia
2084 2382 2137 2433 in
2167 2377 2507 2434 similitudine
2534 2375 2758 2430 hominis
2786 2378 2976 2446 factus,
3006 2380 3052 2425 et
3077 2370 3246 2437 specie
3279 2369 3517 2421 inretitus

1916 2484 1971 2529 ut
2002 2475 2174 2541 homo,
2194 2471 2484 2527 humiliavil
2507 2469 2854 2538 semetipsum,
2884 2468 3050 2536 factus
3085 2462 3323 2517 obediens
3357 2472 3517 2528 usque

1918 2570 1986 2623 ad
2014 2579 2226 2622 mortem
2253 2566 2423 2638 (Phil.
2454 2581 2512 2632 ιι,
2538 2565 2595 2629 7,
2625 2564 2706 2637 8).
2753 2560 2885 2615 Vide
2920 2558 3009 2613 ubi
3044 2555 3223 2611 lactus
3273 2553 3342 2607 sit
3375 2569 3388 2606 :
3450 2550 3517 2605 In

1915 2659 2287 2726 similitudine,
2318 2657 2522 2729 inquit,
2573 2654 2818 2716 hominis,
2849 2666 2957 2705 non
2992 2649 3045 2705 in
3073 2655 3344 2720 potestate
3372 2641 3465 2699 Dei
3500 2659 3514 2696 :

1916 2765 1970 2809 et
2002 2757 2165 2826 factus
2192 2752 2435 2807 abediens
2455 2765 2615 2820 usque
2634 2749 2702 2801 ad
2721 2756 2934 2801 mortem
2956 2761 2974 2811 ;
2996 2742 3022 2781 ἀ
3056 2753 3115 2798 ιιι
3144 2738 3517 2798 obedientiam

1916 2848 2131 2919 quidem
2159 2846 2397 2901 hominis
2432 2843 2706 2908 habuerit,
2750 2854 2979 2917 regnum
3012 2835 3333 2893 divinitatis.

1987 2941 2074 2997 εξ.
2114 2939 2345 3009 Quantis
2401 2940 2569 3009 igitur
2625 2934 2803 2990 adhuc
2862 2943 3078 2989 utemur
3128 2927 3393 2998 exemplis
3449 2923 3518 2980 ad

1916 3035 2388 3098 incarnationem,
2444 3033 2530 3088 vel
2590 3029 2657 3085 ad
2714 3027 2915 3099 aliquid
2987 3022 3338 3081 referendum
3396 3033 3519 3074 esse

1919 3139 1944 3167 ο
1974 3128 2114 3199 quod
2146 3127 2320 3183 factus
2348 3127 2465 3181 est!
2496 3123 2650 3193 Quod
2703 3133 2882 3177 autem
2914 3128 2969 3174 et
3001 3118 3200 3174 factum
3229 3124 3334 3181 est,
3380 3112 3524 3169 idem

210 3211 472 3281 pertinet,
502 3226 625 3265 cum
656 3210 856 3267 dicitur
885 3211 1082 3267 factus.
1114 3212 1244 3267 Nam
1283 3213 1327 3267 si
1368 3212 1435 3266 sd
1463 3210 1809 3265 divinitatem
1838 3225 1884 3288 ρ
1915 3234 1995 3279 εει
2029 3233 2083 3279 ει
2108 3231 2350 3277 creatum
2377 3237 2391 3276 ε
2426 3218 2569 3273 mm
2594 3217 2763 3280 enim,
2812 3224 2856 3267 οι
2882 3218 3021 3286 facta
3047 3222 3166 3266 mm
3192 3227 3209 3264 _-
3240 3209 3351 3277 ipse
3373 3222 3521 3259 man-

212 3306 417 3369 refers,
450 3318 579 3375 ergo
616 3313 672 3359 et
714 3305 768 3360 iu
802 3305 1154 3375 opprobrium
1199 3305 1344 3359 Deus
1375 3305 1552 3359 factus
1588 3314 1701 3369 est;
1731 3302 1813 3358 sic

211 3399 367 3450 enim
400 3395 563 3451 habes
595 3412 608 3449 :
635 3395 715 3450 Tu
756 3405 927 3451 autem
956 3396 1215 3468 repulisti,
1246 3404 1292 3450 et
1318 3398 1386 3449 ad
1415 3395 1637 3449 nihilum
1667 3395 1815 3448 rede-

205 3489 359 3558 gisti,
392 3490 653 3560 dispulisti
683 3489 941 3545 Christum
989 3501 1130 3544 tuum
1159 3489 1340 3559 (Psal.
1381 3503 1651 3555 Lxxxvut,
1682 3487 1813 3560 59);

207 3591 267 3636 et
300 3581 441 3636 infra
464 3600 479 3637 :
503 3581 567 3635 Et
589 3582 759 3651 [actus
774 3594 848 3637 est
870 3584 921 3636 in
945 3583 1278 3654 opprobrium
1301 3581 1479 3635 vicinis
1494 3583 1600 3635 suis
1623 3580 1810 3652 (lbid.,

206 3675 326 3744 42).
345 3674 561 3740 Vicinis,
590 3677 784 3746 inquit,
817 3691 923 3732 non
946 3675 1179 3740 civibus,
1210 3690 1315 3730 non
1343 3673 1678 3741 domesticis,
1705 3689 1812 3727 non

205 3766 649 3835 adluereutibus;
692 3750 951 3839 quoniam
986 3770 1076 3839 qui
1115 3766 1348 3823 adliceret
1392 3767 1637 3832 Domino,
1677 3780 1815 3820 unus

203 3861 428 3930 spiritus
457 3874 531 3916 est
559 3863 578 3933 (
606 3862 626 3917 1
659 3861 780 3917 Cor.
810 3878 882 3930 Vl,
917 3862 1005 3934 l7)
1037 3880 1050 3916 :
1085 3863 1177 3931 qui
1208 3861 1416 3917 vicinus
1447 3871 1551 3930 est,
1577 3877 1682 3916 non
1714 3861 1811 3916 ad-

203 3957 407 4011 haeret.
451 3957 540 4022 Et,
577 3954 774 4011 Factus
799 3965 874 4011 est
900 3958 953 4011 in
984 3956 1353 4028 opprobrium;
1377 3955 1501 4026 quia
1529 3970 1662 4010 crux
1702 3956 1807 4008 Do-

204 4048 347 4103 mini
367 4048 571 4104 Jutiazis
598 4050 940 4117 scandalum,
972 4048 1002 4088 ι’
1024 4050 1231 4106 Graecis
1261 4050 1491 4105 stultitia
1521 4048 1541 4123 (
1569 4047 1735 4105 lCor.
1771 4064 1812 4116 ι,

200 4139 326 4211 25).
356 4140 491 4195 Nam
526 4142 868 4212 sapientibus
892 4156 987 4212 per
1012 4142 1258 4198 eamdem
1290 4156 1509 4198 crucem
1539 4142 1815 4197 excelsior

204 4234 387 4289 factus
411 4241 496 4290 est
523 4237 703 4301 cmlis,
733 4235 1006 4291 excelsior
1027 4237 1258 4307 angelis,
1290 4248 1343 4293 et
1371 4237 1618 4293 melioris
1649 4246 1815 4293 testa-

201 4329 383 4383 menti
416 4328 591 4384 factus
613 4337 700 4386 est
728 4345 985 4400 sponsor,
1018 4333 1135 4402 ipse
1165 4331 1256 4402 qui
1287 4340 1407 4388 erat
1429 4332 1645 4403 prioris.

279 4422 374 4477 77.
404 4421 540 4479 Vide
560 4438 721 4495 quam
749 4440 854 4479 non
881 4423 1152 4494 defugiam
1177 4424 1304 4492 ista,
1329 4434 1389 4481 ut
1416 4427 1578 4482 etiam
1610 4441 1813 4499 congc-

204 4528 329 4568 ram
364 4530 379 4569 :
414 4515 511 4571 sed
541 4516 816 4587 quomodo
846 4517 1020 4573 lactus
1046 4518 1138 4586 sit,
1168 4516 1477 4574 considera.
1734 4506 1739 4511 ⁷

205 4709 371 4767 mss,
405 4695 631 4765 populus
654 4697 791 4767 ejus,
837 4705 948 4751 etc.
997 4695 1169 4761 Magis
1215 4709 1492 4766 congrue;
1529 4696 1634 4751 hoc
1663 4697 1809 4753 enim
1839 4695 1893 4756 D

203 4765 558 4850 referendum
601 4765 689 4822 adi
714 4768 1000 4837 superiora
1048 4767 1137 4822 illa
1170 4765 1419 4838 εἰκορω
1444 4768 1676 4838 defuncti
1709 4786 1807 4838 po-

204 4839 324 4909 puli
356 4848 590 4895 matrem.

205 4907 480 5035 “dﬂe
515 4911 746 4983 aliquot,
779 4906 979 4963 Fauces
1012 4911 1127 4991 ejus
1149 4906 1436 4963 dulcedinis
1467 4918 1513 4963 et
1548 4910 1701 4965 totius
1722 4910 1812 4966 de-

294 4996 417 5033 em.

282 5051 311 5089 ιι
350 5051 468 5104 Non
500 5052 654 5119 pauci
685 5065 841 5117 mss.,
875 5050 1073 5106 Grteois
1099 5052 1320 5105 ssubitiu
1345 5051 1678 5122 sapientibus.
1710 5050 1815 5108 Per

204 5122 469 5185 eamdem,
496 5134 603 5178 etc.

287 5204 309 5231 ε
352 5193 503 5271 ﬁdit.
535 5206 749 5259 omnes,
775 5193 1106 5253 excellentior
1127 5211 1147 5249 :
1177 5208 1310 5261 mss.
1346 5208 1513 5265 prape
1530 5193 1595 5249 ad
1625 5210 1810 5271 unum,

208 5263 491 5321 excelsior.

281 5333 311 5373 δ
355 5336 429 5389 Ita
461 5334 591 5389 edit.
621 5349 684 5389 ac
706 5334 888 5403 plures
920 5336 1334 5400 mss.;nounulli
1364 5344 1542 5390 tamen
1574 5352 1671 5404 pro
1695 5339 1812 5392 obe-

206 5407 466 5460 dientiam
509 5406 710 5483 legunt
743 5405 1062 5483 obedientia,
1116 5408 1376 5483 virgulam
1432 5419 1809 5483 expungentes

206 5487 344 5532 ante
392 5491 609 5547 regnum
654 5475 941 5547 divinitatis
978 5491 998 5530 :
1052 5494 1150 5545 pro
1201 5475 1398 5546 quibus
1435 5475 1663 5533 vocibus
1713 5480 1809 5535 alii

208 5552 378 5604 etiam
416 5546 621 5619 aliquot
652 5546 892 5612 habent,
922 5561 1135 5619 regnum
1162 5547 1449 5618 dignitatis.

285 5631 311 5658 ο
353 5619 513 5692 Rom.
545 5618 675 5673 edit.
701 5633 824 5692 cum
857 5632 989 5692 mss.
1036 5619 1267 5692 duobus,
1301 5619 1440 5688 quod
1466 5624 1663 5692 factum
1687 5630 1761 5675 est
1791 5637 1811 5675 :

206 5700 324 5761 yet.
358 5691 502 5761 ωδε.
531 5704 655 5761 cum
703 5690 948 5761 reliquis,
972 5690 1108 5761 quod
1138 5690 1303 5759 [actus
1332 5701 1425 5757 est,
1450 5690 1702 5761 Christus
1732 5695 1810 5746 vi-

203 5758 429 5818 delicet.
459 5758 751 5841 subiungit
780 5758 957 5841 stiterit
985 5758 1307 5841 ambrosius
1348 5762 1546 5837 laetum
1577 5758 1631 5841 et
1655 5758 1809 5841 crea-

206 5841 329 5889 tum
374 5832 622 5888 eamdem
652 5832 856 5889 habere
883 5832 1357 5905 signiﬁcationem,
1403 5832 1523 5889 eain
1552 5834 1809 5891 nimirum

1918 3315 2080 3383 davit,
2099 3323 2147 3368 et
2169 3323 2340 3367 creata
2369 3320 2488 3364 sunt
2519 3308 2691 3380 (Psal.
2717 3321 2941 3368 CXLVIII,
2971 3305 3053 3372 5).
3092 3299 3344 3355 Dominus
3373 3312 3519 3351 crru-

1917 3407 1987 3460 vit
2015 3421 2097 3459 me
2129 3403 2326 3473 (Prov.
2362 3417 2484 3467 \‘lll,
2534 3396 2650 3470 22).
2687 3396 2985 3453 secundum
3011 3408 3232 3449 carnem
3269 3391 3473 3447 dictqu
3510 3405 3524 3442 :

1916 3507 2157 3552 creatum
2202 3511 2420 3575 quoque
2465 3508 2625 3561 supra
2655 3489 2995 3545 ostendimus
3050 3487 3103 3541 in
3152 3484 3295 3541 libro
3342 3483 3522 3554 primo

1918 3589 2073 3662 (Cap.
2112 3588 2178 3644 14
2207 3597 2256 3643 et
2285 3587 2420 3658 seq.)
2452 3586 2519 3640 de
2553 3584 2932 3640 incarnatione
2956 3581 3161 3636 dictum
3191 3576 3390 3633 videri.

1987 3681 2081 3737 83.
2126 3680 2244 3749 Ipse
2298 3679 2462 3734 etiam
2494 3677 2789 3749 Apustolus
2830 3672 3127 3729 asserenda
3172 3667 3522 3727 serviendum

1919 3788 2023 3829 nou
2054 3787 2175 3829 esse
2202 3780 2493 3835 creaturae,
2553 3768 2870 3842 significavit
2903 3782 2970 3823 ex
3030 3766 3140 3820 Deo
3172 3763 3368 3818 Filium
3398 3763 3520 3829 fuon

1917 3878 2159 3923 creatum
2192 3881 2351 3930 esse,
2411 3864 2506 3920 sed
2549 3861 2790 3933 genitum
2832 3860 3097 3933 (nomn,
3129 3855 3259 3927 25).
3314 3855 3519 3908 Tamen

1916 3957 2079 4014 etiam
2110 3958 2239 4013 alibi
2269 3999 2284 4024 ,
2340 3963 2399 4011 ut
2427 3954 2799 4010 manifestaret
2830 3951 3104 4023 quomodo
3137 3951 3188 4003 in
3226 3948 3519 4004 Salomone

1916 4052 1984 4107 sit
2008 4052 2209 4107 lectum
2251 4066 2263 4105 :
2321 4046 2576 4105 Dominus
2633 4049 2819 4102 creavit
2875 4062 2986 4112 nte;
3029 4043 3157 4114 quid
3203 4043 3255 4098 in
3303 4040 3523 4098 Chrism

1917 4156 2161 4201 creatum
2188 4153 2357 4211 esset,
2383 4142 2643 4198 ostendit.

1987 4239 2078 4295 8i.
2119 4237 2309 4309 Itaque
2339 4237 2504 4292 tutius
2535 4234 2733 4290 seriem
2775 4232 2967 4304 capitis
3009 4244 3410 4294 reeeuseamus;
3442 4229 3522 4285 sic

1918 4333 2061 4387 enim
2094 4331 2263 4388 habes
2295 4349 2308 4385 :
2360 4329 2503 4404 Ergo
2532 4333 2653 4396 quia
2678 4331 2772 4400 lilii
2804 4330 3086 4401 participes
3113 4337 3234 4383 sunt
3274 4328 3445 4381 carnis
3475 4333 3525 4380 et

1916 4426 2201 4505 sanguinis,
2237 4434 2285 4480 et
2303 4427 2413 4507 ipse
2432 4426 2669 4480 similiter
2698 4425 2957 4494 particeps
2988 4423 3159 4493 [actus
3211 4432 3284 4477 est
3314 4437 3523 4476 eorum-

1918 4521 2054 4587 dem;
2077 4520 2132 4575 ut
2154 4537 2244 4592 per
2264 4530 2473 4577 mortem
2499 4522 2775 4577 destrueret
2803 4521 2940 4575 hunc
2966 4520 3053 4593 qui
3084 4518 3265 4573 mortis
3304 4514 3522 4571 habebat

1916 4718 2018 4779 qua
2044 4702 2113 4757 de
2132 4701 2500 4779 productique
2525 4717 2706 4779 rerum
2736 4717 2800 4757 ex
2829 4699 3000 4755 nihilo
3024 4696 3428 4779 intelliguntur.
3456 4696 3527 4779 Et

1916 4770 2020 4829 Iioc
2055 4774 2272 4842 quidem
2321 4776 2372 4828 iu
2405 4774 2597 4829 Gnaeo
2632 4774 2889 4827 idiumate
2934 4770 3278 4825 verissimqu
3320 4778 3434 4832 est,
3468 4776 3528 4822 ut

1916 4844 2278 4916 Hieronymus
2299 4846 2350 4899 in
2373 4860 2491 4914 cap.
2519 4845 2553 4898 4
2586 4846 2755 4913 Epist.
2790 4846 2857 4899 ad
2878 4844 3080 4912 Epltes.
3110 4851 3160 4897 et
3190 4842 3525 4916 Augustinus

1915 4916 2009 4971 lib.
2036 4932 2053 4970 ι
2082 4902 2229 4971 cont.
2259 4902 2492 4979 Advers.
2517 4902 2647 4987 ι.οεί
2682 4926 2736 4971 et
2768 4902 3022 4987 l’roiiliut.
3054 4929 3175 4987 cap.
3200 4902 3523 4987 Ξόἶξορςριε

1918 4987 2048 5041 licet
2079 4987 2299 5041 ultimus
2333 4977 2624 5057 utrumque
2668 4988 2833 5041 etiam
2870 4977 2921 5039 iu
2950 4977 3252 5057 Script'ttris
3304 4977 3531 5057 indiffe-

1917 5067 2100 5112 renter
2120 5058 2190 5113 de
2217 5058 2383 5113 rebus
2413 5053 2617 5113 sive'cx
2650 5058 2873 5113 materia
2898 5058 3076 5122 aliqua
3109 5054 3286 5116 lactis,
3313 5053 3429 5104 sive
3458 5064 3525 5104 ex

1920 5129 2065 5203 nulla
2092 5130 2201 5203 dici
2228 5137 2457 5203 asserat.
2488 5129 2645 5203 Quod
2672 5141 2851 5203 autem
2877 5130 2944 5203 ad
2971 5127 3218 5203 Latinam
3249 5125 3484 5203 linguam
3508 5161 3526 5187 ,

1922 5200 2085 5257 iidem
2130 5201 2205 5257 illi
2253 5202 2440 5257 Patres
2470 5197 2645 5259 creari
2696 5215 2757 5261 ac
2810 5198 2926 5253 ﬁeri
2974 5208 3027 5254 et
3065 5197 3133 5269 de
3172 5197 3528 5269 generatione

1920 5269 2217 5325 liberorum
2260 5280 2314 5325 ct
2354 5270 2421 5326 de
2452 5273 2865 5341 magistratuum
2898 5263 3241 5323 institutione
3273 5263 3527 5341 usurpari

1921 5353 2243 5405 memorant,
2272 5343 2418 5411 quod
2450 5334 2797 5411 probatorum
2828 5342 3155 5411 scriptorum
3183 5334 3530 5411 ustrplauii-

1917 5412 2111 5465 simum
2144 5404 2568 5477 est.G‘ra'carum
2600 5413 2759 5481 igitur
2788 5404 3032 5481 Patrum,
3061 5407 3152 5468 qui
3183 5405 3421 5461 Verbum
3450 5404 3528 5457 di-

1917 5482 2099 5561 pinum
2126 5487 2339 5561 κτίσμα,
2373 5481 2421 5561 id
2458 5493 2572 5561 est,
2597 5479 2915 5561 creaturam
2956 5479 3143 5543 dicere
3175 5489 3393 5561 semper
3425 5490 3538 5557 ex-

1916 5546 2288 5621 horruerunt,
2330 5546 2678 5608 'Ambrosius
2738 5552 2936 5622 ubique
2991 5564 3149 5622 quam
3219 5546 3535 5622 tirtuissintc

1918 5626 2161 5694 vestigiis
2192 5617 2452 5687 adhaesit,
2483 5641 2544 5678 ea
2575 5626 2783 5680 ratione
2810 5617 2990 5674 omnia
3024 5619 3327 5694 Scriptura:
3374 5617 3531 5672 teSIi-

1921 5689 2124 5768 monia,
2157 5699 2312 5768 queis
2342 5695 2523 5750 Ariani
2546 5696 2931 5768 abolebantur,
2957 5689 3402 5759 cututttodissime
3433 5703 3526 5753 rx-

1919 5767 2049 5853 poni
2075 5764 2238 5849 posse
2280 5781 2600 5847 persuasum
2633 5764 2862 5834 balteus.
