4016 6292
577 258 682 317 607

1902 267 2149 329 SANC'I‘I
2183 265 2511 327 AllBROSlI

3709 281 3793 341 608

572 378 852 449 imperiam:
902 378 1157 453 (Hebrfn
1176 422 1194 451 ,
1225 382 1341 456 η),
1369 382 1503 455 Quis
1527 399 1659 457 ergo
1689 394 1773 443 est
1797 386 1889 459 qui
1921 402 2021 443 nos
2050 402 2175 459 par—
2202 395 2248 452 Α
2282 384 2427 441 tione
2459 385 2623 441 totius
2655 385 2837 443 mundi
2865 404 2880 456 ;
2923 389 3052 461 quia
3080 390 3340 461 scriptum
3369 399 3482 448 est:
3508 390 3632 451 Détts
3654 400 3797 452 eratin

576 471 771 542 ticipes
794 487 913 529 suae
939 473 1110 531 voluit
1137 489 1259 533 esse
1288 478 1474 533 carnis
1521 488 1578 534 et
1620 479 1930 551 sanguinis?
1979 479 2176 552 Utique

576 563 673 621 Dei
692 564 886 622 Filius.
908 566 1195 636 Quomodo
1215 570 1317 626 nisi
1346 585 1445 642 per
1468 587 1687 629 carnem
1706 573 1976 644 particeps
2000 573 2177 630 iactus

574 666 662 715 est
685 660 915 716 noster?
943 670 1035 718 aut
1077 677 1178 734 per
1195 679 1383 736 qnam,
1413 666 1517 723 nisi
1545 682 1646 739 per
1669 667 1917 740 corporis
1944 680 2172 725 mortem

575 755 769 810 mortis
796 755 1014 812 vincula
1040 756 1331 815 dissolvit?
1358 760 1547 817 Mortis
1566 763 1728 834 .cnim
1753 778 1901 820 mors
1921 762 2064 819 facta
2089 772 2174 818 est

578 846 862 917 susceptio
906 849 1099 906 mortis
1127 852 1182 907 in
1207 850 1449 911 Christo.
1500 854 1647 928 Ergo
1696 856 1770 913 de
1800 855 2173 912 incarnatione

574 939 878 1009 proposuit.

641 1030 735 1087 85.
758 1032 1050 1091 Videamus
1073 1039 1351 1108 sequentia
1380 1058 1393 1094 :
1431 1039 1543 1096 Nec
1570 1043 1703 1097 enim
1731 1042 1904 1097 statim
1925 1041 2167 1114 Angelos,

570 1121 767 1191 inquit,
795 1126 1093 1197 assumpsit,
1128 1130 1220 1183 sed
1239 1147 1409 1186 semen
1440 1132 1679 1189 Abrahte.
1698 1132 1850 1188 Unde
1871 1132 2049 1189 habuit
2078 1149 2171 1204 per

568 1218 741 1274 omnia
767 1222 1015 1292 fratribus
1044 1224 1298 1293 similari;
1346 1238 1401 1282 ut
1430 1229 1720 1284 misericors
1747 1230 1893 1300 fieret
1914 1232 1982 1292 fet
2003 1230 2172 1300 fidelis

565 1310 829 1384 princeps,
855 1316 1097 1372 sacerdos
1122 1318 1192 1372 ad
1206 1316 1399 1388 Deum,
1414 1330 1470 1375 ut
1489 1322 1719 1390 expiaret
1739 1331 1947 1394 peccata
1965 1323 2167 1394 populi.

563 1403 635 1459 1n
658 1421 759 1475 quo
789 1408 924 1462 enim
947 1425 1131 1481 passus
1173 1422 1244 1466 est
1269 1413 1405 1482 ipse;
1431 1423 1479 1469 et
1508 1424 1751 1481 tentatus,
1798 1425 1960 1486 potest
1985 1425 2033 1470 et
2055 1424 2169 1470 ten-

563 1506 696 1552 tatas
715 1499 903 1569 juvare
931 1499 1219 1572 (lbid.,l6,
1246 1504 1600 1578 l7).Propter
1623 1507 1781 1576 quod,
1806 1511 1993 1579 fratres
2019 1524 2167 1563 sanc-

560 1590 769 1658 tissimi,
789 1596 1071 1652 vocationis
1091 1599 1309 1654 caelestis
1335 1600 1635 1671 participes,
1659 1601 1930 1656 intuemini
1958 1610 2168 1672 aposto-

560 1682 673 1738 lum
697 1694 745 1739 et
767 1686 1056 1758 principem
1075 1689 1408 1746 sacerdotum
1423 1692 1761 1763 confessionis
1774 1702 1963 1748 nostra:
1986 1691 2165 1748 Iesum

2278 474 2506 546 Christo,
2531 478 2780 534 mundum
2806 483 3149 537 reconcilians
3178 483 3275 537 sibi
3302 483 3371 554 (Il
3389 482 3505 539 Cor.
3526 501 3577 553 v,
3605 486 3698 558 l9);
3722 488 3799 546 hoc

2277 578 2381 634 est,
2408 572 2740 642 sempiterna
2768 572 3061 634 divinitas:
3091 584 3204 643 aut,
3221 576 3267 631 si
3289 574 3449 633 Pater
3463 577 3516 632 in
3537 577 3676 646 Filio,
3695 581 3799 636 sicut

2276 660 2444 718 Filius
2476 664 2531 718 in
2556 663 2752 733 Patre,
2784 675 2839 721 et
2881 666 3207 723 substantia:
3233 668 3421 741 utique
3462 679 3514 725 et
3531 674 3800 742 operationis

2277 754 2453 811 unitas
2483 770 2589 812 non
2621 766 2871 829 negatur.
3038 828 3055 835 _

2348 847 2438 905 90.
2458 848 2740 916 Quomodo
2767 860 2947 908 autem
2980 868 3182 925 negare
3210 854 3404 910 merito
3430 864 3656 925 possunt,
3674 859 3800 913 etiam

2274 944 2318 998 si
2346 944 2549 1009 velint,
2583 959 2707 1001 cum
2748 945 3013 1015 scriptum
3039 948 3113 1001 sit
3143 964 3157 1000 :
3188 946 3342 1003 Pater
3368 957 3532 1003 autem
3555 950 3632 1019 qui
3664 951 3708 1003 in
3745 967 3801 1003 ne

2272 1048 2466 1103 ntanet,
2498 1039 2607 1110 ipse
2631 1040 2757 1111 facit
2780 1054 2971 1111 opera;
2997 1049 3049 1095 et
3076 1057 3090 1094 :
3121 1036 3291 1113 Opera
3315 1056 3428 1109 quae
3449 1057 3541 1111 ego
3565 1041 3701 1111 facio,
3725 1044 3802 1113 ipse

2272 1133 2399 1204 facit
2426 1133 2626 1204 (Joan.
2659 1149 2769 1200 xlv,
2814 1133 2940 1204 10)?
2970 1133 3087 1189 Non
3121 1135 3297 1189 dixit:
3338 1134 3408 1189 Et
3434 1135 3546 1205 ipse
3570 1134 3713 1200 facit;
3754 1151 3803 1191 ne

2271 1224 2683 1295 similitudinem
2707 1226 2911 1298 magis,
2945 1241 3105 1294 quam
3135 1226 3399 1282 unitatem
3421 1226 3595 1297 operis
3621 1227 3803 1282 aestima-

2272 1334 2362 1374 res
2396 1335 2408 1373 :
2460 1319 2558 1375 sed
2581 1319 2816 1376 dicendo
2847 1338 2861 1375 :
2897 1320 3025 1386 Quae
3052 1338 3147 1394 ego
3177 1323 3337 1393 facio,
3361 1323 3468 1395 ipse
3497 1324 3633 1393 facit,
3673 1325 3803 1379 mani.

2273 1410 2469 1467 festum
2493 1413 2712 1484 reliquit
2733 1413 2875 1485 quod
2902 1430 3067 1471 unum
3084 1429 3220 1486 opus
3236 1415 3412 1472 Patris
3428 1425 3483 1473 et
3498 1416 3611 1473 Filii
3629 1417 3803 1474 credere

2270 1504 2590 1562 debeamus.

2343 1597 2431 1653 9i.
2476 1598 2722 1670 Denique
2749 1600 2836 1655 ubi
2867 1596 3280 1658 similitudinem
3321 1618 3579 1674 operum,
3604 1619 3698 1660 non
3719 1604 3806 1660 uni-

2270 1698 2433 1745 tatem
2460 1690 2634 1746 voluit
2683 1692 2956 1764 intelligi:
3008 1694 3111 1759 Qui
3160 1694 3357 1762 credit,
3405 1696 3612 1767 inquit,
3654 1697 3701 1750 in
3723 1712 3803 1764 me,

558 1775 768 1845 fidelem
798 1795 908 1836 esse
922 1783 1145 1837 creatori
1170 1799 1288 1850 suo,
1320 1785 1452 1839 sicut
1474 1795 1522 1840 et
1553 1784 1762 1857 Moyses
1788 1787 1841 1841 in
1867 1786 2019 1840 domo
2049 1789 2162 1856 ejus
2191 1782 2236 1843 B
2266 1798 2423 1855 Opera
2448 1800 2562 1856 qua:
2586 1802 2681 1857 ego
2709 1787 2870 1858 facio,
2913 1797 2961 1842 et
2986 1788 3097 1860 ipse
3123 1790 3278 1860 faciet
3319 1787 3528 1861 (Ibid.,
3556 1789 3673 1856 ﬁlo
3699 1791 3807 1847 Βωο

559 1866 747 1939 (Hebr.
781 1886 862 1938 tu,
898 1873 952 1939 l,
979 1872 1058 1946 2).
1089 1875 1215 1931 llmc
1244 1892 1444 1947 nempe
1472 1877 1633 1935 verba
1655 1889 1782 1934 sunt
1809 1878 2082 1950 Apostoli.

624 1960 715 2017 86.
736 1962 946 2019 Videtis
976 1966 1028 2020 in
1056 1981 1164 2038 quo
1179 1977 1423 2026 creatum
1449 1968 1630 2025 dicat:
1652 1971 1703 2025 in
1727 1986 1839 2042 quo
1858 1972 2156 2042 assumpsit,

549 2051 757 2122 inquit,
798 2071 968 2112 semen
993 2058 1234 2127 Abrahae,
1262 2064 1606 2131 corporalem
1638 2064 1824 2133 utique
1849 2064 2160 2135 generatio-

551 2160 677 2203 nem
705 2150 923 2206 asserit.
956 2150 1013 2206 ln
1050 2167 1160 2224 quo
1184 2163 1390 2223 autem,
1422 2155 1527 2211 nisi
1569 2157 1623 2211 in
1654 2171 1889 2228 corpore
1917 2156 2159 2228 expiavit

550 2237 737 2308 p0ptt|i
788 2241 1051 2309 peccata?
1079 2242 1136 2297 lu
1167 2258 1275 2314 quo
1302 2259 1496 2313 passus
1521 2253 1627 2310 est,
1660 2245 1762 2300 nisi
1805 2245 1858 2300 in
1893 2261 2154 2317 corpore;

549 2328 697 2383 sicut
720 2339 776 2385 et
813 2346 977 2402 supra
1003 2331 1291 2391 diximus:
1325 2336 1531 2392 Christo
1556 2354 1707 2411 passo
1733 2341 2015 2394 secundum
2041 2356 2157 2395 car-

548 2424 710 2479 nem?
757 2423 811 2479 In
842 2439 953 2496 quo
981 2429 1260 2496 sacerdos,
1291 2430 1398 2486 nisi
1440 2431 1496 2487 in
1543 2447 1611 2488 eo
1649 2434 1793 2504 quod
1824 2435 2153 2492 sacerdotali

547 2517 844 2588 assumpsit
864 2532 931 2574 ex
964 2522 1208 2591 genere?

598 2607 690 2664 87.
706 2608 973 2667 Sacerdos
984 2612 1128 2669 enim
1150 2614 1355 2687 aliquid
1371 2615 1534 2674 debet
1557 2617 1835 2688 oﬂerre,et
1852 2620 2151 2677 secundum

546 2698 748 2772 Legem
775 2700 830 2756 in
853 2713 1042 2760 sancta
1061 2705 1263 2762 intrare
1291 2723 1387 2779 per
1410 2712 1727 2782 sanguinem
1748 2711 1933 2783 (Hebr.
1950 2714 2147 2784 1:35):

549 2788 712 2863 513
744 2806 875 2863 ergo
902 2795 1028 2864 quia
1056 2798 1378 2868 sanguinem
1434 2796 1734 2870 taurorum,
1767 2803 2153 2875 bircorumque

546 2884 938 2954 repudiaverat
986 2891 1163 2953 Deus.
1217 2891 1361 2949 hunc
1411 2896 1598 2968 utique
1650 2898 1998 2954 sacerdotem
2053 2915 2151 2971 per

542 2991 703 3034 suum
725 2982 1065 3053 sanguinem,
1095 2986 1232 3042 sicut
1280 2988 1480 3060 legisti,
1526 2991 1577 3046 in
1618 3003 1807 3048 sancta
1834 3005 2147 3051 sanctorum

544 3071 669 3128 caeli
696 3088 911 3129 summa
931 3085 1306 3146 penetrantem
1327 3082 1617 3151 oportebat
1639 3085 1840 3141 intrare
1857 3086 2145 3159 (lbidJS);

2264 1876 2355 1932 hic
2388 1887 2437 1931 et
2470 1878 2903 1949 interponendo,
2955 1880 3370 1938 similitudinem
3421 1882 3577 1938 nobis
3603 1883 3804 1949 donavit;

2262 1980 2319 2025 et
2348 1972 2539 2028 tamen
2594 1973 2855 2028 unitatem
2904 1975 3207 2032 naturalem
3265 1975 3503 2046 negavit.
3552 1973 3709 2032 Unum
3748 1985 3808 2030 est

2263 2065 2431 2137 igitur
2484 2082 2623 2138 opus
2675 2068 2852 2125 Patris
2891 2078 2947 2125 et
2998 2068 3159 2139 Filii,
3219 2069 3435 2127 etiamsi
3494 2084 3598 2127 non
3649 2071 3807 2141 placeat

2261 2162 2495 2220 Arianis.

2859 2257 3088 2316 CAPUT
3128 2258 3245 2315 XII.

2260 2350 2495 2420 Regnum
2525 2350 2705 2407 Patris
2726 2360 2879 2423 atque
2901 2351 3028 2407 Filii
3058 2369 3217 2408 unum
3239 2369 3355 2409 esse
3374 2370 3439 2408 ac
3465 2354 3739 2420 indicisunt;
3772 2363 3808 2407 et

2509 2459 2664 2497 utram
2690 2443 2927 2499 similiter
2962 2445 3227 2515 utriusque
3264 2444 3608 2501 divinitatem.

2326 2534 2418 2590 92.
2458 2536 2658 2605 Quaero
2687 2548 2866 2592 autem
2895 2536 3168 2608 quomodo
3208 2553 3440 2609 regnum
3489 2538 3654 2595 velint
3676 2537 3809 2594 Patris

2254 2638 2312 2684 et
2341 2629 2465 2685 Filii
2494 2644 2616 2686 esse
2635 2630 2889 2697 divisum;
2912 2646 3036 2686 cum
3062 2631 3326 2687 Dominus
3348 2631 3580 2698 dixerit,
3605 2642 3659 2687 ut
3684 2645 3808 2701 supra

2254 2722 2591 2779 ostendimus
2615 2740 2632 2779 :
2668 2722 2832 2779 Omne
2880 2742 3097 2798 regnum
3134 2726 3190 2779 in
3215 2740 3271 2780 se
3298 2722 3559 2794 dieisum‘,
3588 2725 3722 2797 facile
3743 2726 3809 2778 dc-

2253 2824 2476 2870 struetur
2504 2814 2733 2888 (Matth.
2760 2833 2836 2873 xu
2856 2859 2870 2883 ,
2894 2817 2967 2874 25
2984 2817 3030 2888 )?

2323 2908 2414 2964 95.
2457 2909 2525 2964 Et
2551 2908 2673 2964 ideo
2701 2909 2770 2965 ad
2800 2909 3196 2966 excludendum
3242 2911 3469 2967 Arianae
3517 2909 3806 2980 sacrilegium

2252 3002 2532 3067 s:evitatis,
2564 3019 2729 3059 unum
2752 3002 3040 3075 imperium
3070 3004 3249 3061 Patris
3276 3014 3333 3061 et
3359 3003 3662 3061 Filiietiam
3687 2998 3810 3077 51‘

2252 3096 2452 3152 Petrus
2479 3106 2704 3152 sanctus
2731 3098 2970 3153 asseruit
2987 3097 3181 3153 dicens
3206 3115 3221 3151 :
3264 3096 3595 3170 Quapropter
3614 3100 3806 3164 satagite.

544 3175 603 3218 ut
648 3174 855 3222 mterna
904 3178 1220 3228 nostrorum
1257 3183 1407 3229 esset
1447 3184 1474 3212 ι
1522 3175 1727 3232 oblatio
1766 3190 2137 3248 peccatorum.
2170 3162 2215 3224 Ο
2247 3192 2457 3259 fratres,
2492 3200 2686 3246 certam
2702 3203 2920 3247 vestram
2934 3179 3247 3248 vocationem
3261 3202 3315 3247 et
3339 3193 3642 3247 electionem
3661 3194 3806 3260 facere.

543 3255 689 3312 idem
715 3272 845 3329 ergo
870 3262 1151 3330 sacerdos,
1170 3265 1312 3321 idem
1342 3279 1396 3322 et
1424 3267 1601 3324 hosﬁa
1637 3286 1650 3324 :
1685 3282 1739 3327 et
1770 3274 2137 3332 sacerdotium

543 3356 725 3404 tamen
748 3390 764 3417 ,
792 3360 846 3406 et
891 3353 1218 3410 sacriﬁcium
1251 3357 1505 3437 humanae
1534 3361 1864 3420 conditionis
1897 3365 2138 3422 ofﬁcium

541 3449 656 3506 est;
704 3458 826 3499 nam
858 3454 913 3500 et
950 3461 1123 3518 agnus
1161 3450 1229 3504 ad
1279 3452 1670 3510 immolandum
1699 3456 1891 3513 ductus
1916 3470 2001 3514 est
2024 3501 2041 3527 ,
2085 3469 2141 3515 et

539 3531 796 3587 sacerdos
822 3545 905 3591 est
928 3539 1227 3596 secundum
1251 3543 1502 3601 ordinem
1533 3546 1960 3607 Melchisedech.

616 3623 706 3680 88.
748 3624 920 3684 Nemo
945 3630 1109 3702 igitur
1130 3633 1223 3689 ubi
1261 3636 1507 3695 ordinem
1533 3642 1709 3698 cernit
1733 3643 1985 3700 humanae
2004 3661 2135 3702 con-

541 3716 801 3813 ditionis,
824 3721 919 3813 ibi
942 3723 1033 3794 jus
1058 3725 1404 3786 1adivinitatis
1436 3745 1670 3791 asserat.
1719 3736 1854 3813 Nam
1897 3748 1952 3795 et
1985 3740 2136 3795 illum

540 3807 935 3869 Melchisedech
967 3832 1065 3887 per
1085 3834 1245 3890 quem
1274 3822 1551 3881 Abraham
1581 3826 1790 3884 hostias
1818 3808 1950 3887 suas
1980 3832 2139 3888 obtu-

540 3900 604 3957 lit
633 3901 789 3975 (δεδι.
829 3920 943 3974 xrv,
977 3908 1101 3981 18),
1138 3923 1160 3951 ο
1195 3929 1303 3971 non
1329 3918 1583 3989 angelum
1626 3920 1812 3992 utique
1837 3924 2138 3981 secundum

534 3993 758 4052 Judaica
789 3997 1021 4057 ludibria
1054 4004 1305 4076 intelligit
1331 4008 1603 4075 Ecclesia,
1633 4012 1729 4069 sed
1756 4015 1934 4070 virum
1974 4032 2136 4073 sanc-

535 4094 650 4142 tum
671 4128 686 4153 ,
714 4103 777 4144 ac
799 4092 1145 4151 sacerdotem
1179 4098 1303 4166 Dei,
1334 4102 1424 4172 qni
1448 4111 1637 4175 typum
1659 4120 1858 4176 gerens
1880 4108 2134 4179 Domini,

533 4190 591 4237 et
617 4181 737 4239 sine
779 4182 962 4253 Patre,
1014 4198 1070 4243 et
1099 4190 1218 4247 sine
1249 4203 1455 4262 matre,
1502 4205 1558 4252 et
1603 4197 1722 4254 sine
1766 4201 2137 4269 generationis

532 4277 904 4344 enarratione,
950 4288 1008 4336 et
1035 4282 1153 4338 sine
1182 4285 1370 4355 initio,
1412 4297 1467 4344 et
1492 4288 1611 4347 sine
1634 4290 1744 4347 line
1773 4291 2135 4362 describitur;

535 4378 594 4421 ut
618 4368 932 4427 ostenderet
952 4375 1345 4445 sempiternum
1378 4378 1574 4438 Filium
1600 4384 1695 4439 Dei
1720 4384 1773 4439 in
1805 4389 1949 4442 hunc
1976 4403 2134 4445 mun-

538 4457 668 4514 dum
721 4474 845 4517 esse
888 4472 1196 4535 venturum,
1244 4472 1337 4541 qui
1369 4482 1424 4529 et
1471 4475 1590 4531 sine
1634 4475 1801 4535 Patre
1835 4481 2133 4539 secundum

536 4549 963 4610 incarnationem
989 4565 1147 4615 natus
1172 4570 1278 4627 est,
1303 4574 1358 4620 et
1388 4567 1505 4622 sine
1529 4578 1703 4625 matre
1730 4573 2026 4629 secundum
2051 4575 2132 4631 di-

537 4647 715 4701 vinam
741 4651 1150 4717 generationem
1172 4695 1187 4721 ,
1218 4657 1417 4717 etsine
1447 4660 1798 4720 enarratione
1824 4668 2133 4736 generatim

537 4735 656 4800 nis;
682 4739 810 4808 quia
833 4743 1098 4813 scriptum
1126 4757 1243 4803 est:
1272 4748 1668 4809 Generationem
1693 4735 1864 4812 autem
1885 4761 1996 4833 ejus
2023 4762 2136 4832 quis

535 4832 797 4886 enarrabit
819 4831 971 4906 (Era.
996 4854 1111 4908 aut,
1143 4841 1198 4910 8)
1215 4842 1265 4901 ἲ.

602 4926 695 4984 89.
736 4927 881 5001 Ergo
910 4932 1062 4989 illum
1107 4935 1505 4997 Melchisedech
1536 4943 1589 4998 in
1618 4942 1819 5001 Christi
1872 4956 2000 5019 typo
2040 4963 2131 5004 sa-

529 5021 809 5077 cerdotem
841 5022 938 5081 Dei
964 5029 1311 5099 accepimus:
1340 5031 1437 5088 sed
1462 5033 1611 5090 illum
1640 5036 1693 5091 in
1726 5048 1881 5110 typo,
1910 5039 2053 5096 hunc
2079 5041 2131 5096 in

533 5113 759 5170 veritate
793 5133 806 5168 :
834 5124 1189 5188 typnsautem
1220 5124 1409 5180 umbra
1445 5134 1530 5181 est
1560 5128 1807 5184 veritatis
1835 5147 1850 5185 :
1900 5131 2049 5188 illum
2077 5133 2131 5188 in

530 5207 750 5265 nomine
799 5211 961 5268 unius
990 5212 1227 5271 civitatis
1252 5257 1267 5283 ,
1322 5217 1464 5274 hunc
1514 5235 1697 5292 regem
1731 5223 1784 5280 in
1813 5226 2134 5285 reconcilia-

599 5441 625 5518 ξ
663 5431 869 5516 Qtnnes
895 5434 1028 5518 edit.
1048 5451 1122 5518 (ac
1139 5452 1274 5493 mss.
1304 5438 1750 5518 aliquot_,_ablulio
1776 5458 2123 5518 peccatorum;

525 5503 714 5582 caeteri
732 5519 891 5585 m_ss.,
920 5503 1481 5585 oblati9_peccatorrins.
1512 5503 1679 5585 Magis
1694 5503 1961 5585 apposite,
1980 5503 2123 5577 idem

526 5574 794 5712 zzgmrest
836 5589 1000 5645 atque
1043 5574 1250 5636 oblatio
1296 5598 1394 5653 pro
1436 5574 1835 5655 peccaiis,'de
1881 5574 2123 5661 qu'a'hic

595 5710 1397 5797 Eylhtdivirtitdtis‘dscr‘ibit.
1450 5786 1535 5797 __
1747 5792 1758 5797 Α
1816 5780 1819 5789 Ι
1948 5782 1953 5795 ἡ
2084 5792 2115 5797 η

603 5785 625 5819 ⁸
666 5784 1032 5849 Hieronymus
1067 5790 1229 5857 ινδιξ,
1259 5786 1352 5859 ιη.
1396 5789 1463 5848 sd
1496 5786 1720 5867 lteram,
1744 5784 1881 5855 sm
1910 5784 2123 5869 opinio;

2244 3281 2379 3338 Haec
2404 3285 2547 3339 enim
2571 3286 2818 3357 facientes
2840 3301 2943 3339 non
2957 3285 3220 3351 errabitis;
3243 3287 3319 3341 sic
3343 3286 3488 3340 enim
3504 3282 3808 3339 abundantius

2242 3374 2615 3439 ministrabitur
2642 3375 2781 3430 vobis
2805 3376 3050 3431 introitus
3077 3377 3133 3430 in
3157 3386 3405 3431 ccternum
3433 3377 3700 3449 imperium
3717 3373 3806 3438 Dei,

2242 3475 2293 3520 et
2316 3465 2526 3523 Domini
2546 3470 2712 3525 nostri
2737 3467 2765 3509 ἀ
2786 3472 3163 3527 conservatoris
3182 3468 3313 3529 Iesu
3338 3471 3537 3529 Christi
3562 3471 3624 3543 (ll
3641 3470 3760 3527 Petr.
3777 3484 3806 3533 ι,

2244 3559 2333 3627 10,
2365 3558 2482 3633 tt).

2315 3653 2407 3710 94.
2450 3654 2558 3709 Aut
2581 3653 2626 3709 si
2654 3653 2776 3723 quis
2804 3653 2874 3710 de
2901 3653 3107 3710 Christi
3139 3664 3349 3711 tantum
3379 3656 3615 3727 imperio
3640 3654 3804 3710 dictum

2242 3753 2424 3814 putat,
2449 3755 2505 3801 et
2542 3745 2647 3802 hoc
2688 3745 2811 3801 ideo
2837 3746 2917 3802 sic
2942 3748 3161 3817 accipit,
3192 3757 3249 3802 ut
3273 3747 3495 3804 Patrem
3547 3748 3807 3816 Filiumque

2243 3844 2510 3906 potestate
2541 3846 2828 3903 secernat;
2864 3838 2908 3893 is
2940 3846 3120 3895 tamen
3150 3846 3207 3895 et
3232 3853 3465 3910 regnum
3494 3839 3619 3896 Filii
3646 3836 3803 3893 latebi-

2242 3937 2367 3994 tur,
2408 3939 2462 3984 et
2508 3939 2798 3985 :eternum.
2828 3930 3018 3999 Itaque
3062 3947 3168 3988 non
3211 3932 3389 3989 Solum
3444 3933 3557 3990 duo
3583 3932 3805 3989 inducent

2242 4035 2408 4091 regna
2435 4020 2651 4088 divisa,
2684 4029 2743 4076 ut
2769 4022 3003 4079 obnoxia
3043 4023 3155 4080 sint
3195 4023 3474 4091 delectui;
3529 4024 3626 4080 sed
3672 4024 3803 4078 etiam

2240 4132 2366 4191 cum
2392 4133 2556 4188 regna
2585 4118 2973 4190 comparabilia
3005 4119 3154 4176 nulla
3179 4119 3289 4176 sint
3315 4121 3411 4176 Dei
3446 4137 3652 4194 regno,
3694 4114 3805 4190 quod

2242 4208 2368 4265 Filii
2397 4224 2541 4276 esse,
2569 4210 2781 4265 etiamsi
2813 4210 2982 4267 velint
3021 4226 3220 4282 negare
3250 4226 3360 4267 non
3381 4222 3652 4284 possunt:
3684 4220 3705 4248 °
3731 4216 3800 4261 aut

2241 4309 2434 4357 contra
2458 4316 2610 4357 suam
2641 4302 2971 4359 sententiam
2994 4302 3284 4370 redibunt,
3316 4313 3376 4360 ut
3412 4304 3565 4361 idem
3594 4303 3806 4361 Patrisct

2242 4393 2369 4449 Filii
2396 4408 2625 4464 regnum
2652 4409 2775 4450 esse
2806 4394 3075 4451 fateantur
3102 4412 3117 4451 :
3147 4404 3280 4464 aut,
3309 4397 3455 4466 quod
3490 4395 3802 4466 sacrilegium

2242 4493 2329 4541 est
2376 4484 2594 4552 dicere,
2645 4486 2739 4557 jus
2802 4487 2949 4542 Patri
2980 4488 3150 4559 regni
3208 4487 3438 4544 minoris
3508 4489 3804 4547 ascrihent:

2240 4589 2366 4645 aut,
2407 4578 2551 4650 quod
2581 4582 2913 4635 contrarium
2967 4591 3071 4646 est,
3107 4596 3268 4652 quem
3322 4581 3590 4639 minorem
3639 4578 3798 4637 divini-

2243 4679 2356 4727 tate
2379 4670 2544 4741 impie
2562 4671 3013 4743 memorant,ejus
3035 4688 3258 4745 regnum
3276 4670 3801 4745 iatebuuturaequalc.

2311 4762 2401 4820 95.
2443 4763 2551 4821 Sed
2605 4765 2710 4834 hoc
2759 4781 2868 4821 non
2918 4766 3192 4839 quadrat,
3253 4783 3360 4824 non
3412 4767 3688 4841 congruit,
3717 4778 3801 4820 non

2238 4858 2498 4914 coluerat.
2522 4858 2717 4914 Dicant
2747 4860 2911 4930 igitur
2936 4876 3102 4917 unum
3128 4875 3250 4918 esse
3277 4877 3506 4932 regnum
3523 4903 3541 4928 ,
3575 4862 3710 4918 sicut
3725 4868 3802 4913 nos

2239 4951 2491 5017 dicimus,
2514 4962 2569 5007 et
2599 4952 2926 5023 probamus:
2958 4955 3248 5025 probamus
3268 4966 3449 5012 autem
3474 4971 3584 5012 non
3610 4953 3797 5012 nostris

2239 5044 2335 5101 sed
2366 5045 2682 5102 cmlestibus
2712 5048 3059 5104 testimoniis.

2311 5136 2402 5193 96.
2460 5136 2701 5202 Primum
2746 5140 2892 5195 enim
2923 5139 3086 5195 etiam
3116 5139 3236 5196 aliis
3264 5143 3533 5212 exemplis
3559 5143 3707 5200 disce
3726 5152 3800 5195 re-

2238 5245 2404 5302 gnum
2431 5231 2717 5297 cmlorum,
2749 5247 2972 5304 regnum
3001 5234 3166 5289 etiam
3194 5231 3317 5290 Filii
3348 5250 3504 5292 esse:
3539 5237 3655 5308 ipse
3679 5234 3800 5290 enim

2229 5468 2353 5531 nem
2369 5470 2489 5531 non
2516 5454 2742 5521 ludatis,
2765 5456 2859 5513 sed
2884 5456 3109 5531 Origeni
3135 5474 3199 5516 ac
3225 5461 3454 5531 Didymo
3471 5461 3712 5517 ascribit.

2301 5521 2328 5561 ἀ
2365 5524 2468 5582 Ms.
2500 5541 2672 5593 unus,
2734 5521 3018 5595 creatoris}
3067 5530 3158 5586 alii
3198 5521 3476 5593 nonnulli.
3532 5545 3590 5588 et
3629 5543 3799 5588 omnes

2230 5595 2398 5681 edit.,
2431 5595 2725 5654 Saluatoris
2749 5616 2768 5654 :
2802 5602 2985 5657 caeteri
3032 5603 3124 5674 qui
3154 5614 3208 5659 et
3232 5604 3592 5674 probatiores,
3614 5617 3798 5658 conscr-

2226 5678 2516 5813 Win.
2548 5754 2891 5813 omnecum
2916 5754 3050 5813 '3‘”:
3099 5730 3322 5813 ουημοι.
3350 5750 3467 5813 sui.
3484 5753 3670 5813 contra
3689 5728 3799 5798 um“

2228 5800 2436 5864 tsntleni
2465 5805 2609 5863 nam
2630 5800 2888 5867 ridebunt.
2911 5805 3053 5879 Quid
3086 5800 3255 5885 rlisils
3280 5800 3611 5871 ridiculum?
