4016 6292
174 322 272 376 (09

1493 330 1580 386 DE
1621 330 1778 388 FIDE
1818 331 1943 387 LIB.
1991 331 2076 386 ΙΙΙ.

3353 331 3460 386 610

172 437 307 493 dixit
341 457 354 492 :
385 441 549 496 Amen
571 485 586 508 ,
610 461 791 510 auten,
825 445 940 498 diro
991 444 1126 499 vbbis
1156 444 1395 513 quoniam
1445 456 1564 500 sunt
1605 448 1766 518 aliqui
1797 447 1843 507 Λ
1873 447 2103 501 diecndo
2129 446 2198 500 de
2234 444 2451 501 Christo
2477 465 2489 501 :
2515 444 2583 500 In
2608 462 2707 514 quo
2749 445 2943 500 habitat
2989 447 3155 500 omnis
3193 444 3462 516 plenitudo

175 543 196 570 ³
227 533 388 589 dehic
411 539 737 605 astantibus,
763 540 848 608 qui
881 542 981 593 non
1029 541 1305 610 gustabunt
1336 547 1575 607 mortem,
1603 541 1764 596 donec

172 627 376 682 uideant
425 626 630 684 Filium
686 630 911 685 hontinis
961 633 1238 686 uenientem
1285 634 1338 687 in
1369 649 1582 706 regnum
1619 649 1768 688 suum

171 717 390 790 (Matth.
413 737 527 787 xvi,
558 722 676 793 28).
706 721 735 762 ι’
766 722 1011 778 Dubitari
1041 739 1169 795 ergo
1193 739 1297 780 non
1326 734 1507 796 potest
1523 725 1666 797 quod
1697 727 1769 782 sit

172 827 400 882 regnum
423 811 550 868 Filii
574 814 689 869 Dei.

241 904 333 961 97.
378 905 486 962 Sed
536 909 722 977 accipe
764 908 941 978 ipsum
981 924 1106 966 esse
1146 925 1371 981 regnum
1405 911 1570 978 Filii,
1623 913 1769 983 quod

174 999 352 1055 l’alris
379 1009 507 1056 est:
552 1001 713 1057 Amen
743 1003 858 1058 dico
902 1003 1042 1058 vobis
1093 1005 1232 1075 quod
1280 1016 1398 1061 sunt
1417 1007 1626 1077 quidam
1668 1009 1771 1061 cir-

170 1093 558 1159 cumstantium,
586 1094 675 1165 qui
703 1098 806 1149 non
835 1097 1111 1166 gustabunt
1137 1100 1371 1164 mortem,
1388 1099 1552 1154 dbnec
1566 1100 1772 1155 videant

176 1195 193 1218 τ
233 1200 449 1258 regnum
473 1184 572 1240 Dei
597 1190 800 1242 veniens
817 1188 872 1241 in
900 1190 1083 1244 uirtute
1126 1189 1321 1262 (Mare.
1373 1206 1490 1258 vm,
1538 1190 1652 1263 59).
1695 1193 1773 1247 Eo

172 1277 324 1332 enim
348 1292 520 1348 usque
547 1293 713 1333 unum
740 1294 968 1349 regnum
988 1290 1092 1345 est,
1110 1291 1169 1336 ut
1190 1297 1354 1337 unum
1369 1284 1438 1337 sit
1461 1282 1766 1353 praemium,

170 1367 319 1423 idem
350 1367 550 1435 haeres,
579 1369 770 1426 eadem
801 1372 1016 1436 merita,
1049 1371 1190 1428 idem
1221 1389 1478 1444 sponsor.

240 1464 334 1519 98.
375 1463 661 1532 Quomodo
693 1481 800 1520 non
837 1465 982 1521 idem
1018 1482 1266 1538 regnum,
1309 1485 1431 1524 cum
1466 1471 1772 1540 prtesertim

169 1559 294 1628 ipse
339 1559 409 1614 de
433 1573 492 1614 se
521 1559 688 1615 Filius
735 1560 938 1616 dixerit
966 1577 986 1614 :
1019 1560 1162 1616 Tunc
1203 1563 1327 1629 iusti
1349 1564 1614 1635 fulgebunt
1643 1565 1777 1618 sicut

168 1656 251 1708 sol
284 1655 340 1709 in
365 1655 524 1726 regno
559 1653 736 1709 Patris
755 1653 1088 1725 mei(Matth.
1120 1671 1230 1722 xm,
1278 1657 1398 1721 43).
1425 1656 1580 1725 Quod
1631 1659 1774 1712 enim

172 1745 359 1800 l‘atris
386 1753 472 1800 est
493 1759 593 1816 per
620 1744 923 1814 majestatis
952 1747 1363 1816 protrrietatem,
1390 1747 1442 1802 id
1469 1747 1630 1803 etiam
1657 1746 1776 1802 Filii

1870 538 2156 592 divinitatis
2177 539 2515 606 corporaliter
2545 536 2786 610 (Coloss.
2820 553 2881 603 ιι,
2915 537 3002 608 9).
3056 536 3114 592 Si
3133 537 3280 592 enim
3301 537 3461 606 juxta

1870 631 2191 700 Apostolum
2229 629 2508 700 plenitudo
2532 631 2712 686 omnis
2757 630 3122 700 corporaliter
3160 627 3466 684 divinitatis

1872 723 1925 777 in
1955 723 2174 778 Christo
2203 732 2306 789 est,
2341 733 2436 778 aut
2466 724 2630 778 unius
2676 723 2981 780 divinitatis
3027 723 3244 778 Patrem
3292 730 3349 778 et
3376 719 3469 776 Fi-

1870 814 2002 870 lium
2031 814 2380 871 latebuntur:
2412 824 2507 870 aut
2527 817 2570 871 si
2613 815 2792 870 Patris
2840 825 2895 870 et
2942 813 3071 870 Filii
3115 813 3460 870 divinitatem

1871 909 2098 979 cupiunt
2129 924 2409 980 separare,
2453 925 2576 966 cum
2613 925 2834 965 omnem
2874 908 3268 981 plenitudinem
3327 906 3468 964 divi—

1874 1001 2059 1056 nitatis
2108 1003 2472 1072 corporaliter
2513 1001 2554 1057 F
2561 1003 2683 1058 ilius
2729 1002 2972 1070 habeat;
3014 1002 3145 1073 quid
3193 1010 3279 1058 est
3319 999 3466 1072 quod

1879 1091 1897 1129 ί
1923 1091 2246 1147 existimant
2263 1094 2500 1164 amplius
2517 1093 3064 1161 reservandum,cum
3083 1093 3315 1164 amplius
3335 1090 3474 1148 nihil

1873 1185 1944 1240 sit
1970 1185 2308 1256 plenitudine
2340 1187 2732 1257 perfectionis?
2766 1188 2908 1258 Ergo
2937 1202 3042 1242 una
3069 1186 3346 1243 divinitas.

2463 1298 2699 1357 CAPUT
2754 1299 2895 1355 Xlll.

1878 1413 2018 1470 Filio
2060 1416 2378 1487 majestatent
2431 1431 2582 1470 suam
2609 1429 2738 1478 esse,
2783 1429 2844 1467 ac
2893 1423 3128 1483 paterna:
3177 1412 3430 1482 wqualem
3455 1425 3475 1466 .°

1977 1512 2126 1578 cujus
2175 1508 2305 1562 socii
2355 1523 2459 1562 non
2499 1508 2604 1562 sint
2645 1506 2851 1577 angeli,
2894 1506 2986 1560 sed
3015 1513 3349 1576 spectatores.

1953 1648 2074 1702 105.
2120 1646 2309 1720 [Alias
2347 1663 2464 1718 cap.
2498 1646 2634 1718 VL]
2673 1614 2973 1717 imaginem
3028 1654 3214 1701 autem
3259 1658 3426 1700 unam
3463 1683 3480 1709 ,

1879 1751 1934 1797 ct
1955 1740 2364 1796 similitudinem
2397 1756 2558 1797 unam
2585 1756 2751 1811 supra
2778 1739 3016 1796 diximus
3069 1739 3090 1812 (
3125 1739 3242 1795 Lib.
3270 1739 3325 1807 1,
3354 1754 3474 1808 cap.

168 1845 259 1892 est
291 1851 388 1906 per
404 1836 650 1906 ejusdem
669 1837 1014 1893 claritudinis
1037 1838 1318 1894 unitatem.
1343 1839 1485 1910 Ergo
1505 1849 1561 1894 et
1601 1827 1776 1896 Patris
1802 1838 1852 1898 B
1880 1835 1912 1890 7
1932 1836 1974 1902 ).
2007 1843 2261 1904 superest
2286 1843 2345 1889 υι
2375 1835 2536 1890 unius
2560 1849 2779 1904 quoque
2807 1834 3110 1904 majeslalis
3139 1833 3356 1888 Patrem
3382 1831 3476 1888 Fi'

170 1945 404 2001 regnum
433 1929 717 1999 Scriptura
744 1928 903 1992 dixit,
932 1939 988 1984 et
1015 1929 1139 1985 Filii
1169 1929 1352 2002 (Joun.
1387 1947 1517 1998 xvii,
1549 1934 1628 2002 5).

241 2023 336 2078 99.
379 2021 582 2092 Accipe
612 2036 758 2076 nunc
788 2021 912 2090 quia
940 2019 1031 2075 ubi
1062 2036 1289 2090 regnum
1327 2022 1422 2078 Dei
1471 2023 1626 2091 dicit,
1673 2040 1774 2081 nec

170 2115 355 2170 Patris
378 2128 480 2170 nec
497 2113 616 2169 Filii
644 2125 862 2184 separat
891 2123 1234 2184 potestatem;
1257 2116 1380 2185 quia
1409 2123 1463 2171 et
1490 2125 1770 2186 paternum

165 2215 224 2262 et
251 2205 377 2261 Filii
408 2221 640 2278 regnum
663 2221 773 2261 uno
799 2207 895 2262 Dei
920 2207 1141 2263 nomine
1162 2207 1608 2278 comprehendit,
1634 2211 1772 2267 sicut

164 2298 384 2355 habes:
414 2297 545 2353 Cum
575 2298 806 2355 uideritis
851 2299 1130 2366 Abraham,
1176 2299 1355 2367 Isaac,
1404 2312 1450 2356 et
1495 2302 1691 2371 Iacob,
1723 2317 1771 2360 et

163 2409 348 2447 omnes
374 2395 654 2464 prophetas
675 2395 730 2449 in
761 2411 918 2466 regno
946 2394 1043 2449 Dei
1082 2393 1239 2468 (Luc.
1275 2411 1386 2460 xm,
1419 2396 1532 2467 28).
1563 2397 1643 2452 An
1675 2413 1769 2454 ne-

160 2502 360 2558 gamus
390 2487 443 2542 in
475 2503 642 2558 regno
662 2485 787 2543 Filii
830 2487 1128 2558 prophetas
1155 2504 1299 2555 esse,
1340 2505 1464 2544 cum
1492 2503 1546 2546 et
1573 2491 1768 2548 latroni

159 2581 239 2634 dit
259 2578 379 2636 enti
407 2599 420 2635 :
447 2579 709 2636 Memento
736 2582 870 2650 mei],
895 2598 1009 2636 cum
1034 2583 1231 2636 veneris
1275 2582 1330 2636 in
1354 2598 1567 2654 regnum
1587 2592 1768 2651 tuum;

157 2671 515 2742 responderit
538 2673 798 2728 Dominus
827 2691 840 2726 :
871 2675 1034 2727 Amen
1080 2673 1196 2728 dico
1224 2674 1338 2740 tibi,
1384 2675 1539 2730 hodie
1572 2692 1768 2730 meeum

157 2766 266 2821 eris
297 2769 352 2820 in
388 2765 633 2836 paradiso
664 2764 817 2835 (Luc.
859 2781 1023 2832 xxm,
1054 2765 1143 2832 42,
1170 2766 1327 2838 μωι
1375 2769 1483 2824 Aut
1526 2769 1654 2840 quid
1684 2779 1770 2825 est

156 2855 183 2895 ἀ
216 2874 349 2915 esse
377 2859 433 2913 in
458 2874 625 2930 regno
656 2859 789 2925 Dei,
821 2861 924 2915 nisi
963 2869 1222 2917 mternam
1247 2863 1460 2919 nescire
1490 2873 1716 2920 mortem
1744 2867 1768 2919 ?

154 2954 266 3021 Qui
297 2962 484 3008 autem
515 2955 765 3010 nesciunt
790 2963 1050 3010 aeternam
1083 2966 1336 3024 mortem,
1364 2956 1546 3013 vident
1572 2957 1767 3013 Filium

156 3047 407 3102 hominis
429 3047 740 3103 venientem
773 3047 826 3103 in
854 3064 1078 3118 regnum
1109 3065 1287 3103 suum.

237 3141 366 3198 100.
391 3141 675 3209 Quomodo
705 3157 834 3214 ergo
859 3150 1036 3211 potest
1056 3157 1162 3197 non
1191 3143 1242 3197 in
1268 3151 1536 3213 potestate
1565 3143 1765 3198 habere

1878 1926 2122 1996 liumque
2145 1927 2458 1984 doceamus.
2493 1928 2602 1984 Nec
2625 1928 2787 2000 longe
2815 1928 2984 1983 aberit
3011 1944 3025 1994 ;
3049 1943 3172 1982 eum
3194 1927 3338 1983 enim
3361 1926 3478 1998 ipse

1876 2019 2077 2075 dixerit
2121 2021 2189 2077 de
2217 2036 2278 2078 se
2310 2022 2482 2077 Filius
2515 2038 2534 2077 :
2563 2021 2693 2078 Cum
2720 2023 2912 2077 venerit
2953 2020 3130 2075 Filius
3177 2020 3402 2074 hominis
3426 2019 3484 2074 in

1876 2116 2144 2186 majestate
2163 2131 2260 2168 sua
2286 2156 2300 2180 ,
2353 2125 2398 2168 et
2427 2131 2601 2172 omnes
2651 2115 2963 2187 angelicum
3013 2131 3092 2178 eo,
3137 2122 3257 2168 tunc
3282 2113 3479 2168 sedebit

1874 2223 2028 2278 super
2058 2207 2227 2261 sedem
2249 2209 2536 2280 ntajestatis
2574 2223 2683 2263 sum
2711 2212 2728 2279 (
2758 2207 2948 2262 Matth.
2981 2222 3118 2274 xxv,
3167 2207 3296 2278 51).
3331 2206 3474 2262 Ecce

1874 2298 1998 2355 Filii
2033 2316 2291 2370 expressa
2325 2303 2584 2374 majestas
2607 2311 2732 2357 est:
2759 2300 2889 2372 quid
2913 2301 2962 2356 ei
2991 2300 3172 2366 deest,
3207 2300 3363 2370 cujus
3393 2299 3478 2354 in-

1871 2402 2110 2448 creatam
2140 2395 2480 2464 majestatem
2510 2410 2712 2466 negare
2741 2409 2846 2450 non
2887 2395 3162 2466 possunt?
3212 2393 3312 2451 Est
3337 2408 3471 2465 ergo

1871 2484 1997 2542 Filii
2038 2486 2314 2558 inajcstas.

1944 2580 2067 2636 104.
2114 2583 2397 2652 Accipiant
2444 2598 2626 2649 nunc,
2679 2593 2735 2638 ut
2779 2583 3032 2639 dubitare
3079 2598 3186 2638 non
3211 2581 3468 2654 possint,

1869 2672 2019 2744 quod
2055 2673 2321 2750 Patris_et
2345 2673 2468 2729 Filii
2504 2690 2608 2730 una
2634 2675 2898 2746 majestas
2918 2675 2988 2730 sit
3013 2691 3028 2740 ;
3063 2675 3180 2745 ipse
3201 2675 3347 2730 enim
3374 2673 3475 2730 Do-

1869 2767 2050 2822 minus
2071 2767 2210 2822 dixit
2240 2784 2254 2821 :
2289 2767 2431 2822 Nam
2450 2769 2538 2840 qui
2564 2786 2644 2824 me
2664 2770 2924 2824 erubuerit
2947 2779 2996 2824 et
3025 2785 3161 2823 meos
3181 2784 3466 2836 sermones,

1869 2857 2005 2914 hunc
2030 2859 2198 2914 Filius
2229 2861 2450 2915 hominis
2475 2859 2737 2916 erubescet
2763 2879 2782 2926 ;
2831 2876 2949 2914 cum
2981 2860 3174 2914 uenerit
3199 2860 3250 2914 in
3275 2862 3470 2933 majes-

1869 2962 1974 3007 tate
1993 2970 2110 3019 sua,
2137 2965 2188 3008 et
2213 2953 2390 3008 Patris
2415 2995 2427 3009 .
2451 2964 2500 3008 et
2524 2962 2822 3009 sanctorum
2857 2953 3157 3025 angelorum
3174 2951 3348 3024 I(Luc.
3374 2969 3428 3008 Ix
3451 2994 3468 3021 ,

1868 3046 1996 3118 ‘26).
2020 3046 2161 3114 Quid
2185 3057 2267 3102 est
2295 3065 2306 3100 :
2345 3045 2412 3101 Et
2441 3056 2738 3101 sanctorum
2759 3047 3057 3118 angelorum
3107 3087 3122 3111 ,
3157 3055 3182 3093 Β
3203 3046 3309 3102 nisi
3340 3045 3470 3116 quia

1870 3137 2211 3192 honorantur
2238 3147 2295 3193 et
2331 3139 2479 3194 servi
2502 3139 2764 3210 dignitate
2791 3138 2999 3193 domini
3025 3139 3107 3194 sui
3131 3137 3154 3192 ?

157 3236 318 3306 quod
351 3235 518 3292 donat
547 3237 735 3292 dicens
762 3254 774 3289 :
807 3234 925 3290 Tibi
945 3236 1077 3291 dabo
1124 3237 1292 3292 claues
1335 3242 1477 3310 regni
1525 3238 1767 3292 caelorum
1795 3225 1840 3289 C
1945 3231 2070 3287 105.
2113 3231 2440 3302 Dignitatem
2471 3247 2602 3302 ergo
2633 3247 2787 3294 suam
2812 3231 2880 3286 ad
2910 3231 3110 3286 Filium
3160 3239 3218 3287 et
3249 3231 3469 3287 Patrem

161 3328 396 3402 (Matth.
426 3331 684 3400 "1.19)?
711 3329 780 3385 Et
806 3329 990 3386 videto
1017 3329 1352 3385 distantiam.
1371 3330 1576 3386 Servus
1603 3329 1765 3403 515

157 3421 379 3494 aperit,
414 3423 667 3479 Dominus
701 3423 965 3494 largitur:
996 3424 1098 3480 iste
1123 3439 1217 3494 per
1242 3439 1323 3488 se,
1363 3424 1455 3479 ille
1488 3439 1584 3494 per
1612 3423 1768 3478 Citri-

155 3520 367 3580 stum;
401 3515 632 3572 famulus
657 3516 839 3573 claves
866 3516 1092 3588 accipit,
1125 3517 1388 3572 Dominus
1431 3517 1644 3573 ordinat
1673 3531 1770 3588 po-

155 3614 442 3663 testates:
476 3617 499 3644 θ
549 3608 694 3665 aliud
743 3607 833 3679 jus
889 3607 1168 3675 donantis,
1218 3609 1364 3664 aliud
1403 3609 1770 3680 dispensantis

157 3699 498 3770 obsequium
529 3711 632 3758 est.

240 3793 375 3847 101.
419 3793 618 3863 Accipe
647 3793 825 3850 adhuc
857 3809 1022 3850 unum
1064 3809 1292 3866 regnum
1321 3837 1335 3861 ,
1377 3810 1540 3850 unum
1594 3796 1771 3867 impe-

161 3888 325 3942 rium
378 3900 502 3941 esse
563 3885 743 3942 Patris
792 3897 848 3944 et
885 3887 1032 3944 Filii.
1086 3888 1265 3946 llabes
1289 3888 1356 3943 ad
1385 3889 1772 3946 Timotheum:

157 3979 387 4034 Paulus
439 3979 707 4046 apostolus
752 3980 879 4036 Jesu
936 3981 1128 4037 Christi
1167 3984 1451 4036 secundum
1506 3984 1776 4054 imperiunt

1871 3324 2084 3390 retulit;
2137 3340 2243 3384 non
2279 3334 2341 3380 ut
2381 3327 2558 3397 angeli
2605 3327 2842 3383 habeant
2883 3341 3008 3383 cum
3041 3327 3198 3383 Patre
3249 3336 3306 3384 et
3329 3327 3472 3384 Filio

1871 3416 2084 3488 aequale
2121 3419 2482 3487 consortium,
2516 3420 2611 3476 sed
2643 3429 2700 3476 ut
2737 3421 3190 3491 praeminentem
3238 3419 3469 3492 gloriam

1875 3508 1970 3563 Dei
2001 3520 2251 3564 cernant.
2285 3511 2474 3583 Neque
2515 3512 2662 3567 enim
2704 3527 2857 3568 suam
2897 3512 3242 3583 majestatem
3290 3512 3475 3585 angeli

1875 3599 2096 3668 habent,
2129 3603 2272 3659 sicut
2298 3605 2503 3660 lectum
2533 3614 2620 3659 est
2663 3604 2734 3660 de
2781 3605 2964 3661 Filio:
2997 3605 3128 3660 Cum
3177 3605 3369 3661 sederit
3423 3607 3479 3662 in

1873 3691 1992 3748 sede
2031 3695 2314 3768 majeslalis
2341 3712 2449 3750 sua:
2478 3695 2696 3766 (Matth.
2725 3712 2850 3762 xxv,
2887 3697 2947 3753 3i
2970 3696 2990 3768 )
3015 3715 3032 3761 ;
3065 3696 3162 3753 sed
3186 3698 3478 3765 assistunt,

1876 3796 1936 3842 ut
1976 3787 2156 3842 Patris
2185 3797 2239 3843 et
2263 3787 2390 3844 Filii
2416 3785 2445 3825 ιι
2470 3789 2702 3860 gloriam
2732 3788 2979 3856 videant,
3012 3789 3211 3860 quibus
3235 3800 3328 3847 aut
3353 3805 3482 3862 pos-

1876 3890 2003 3936 sunt
2028 3889 2122 3934 aut
2153 3889 2438 3937 merentur
2468 3881 2798 3952 aspectibus.

1955 3970 2080 4029 106.
2123 3973 2369 4045 Denique
2404 3975 2518 4046 ipsa
2543 3990 2604 4032 se
2630 3975 2929 4046 explanant
2957 3976 3124 4032 verba
3149 3975 3334 4032 divina
3363 4015 3379 4040 ,
3423 3981 3483 4031 ut

158 4072 275 4126 Dei
306 4071 600 4128 Saluatoris
628 4074 811 4139 nostri,
843 4083 892 4128 et
919 4073 1115 4129 Christi
1151 4073 1280 4130 Jesu
1322 4076 1429 4147 spei
1483 4076 1712 4148 nostrte(
1757 4075 1776 4130 l
1881 4068 2154 4140 intelligas
2203 4068 2351 4123 illam
2409 4068 2638 4139 gloriam
2681 4067 2949 4125 Patris-et
2994 4067 3120 4124 Filii
3163 4084 3286 4124 cum
3319 4069 3485 4142 516

155 4161 323 4232 Tim.
348 4179 386 4228 ι,
420 4163 512 4234 1).
548 4162 726 4220 Unum
755 4164 920 4236 igitur
944 4165 1123 4220 Patris
1153 4176 1208 4222 et
1229 4165 1352 4221 Filii
1387 4181 1610 4238 regnum
1658 4167 1772 4221 evi-

157 4257 384 4312 denter
405 4264 492 4312 est
515 4256 870 4323 declaraturus,
906 4258 1048 4314 sicut
1080 4267 1136 4314 et
1161 4259 1437 4329 apostolus
1459 4258 1661 4314 Paulus
1688 4275 1778 4314 as-

163 4349 367 4406 seruit
393 4347 620 4404 dicens:
659 4348 775 4404 Hoc
796 4351 930 4404 enim
964 4352 1142 4406 scitote
1179 4353 1315 4421 quod
1352 4353 1519 4407 omnis
1554 4353 1782 4423 impudi-

157 4461 292 4509 cus,
323 4452 417 4497 aut
439 4443 755 4510 immundus,
788 4456 876 4501 aut
905 4460 1113 4509 avarus,
1165 4446 1304 4515 quod
1350 4454 1423 4500 est
1458 4445 1780 4512 idololatria,

156 4552 279 4590 non
313 4534 470 4589 habet
498 4535 848 4590 hereditatem
867 4536 921 4590 in
948 4552 1104 4606 regno
1134 4535 1326 4592 Christi
1350 4546 1400 4592 et
1430 4535 1523 4591 Dei
1550 4535 1780 4609 (Ephes.

159 4646 221 4693 ν,
253 4626 358 4697 5).
389 4627 533 4698 Ergo
563 4644 728 4684 unum
769 4643 1018 4700 regnum,
1048 4638 1104 4684 et
1136 4645 1242 4685 una
1270 4629 1548 4686 divinitas.

1881 4162 2092 4232 angelis
2121 4176 2226 4216 non
2251 4176 2376 4217 esse
2402 4176 2748 4217 communem
2773 4178 2787 4227 ;
2834 4162 2915 4217 sic
2942 4160 3089 4218 enim
3123 4160 3326 4218 habes:
3351 4160 3483 4216 Cum

1881 4264 2049 4310 autem
2077 4255 2266 4311 uenerit
2290 4253 2462 4310 Filius
2485 4254 2704 4310 hominis
2728 4255 2782 4308 in
2818 4258 3086 4327 majestate
3112 4270 3231 4322 sua,
3280 4265 3328 4309 et
3373 4271 3484 4309 om-

1885 4365 1972 4404 nes
1993 4351 2166 4421 angeli
2190 4367 2308 4404 cunt
2331 4367 2410 4406 eo.
2461 4350 2530 4406 Et
2559 4359 2618 4405 ut
2660 4349 2889 4406 doceret
2929 4367 3090 4405 unam
3141 4350 3485 4422 maiestatem

1886 4456 1940 4500 et
1967 4460 2128 4500 unam
2158 4444 2388 4516 gloriam
2433 4459 2558 4501 esse
2605 4444 2782 4500 Patris
2810 4451 2869 4501 et
2905 4459 3084 4510 suam,
3116 4445 3235 4516 ipse
3275 4445 3328 4500 in
3379 4444 3490 4502 alio

1887 4539 2028 4594 libro
2057 4539 2130 4594 ait
2159 4556 2172 4592 :
2203 4537 2271 4592 Et
2298 4537 2470 4594 Filius
2501 4539 2721 4593 hominis
2770 4538 2783 4573 ί
2837 4537 3120 4610 confundet
3164 4554 3280 4594 eum
3306 4579 3321 4604 ,
3369 4553 3490 4594 cum

1811 4615 1866 4677 D
1890 4633 2079 4686 venerit
2108 4631 2162 4686 in
2183 4630 2353 4704 gloria
2380 4630 2564 4686 Patris
2584 4631 2668 4686 sui
2693 4647 2812 4685 cum
2845 4629 3045 4702 angelis
3069 4632 3264 4686 sanctis
3288 4629 3487 4703 (Marc.

243 4719 389 4775 102.
434 4718 612 4776 Unam
638 4721 981 4778 divinitatem
1030 4723 1121 4778 lex
1154 4723 1442 4795 probavit,
1492 4739 1614 4796 quae
1651 4725 1787 4780 dicit
1891 4740 2004 4788 vm,
2035 4722 2165 4794 58).
2198 4722 2279 4779 Illi
2305 4724 2360 4778 in
2387 4723 2671 4794 obsequio,
2705 4723 2796 4779 hic
2826 4723 2878 4779 in
2905 4723 3124 4795 gloria:
3162 4724 3242 4780 illi
3295 4723 3348 4780 in
3389 4739 3492 4781 co-

155 4833 358 4876 unum
390 4816 560 4874 Deum
595 4818 613 4890 (
641 4818 796 4874 Deut.
839 4836 914 4889 vi,
947 4821 983 4877 4
1005 4819 1048 4891 ).
1082 4819 1340 4877 Probavit
1367 4829 1424 4877 et
1455 4822 1783 4893 Apostolus,

247 4999 278 5027 ιι
333 4987 458 5044 Vel.
487 4988 618 5044 edit.
652 5003 714 5044 ac
737 5004 870 5044 mss.
899 5003 1007 5044 non
1041 4989 1231 5058 pauci,
1257 4989 1322 5042 de
1348 4989 1462 5043 istis
1483 4989 1792 5044 astantibus:

161 5063 385 5125 Rom.,
415 5058 479 5113 de
507 5060 621 5115 istic
643 5061 928 5114 astantibus
951 5078 968 5115 :
1013 5059 1205 5130 reliqui
1234 5075 1390 5126 mss.,
1423 5059 1487 5114 de
1510 5060 1591 5115 his
1619 5071 1795 5115 astan-

159 5135 354 5189 tibus.
405 5131 474 5186 At
500 5134 720 5187 omnino
743 5131 1090 5187 scribendum
1120 5139 1180 5187 ut
1210 5131 1262 5186 in
1291 5140 1477 5196 textu;
1509 5134 1609 5187 hoc
1642 5149 1793 5187 nam-

207 5220 294 5260 ue
358 5203 498 5266 loco,
548 5203 688 5259 sicut
737 5213 788 5259 et
839 5203 978 5273 apud
1023 5203 1260 5273 Marcum
1302 5202 1437 5273 intra
1484 5201 1704 5258 citatum
1740 5204 1792 5258 in

1893 4823 2105 4887 mitatu,
2140 4820 2228 4876 hic
2257 4820 2312 4876 in
2342 4828 2598 4892 suggestu
2645 4836 2658 4872 :
2718 4819 2796 4875 illi
2824 4829 3015 4889 stant,
3069 4819 3160 4876 hic
3187 4818 3380 4885 sedet;
3431 4828 3492 4876 ut

1895 4989 2176 5052 exhibent,
2205 4986 2360 5041 iident
2389 4987 2638 5042 homines.

1967 5059 1994 5098 ἀ
2034 5059 2289 5116 Nonnulli
2320 5072 2481 5123 mss.,
2506 5059 2560 5112 in
2587 5073 2741 5129 regno
2771 5056 2926 5116 Filii.

1973 5143 1995 5169 ο
2037 5131 2167 5186 Mss.
2197 5131 2426 5202 aliquot,
2449 5133 2542 5202 jus
2569 5129 2882 5202 donationis.

1977 5199 2734 5273 fOmnes,edit.,'a.'stimant
2802 5202 3029 5273 amplius
3093 5200 3490 5273 ascribendum,‘

224 5289 396 5332 raeco
425 5282 742 5346 constanter
770 5270 918 5346 legas
936 5316 952 5341 ,
984 5283 1084 5330 τῶν
1112 5272 1206 5346 ᾦδε
1234 5270 1542 5334 ἑστηκότων.
1582 5273 1796 5332 Rursus
1900 5291 2034 5332 mss.
2060 5272 2330 5346 nonnulli,
2359 5273 2651 5338 testimoni;
2676 5270 3201 5346 plures,‘e:ristimant
3218 5289 3238 5339 ;
3259 5272 3354 5327 sed
3372 5287 3494 5329 om-

157 5334 335 5405 vrero
363 5346 452 5399 ubi
484 5345 712 5401 habetur
734 5348 786 5402 in
805 5334 1014 5400 cvunc'tis
1035 5334 1167 5402 edi't.
1195 5361 1260 5401 ac
1281 5361 1412 5402 mss.
1445 5346 1792 5416 quibusdam,

160 5417 446 5490 Dubitari
475 5433 593 5490 ergo
623 5435 738 5490 non,
757 5427 956 5490 potest;
991 5419 1042 5472 in
1071 5417 1296 5488 reliquis
1325 5417 1448 5474 cod.
1489 5418 1774 5487 praefertur

158 5489 458 5561 Dubitare
481 5489 602 5561 ergo
633 5489 760 5544 noli.

251 5561 288 5601 δ
342 5559 598 5634 διπηιϋίιί
631 5576 787 5634 mss.,
818 5559 1064 5634 Dubitare
1087 5577 1209 5634 ergo
1232 5563 1356 5634 noli.

258 5645 286 5672 ε
341 5632 546 5688 Omnes
579 5633 738 5696 edit.,
763 5649 970 5703 regnum
1003 5630 1099 5687 Dei
1117 5630 1386 5699 uenientis;
1414 5645 1569 5697 mss.,
1589 5649 1802 5703 regnum

1903 5363 2001 5404 nes
2028 5345 2276 5411 omnino,
2307 5346 2533 5412 amplius
2563 5345 2950 5398 reservandum.

1975 5429 1999 5465 ε
2043 5417 2164 5472 Vet.
2193 5415 2362 5480 edit.,
2399 5411 2520 5470 nisi
2573 5414 2709 5486 quod
2756 5412 3010 5469 honorant
3051 5425 3097 5470 et
3121 5414 3251 5470 serui
3279 5411 3494 5469 Domini

1900 5491 2199 5560 dignitatem
2225 5503 2393 5560 suam.

1977 5559 2004 5599 δ
2045 5561 2174 5616 Mss.
2201 5559 2430 5629 aliquot,
2460 5557 2680 5629 gratiam
2703 5557 2931 5611 videant.

1983 5631 1998 5670 ί
2045 5631 2120 5686 Ita
2145 5626 2337 5686 omnes
2366 5626 2500 5684 edii.
2533 5644 2596 5683 ac
2620 5629 2805 5698 plures
2838 5641 2973 5682 mss.
3005 5626 3167 5683 Rom.
3195 5636 3377 5683 autem
3400 5642 3496 5686 so-

160 5707 290 5764 Dei
325 5722 352 5772 ;
383 5721 543 5767 unus,
565 5697 861 5774 ﬁliumDei,
879 5705 1087 5759 ueniens
1110 5705 1286 5775 :quod
1313 5697 1564 5758 munibus
1586 5697 1803 5774 quoque
1906 5705 1952 5758 la
1974 5746 1988 5767 ,
2021 5702 2360 5775 confundetur
2384 5716 2541 5766 eum;
2574 5697 2663 5755 ubi
2695 5698 2889 5769 reliqui
2911 5712 3045 5756 mss.
3075 5715 3186 5771 prae
3213 5697 3498 5771 scierunt,

161 5778 506 5847 Scriptura!
555 5776 830 5832 idiomatis
854 5774 1232 5830 conﬁrmatur.
1268 5775 1676 5847 ltcrun'thnutem
1711 5776 1802 5847 ubi
1907 5774 2230 5845 conﬁtebitur
2259 5789 2392 5827 eum.

159 5845 404 5914 omnes
431 5847 562 5906 edit.
593 5863 657 5905 ac
686 5848 1035 5924 pluresmss.,
1055 5847 1194 5905 idem
1217 5849 1378 5904 ham
1394 5864 1414 5914 ,-
1441 5845 1533 5904 alii
1560 5846 1808 5907 nonnulli
