4016 6292
531 278 635 336 615

1892 282 2141 341 SANCTI
2178 284 2504 346 AMBROSII
3691 298 3768 354 618

533 394 788 450 reditaria
814 395 1090 467 signacula
1113 407 1141 435 ι
1170 396 1292 454 ausi
1322 396 1476 455 rudis
1498 400 1807 457 temeritate
1837 400 2126 455 violemus.
2158 404 2212 463 Α
2238 400 2405 473 igitur
2425 403 2774 461 barreditario
2796 407 2969 477 patris
2990 409 3159 465 vestri
3189 423 3286 465 vos
3314 425 3439 466 usos
3468 426 3582 469 esse
3605 427 3774 472 senso-

536 485 758 543 Librutn
793 488 1061 560 signatum
1085 489 1234 546 illum
1269 492 1643 563 propheticum
1686 508 1792 548 non
1833 491 2087 548 Seniores
2114 532 2130 559 ,

536 593 643 635 non
666 579 993 647 Potestates,
1021 597 1132 638 non
1156 582 1350 655 Angeli
1374 624 1392 653 ,
1421 599 1528 640 non
1558 584 1885 656 Archangeli
1919 586 2134 656 aperire

535 672 651 729 ausi
677 681 806 730 sunt
836 690 850 728 :
878 675 981 731 soli
1014 674 1230 733 Christo
1271 676 1596 747 explanandi
1632 678 1751 749 ejus
1779 678 2133 750 praerogativa

536 772 622 822 est
648 776 883 823 servata.
916 766 1137 825 Librum
1166 769 1563 827 sacerdotalem
1590 771 1720 843 quis
1762 779 2008 828 nostrum
2046 786 2135 827 re-

534 860 753 932 signare
774 860 1007 938 audeat,
1032 864 1299 934 signatum
1333 879 1361 918 a
1384 864 1821 934 confessoribus,
1853 876 1909 921 et
1937 864 2136 920 inulto-

533 968 653 1009 rum
697 954 809 1025 jam
849 957 1111 1028 martyrio
1155 959 1578 1013 consecratum?
1617 957 1789 1025 Quem
1844 956 1940 1027 qui
1994 957 2133 1012 resi-

534 1063 703 1120 gnare
736 1048 910 1106 coacti
953 1058 1100 1116 sunt,
1152 1061 1342 1121 postea
1389 1059 1569 1108 tamen
1611 1051 1867 1133 damnata
1919 1048 2132 1118 fraude,

529 1142 815 1214 signarunt
840 1165 853 1201 :
874 1142 966 1214 qui
1008 1142 1217 1199 violare
1255 1159 1363 1201 non
1385 1146 1503 1201 ausi
1532 1144 2057 1211 sunt,'confessorcs
2079 1150 2136 1197 et

534 1247 807 1311 martyres
834 1237 1185 1296 exstiterunt.
1209 1239 1494 1309 Quomodo
1525 1239 1689 1295 ﬁdem
1718 1253 1907 1294 eorum
1940 1250 2135 1309 possu-

534 1348 657 1389 mus
684 1332 980 1405 denegare,
1014 1348 1247 1404 quorum
1270 1333 1554 1389 victoriam
1586 1330 1990 1403 praedicamus?

1102 1474 1335 1532 CAPUT
1389 1475 1533 1531 XVI.

533 1566 604 1624 Ut
624 1566 882 1624 Catholici
909 1578 1092 1626 contra
1116 1567 1329 1640 fraudes
1340 1567 1655 1624 Arianorum
1686 1569 2125 1642 praemuniantur,

607 1660 854 1716 subdolus
882 1661 1134 1734 quasdam
1163 1677 1342 1716 eorum
1383 1662 1728 1732 confessiones
1749 1662 1959 1735 exponit
1988 1677 2006 1716 :
2035 1678 2131 1717 nec

601 1755 831 1826 sumsere
857 1754 996 1824 quod
1022 1752 1227 1809 Filium
1266 1772 1651 1823 nonnumquam
1681 1754 1846 1809 Deum
1876 1754 2126 1819 vocitent,

598 1848 701 1903 nisi
727 1864 841 1904 eum
886 1847 1168 1904 admittant
1197 1845 1350 1902 Patri
1379 1848 1629 1919 (aqualem
1648 1889 1664 1916 ,
1694 1847 1921 1903 collectis
1970 1863 2129 1921 argu-

568 1932 573 1935 ’
599 1941 781 1996 mentis
805 1941 1007 2013 probat.

602 2074 727 2132 129.
756 2074 931 2134 Nemo
961 2085 1190 2145 metuat,
1218 2091 1380 2134 nemo
1420 2076 1677 2133 formidet
1709 2096 1723 2133 :
1754 2077 1875 2149 plus
1910 2076 2128 2133 confert

527 2168 906 2242 ﬁdelibus,qui
936 2169 1503 2227 minatur.Venenatae
1538 2180 1667 2227 sunt
1692 2170 1970 2227 blanditia:
2002 2185 2129 2241 per-

528 2258 791 2327 fidorum,
816 2268 948 2317 tunc
974 2260 1258 2327 cavendae,
1284 2277 1407 2317 cum
1434 2260 1487 2316 id
1516 2260 1657 2332 quod
1688 2270 1908 2332 negant,
1933 2261 2124 2332 praedi-

528 2366 656 2408 care
684 2365 748 2407 se
774 2350 1053 2408 simulant.
1081 2352 1175 2409 Sic
1199 2351 1417 2422 decepti
1446 2361 1572 2408 sunt
1601 2360 1820 2419 etante,
1850 2353 1943 2424 qui
1974 2351 2127 2409 facile

522 2442 905 2510 crediderunt;
939 2453 998 2500 ut
1024 2445 1099 2501 ibi
1128 2443 1372 2517 perﬁdiae
1400 2444 1627 2517 laqueos
1654 2443 2001 2510 inciderent,
2033 2444 2124 2500 ubi

524 2537 685 2594 fidem
709 2552 831 2594 esse
856 2537 1173 2595 credebant.

598 2629 722 2688 150.
752 2630 853 2699 Qui
882 2630 1037 2699 dicit,
1068 2631 1321 2702 inquiunt
1344 2672 1360 2700 ,
1389 2630 1669 2688 Christum
1700 2641 2007 2688 creaturam
2033 2647 2121 2689 se-

524 2722 762 2779 cundum
803 2732 1032 2779 cmteras
1054 2735 1332 2780 creaturas
1351 2766 1367 2792 ,
1390 2725 1678 2780 anathema
1708 2726 1799 2780 sit.
1826 2725 2128 2783 Audierunt

527 2816 807 2888 simplices
835 2859 853 2888 ,
912 2829 969 2875 et
1012 2817 1406 2875 crediderunt:
1441 2817 1700 2874 Innocens
1745 2819 1890 2875 enim
1922 2861 1938 2887 ,
1983 2820 2126 2875 sicut

522 2909 786 2980 scriptum
817 2918 925 2978 est,
949 2910 1110 2965 credit
1132 2911 1273 2965 omni
1294 2911 1448 2968 verbo
1478 2909 1662 2983 (Prov.
1695 2927 1790 2967 xtv
1812 2954 1828 2979 ,
1858 2909 1985 2983 15).
2013 2915 2123 2969 Au-

524 3001 746 3059 dierunt
768 3016 921 3076 ergo,
947 3012 1006 3059 et
1029 3002 1402 3072 crediderunt,
1420 3003 1599 3075 primo
1627 3004 1845 3076 decepti
1873 3019 2030 3072 sono;
2062 3022 2126 3062 ac

523 3095 667 3151 velut
697 3110 825 3151 aves
855 3095 1055 3153 intenti
1077 3095 1144 3152 ad
1174 3111 1355 3152 escam
1395 3096 1518 3153 fidei
1547 3138 1563 3163 ,
1592 3106 1871 3154 extentum
1902 3098 2009 3155 sibi
2048 3099 2126 3154 la-

2237 496 2351 551 ne?
2378 496 2475 553 Sat
2500 506 2586 552 est
2611 507 2922 555 creaturam
2946 516 3150 573 negare
3172 542 3188 567 ,
3221 502 3352 573 quid
3377 518 3510 575 opus
3537 503 3625 561 fuit
3646 507 3776 564 adde-

2239 604 2299 645 re
2333 606 2345 643 :
2377 588 2484 646 Sed
2517 606 2625 647 non
2645 592 2791 653 sicut
2815 603 3043 651 caeteras
3077 597 3397 652 creaturas?
3448 597 3632 654 lteeide
3662 601 3776 670 quod

2240 683 2463 752 putruit,
2494 701 2562 742 ne
2588 696 2773 758 serpat
2801 689 3057 761 contagio
3097 707 3114 746 :
3142 705 3412 747 venenum
3453 690 3636 760 habet;
3663 708 3778 749 mor-

2239 786 2347 834 tem
2367 776 2541 834 aﬁ‘ert.

2309 873 2433 929 155.
2464 874 2671 931 Deinde
2698 875 2838 933 dicis
2861 876 3134 934 interdum
3174 878 3345 935 Deum
3381 878 3641 935 Christum
3668 898 3679 933 :
3704 881 3778 937 sed

2237 963 2309 1019 ita
2331 965 2419 1021 dic
2443 964 2471 1004 δ
2509 967 2676 1023 Deum
2702 983 2888 1023 verum
2917 1010 2934 1037 ,
2964 978 3026 1026 ut
3069 970 3466 1041 plenitudinem
3507 971 3554 1027 ei
3588 980 3785 1043 paterna

2237 1054 2536 1114 divinitatis
2560 1060 2840 1130 assignes;
2881 1071 3008 1117 sunt
3043 1062 3191 1118 enim
3217 1062 3311 1135 qui
3331 1062 3586 1119 dicuntur
3608 1062 3677 1119 dii
3696 1064 3787 1119 sive

2237 1147 2293 1205 in
2315 1149 2477 1217 cmlo,
2499 1150 2616 1207 sive
2636 1152 2690 1208 in
2710 1162 2881 1209 terra.
2911 1154 3028 1210 Non
3057 1170 3191 1227 ergo
3218 1156 3588 1225 perfunctorie
3615 1171 3785 1212 nuncu-

2239 1240 2447 1311 pandus
2474 1243 2636 1311 Deus,
2667 1245 2763 1301 sed
2793 1246 2870 1301 ita
2898 1255 2958 1302 ut
2985 1248 3238 1304 eamdem
3258 1248 3598 1306 divinitatem
3622 1250 3789 1320 pradi-

2235 1347 2329 1387 ces
2352 1333 2404 1388 in
2433 1332 2595 1399 Filio,
2624 1350 2784 1406 quam
2802 1336 2967 1394 Pater
2992 1338 3161 1396 habet
3185 1382 3201 1405 ,
3229 1339 3375 1396 sicut
3407 1343 3659 1410 scriptum
3684 1352 3785 1406 est,

2236 1427 2391 1483 Sicut
2419 1429 2555 1483 enim
2596 1428 2759 1485 Pater
2802 1432 2958 1487 vitam
2986 1432 3138 1489 habet
3164 1434 3219 1488 in
3254 1434 3529 1506 semetipso
3547 1476 3563 1499 ,
3590 1435 3659 1490 sic
3681 1435 3790 1488 dedit

2235 1528 2285 1575 et
2308 1519 2451 1575 Filio
2499 1521 2657 1577 vitam
2683 1523 2872 1580 habere
2899 1526 2952 1579 in
2983 1527 3261 1596 semetipso
3288 1525 3472 1599 (Joan.
3505 1542 3559 1596 ν,
3586 1526 3689 1598 9.6).
3710 1527 3789 1583 De-

2234 1611 2312 1668 dit
2338 1613 2523 1684 utique
2539 1616 2693 1685 quasi
2720 1615 2862 1673 Filio
2893 1633 2992 1689 per
3016 1620 3427 1689 generationem
3458 1660 3475 1687 ,
3521 1637 3624 1677 non
3665 1621 3789 1693 quasi

2234 1706 2381 1777 inopi
2412 1722 2512 1779 per
2535 1710 2787 1779 gratiam.

2157 1800 2205 1861 B
2305 1801 2431 1858 154.
2465 1802 2529 1859 Et
2551 1812 2847 1875 potestatein
2872 1805 3012 1862 dedit
3056 1808 3103 1861 ei
3142 1807 3410 1879 judicium
3456 1808 3620 1879 facere
3646 1849 3661 1875 ,
3693 1810 3793 1878 quia

2232 1893 2407 1951 Filius
2432 1896 2658 1954 hominis
2684 1908 2779 1954 est.
2810 1898 2945 1955 Vide
2974 1899 3103 1969 quid
3128 1901 3373 1969 addidit,
3405 1918 3480 1960 ne
3532 1912 3587 1958 tu
3621 1903 3793 1959 calum-

2232 1986 2398 2043 nieris
2422 2003 2488 2043 ex
2515 1989 2705 2045 verbo.
2728 1990 2925 2047 Filium
2955 1991 3192 2048 hominis
3217 1993 3371 2065 legis,
3402 2005 3462 2051 et
3481 1995 3790 2063 accipientem

2232 2079 2457 2151 arguis?
2482 2079 2631 2153 Nega
2652 2097 2782 2154 ergo
2815 2082 2982 2140 Deum
3006 2125 3025 2153 ,
3056 2084 3106 2140 si
3137 2100 3246 2142 non
3286 2088 3475 2143 omnia
3524 2086 3657 2143 Filio
3697 2102 3793 2155 qua:

2232 2171 2332 2228 Dei
2375 2183 2546 2238 sunt,
2597 2174 2953 2244 deferuntur;
3002 2192 3127 2235 cum
3166 2180 3313 2236 enim
3360 2180 3608 2238 dixerit:
3642 2172 3807 2236 Omnis

2228 2281 2347 2337 quin
2370 2265 2528 2322 Pater
2554 2267 2727 2337 habet,
2757 2286 2872 2326 mea
2889 2281 3008 2327 sunt
3035 2270 3218 2345 (Joan.
3249 2290 3362 2343 xvi,
3398 2272 3513 2346 15);
3536 2290 3629 2330 cur
3644 2284 3692 2330 tu
3708 2290 3793 2331 non

2228 2361 2412 2416 omnia
2436 2376 2560 2433 qua:
2586 2361 2786 2419 divinae
2813 2373 3022 2422 natura:
3049 2378 3198 2433 sunt,
3221 2369 3388 2426 etiam
3416 2371 3471 2426 in
3501 2370 3635 2427 Filio
3655 2370 3795 2427 conti-

2230 2454 2401 2510 teris?
2427 2453 2559 2511 Nam
2590 2460 2682 2527 qui
2706 2456 2877 2513 dicit:
2913 2456 3108 2515 Omnia
3134 2477 3253 2532 quin
3286 2460 3455 2518 Pater
3494 2463 3675 2529 habet,
3703 2480 3793 2518 mea

2227 2557 2383 2614 sunt;
2409 2548 2538 2620 quid
2560 2551 2763 2623 excipit
2784 2548 2931 2623 quod
2961 2569 3071 2609 non
3098 2553 3309 2611 habet?

2282 2641 2427 2696 135.
2455 2641 2594 2709 Quid
2613 2652 2698 2699 est
2726 2645 2872 2714 quod
2897 2647 3184 2721 ἕμφατικῶς
3212 2689 3227 2715 ,
3255 2664 3422 2721 quam
3462 2651 3612 2708 fideli
3652 2652 3793 2723 magis

2228 2747 2480 2791 sermone
2505 2749 2909 2794 commemores
2929 2779 2946 2805 ,
2978 2740 3124 2811 quod
3155 2751 3408 2800 mortuos
3447 2743 3790 2807 suscitaverit,

2227 2827 2400 2882 maria
2426 2828 2593 2898 pedes
2624 2832 3012 2899 transmiserit,
3037 2833 3390 2893 inﬁrmitates
3426 2838 3696 2894 hominum
3719 2853 3793 2892 cu-

2227 2921 2466 2976 raverit?
2488 2921 2613 2978 llmc
2643 2924 2788 2980 enim
2821 2926 2987 2981 etiam
3012 2927 3245 2983 servulis
3270 2928 3387 2985 suis
3411 2930 3678 3000 pmSIitit.
3693 2930 3794 2985 Plus

2227 3012 2333 3069 ista
2363 3015 2530 3071 miror
2553 3015 2609 3069 in
2634 3014 2949 3075 hominibus
2971 3060 2986 3085 ,
3009 3019 3156 3091 quod
3178 3029 3381 3078 tantam
3404 3024 3489 3080 eis
3501 3024 3793 3094 dederitpo-

2230 3115 2508 3162 testatem.
2538 3106 2758 3180 Aliquid
2790 3109 2859 3167 de
2883 3109 3105 3168 Christo
3130 3114 3323 3171 audire
3353 3115 3615 3173 desidero
3635 3156 3651 3184 ,
3679 3114 3793 3188 quod

518 3189 721 3260 qucum
742 3203 851 3279 non
880 3197 1168 3279 caverunt.
1199 3187 1278 3245 Ita
1308 3188 1438 3246 dum
1467 3190 1628 3246 ﬁdem
1661 3201 1985 3263 sequuntur,
2018 3191 2114 3247 ha-
2142 3191 2188 3255 C
2220 3197 2459 3268 speciale
2484 3199 2556 3255 sit
2582 3199 2811 3269 Christi,
2842 3202 2988 3274 quod
3030 3218 3155 3260 cum
3197 3206 3263 3261 iis
3305 3222 3434 3279 quae
3464 3218 3647 3267 creata
3674 3187 3791 3272 sunt.

517 3296 663 3337 mum
683 3278 931 3336 nefanda:
951 3278 1162 3338 fraudis
1193 3282 1719 3339 attrectaverunt.Et
1739 3282 1863 3339 ideo
1882 3302 1897 3341 :
1916 3282 2116 3352 Estote,

517 3373 719 3446 inquit,
745 3375 905 3429 astuti
929 3374 1379 3446 sicut-serpentes,
1407 3385 1453 3431 et
1482 3377 1748 3447 simplices
1774 3377 1907 3432 sicut
1926 3378 2123 3432 colum-

516 3466 595 3522 bae
623 3466 872 3539 (Matth,
892 3484 947 3535 x,
968 3469 1080 3541 16)
1123 3486 1138 3535 ;
1181 3470 1528 3542 praemittitur
1558 3472 1789 3539 astutia,
1822 3480 1881 3528 ut
1908 3474 1979 3529 sit
2003 3478 2119 3528 tuta

518 3562 869 3634 simplicitas.

591 3658 909 3732 520151.
958 3660 1096 3717 Sunt
1135 3663 1282 3734 enim
1317 3673 1600 3735 serpentes
1648 3664 1958 3738 Evangelici
1980 3707 1995 3734 ,
2026 3666 2119 3738 qui

516 3760 723 3808 exuunt
750 3758 989 3809 veterem
1019 3770 1199 3824 usum,
1222 3764 1283 3811 ut
1309 3756 1532 3813 induant
1562 3773 1731 3816 novos
1761 3774 1963 3826 mores,
1981 3761 2122 3816 sicut

516 3845 778 3918 scriptum
830 3855 917 3904 est
963 3865 979 3902 :
1025 3847 1389 3921 Exspatiantes
1432 3861 1648 3908 veterem
1694 3854 1954 3909 hominem
2001 3872 2121 3911 cum

514 3938 714 3993 actibus
750 3941 861 4012 ejus
885 3979 900 4004 ,
941 3948 988 3997 et
1013 3939 1284 3998 induentes
1312 3959 1499 3999 novum
1527 3946 1809 4000 secundum
1846 3947 2121 4018 imaginem

514 4032 754 4103 ejus,qui
779 4035 968 4089 creavit
985 4050 1103 4090 eum
1118 4033 1338 4108 (Coloss.
1355 4052 1437 4104 ιιι,
1461 4036 1516 4104 9,
1550 4037 1663 4111 10).
1687 4038 1969 4097 Discamus
1990 4056 2121 4112 ergo

513 4124 781 4197 depositis
826 4128 1029 4185 vetusti
1077 4128 1315 4186 hominis
1373 4131 1584 4188 exuviis
1613 4175 1628 4199 ,
1668 4132 2118 4205 Evangelicorurn

512 4221 851 4291 serpentium
880 4222 1024 4290 vias;
1045 4232 1104 4279 ut
1130 4239 1283 4282 more
1307 4225 1644 4297 serpentium
1671 4244 1899 4286 servare
1918 4243 2078 4302 caput
2104 4273 2117 4298 ,

514 4309 759 4368 fraudem
782 4328 976 4370 cavere
999 4328 1308 4373 noscamus.

592 4402 716 4459 132.
748 4403 896 4461 Satis
919 4405 1097 4463 fuerat
1121 4408 1305 4466 dicere
1329 4427 1342 4465 :
1362 4411 1462 4480 Qui
1478 4412 1610 4469 dicit
1629 4424 1937 4471 creaturam
1966 4415 2122 4474 Chri-

520 4502 689 4564 stum,
712 4495 1009 4555 anathema
1035 4500 1124 4556 sit.
1154 4501 1270 4557 Cnr
1294 4502 1439 4559 bono
1470 4505 1864 4576 confessionis,
1894 4508 2119 4580 Arione,

2223 3304 2333 3345 non
2359 3290 2528 3358 possit
2553 3306 2678 3347 esse
2703 3306 3023 3363 commune;
3056 3297 3183 3367 quia
3208 3297 3448 3369 genitus,
3487 3302 3618 3374 quia
3638 3302 3796 3357 unicus

2222 3388 2310 3437 e‘st
2335 3382 2431 3438 Dei
2453 3382 2646 3451 Filius,
2680 3385 2805 3457 quia
2848 3386 2993 3445 Deus
3022 3404 3189 3446 verus
3218 3406 3286 3447 ex
3320 3392 3437 3451 Deo
3484 3410 3616 3452 vero
3643 3438 3660 3462 ,
3695 3395 3794 3467 quia

2222 3474 2289 3530 ad
2317 3474 2599 3533 dexteram
2631 3477 2809 3536 Patris
2826 3480 3001 3538 sedet.

2298 3571 2423 3628 156.
2453 3570 2796 3645 Ubicumque
2828 3575 2950 3647 lego
2986 3592 3308 3637 consessum
3343 3581 3533 3642 Patris
3563 3594 3619 3642 et
3652 3585 3759 3641 Filii
3780 3626 3793 3649 ,

2222 3664 2601 3737 salsemper
2611 3666 2679 3723 ad
2692 3666 2969 3726 dexteram
2984 3670 3155 3728 Filius
3166 3674 3625 3750 sedet.Numquid
3638 3679 3795 3734 melior

2224 3756 2395 3813 Filius
2412 3758 2608 3816 Patre?
2628 3760 2748 3818 Non
2768 3763 2875 3819 hoc
2889 3763 3126 3822 dicimus
3144 3784 3158 3821 :
3177 3769 3275 3829 sed
3296 3785 3462 3840 quem
3480 3770 3793 3829 charitasDei

2224 3846 2485 3915 honorat,
2515 3849 2754 3908 humana
2796 3853 3060 3925 iniquitas
3085 3856 3335 3938 derogat.
3356 3861 3538 3919 Scivit
3558 3863 3705 3921 l‘ater
3729 3876 3794 3918 se

2224 3943 2427 4000 rendas
2454 3960 2580 4002 esse
2601 3945 2671 4004 de
2699 3947 2845 4006 Filio
2862 3952 3219 4023 quaestiones,
3240 3955 3477 4025 praebuit
3497 3959 3657 4017 nobis
3682 3956 3793 4030 quod

2223 4053 2599 4110 sequeremur,
2616 4042 2837 4114 pietatis
2862 4047 3197 4118 exemplum,
3225 4065 3295 4105 ne
3309 4049 3451 4108 Filio
3476 4052 3792 4126 derogem‘us.

2795 4161 3026 4221 CAPUT
3067 4164 3236 4223 XVII.

2225 4255 2494 4323 Objectioni
2515 4272 2627 4324 quin
2648 4260 2728 4313 hic
2748 4263 2888 4315 nasci
2914 4269 3101 4328 poterat
3116 4306 3131 4331 ,
3163 4279 3450 4334 occurram,
3471 4283 3565 4322 cur
3597 4269 3793 4322 Donatus

2285 4341 2534 4408 Stephano
2552 4350 2687 4397 stare
2702 4343 2835 4399 visus
2854 4347 2938 4412 sit,
2964 4346 3182 4414 explicat
3196 4364 3216 4401 :
3237 4358 3285 4402 et
3301 4363 3367 4404 ea:
3395 4350 3549 4419 hujus
3566 4356 3632 4406 ad
3648 4352 3793 4405 Filius

2282 4425 2510 4489 precibus
2531 4427 2753 4490 eiusdem
2776 4443 2837 4481 ac
2859 4431 3026 4485 Patris
3035 4432 3314 4497 wqualitate
3328 4436 3636 4502 coriﬁrmaut,
3649 4434 3793 4488 librum

2286 4507 2532 4561 terminat.

526 4602 735 4683 venena
766 4591 1086 4663 permisces,
1111 4604 1167 4651 ut
1194 4604 1368 4654 totum
1385 4615 1585 4672 corpus
1612 4571 1987 4662 contamines?
2013 4571 2123 4662 Ad;
2148 4585 2202 4645 Ῑ)
2314 4614 2439 4670 157.
2474 4613 2593 4673 Uno
2621 4624 2830 4674 tantum
2865 4619 2984 4677 loco
3016 4571 3251 4680 stantem
3291 4623 3359 4680 ad
3394 4625 3675 4683 dexteram
3715 4622 3789 4680 Dei

518 4680 701 4740 dendo
750 4684 897 4741 enim
941 4687 1303 4746 :Secundum
1353 4704 1582 4750 czeleras
1630 4705 1956 4768 creaturas,
2009 4715 2117 4757 non

518 4785 823 4835 creaturam
849 4778 1125 4838 Christum
1151 4798 1338 4857 negas,
1362 4786 1460 4843 sed
1491 4800 1800 4848 creaturam
1830 4793 1970 4852 dicis
1994 4811 2119 4854 esse

517 4868 878 4953 dissimilem;
910 4885 1217 4933 creaturam
1245 4878 1393 4936 enim
1424 4880 1587 4950 dicis,
1619 4885 1726 4942 etsi
1765 4891 2113 4957 praestantio-

513 4978 630 5021 rem
652 4965 870 5023 caeteris
895 4982 1116 5025 asseras
1150 4973 1448 5029 creaturis.
1489 4975 1738 5050 Denique
1768 4979 1930 5036 Arius
1955 4980 2116 5053 hujus

512 5058 807 5129 impietatis
830 5063 1087 5134 magister
1116 5063 1212 5121 Dei
1254 5064 1451 5122 Filium
1480 5079 1788 5127 creaturam
1828 5073 1965 5130 dixit
1993 5090 2116 5133 esse

511 5150 834 5222 perfectam,
866 5154 963 5212 sed
988 5169 1097 5212 non
1134 5156 1277 5213 sicut
1301 5169 1530 5218 caeteras
1571 5174 1874 5223 creaturas.
1909 5167 2116 5227 Videtis

582 5297 609 5325 ⁸
640 5287 898 5361 Nonnulli
926 5304 1082 5356 mss.,
1116 5300 1172 5346 ut
1192 5292 1345 5347 rudes
1373 5297 1656 5352 temeritate
1680 5340 1694 5360 .
1727 5309 1835 5356 etc.
1880 5302 2106 5361 Librum

510 5373 678 5432 porro
706 5360 1100 5432 sacerdotalem
1124 5372 1284 5418 vocat
1304 5364 1627 5423 Ambrosius
1657 5369 1864 5427 Nicaeni
1889 5360 2111 5432 concilii

511 5428 884 5506 definitionem
910 5441 963 5488 et
992 5433 1318 5506 symbolum,
1347 5438 1492 5506 quod
1513 5449 1571 5492 ut
1591 5451 1898 5499 everterent
1921 5428 2109 5503 A—ri'ani

511 5499 567 5589 in
579 5503 819 5589 concilio
837 5499 1189 5589 ariminiensi
1223 5499 1421 5564 Valens
1446 5509 1633 5589 Sygid.
1662 5515 1947 5572 catholicis
1972 5499 2107 5589 cpi;

510 5571 694 5659 scopis
718 5574 1061 5659 simplicibus
1094 5575 1311 5659 Arianae
1342 5571 1583 5659 perfidiae
1616 5598 1892 5659 venenum
1916 5571 2104 5659 pro'pi-

510 5646 698 5721 pavit;
751 5657 876 5721 cum
933 5646 985 5701 in
1016 5649 1252 5721 secunda
1295 5650 1456 5721 hujus
1499 5655 1716 5709 concilii
1762 5646 2106 5718 confessione

510 5715 857 5800 inter‘varias
888 5719 1287 5800 propositiones
1310 5715 1542 5800 or'thod‘o
1552 5740 1635 5781 ιω
1658 5726 1780 5782 ﬁdei
1796 5715 2103 5800 congrue":-

505 5786 590 5839 tes
622 5781 762 5837 hanc
789 5781 1287 5850 vii-callidissimus
1312 5794 1580 5866 inseruit,
1616 5813 1719 5870 qua
1743 5781 2101 5863 Curiatiis—mata

2224 4705 2409 4763 Jesum
2436 4707 2747 4780 Stephanus
2769 4711 2971 4769 vidisse
2992 4729 3053 4771 se
3075 4714 3212 4771 dixit
3245 4716 3265 4790 (
3294 4718 3410 4773 Act.
3460 4735 3534 4776 vn
3554 4762 3569 4786 ,
3597 4719 3666 4775 55
3686 4720 3721 4788 ).
3744 4716 3794 4770 Et

2222 4800 2326 4856 hoc
2347 4800 2501 4858 disce
2525 4843 2540 4869 ,
2566 4819 2638 4859 ne
2671 4820 2835 4877 quam
2862 4804 2989 4863 hinc
3023 4823 3247 4866 moveas
3281 4811 3669 4882 qumstionem.
3706 4809 3793 4871 Cur

2223 4895 2369 4951 enim
2390 4896 2590 4967 ubique
2613 4897 2682 4954 ad
2708 4898 2992 4956 dexteram
3016 4902 3211 4959 sedere
3236 4905 3552 4963 ostenditur
3568 4949 3585 4974 ,
3614 4920 3713 4962 uno
3732 4904 3792 4957 le-

2218 4988 2364 5059 gitur
2394 4990 2448 5046 in
2492 4990 2616 5047 loco
2656 4993 2838 5049 stare?
2884 4994 3052 5053 Sedet
3099 4999 3255 5068 quasi
3290 4998 3459 5071 judex
3489 5001 3723 5057 vivorum
3747 5004 3790 5052 et

2220 5092 2559 5141 mortuorum
2608 5104 2622 5137 :
2662 5096 2772 5143 stat
2794 5089 2952 5161 quasi
3003 5090 3302 5148 advocatus
3354 5108 3602 5150 suorum.
3632 5092 3791 5151 Stabat

2220 5191 2351 5248 ergo
2374 5179 2528 5250 quasi
2559 5180 2837 5266 sacerdos,
2869 5184 3086 5254 quando
3109 5185 3256 5241 Patri
3279 5187 3515 5246 hostiam
3528 5188 3655 5247 boni
3674 5201 3791 5244 mar-

2216 5308 2568 5380 feriebantur,
2601 5313 2692 5383 qui
2720 5311 2999 5371 Christum
3043 5328 3349 5376 creaturam
3396 5321 3542 5377 sicut
3584 5332 3790 5378 caeteras

2216 5393 2497 5459 creaturas
2527 5384 2941 5459 profiterentur.
2975 5388 3148 5445 Porro
3189 5391 3386 5459 quibus
3424 5393 3636 5449 artibus
3670 5392 3787 5447 hanc

2216 5453 2534 5532 tragmdiam
2559 5457 2864 5532 excitarent
2910 5460 3096 5532 nriani
3149 5453 3339 5519 narrat
3365 5464 3518 5532 Sulp.
3551 5463 3677 5521 Ser.
3707 5464 3738 5516 l.
3759 5477 3788 5516 η

2215 5535 2269 5577 et
2292 5524 2525 5607 _l_i_i_e_ron.
2550 5528 2676 5583 adv.
2697 5529 2876 5607 Lucil.
2901 5530 3232 5607 QuamAArii
3257 5535 3433 5606 ipsius
3462 5524 3786 5607 impietatem

2213 5596 2406 5671 nullihi
2438 5612 2544 5653 non
2576 5601 2820 5671 exagitat
2851 5596 3196 5659 Ambrosius.

2282 5666 2310 5705 δ
2342 5666 2543 5723 Omnes
2569 5666 2707 5747 edit:
2735 5687 2799 5747 ac
2824 5688 2955 5729 mss.
2987 5673 3217 5745 aliquot,
3242 5676 3328 5731 dic
3351 5676 3545 5747 Deum,
3572 5676 3788 5733 utDeunt

2208 5753 2427 5866 verrml,
2461 5750 2516 5795 ut
2546 5742 2949 5814 plenitudinem,
2982 5742 3093 5802 etc.
3117 5763 3131 5800 :
3161 5748 3458 5819 elegantius
3482 5742 3682 5821 réliqni
3703 5789 3717 5813 ,
3739 5753 3788 5801 ut

2208 5824 2262 5866 In
2317 5825 2386 5866 ex
2416 5827 2470 5866 ιι.

2205 5824 2262 5866 tn
2296 5824 2470 5868 ιοιιιι.
