4016 6292
153 284 258 343 617

1520 288 1610 344 DE
1653 289 1807 346 FIDE
1848 288 1976 346 LIB.
2021 287 2109 344 IV.

3362 295 3468 352 6t8

153 405 289 474 tyris
321 402 635 461 otl‘erebat:
670 402 1026 474 stabatquasi
1054 403 1202 460 bono
1235 403 1486 459 Iuctatori
1527 405 1767 462 bravium
1797 417 1851 476 Α
1877 415 1983 460 tum
2007 404 2198 479 (Ibid.,
2223 403 2337 475 59).
2389 401 2501 459 Hoc
2538 403 2803 458 Dominus
2853 406 2904 460 in
2948 409 3204 476 passione
3248 413 3469 481 propria

153 497 290 552 tanti
324 498 530 567 praesul
547 497 871 554 certaminis
895 497 1234 553 redditurus.

225 589 349 645 158.
383 592 586 659 Accipe
607 599 663 646 et
689 600 743 645 tu
765 591 1015 660 spiritum
1048 591 1169 657 Dei,
1213 601 1270 645 ut
1303 591 1404 646 ista
1428 592 1758 663 distinguas,

152 683 292 740 sicut
334 685 549 754 accepit
591 693 647 740 et
683 684 1022 754 Stephanus;
1059 693 1115 738 et
1153 685 1305 740 dicas
1343 685 1486 740 sicut
1525 687 1665 741 dixit
1708 696 1766 742 et

157 788 370 851 martyr
403 779 588 835 :"Ecce
608 780 756 834 uideo
781 781 933 836 caelos
959 791 1166 850 apertos
1193 823 1207 846 ,
1236 790 1285 835 et
1308 779 1509 835 Filium
1540 782 1764 838 hominis

153 885 375 931 stantem
403 876 474 930 ad
502 877 767 932 dexteram
792 875 906 930 Dei.
949 874 1051 943 Qui
1093 875 1262 932 caelos
1302 885 1522 947 apertos
1551 875 1714 932 habet
1748 920 1762 943 ,

156 969 342 1026 Jesum
374 969 442 1026 ad
470 970 749 1028 dexteram
792 971 887 1026 Dei
924 970 1102 1027 cernit
1133 989 1144 1023 :
1190 972 1281 1042 qui
1330 972 1547 1027 clausos
1577 973 1764 1028 oculos

155 1063 322 1119 habet
376 1065 578 1120 mentis
605 1107 620 1132 ,
669 1064 860 1121 Iesum
904 1064 970 1120 ad
1003 1065 1289 1122 dexteram
1323 1065 1418 1121 Dei
1454 1083 1561 1122 non
1591 1068 1756 1123 videt.

155 1156 530 1214 Conﬁteamur
551 1173 683 1230 ergo
719 1157 906 1214 Jesum
935 1158 1001 1213 ad
1033 1159 1314 1214 dexteram
1337 1199 1353 1227 ,
1393 1172 1448 1215 ut
1480 1161 1677 1216 caelum
1707 1169 1764 1216 et

155 1252 317 1308 nobis
345 1253 645 1322 aperiatur.
677 1251 945 1308 Claudunt
972 1252 1075 1308 sibi
1108 1253 1328 1317 caelum,
1355 1253 1762 1324 quialitercon-

158 1346 407 1400 ﬁtentur.

228 1439 392 1512 522
425 1438 548 1496 159.
575 1439 729 1508 Quod
753 1439 797 1494 si
815 1439 904 1511 qui
928 1440 1190 1509 objiciunt
1208 1441 1347 1511 quod
1365 1440 1722 1497 Filiusstabat
1741 1485 1753 1505 ,

152 1531 447 1590 ostendant
472 1531 577 1587 hoc
608 1533 726 1588 loco
749 1533 892 1604 quod
916 1533 1079 1589 Pater
1095 1533 1341 1590 sedebat.
1370 1534 1499 1589 Nam
1521 1535 1647 1590 licet
1674 1534 1760 1589 Fi-

159 1623 294 1679 lium
326 1623 564 1681 hominis
589 1635 736 1682 stare
756 1625 984 1692 dixerit;
1026 1637 1207 1684 tamen
1243 1629 1345 1684 hoc
1388 1629 1510 1684 loco
1539 1643 1639 1685 nec
1659 1628 1760 1684 Pa-

154 1726 297 1773 trem
326 1718 524 1775 sedere
556 1719 1028 1775 commemoravit.

1865 500 2018 570 quasi
2049 498 2218 554 Filius
2245 499 2482 554 hominis
2511 499 2657 554 Patri
2688 499 2816 554 dicit
2850 519 2862 554 :
2899 501 3002 557 hoc
3051 515 3104 558 et
3157 504 3469 573 Stephanus

1867 591 2067 647 Filium
2091 593 2186 646 Dei
2221 592 2276 647 in
2301 609 2400 647 suo
2429 593 2692 664 martyrio
2722 591 3067 664 deprecatur.
3116 595 3250 651 Cum
3276 597 3467 652 eadem

1865 685 2041 754 gratia
2067 700 2096 739 a
2121 684 2284 740 Patre
2314 685 2560 756 Filioque
2593 685 2938 757 deposcitur,
2990 688 3178 743 eadem
3226 691 3470 759 potentia

1865 776 2201 834 declaratur.

1939 871 2192 926 Ml.Aut
2213 871 2256 925 si
2288 871 2476 927 volunt
2513 872 2852 942 Stephanum
2897 875 3040 932 Patri
3092 877 3297 936 dixisse
3331 923 3344 943 ,
3392 883 3469 935 vi-

1865 965 2026 1021 deant
2072 965 2200 1037 quid
2247 967 2461 1037 propria
2514 967 2895 1026 testificatione
2941 971 3263 1041 signiﬁcent.
3316 975 3472 1031 Licet

1866 1076 1966 1116 nos
1994 1063 2096 1116 ista
2127 1077 2232 1117 non
2259 1070 2534 1130 moveant,
2561 1063 2848 1119 advertant
2879 1075 3057 1120 tamen
3091 1069 3179 1136 qui
3211 1079 3382 1124 totum
3414 1070 3467 1124 in

1865 1155 2041 1210 littera
2063 1156 2403 1210 constituunt
2423 1165 2478 1211 et
2508 1155 2561 1212 in
2584 1157 2775 1214 ordine
2801 1201 2815 1224 ,
2858 1158 3000 1228 quod
3035 1158 3199 1215 Filius
3230 1162 3377 1232 prius
3401 1167 3472 1217 sit

1865 1261 2106 1322 rogatus.
2137 1250 2247 1306 Nos
2273 1260 2454 1306 autem
2483 1261 2537 1307 et
2575 1254 2870 1308 secundum
2913 1270 3102 1308 eorum
3150 1256 3472 1325 interpreta—

1865 1346 2067 1401 tionem
2109 1345 2450 1401 ostendimus
2490 1347 2751 1401 uuitatem
2791 1346 3038 1402 Paterna:
3085 1348 3386 1415 majesmtis
3418 1359 3474 1404 et

1867 1439 2175 1504 Filii;nam
2214 1455 2336 1494 cum
2377 1439 2538 1493 Pater
2581 1453 2800 1510 rogatur
2845 1450 2898 1494 et
2937 1440 3146 1505 Filius,
3193 1441 3474 1511 a-qualitas

1865 1536 2198 1605 precationis
2241 1535 2581 1605 operationis
2617 1535 2814 1590 indicat
2858 1537 3141 1590 unitatem.
3185 1538 3240 1591 Si
3289 1549 3471 1591 autem

1863 1628 1972 1684 illis
2004 1644 2111 1683 non
2139 1629 2315 1698 placet
2343 1627 2482 1682 Filio
2513 1629 2739 1691 dictum,
2773 1627 3022 1696 Domine,
3048 1631 3296 1685 videmus
3327 1632 3472 1701 quod

1863 1725 2028 1779 etiam
2062 1723 2346 1777 Dominum
2371 1737 2495 1777 eum
2525 1736 2725 1792 negare
2749 1730 3036 1778 conantur.

229 1812 352 1869 1-10.
381 1813 454 1871 Ut
481 1825 660 1870 autem
689 1814 996 1871 evidentius
1017 1825 1449 1885 cognosceretur
1470 1815 1612 1871 nulla
1639 1831 1760 1872 esse
1793 1832 1839 1892 Β
1939 1821 2064 1878 142.
2089 1821 2196 1877 Sed
2220 1822 2332 1890 jam
2356 1821 2482 1891 quia
2503 1821 2757 1892 martyris
2788 1821 2917 1875 tanti
2950 1837 3152 1878 corona
3183 1827 3451 1894 processit

151 1910 347 1965 stantis
377 1909 599 1980 injuria,
623 1909 719 1967 sed
743 1920 1010 1982 potestas,
1047 1909 1242 1966 Filium
1274 1910 1586 1980 Stephanus
1599 1910 1760 1965 obse-

153 2002 383 2070 crabat,
419 2011 479 2058 ut
503 2017 563 2060 se
596 2003 831 2074 amplius
869 2003 1282 2059 commendaret
1316 2003 1500 2071 Patri,
1535 2004 1724 2060 dicens
1753 2022 1764 2057 :

150 2095 378 2152 Domine
402 2096 436 2151 Ι
444 2115 555 2162 esu,
583 2098 755 2167 recipe
771 2098 1016 2168 spiritum
1043 2115 1211 2151 meum
1261 2098 1399 2169 (Act.
1434 2113 1531 2165 vn,
1555 2097 1670 2169 58).
1701 2099 1766 2153 Et

152 2199 212 2243 ut
228 2190 480 2247 eannlem
506 2191 683 2246 Patris
704 2200 757 2248 et
778 2191 900 2247 Filii
926 2200 1256 2262 potestatem
1275 2207 1404 2248 esse
1425 2192 1765 2257 ostenderet,

157 2286 420 2357 repetivit
447 2286 638 2343 dicens
666 2303 681 2343 :
712 2286 934 2344 Domine
963 2331 977 2354 ,
1007 2304 1070 2343 ne
1098 2298 1299 2342 statuas
1322 2289 1431 2342 illis
1463 2288 1562 2341 hoc
1589 2303 1769 2358 pecca-

1870 1915 2046 1971 studia
2077 1915 2395 1970 certaminis
2424 1914 2753 1979 relaxemus,
2791 1914 2952 1968 ferias
2983 1913 3232 1969 hodierni
3258 1931 3470 1971 sermo-

1871 2007 1954 2062 nis
1984 2006 2304 2062 habeamus.
2331 2007 2734 2077 Prosequamur
2757 2018 3000 2062 sanctum
3034 2019 3328 2081 martyrem
3359 2011 3473 2066 lau-

1870 2100 2054 2165 dibus,
2081 2100 2221 2154 sicut
2248 2108 2371 2169 post
2397 2115 2590 2170 magna
2622 2101 2852 2157 decebat
2882 2101 3202 2168 certamina,
3234 2103 3470 2159 vulneri-

1869 2193 1972 2248 bus
1983 2192 2202 2264 quidem
2217 2194 2516 2248 adversarii
2532 2205 2897 2261 cruentatum,
2909 2196 3004 2251 sed
3019 2194 3220 2251 Christi
3236 2199 3473 2268 prmmiis

1873 2296 2193 2343 coronatum
2204 2329 2216 2340 .

1284 2493 1632 2579 LIBER
1707 2473 2317 2607 QUARTUS.

1634 2629 2018 2644 —_—

587 2729 746 2804 εει
785 2729 1012 2788 CAPUT
1052 2729 1339 2788 paruum.

154 2852 310 2904 Haud
331 2852 515 2904 mirum
537 2864 642 2905 esse
662 2853 792 2917 quod
814 2851 1027 2906 homines
1050 2855 1102 2905 in
1126 2851 1307 2907 Christi
1336 2854 1602 2920 cognitione
1624 2867 1766 2906 erra-

213 2936 374 2990 verint
397 2979 411 3001 ,
446 2939 535 2990 sed
562 2939 691 3003 quod
721 2935 1000 3002 Scriptura:
1029 2953 1121 2991 non
1149 2939 1602 3003 obtemperaverint:
1629 2938 1768 2991 illum

214 3036 518 3089 quoquenec
556 3022 620 3075 ab
653 3024 838 3090 migelis
869 3022 965 3076 nisi
993 3024 1283 3075 reuelatione
1311 3023 1460 3086 fuisse
1487 3024 1728 3088 cognitum
1747 3060 1763 3085 ,

215 3108 341 3159 sicut
359 3121 447 3160 nec
472 3107 534 3158 ab
557 3108 663 3172 ipso
680 3111 1018 3160 Prceeursore.
1060 3107 1294 3171 Eiusdem
1316 3106 1496 3159 Christi
1519 3105 1571 3158 in
1593 3106 1768 3158 castum

219 3193 528 3244 incendetuis
543 3192 815 3259 triumphus
836 3192 1014 3258 qualis,
1040 3199 1087 3243 et
1110 3200 1254 3258 raptu
1277 3191 1622 3264 prophetarum
1646 3207 1768 3257 quo-

223 3278 451 3328 rumdam
472 3285 647 3344 quanto
673 3277 983 3340 prwstantior
1009 3275 1032 3327 ?
1071 3278 1194 3326 Tum
1217 3277 1460 3339 descripto
1486 3273 1771 3340 angelorum

227 3360 323 3412 hac
341 3361 401 3413 de
419 3375 471 3412 re
488 3359 742 3427 colloquio,
756 3370 924 3414 contra
944 3359 1155 3413 Arianos
1180 3358 1338 3412 Filius
1355 3357 1651 3424 armipotens
1669 3371 1771 3410 esse

221 3445 510 3498 ostenditur.

235 3583 290 3638 1.
321 3581 704 3638 Consideranti
734 3580 888 3646 mihi,
919 3581 1220 3650 Imperator
1251 3587 1480 3650 auguste
1503 3619 1518 3642 ,
1549 3591 1655 3648 qua
1684 3591 1772 3632 ra-

155 3677 314 3731 tione
344 3675 428 3731 sic
451 3676 717 3732 erraverit
746 3685 772 3712 ³
801 3690 976 3748 genus
1004 3672 1477 3740 hominum,utde
1502 3673 1598 3729 Dei
1629 3671 1771 3728 Filio

152 3768 436 3839 plerique,
466 3785 547 3824 vae
571 3767 726 3835 mihi,
755 3768 976 3824 diversa
1003 3777 1401 3837 sequerentur;
1428 3780 1769 3838 nequaquam

151 3864 297 3918 satis
332 3862 531 3919 mirum
560 3863 778 3920 videtur
807 3863 932 3933 quia
955 3861 1161 3918 erravit
1183 3861 1416 3916 humana
1448 3861 1681 3917 scientia
1701 3859 1772 3917 de

153 3958 426 4028 supernis
449 4000 463 4026 ,
487 3957 584 4015 sed
611 3956 756 4030 quod
799 3957 1100 4028 Scripturis
1148 3971 1256 4011 non
1284 3955 1477 4012 detulit
1516 3955 1770 4012 obedien-

157 4051 322 4106 tium.

228 4144 290 4198 Ξ.
324 4143 468 4212 Quid
488 4145 635 4200 enim
668 4145 891 4211 mirum,
921 4145 967 4199 si
998 4143 1323 4216 mysterium
1347 4142 1375 4181 ι’
1406 4142 1498 4198 Dei
1522 4142 1696 4198 Patris
1717 4149 1772 4198 et

155 4236 386 4292 Domini
411 4236 538 4293 Jesu
559 4235 783 4304 Christi,
818 4239 870 4292 in
903 4253 1010 4308 quo
1039 4246 1377 4292 suntomnes
1408 4234 1654 4292 thesauri
1685 4250 1771 4290 sa-

155 4330 391 4399 pientia:
413 4340 467 4385 et
485 4330 731 4387 scientia;
757 4330 1063 4386 absconditi
1086 4328 1336 4402 (Coloss.,
1369 4345 1432 4396 ιι,
1458 4329 1540 4399 ⁸5),
1567 4343 1661 4398 per
1685 4341 1771 4382 sa-

152 4426 428 4492 pientiam
459 4425 643 4481 mundi
676 4442 783 4480 non
812 4433 1106 4496 potuerunt
1130 4424 1382 4479 homines
1411 4422 1769 4494 comprehen-

1873 2747 2126 2802 umquam
2157 2732 2523 2800 imminutum,
2557 2748 2678 2789 cum
2703 2748 2922 2803 semper
2951 2733 3121 2792 Filius
3150 2737 3202 2792 in
3227 2737 3479 2806 Patre,et

1871 2825 1925 2880 in
1958 2825 2097 2880 Filio
2126 2825 2289 2882 Pater
2308 2828 2496 2883 esset?

1937 2919 1992 2974 4.
2019 2919 2287 2975 Dubitavit
2305 2919 2358 2974 in
2376 2934 2444 2976 eo
2469 2920 2584 2990 ipse
2600 2920 2967 2985 Prmttuutius,
2995 2923 3121 2976 licet
3141 2935 3160 2961 ι·
3191 2939 3284 2993 per
3303 2925 3479 2996 Synao

1869 3025 2021 3081 gogaa
2052 3021 2258 3082 typum,
2283 3012 2554 3067 dubitavit
2584 3013 2700 3083 ipse
2731 3025 2857 3068 ante
2886 3015 3096 3069 Domini
3128 3016 3322 3070 faciem
3375 3017 3474 3072 dc-

1853 3105 2125 3160 ‘stinatus.
2153 3105 2396 3177 Denique
2435 3107 2619 3160 missis
2665 3105 2974 3174 discipulis,
3010 3108 3310 3177 interrogat
3345 3125 3358 3161 :
3397 3108 3470 3161 Tu

1873 3213 1926 3250 es
1939 3197 2028 3266 qui
2050 3207 2295 3251 venturus
2309 3214 2383 3262 es,
2401 3215 2469 3250 an
2496 3199 2659 3251 alium
2673 3209 3030 3266 exspectamus
3049 3197 3265 3269 (Matth.
3292 3216 3364 3263 xI,
3383 3199 3480 3269 5)?

1946 3290 1999 3343 5.
2031 3291 2438 3360 Obstupuerunt
2457 3291 2938 3362 etangelicoeleste
2961 3292 3304 3362 mysterium.
3325 3292 3480 3349 Unde

1873 3400 1997 3440 cum
2029 3397 2338 3456 resurgeret
2371 3385 2632 3440 Dominus
2655 3426 2670 3448 ,
2704 3395 2864 3455 atque
2896 3385 3043 3439 illum
3076 3401 3235 3455 quem
3271 3386 3474 3442 dudum

1874 3479 2174 3535 secundum
2198 3494 2413 3534 carnem
2442 3487 2706 3548 angustus
2741 3477 2978 3547 sepulcri
3018 3479 3173 3534 locus
3215 3488 3427 3534 texerat
3464 3526 3478 3548 ,

1875 3583 2250 3643 resurgentem
2278 3572 2346 3627 ab
2380 3572 2565 3626 inieris
2587 3569 2612 3607 ά
2639 3571 2762 3626 coeli
2786 3571 2891 3625 alta
2923 3572 3195 3627 sustinuere
3221 3588 3326 3627 non
3354 3589 3482 3644 pos-

1875 3675 2016 3733 sent,
2047 3664 2324 3720 haeserunt
2351 3665 2516 3720 etiam
2551 3664 2797 3720 caelestia
2828 3665 3104 3734 opinionis
3137 3664 3368 3721 incerto.

1945 3762 1998 3816 6.
2031 3760 2294 3817 Veniebat
2321 3759 2466 3816 enim
2502 3761 2655 3814 novis
2687 3759 2862 3813 victor
2895 3757 3183 3814 redimitus
3217 3763 3431 3816 exuviis
3458 3806 3473 3827 ,

1876 3855 2136 3909 Dominus
2161 3855 2213 3908 in
2247 3853 2449 3923 templo
2493 3861 2684 3906 sancto
2713 3866 2852 3916 suo;
2899 3852 3165 3920 praeibam
3204 3854 3382 3924 angi-li
3424 3864 3481 3910 et

1873 3948 2210 4019 archangeli,
2243 3947 2505 4002 mirantes
2540 3945 2772 4016 spolium
2815 3960 2881 3999 ex
2927 3953 3103 3999 morte
3139 3927 3426 4015 quaesitum
3465 3968 3474 3998 :

1873 4050 1930 4096 et
1948 4041 2194 4112 quamvis
2224 4039 2429 4095 scirent
2459 4039 2592 4093 nihil
2632 4039 2744 4093 Deo
2775 4033 3038 4092 accedere
3078 4052 3142 4090 ex
3179 4051 3347 4090 carne
3388 4053 3482 4106 pn-

1876 4134 2064 4201 tuisse,
2094 4133 2217 4204 quia
2246 4131 2385 4188 iulra
2423 4133 2594 4188 Deum
2643 4130 2804 4203 533
2853 4129 3037 4184 omnia
3087 4138 3244 4196 sunt,
3299 4139 3478 4184 tamen

1875 4237 2079 4298 tropaea
2108 4226 2308 4289 crucis,
2338 4225 2495 4296 cujus
2524 4223 2848 4295 principium
2870 4237 3036 4293 super
3061 4222 3316 4277 hmneros
3337 4223 3480 4291 ejus,

1874 4329 1929 4376 et
1957 4317 2371 4390 triumphatoris
2399 4318 2589 4372 mterui
2619 4315 2904 4370 manubias
2944 4314 3219 4370 intuentes
3253 4358 3266 4380 ,
3321 4320 3479 4386 quasi

1874 4429 1996 4469 eum
2029 4427 2190 4483 quem
2218 4410 2518 4466 emiserant
2547 4407 2895 4476 cmliportte,
2939 4421 3137 4476 capere
3188 4423 3298 4462 non
3351 4424 3481 4478 pos-

153 4517 323 4584 dere,
352 4517 495 4588 quod
513 4535 611 4574 nec
641 4517 1312 4590 angelieognoscere,nisi
1327 4532 1395 4572 ex
1410 4515 1766 4582 revelatione,
1796 4559 1850 4619 D
1874 4516 2026 4611 .801";
2058 4505 2187 4609 Ιίοξῖι
2212 4519 2505 4619 numquam:
2536 4501 2657 4570 eius
2699 4500 2914 4619 galliam
2942 4501 3280 4606 ωθὶεειειθιξι
3309 4545 3323 4569 9
3367 4520 3481 4619 "Ita-

153 4609 506 4678 potuerunt?

231 4705 406 4777 522
425 4705 474 4758 5.
506 4703 638 4772 Quis
665 4703 810 4759 enim
835 4705 1011 4775 potuit
1031 4705 1288 4775 opinione
1306 4706 1476 4776 magis
1489 4719 1648 4775 quam
1666 4702 1772 4758 ﬁde

150 4799 320 4868 sequi
347 4797 633 4853 Donniinum
656 4796 865 4860 Jesum.
891 4798 1116 4871 nunede
1129 4796 1772 4855 cmlialtissimisinl‘erna

152 4899 573 4961 penetrantem,
605 4907 746 4948 nunc
775 4892 843 4948 ab
869 4891 1062 4949 inferis
1087 4892 1153 4948 ad
1192 4891 1439 4949 caelestia
1487 4904 1772 4961 resurgen-

157 4992 272 5038 tem
313 4999 328 5038 :
356 4982 536 5038 subito
561 4984 901 5040 exinanitum
933 5027 947 5051 ,
978 4995 1035 5039 ut
1065 4985 1338 5040 habitaret
1368 4984 1421 5039 in
1453 4983 1641 5046 nobis;
1676 4996 1776 5037 nec

231 5125 262 5153 ³·
297 5117 394 5173 Sic
413 5133 546 5172 mss.
577 5118 760 5186 plures
788 5133 848 5172 ac
878 5120 1121 5187 potiores
1146 5140 1158 5170 :
1185 5119 1277 5173 alii
1301 5126 1482 5173 autem
1506 5133 1568 5171 ac
1598 5115 1730 5171 edit.
1760 5156 1777 5181 ,

151 5205 332 5258 genus
359 5187 623 5261 hominum
653 5189 786 5261 (vet.
819 5190 982 5255 edit.,
1016 5191 1295 5244 humanum
1322 5192 1341 5261 )
1366 5193 1430 5243 de
1469 5187 1565 5242 Dei
1595 5187 1733 5242 Filio
1759 5229 1775 5256 ,

152 5271 213 5312 ut
241 5260 483 5332 plerique
513 5260 712 5315 diversa
761 5263 779 5332 (
805 5272 913 5344 vet.
945 5261 1102 5328 cdit.,
1137 5277 1210 5316 me
1245 5260 1444 5316 diverso
1473 5264 1490 5332 )
1517 5276 1780 5330 sequeren-

153 5343 274 5384 tur.
862 5343 867 5344 ί

233 5403 264 5441 h
297 5401 406 5527 Dei
436 5400 609 5458 Patris
626 5415 672 5458 et
699 5403 931 5472 Domini,
953 5405 1005 5459 in
1039 5420 1170 5461 mss.
1207 5405 1480 5477 plerisque
1509 5403 1780 5458 omittitur

155 5492 314 5527 conn
347 5489 400 5526 a.

155 5489 411 5620 ⁸³09ᾛὲ
444 5546 739 5619 Synngogce
768 5560 967 5620 typum,
1000 5549 1049 5604 id
1080 5558 1185 5612 est,
1219 5549 1270 5603 in
1299 5556 1561 5617 quantum
1591 5546 1768 5618 Syna-

149 5634 330 5692 εοεαε
360 5616 529 5687 ﬁgura
554 5616 692 5678 erat.
732 5616 956 5692 ejusque
983 5635 1269 5690 personam
1293 5616 1721 5692 r’eprmsentabat
1753 5635 1766 5672 :

149 5691 209 5748 in
244 5699 522 5762 quantum
552 5700 732 5748 autem
779 5691 982 5748 Christi
1027 5707 1328 5762 prmcursor
1351 5691 1369 5756 ,7
1398 5707 1506 5746 non
1539 5691 1771 5746 cadebat

149 5765 207 5820 in
245 5762 430 5834 talem
467 5763 781 5831 prOphetam
817 5768 948 5819 tanti
993 5766 1198 5819 erroris
1243 5766 1520 5834 suspicio,
1566 5774 1624 5834 ut
1655 5762 1772 5832 ipso

153 5833 504 5891 Ambrosius
537 5835 759 5890 tradidit
798 5837 892 5892 lib.
938 5854 968 5890 v
1009 5838 1062 5892 in
1088 5837 1321 5901 Lucam,
1346 5833 1506 5890 num.
1531 5833 1600 5888 93
1632 5874 1644 5892 ,
1683 5834 1773 5886 ubi

473 5930 750 5990 ΡΑτιιοι..
805 5932 978 5994 XVI.

1869 4600 2046 4670 jorem
2101 4598 2243 4653 viam
2303 4597 2623 4668 quaerebant
2668 4595 2907 4664 aliquam
2967 4596 3261 4651 revertenti
3297 4613 3308 4649 :
3343 4598 3481 4652 adeo

1875 4694 2006 4749 nihil
2031 4692 2340 4749 exiuanitus
2369 4692 2630 4746 amiserat
2655 4691 2668 4744 !

1948 4787 2001 4840 7.
2049 4785 2246 4842 Debuit
2279 4795 2460 4841 tamen
2494 4798 2638 4840 novo
2667 4784 2866 4840 victori
2897 4800 3096 4840 novum
3129 4785 3234 4842 iter
3264 4789 3441 4856 parari
3472 4806 3486 4854 ;

1877 4901 2095 4957 semper
2134 4885 2275 4941 enim
2320 4885 2498 4939 victor
2540 4893 2816 4955 tamquam
2858 4883 3033 4953 major
3072 4894 3128 4939 et
3170 4885 3488 4955 prazcelsior

1877 4990 1997 5037 est:
2030 4979 2125 5034 sed
2155 4979 2281 5049 quia
2311 4989 2528 5034 aeternae
2556 4977 2932 5048 snntjusntizc
2962 4988 3164 5047 ροτιεε,
3197 4988 3220 5013 ο
3249 4976 3488 5033 etcdem-

1880 5117 2056 5172 fusius
2081 5115 2198 5171 tunc
2225 5116 2592 5184 prosequitur.
2622 5114 2809 5169 Videri
2840 5116 3002 5170 etiam
3030 5125 3257 5186 possunt
3288 5125 3488 5184 printer

1884 5189 1946 5242 D.
1979 5188 2246 5243 Thomam
2273 5186 2392 5251 2-1,
2418 5203 2471 5256 q.
2501 5189 2556 5246 2.
2586 5194 2692 5240 art.
2721 5187 2774 5247 7.
2805 5188 2871 5240 ad
2894 5188 2958 5251 2,
2995 5189 3132 5241 sacri
3162 5187 3491 5254 interpretes

1883 5261 1937 5313 in
1963 5276 2014 5314 ιι
2045 5260 2309 5323 Μςιιιιιωί,
2335 5268 2390 5313 et
2421 5275 2492 5313 vn
2522 5257 2703 5312 Lucze.
2725 5256 2879 5325 Quod
2910 5274 3040 5312 vero
3071 5257 3135 5310 ad
3167 5260 3484 5322 angelorum

1882 5331 2310 5396 dubitationem,
2331 5334 2441 5399 jam
2465 5347 2493 5382 a
2523 5330 2680 5384 nobis
2707 5332 3063 5383 observatum
3087 5327 3257 5381 estad
3291 5329 3382 5381 lib.
3419 5331 3489 5384 de

1887 5402 2065 5457 Instit.
2118 5402 2266 5472 Virg.
2303 5417 2426 5471 eap.
2471 5400 2537 5464 5,
2569 5416 2719 5454 num.
2747 5400 2818 5455 59
2849 5441 2863 5463 ,
2909 5401 3194 5453 Doctorem
3241 5409 3488 5472 nostrum

1884 5474 2132 5529 eamdem
2159 5470 2298 5528 hanc
2317 5470 2632 5544 opinionem
2667 5472 2869 5537 saepius
2925 5479 3172 5544 repetere
3199 5487 3209 5522 :
3238 5470 3335 5544 sed
3366 5487 3488 5526 eam

1885 5562 2150 5610 tmsquam
2183 5541 2481 5615 pertractat
2501 5544 2744 5615 uberius,
2772 5556 2932 5609 quam
2953 5541 3064 5615 hoc
3087 5541 3206 5610 ipso
3237 5541 3378 5598 loco.

1947 5615 1973 5654 (ι
2003 5619 2130 5673 Mss.
2155 5613 2382 5686 aliquot,
2407 5614 2646 5670 melioris
2671 5624 2835 5675 noue,
2867 5613 2980 5666 coeli
3003 5621 3141 5666 astra
3161 5615 3485 5670 sustinere...

1884 5690 2142 5761 opinionis
2169 5690 2387 5761 incerta.

1955 5773 1978 5798 θ
2012 5761 2224 5816 Thuau.
2255 5759 2378 5813 cod.
2412 5772 2551 5812 unus
2573 5799 2586 5819 ,
2621 5755 2859 5822 idemque
2889 5757 3008 5809 novi
3034 5765 3079 5809 et
3111 5761 3293 5812 veteris
3315 5757 3494 5814 Testa-

1885 5837 2038 5887 menti
2081 5832 2285 5895 aditus,
2329 5829 2541 5899 quibus,
2572 5835 2680 5882 etc.

2976 5927 3055 5986 20

3027 6099 3058 6118 ιι.
