4016 6292
564 256 668 313 623
1911 260 2130 318 SANCT

2242 262 2513 323 MBROSII
3703 282 3783 344 634

629 374 721 429 50.
766 374 846 429 Sit
892 388 1022 444 ergo
1061 374 1218 444 juxta
1262 375 1553 432 humanam
1596 377 1962 434 conditionem
2004 387 2168 449 caput
2195 380 2246 443 Α
2274 389 2383 451 tes,
2417 382 2515 438 sed
2549 399 2652 439 una
2693 384 2903 440 virtus:
2937 402 3036 441 nec
3060 387 3317 444 divinitas
3346 390 3649 449 divinitatem
3682 399 3789 452 acci-

558 468 761 525 Christi
806 469 986 534 Deus;
1021 486 1126 523 non
1166 471 1312 525 enim
1350 469 1490 527 dixit
1531 482 1690 541 caput
1730 472 1934 528 Christi
1986 474 2163 540 Pater,
2278 476 2385 546 pit;
2438 478 2562 547 quia
2594 495 2701 535 non
2748 479 2873 536 dua:
2915 481 3257 551 divinitatea,
3289 485 3386 541 sed
3413 503 3509 542 una
3555 488 3787 546 divinitas:

559 562 654 618 sed
684 573 840 632 caput
869 561 1058 617 Christi
1088 562 1261 629 Deus;
1292 564 1421 635 quia
1451 564 1742 633 divinitas,
1771 578 1827 620 ut
1858 581 1984 638 pcte
2013 582 2166 623 crea-
2273 586 2374 626 nos
2402 580 2584 628 autem
2610 569 2638 609 ἀ
2671 589 2769 644 per
2790 586 3070 644 acceptam
3101 585 3155 633 et
3183 577 3559 636 inhabitantem
3587 582 3634 637 in
3671 584 3790 641 nobis

560 657 665 712 trix
684 697 699 724 ,
724 665 988 727 caputest
1012 665 1294 713 creaturae.
1331 658 1397 713 Et
1419 659 1559 715 bene
1580 659 1749 715 dixit:
1778 659 1945 731 Caput
1970 660 2169 716 Christi
2271 665 2524 722 virtutem
2554 683 2720 723 unum
2745 667 2953 724 erimus
2993 670 3045 724 in
3072 670 3311 727 Christo.

556 747 740 813 Deus;
769 758 827 804 ut
853 758 908 805 et
933 749 1273 805 divinitatem
1306 748 1508 805 Christi
1544 750 1885 822 signiﬁcaret
1911 795 1925 819 ,
1957 764 2012 808 et
2040 769 2165 809 car-
2340 755 2429 813 '56.
2470 759 2785 815 Communis
2807 775 2937 831 ergo
2960 760 3171 829 littera,
3201 762 3296 819 sed
3320 762 3618 838 discrepans
3635 766 3791 834 divina,

561 859 684 899 nem
705 885 721 910 ,
754 843 855 899 hoc
883 854 1003 911 est,
1033 845 1460 900 incarnationem
1493 845 1547 900 in
1575 846 1778 903 Christi
1813 849 2074 905 nomine:
2108 849 2163 904 in
2268 850 2613 923 humanaque
2639 853 2961 909 substantia.
3012 854 3122 910 Nos
3145 872 3310 912 unum
3341 858 3566 924 erimus,
3597 858 3728 915 Pater
3758 872 3796 917 et

558 939 672 995 Deo
714 946 894 995 autem
942 940 1204 995 unitatem
1244 938 1582 1009 divinitatis,
1626 951 1681 996 et
1725 942 2164 1013 magnitudinem
2271 943 2441 1001 Filius
2471 962 2639 1001 unum
2690 957 2862 1005 sunt:
2895 963 2995 1005 nos
3037 950 3339 1006 secundum
3385 953 3629 1023 gratiam,
3672 952 3797 1009 Filius

562 1033 875 1101 potestatis.
2267 1037 2565 1093 secundum
2609 1040 2996 1098 substantiam.
3032 1043 3151 1097 Alia
3192 1054 3377 1101 autem
3406 1061 3501 1116 per
3524 1045 3799 1115 conjunctio-

628 1125 716 1179 51.
754 1124 1006 1195 Eousque
1035 1135 1218 1181 autem
1252 1136 1415 1197 caput
1448 1126 1654 1184 Christi
1688 1129 1835 1185 Deus
1862 1129 2162 1187 secundum
2268 1146 2425 1198 nem,
2468 1131 2573 1188 alia
2624 1148 2723 1203 per
2751 1145 3000 1190 naturam
3030 1137 3227 1192 unitas.
3277 1138 3519 1210 Denique
3563 1139 3672 1196 vide
3704 1140 3798 1212 quid

550 1221 973 1277 incarnationem
1018 1220 1226 1275 dictum
1268 1230 1389 1289 est,
1441 1231 1500 1277 ιιι
1540 1235 1593 1278 et
1647 1232 1816 1294 caput
1862 1223 1969 1279 viri
2003 1226 2161 1298 527
2265 1232 2391 1278 ante
2419 1225 2784 1294 praemiserit:
2816 1226 2887 1283 Ut
2912 1245 3088 1284 omnes
3118 1247 3279 1285 unum
3304 1231 3431 1298 sint,
3471 1234 3599 1289 sicut
3622 1242 3696 1300 tu,
3722 1232 3799 1289 Ps-

555 1314 803 1369 Christus
840 1313 1142 1369 secundum
1175 1315 1604 1372 incarnationem
1636 1316 1799 1373 Verbi
1830 1318 2036 1374 dictum
2068 1322 2159 1374 sit.
2266 1326 2363 1386 ter,
2392 1320 2447 1373 in
2477 1336 2578 1387 me,
2602 1331 2651 1375 et
2676 1338 2769 1397 ego
2796 1324 2853 1377 in
2876 1333 2926 1378 te
2947 1322 3138 1397 (loca.
3160 1342 3300 1394 xvu,
3335 1326 3465 1398 21).

552 1405 706 1475 Quod
753 1405 880 1460 alibi
928 1405 1227 1476 Apostolus
1275 1408 1563 1465 evidenter
1615 1411 1868 1481 exposuit
1922 1411 2157 1468 dicens:
2336 1413 2425 1468 57.
2468 1412 2766 1472 Considera
2807 1432 2939 1490 ergo
2966 1419 3224 1489 quianon
3272 1420 3447 1476 dixit:
3477 1421 3555 1478 Tu
3583 1422 3800 1490 inuobis,

552 1498 813 1567 Quoniam
840 1501 916 1553 vir
942 1510 1097 1572 caput
1126 1510 1202 1554 est
1230 1502 1486 1566 mulieris,
1511 1504 1645 1557 sicut
1674 1514 1723 1558 et
1743 1503 1977 1559 Christtts
2005 1515 2161 1578 caput
2264 1512 2322 1571 et
2343 1520 2441 1562 nos
2462 1506 2516 1560 in
2546 1516 2633 1564 te:
2658 1508 2754 1564 sed
2787 1520 2843 1563 tu
2869 1511 2926 1565 in
2955 1528 3056 1578 me,
3080 1521 3130 1567 et
3159 1529 3252 1584 ego
3277 1512 3333 1568 iit
3364 1525 3451 1581 te;
3477 1523 3537 1570 ut
3556 1529 3613 1572 se
3632 1530 3660 1570 a
3691 1531 3804 1571 crea-

553 1589 798 1649 Ecctesiw
823 1591 1044 1666 (Ephes.
1082 1609 1137 1658 v,
1163 1592 1290 1667 9.5).
1323 1595 1390 1650 Et
1422 1594 1973 1668 inconsequentibus
2003 1598 2160 1655 addi-
2266 1598 2399 1653 turis
2425 1609 2729 1669 separaret.
2763 1601 2836 1657 Et
2861 1601 3108 1660 addidit:
3161 1603 3230 1660 Et
3272 1606 3361 1661 isti
3400 1608 3455 1662 iis
3479 1608 3616 1663 nobis
3636 1606 3803 1680 (Ibid),

548 1686 665 1742 dit:
702 1687 804 1755 Qui
830 1704 886 1742 se
911 1687 1126 1741 tradidit
1154 1704 1248 1757 pro
1276 1704 1337 1743 ea
1370 1687 1559 1762 (Ibid.,
1583 1689 1699 1761 9.5).
1734 1690 2047 1747 Secundum
2076 1691 2158 1746 in-
2263 1694 2512 1748 utetiam
2548 1695 2635 1750 hic
2660 1709 2817 1751 suam
2844 1698 3144 1769 potentiam
3169 1708 3226 1755 et
3251 1700 3436 1756 Patris
3456 1717 3488 1757 a
3511 1702 3655 1759 nobis
3683 1702 3804 1775 538

543 1782 914 1836 caruationem
942 1780 1104 1851 igitur
1132 1791 1299 1851 caput
1326 1782 1427 1836 viri
1459 1782 1707 1838 Christus
1732 1826 1747 1851 ,
1788 1783 1916 1855 quia
1948 1798 2149 1840 secun-
2179 1779 2228 1838 B
2253 1797 2600 1854 secerneret,
2628 1797 2686 1843 ut
2720 1789 2863 1859 quod
2904 1805 3005 1845 nos
3036 1791 3090 1846 in
3118 1778 3280 1849 Patre
3315 1804 3374 1850 et
3400 1793 3542 1850 Filio
3563 1810 3708 1849 unum
3737 1810 3804 1849 su-

541 1874 672 1930 dum
705 1875 1133 1931 incarnationem
1167 1876 1305 1930 lacta
1336 1876 1563 1931 traditio
1591 1888 1696 1933 est.
2256 1893 2406 1946 mus,
2441 1894 2548 1934 non
2583 1890 2793 1937 natura:
2825 1882 3076 1940 videatur
3102 1884 3263 1952 esse,
3308 1886 3405 1943 sed
3437 1887 3656 1958 gratiis:
3693 1886 3801 1957 quod

610 1970 701 2026 52.
744 1980 770 2007 α
803 1969 900 2025 Est
930 1984 1059 2039 ergo
1088 1980 1251 2038 caput
1272 1966 1476 2024 Christi
1501 1968 1678 2037 Deus;
1707 1969 1797 2025 ubi
1831 1971 2012 2039 servi,
2048 1969 2153 2027 hoc
2254 1972 2619 2029 autemFilius
2634 1985 2690 2030 et
2713 1975 2878 2033 Pater
2901 1991 3069 2035 unum
3091 1989 3238 2048 sunt,
3263 1995 3369 2035 non
3396 1981 3503 2037 hoc
3522 1981 3806 2038 Filiusacee-

545 2073 659 2131 est,
703 2063 970 2128 hominis,
1002 2079 1108 2117 non
1161 2062 1283 2130 Dei,
1319 2062 1493 2117 forma
1534 2073 1823 2119 tractatur.
1877 2064 1983 2121 Sed
2014 2065 2150 2121 nihil
2256 2067 2403 2138 pisse
2437 2083 2533 2139 per
2555 2071 2821 2140 gratiam,
2869 2072 2970 2129 sed
3004 2075 3331 2131 naturaliter
3372 2084 3437 2132 ut
3468 2075 3631 2133 Filius
3673 2077 3805 2148 possi-

543 2157 869 2229 przejudicat
909 2156 1007 2212 Dei
1034 2155 1206 2223 Filio,
1238 2157 1286 2211 si
1319 2155 1619 2212 secundum
1649 2158 1831 2213 carnis
1858 2160 2147 2215 veritatem
2252 2158 2681 2220 derecredatur.

544 2250 747 2308 similis
791 2249 860 2304 sit
892 2248 1236 2315 hominibus,
1266 2251 1357 2320 qui
1387 2250 1440 2304 in
1486 2249 1770 2306 divinitate
1817 2266 1942 2306 cum
1988 2251 2150 2308 Patre

544 2360 710 2400 unum
742 2350 826 2398 est
856 2339 1249 2413 (Joan.x,30);
1285 2356 1390 2398 non
1422 2342 1565 2397 enim
1590 2351 1832 2412 potestas
1854 2343 1956 2397 hac
1983 2342 2147 2400 inter-

544 2426 854 2510 pretatione
882 2435 1172 2499 minuitur,
1201 2435 1297 2491 sed
1328 2435 1705 2491 misericordia
1736 2437 2083 2505 praedicatur.

619 2531 709 2586 55.
750 2529 884 2598 Quis
913 2539 1092 2584 autem
1124 2527 1153 2566 ι)
1186 2543 1347 2584 unam
1379 2528 1720 2585 divinitatem
1754 2530 1930 2587 Patris
1961 2541 2015 2587 et
2049 2533 2145 2588 Fi-

542 2626 599 2681 lii
640 2626 726 2696 pie
753 2626 1020 2696 abneget;
1049 2639 1170 2679 cum
1216 2624 1329 2693 ipse
1358 2623 1625 2679 Dominus
1668 2637 2147 2684 consummaturus

546 2730 839 2792 praerepta,
871 2719 1157 2790 discipulis
1185 2720 1299 2775 suis
1327 2718 1565 2776 dixerit:
1603 2719 1670 2776 Ut
1696 2722 1798 2776 sint
1829 2740 2018 2791 unum,
2048 2725 2148 2780 sic-

548 2826 603 2870 ut
644 2826 690 2870 et
720 2831 811 2869 nos
856 2831 1019 2869 unum
1057 2829 1232 2868 salitus
1266 2812 1456 2882 (Joan.
1485 2829 1623 2877 xvu,
1657 2813 1798 2887 “)‘t
1849 2814 1953 2871 Pro
1994 2818 2145 2872 testi-

544 2906 729 2963 monio
757 2907 902 2963 enim
950 2905 1075 2962 ﬁdei
1122 2904 1355 2977 positum
1403 2915 1521 2974 est,
1551 2907 1679 2963 licet
1726 2909 1795 2964 ab
1825 2909 2046 2965 Arianis
2075 2912 2142 2965 ad

542 3007 923 3071 argumentum
983 2997 1227 3068 perﬁdia:
1276 2998 1574 3055 derivetur.
1623 2999 1839 3055 Etenim
1889 3001 2141 3071 quoniam

543 3093 706 3149 toties
726 3092 923 3149 lectam
954 3106 1158 3163 negare
1179 3107 1287 3147 non
1307 3101 1516 3162 queunt
1543 3093 2141 3158 unitatem,extenuare
2171 3184 2208 3196 Π
2254 3172 2261 3178 ξ
2315 3109 2405 3164 58.
2449 3109 2629 3183 [Alias
2659 3128 2777 3183 cap.
2832 3113 2954 3182 Ill.)
2997 3115 3159 3173 Aliud
3187 3134 3383 3176 rursus
3428 3122 3721 3196 objiciunt,
3742 3137 3807 3177 ις.

540 3197 842 3253 conantur;
890 3195 953 3243 ut
1006 3187 1130 3243 talis
1179 3187 1434 3243 videatur
1486 3187 1787 3243 divinitatis
1830 3190 2009 3244 unitas
2054 3189 2137 3244 in-
2165 3184 2210 3246 C
2242 3210 2493 3257 serentes
2519 3218 2684 3258 unam
2708 3213 2875 3276 atque
2897 3208 3149 3264 eamdem
3180 3184 3808 3281 potestatem'FiliietPa-

546 3298 630 3339 ter
656 3283 874 3339 Patrem
906 3291 962 3338 et
990 3279 1191 3336 Filium
1210 3320 1226 3349 ,
1260 3280 1437 3350 qualis
1460 3291 1545 3335 eat
1571 3279 1712 3336 inter
1744 3280 1993 3337 homines
2016 3281 2144 3337 uni-
2247 3292 2345 3347 tris
2371 3307 2494 3349 esse
2523 3311 2633 3351 non
2652 3312 2843 3367 posse,
2872 3300 3127 3372 quiaipse
3151 3279 3322 3359 dixit:
3352 3305 3546 3376 Amen,
3571 3324 3726 3374 auten,
3746 3304 3808 3359 di-

543 3387 626 3433 tas
655 3376 962 3433 devotionis
992 3383 1050 3431 et
1076 3373 1205 3430 ﬁdei
1230 3392 1244 3428 :
1277 3373 1407 3429 licet
1427 3374 1591 3428 etiam
1621 3373 1764 3429 inter
1794 3373 1941 3443 ipsos
1969 3373 2144 3428 homi-
2245 3399 2305 3438 ea
2332 3386 2503 3454 vobis,
2535 3404 2638 3443 non
2665 3401 2830 3458 potest
2860 3390 3032 3448 Filius
3058 3397 3232 3465 facere
3260 3415 3291 3451 a
3319 3416 3374 3454 se
3397 3373 3809 3471 quidquamniti

545 3484 643 3525 nes
673 3469 851 3524 unitas
881 3475 1087 3522 natura:
1120 3467 1190 3522 sit
1222 3481 1286 3521 ex
1320 3465 1716 3522 communitate
1747 3475 1974 3521 naturae.
2017 3559 2028 3569 ι
2128 3560 2141 3569 -
2246 3480 2385 3548 quod
2412 3482 2593 3537 viderit
2627 3483 2839 3542 Patrem
2870 3491 3144 3559 facientem
3173 3490 3368 3566 (Joan.
3399 3465 3466 3565 v,
3503 3465 3622 3569 19).
3668 3496 3809 3567 Itaque

616 3561 707 3618 54.
749 3560 904 3617 Unde
931 3567 987 3616 et
1021 3558 1154 3615 illud
1200 3560 1543 3629 apertissime
1572 3559 1836 3626 solvitur,
1887 3559 2029 3630 quod
2074 3560 2133 3614 ad

2248 3572 2382 3628 nihil
2412 3590 2481 3629 ex
2508 3591 2570 3631 se
2597 3575 2796 3634 iecisse
2825 3558 3026 3638 Filium
3055 3558 3247 3641 dicunt
3266 3630 3281 3655 ,
3318 3603 3423 3645 nee
3452 3558 3640 3648 iacere
3662 3558 3806 3662 posit.

547 3654 991 3713 extenuationem
1033 3652 1328 3710 Dominicze
1370 3655 1595 3708 unitatis
1622 3654 1863 3724 obiicere
1911 3669 2147 3710 consuc—
2249 3664 2357 3720 nisi
2384 3668 2529 3737 quod
2557 3669 2757 3727 viderit
2786 3672 3072 3732 facientem
3102 3652 3343 3736 partem,

548 3762 675 3805 runt
695 3790 712 3814 ,
743 3748 866 3820 quia
897 3746 1159 3813 scriptum
1189 3755 1275 3802 est
1302 3763 1315 3800 :
1352 3746 1455 3812 Qui
1484 3756 1652 3801 autem
1704 3747 1937 3817 plantat,
1968 3755 2015 3802 et
2059 3764 2133 3816 qui

2321 3761 2411 3818 59.
2436 3762 2480 3819 0
2510 3766 2735 3833 praescia
2758 3768 3022 3840 sapientia
3044 3772 3346 3829 inﬁdelium
3369 3773 3806 3848 argumentorum!

552 3845 717 3917 rigat,
743 3857 902 3896 unum
922 3849 1040 3894 sunt
1065 3840 1082 3908 (
1105 3838 1144 3893 l.
1181 3837 1299 3894 Cor.
1336 3855 1426 3905 ιιι,
1458 3837 1554 3913 8).
1594 3839 1708 3895 lloc
1737 3840 1955 3909 Ariani,
1989 3841 2034 3897 si
2057 3857 2142 3898 sa-
2248 3870 2371 3925 qua;
2415 3855 2654 3927 subjecit
2681 3837 2839 3930 quod
2857 3862 3097 3919 solveret
3118 3907 3134 3932 ,
3165 3837 3572 3940 rimi-stionem,
3600 3866 3808 3926 addendo

551 3944 773 4007 perunt,
807 3949 913 3989 non
948 3932 1274 4003 obiicerem.
1323 3931 1608 3999 Quomodo
1638 3934 1782 3988 enim
1814 3949 2015 4006 negare
2051 3950 2144 3990 co-
2249 3947 2393 4017 quod
2437 3950 2724 4021 sequitur:
2773 3952 2911 4021 Quia
2935 3931 3271 4030 quietumque
3298 3960 3391 4017 ille
3418 3931 3632 4034 fecerit,
3671 3961 3810 4017 eadm

551 4038 749 4085 nuntur
778 4028 904 4100 quia
937 4027 1098 4083 Pater
1124 4036 1179 4082 et
1200 4026 1373 4083 Filius
1401 4043 1566 4131 unum
1597 4038 1756 4131 suum.
1804 4045 1926 4131 {uti}
1949 4030 2149 4086 Paulus
2251 4052 2298 4097 ct
2329 4041 2502 4099 Filius
2532 4048 2659 4116 facit
2680 4049 2919 4104 similiter
2948 4050 3114 4123 (Ibid.
3140 4026 3192 4124 )i
3222 4056 3329 4112 hoc
3357 4026 3562 4131 nempe
3588 4026 3807 4131 seqttilur.

551 4132 605 4178 ct
632 4122 827 4193 Apollo
867 4128 923 4177 et
948 4130 1144 4175 natura
1171 4135 1338 4175 unum
1369 4120 1475 4175 sint
1506 4128 1562 4176 et
1608 4120 1760 4177 ﬁde?
1806 4120 1913 4179 Sed
1968 4132 2133 4179 tamet

2250 4134 2359 4192 Cur
2383 4152 2515 4209 ergo
2537 4142 2801 4213 scriptum
2831 4154 2918 4200 est
2943 4120 2967 4200 :V
2983 4120 3186 4202 Eadem
3214 4148 3344 4205 facit
3372 4120 3549 4209 Filius
3567 4195 3583 4219 ,
3611 4165 3633 4191 ε
3658 4120 3708 4208 et
3729 4164 3808 4205 non

494 4278 497 4281 _
556 4232 651 4285 per
675 4215 859 4271 omnia
888 4229 1053 4269 unum
1080 4228 1205 4269 esse
1250 4227 1360 4268 non
1395 4222 1654 4283 possunt,
1700 4216 1825 4286 quia
1876 4232 2133 4287 nequeunt

2252 4230 2414 4294 talia;
2448 4233 2550 4287 nisi
2596 4242 2653 4288 ut
2693 4235 2747 4290 itt
2808 4234 2951 4293 Filio
2998 4239 3296 4309 unitatem,
3329 4257 3439 4298 non
3495 4215 3807 4300 imitationem

552 4308 857 4381 comparari
887 4311 1119 4363 humana
1147 4308 1367 4364 divinis.
2254 4324 2467 4392 paterni
2506 4327 2689 4395 operis
2717 4329 3059 4387 aestimares?

627 4404 715 4458 55.
756 4401 1139 4473 lnseparabilis
1170 4417 1301 4472 ergo
1333 4403 1474 4458 Deus
1491 4401 1647 4458 Pater
1666 4402 1861 4472 Verbo,
1884 4404 2152 4476 insepara-
2325 4416 2417 4472 ιο,
2460 4417 2568 4474 sed
2598 4427 2779 4476 tamen
2800 4430 2863 4478 ιιι
2889 4422 3110 4480 illorum
3138 4441 3358 4499 quoque
3385 4439 3697 4503 argumenta
3722 4426 3810 4483 δίε.

554 4496 676 4552 bilis
704 4495 933 4561 virtute,
966 4494 1345 4564 inseparabilis
1376 4494 1643 4565 sapientia
1674 4511 1770 4567 per
1801 4495 2001 4552 divina:
2029 4499 2149 4552 uni—
2174 4582 2215 4589 _
2253 4509 2562 4578 cutiamus,
2596 4527 2783 4583 quaero
2810 4525 2868 4570 ut
2894 4494 3291 4589 respondeant,
3325 4494 3508 4578 ntroin
3551 4522 3718 4578 videat
3748 4517 3811 4573 1η·

553 4599 717 4647 tatem
758 4588 1103 4653 substanliw;
1139 4597 1193 4643 et
1218 4597 1299 4644 est
1337 4590 1390 4644 in
1444 4588 1612 4656 Filio,
1651 4590 1794 4645 sicut
1839 4591 2147 4662 frequenter
2172 4582 2227 4643 D
2253 4603 2358 4660 ιίιιε
2388 4620 2551 4675 opem
2589 4582 2789 4664 limis,
2844 4582 3008 4667 Vide;
3048 4582 3358 4685 named“,
3401 4618 3551 4672 ηοητ
3580 4617 3637 4674 Si
3664 4613 3807 4670 νίάεί,

552 4694 638 4739 est
663 4684 954 4755 scriptum;
988 4695 1070 4740 ρει
1096 4699 1221 4753 vero
1252 4698 1357 4739 non
1382 4694 1440 4740 ut
1461 4696 1481 4723 ο
1507 4695 1757 4756 egentem
1779 4685 2148 4757 sanctiﬁcans,
2249 4712 2382 4769 ergo
2409 4710 2465 4755 et
2508 4700 2672 4756 facit:
2704 4703 2748 4758 si
2776 4701 2943 4772 facit,
2990 4684 3243 4764 desinant
3288 4712 3717 4783 omnipotentem
3741 4721 3812 4762 ue-

547 4793 651 4834 nec
680 4787 737 4831 ut
775 4791 1000 4832 vacumn
1032 4777 1294 4847 impletis;
1326 4778 1447 4848 quia
1474 4793 1581 4833 non
1614 4794 1789 4835 vacua
1817 4780 1913 4837 Dei
1942 4782 2140 4838 virtus.
2246 4806 2411 4863 gare,
2444 4809 2607 4864 quem
2654 4797 2835 4853 omnia
2870 4813 3034 4868 posse
3063 4801 3277 4869 facere,
3327 4777 3465 4875 quae
3495 4805 3701 4861 Patrem
3749 4797 3809 4853 la-

546 4869 657 4927 Nec
672 4869 819 4926 enim
843 4869 1014 4925 virtus
1041 4870 1243 4926 tirtute
1265 4880 1523 4942 augetur;
1547 4872 1672 4942 quia
1697 4887 1801 4929 non
1832 4874 1953 4930 dua:
1970 4877 2140 4933 virtu-
2247 4884 2484 4942 cientem
2520 4888 2760 4958 viderit,
2794 4891 3151 4951 conﬁtentur.

2869 2260 3100 2318 CAPUT
3153 2263 3255 2318 IV.-

2255 2390 2523 2467 Objectum
2551 2396 2613 2449 ab
2641 2396 2895 2452 Iucreticis
2925 2403 3091 2453 lacum
3115 2399 3266 2455 illum
3286 2416 3306 2455 .'
3335 2399 3458 2458 Non
3488 2411 3656 2474 potest
3679 2402 3805 2459 Filius

2322 2488 2500 2544 facere
2540 2506 2569 2543 a
2601 2506 2660 2546 se
2683 2491 3008 2562 quidquam,
3041 2503 3140 2549 etc.
3164 2537 3179 2560 ,
3215 2496 3384 2566 primo
3428 2514 3458 2552 e
3501 2497 3802 2568 subsequenti-

2321 2582 2413 2637 bus
2440 2585 2601 2638 verbis
2651 2587 2868 2656 expanit
2902 2604 2921 2641 :
2950 2587 3139 2644 deinde
3166 2590 3403 2661 singulas
3458 2592 3638 2665 integri
3676 2600 3803 2647 tam

2320 2692 2463 2730 roses
2485 2678 2795 2748 rxpeudens,
2826 2697 2913 2734 eas
2925 2680 3120 2736 Ariana
3148 2684 3573 2757 interpretatione
3592 2686 3708 2740 sumi
3722 2684 3803 2739 sint

2318 2769 2577 2840 iiitpietate
2601 2781 2689 2825 aut
2711 2772 3027 2828 absurditate
3052 2775 3461 2849 haudquaquam
3499 2796 3660 2850 posse,
3684 2779 3805 2850 potit-

2318 2863 2503 2914 sinmm
2520 2863 2798 2919 creationis
2825 2867 3008 2920 mundi
3031 2878 3082 2922 et
3108 2870 3460 2939 quorumdam
3483 2872 3668 2928 Christi
3685 2872 3802 2925 mira.

2316 2954 2554 3009 culorum
2592 2957 2841 3029 exemplis
2883 2958 3050 3015 docet.

611 5042 867 5120 “Omnes
896 5042 1028 5098 edit.
1053 5082 1068 5109 ,
1095 5039 1191 5096 Est
1221 5057 1340 5112 ergo
1371 5034 1527 5120 caput
1545 5044 1650 5120 piri
1674 5044 1910 5120 Christus
1929 5090 1942 5114 ,
1970 5062 2127 5120 caput

539 5112 728 5192 Christi
769 5114 911 5192 ρεαδ
930 5131 948 5168 :
978 5129 1109 5168 mss.
1151 5129 1280 5192 vero
1304 5115 1628 5192 concinnius
1658 5112 1947 5192 omittunt,
1972 5112 2129 5192 caput

536 5188 634 5259 viri
663 5187 935 5259 Christus,
968 5194 1027 5239 ut
1059 5186 1305 5255 proxime
1334 5186 1614 5259 sequentia
1647 5186 2124 5259 satis_osteudu'nt.

608 5258 636 5297 δ
676 5258 906 5326 Quidam
938 5253 1071 5311 mss.
1093 5297 1108 5323 ,
1143 5272 1299 5309 imam
1343 5253 1443 5310 Dei
1469 5256 1806 5313 divinitatem}

612 5341 635 5403 ξ
674 5331 878 5403 Omnes
930 5328 1063 5384 edit.
1109 5342 1172 5383 ac
1212 5328 1319 5381 duo
1349 5342 1509 5403 tus-5.,
1541 5341 1769 5403 egentem
1796 5334 2128 5403 signiﬁcatis:

534 5400 728 5473 reliqui
764 5416 922 5473 mss.,
955 5409 1179 5473 egentem
1206 5398 1588 5473 sancti/icansf
1612 5401 1776 5473 Magis
1821 5398 2127 5465 commode.

535 5470 804 5527 Caeterum
836 5472 1016 5533 obiter
1046 5471 1459 5525 observabimus
1496 5470 1749 5527 Arianam
1782 5476 2135 5536 hanc‘verbo-

537 5558 658 5597 rum
682 5541 907 5597 Joannis
936 5541 1442 5611 interpretationem
1468 5543 1757 5597 admodum
1782 5561 2130 5608 communem

537 5612 723 5668 fuisse.
778 5612 914 5669 Nam
962 5612 1554 5684 praeteriAmbrosium
1590 5624 1837 5671 nostrum
1885 5623 2130 5678 eamdem

533 5699 748 5751 quoque
767 5683 1087 5739 refertmtac
1111 5683 1369 5739 refellunt
1392 5684 1725 5741 Athanasius
1749 5700 1889 5744 orat.
1919 5690 1954 5745 4
1977 5705 2128 5750 cont.

537 5753 751 5819 Arian.,
782 5755 1016 5809 Hilarius
1062 5755 1155 5811 lib.
1194 5771 1282 5810 vut
1331 5756 1400 5811 de
1427 5756 1650 5823 Trinit.,
1685 5760 1910 5833 August.
1949 5764 2043 5835 lib.
2076 5782 2132 5823 ιιι

2234 5068 2398 5136 cont._
2418 5060 2663 5136 μαῖαι,
2694 5064 2932 5136 Cyrillus
2962 5071 3120 5128 Alex.
3151 5085 3205 5129 et
3231 5077 3347 5131 alii.

2308 5128 2336 5219 εξ
2377 5129 2522 5219 idem
2546 5128 2695 5219 cod”
2715 5128 2954 5207 percepta
2967 5152 3015 5198 et
3042 5128 3361 5219 inhabitants
3382 5150 3438 5205 in
3468 5152 3610 5208 nobis
3636 5153 3808 5208 virtute.

2314 5212 2337 5238 ε
2377 5202 2744 5289 Μεβηειιίηέιάι
2764 5253 2784 5289 ,_
2807 5202 2981 5268 ειήοη
3004 5216 3144 5289 alia;
3172 5202 3366 5289 reliqui
3388 5202 3450 5278 ei
3470 5202 3605 5279 alii:
3623 5202 3813 5283 sine.

2239 5282 2287 5363 et
2303 5290 2422 5363 itan
2436 5276 2856 5363 italianlieetius
2874 5301 2888 5351 ;
2919 5286 3110 5363 eadem
3123 5276 3348 5363 iquippe
3377 5276 3593 5360 facere,
3613 5276 3813 5363 aequali;

2243 5352 2371 5432 tatis
2394 5359 2508 5413 est;
2543 5352 2669 5406 talia
2692 5393 2706 5415 ,
2739 5354 2789 5408 id
2846 5364 2964 5421 est.
3013 5352 3256 5423 similia.-
3282 5352 3628 5422 imitationis.
3673 5352 3812 5432 Obje-

2242 5425 2479 5508 c‘tio‘ne’m
2536 5437 2720 5508 porro,
2769 5442 2928 5508 qu_a_m
2979 5435 3359 5508 exsuperiori
3408 5438 3526 5493 loco
3575 5425 3815 5508 nrgehint

2239 5485 2477 5579 ἑτξθηὶλ
2492 5485 2597 5547 ηδ’·
2628 5485 2800 5579 εριιιηί
2834 5497 2953 5566 hic,
2981 5485 3034 5557 et
3060 5485 3365 5579 linit—{Ide
3393 5485 3810 5579 spatiata...

2240 5574 2362 5647 cap.
2399 5563 2506 5647 32,
2536 5567 2821 5647 copl‘otat;
2878 5563 3062 5647 verum
3114 5575 3280 5632 etiam
3330 5563 3508 5635 lib—.rn
3570 5563 3811 5636 lienem.

2241 5643 2362 5699 cap.
2395 5633 2446 5698 5,
2482 5637 2647 5714 t_t._l9,
2668 5633 2960 5714 etyin'psal.
2992 5661 3157 5703 cxvut
3184 5663 3426 5706 sermon.
3454 5633 3540 5714 2t),
3564 5633 3713 5707 alia};
3736 5647 3815 5709 δὲ.

2445 5707 2693 5766 ultimmn
2726 5707 2906 5771 locum
2935 5732 3041 5773 non
3069 5719 3186 5776 sine
3215 5735 3399 5792 opera:
3429 5707 3599 5794 pretio
3626 5707 3815 5781 cxamié

2285 5791 2294 5802 ·
2356 5793 2368 5830 ι
2410 5817 2421 5829 .

2285 5791 2421 5830 ilDlS.

3932 498 3940 573 l
