4016 6292
200 349 306 408 625

1548 352 1636 411 DE
1675 352 1835 412 FIDE
1874 352 2004 412 LIB.
2044 355 2133 413 IV.

3398 362 3505 420 626

268 468 364 523 41.
422 466 566 535 Quid
613 477 698 526 est
761 476 979 535 autem,
1036 468 1258 523 uiderit?
1332 466 1794 540 Corporaliumne
1819 471 2067 537 Alutem
2115 471 2323 540 mundi,
2347 473 2498 530 solus
2544 472 2928 532 immaculatns
2979 491 3047 533 ex
3099 477 3221 534 alvo
3265 477 3508 550 Virginis

200 560 442 631 IIaliquis
474 579 606 619 usus
637 563 920 619 oculorum
954 562 1075 618 est?
1106 562 1211 619 Sed
1234 562 1279 618 si
1313 561 1416 619 hoc
1444 562 1512 620 de
1542 563 1683 620 Filio
1706 581 1802 621 ve-

198 653 296 710 lint
319 654 539 720 dicere,
568 656 871 727 corporalis
910 657 1073 711 etiam
1103 657 1155 711 in
1201 655 1358 711 Patre
1402 671 1558 713 usum
1605 673 1803 729 opera-

198 749 365 807 tionis
417 749 745 816 ostendent;
802 758 861 805 ut
906 748 1192 805 facientem
1219 749 1438 820 videat,
1490 751 1631 820 quod
1686 753 1802 825 ipse

198 839 443 897 facturus
483 850 591 898 est.

265 935 359 991 42.
402 935 544 1006 Quid
576 945 663 992 est
691 945 870 993 autem
898 954 912 992 :
944 936 1069 992 Non
1091 947 1256 1008 potest
1287 937 1333 992 F
1335 939 1455 995 ilius
1496 940 1668 1009 facere
1695 957 1729 994 a
1751 957 1805 997 se

196 1029 526 1102 quidquam?
556 1028 674 1084 lloc
723 1029 1159 1101 interrogemus,
1213 1030 1315 1086 hoc
1366 1032 1798 1089 consideremus.

198 1120 298 1177 Est
329 1136 462 1193 ergo
510 1121 715 1193 aliquid
767 1122 1108 1194 impossibile
1159 1124 1253 1180 Dei
1307 1124 1492 1180 virtuti
1522 1134 1684 1197 atque
1716 1141 1803 1181 sa—

199 1214 462 1285 pientim?
489 1214 605 1270 lloc
645 1224 729 1271 est
752 1215 897 1272 enim
936 1216 1033 1271 Dei
1079 1215 1282 1281 Filius,
1334 1218 1428 1288 qui
1460 1217 1646 1290 utique
1692 1236 1799 1276 non

197 1307 432 1364 alienam
482 1307 695 1379 accepit
743 1307 1154 1377 fortitudinem,
1201 1310 1297 1366 sed
1342 1312 1800 1382 quemadmodum

198 1404 310 1456 vita
339 1411 423 1456 est
443 1442 459 1470 ,
486 1414 595 1456 non
627 1400 803 1458 aliena
834 1403 1199 1459 viviticatione
1221 1405 1522 1476 subnixus,
1544 1405 1639 1463 sed
1664 1407 1802 1463 alios

196 1492 483 1550 vivificans
503 1512 519 1559 ;
547 1496 673 1568 quia
701 1496 819 1568 ipse
846 1498 956 1554 vita
971 1510 1055 1555 est
1077 1517 1091 1554 :
1120 1499 1193 1555 ita
1210 1500 1376 1555 etiam
1393 1501 1656 1572 sapientia
1685 1512 1769 1558 est
1782 1545 1798 1570 ,

195 1604 310 1645 non
340 1591 498 1663 quasi
546 1590 811 1663 insipiens
850 1593 1126 1665 accipiens
1155 1594 1518 1665 sapientiam,
1559 1595 1657 1652 sed
1710 1597 1802 1669 qui

191 1683 262 1739 de
306 1698 407 1740 suo
437 1684 573 1741 alios
600 1684 762 1741 faciat
790 1700 915 1742 esse
962 1686 1279 1757 sapientes:
1321 1687 1394 1742 ita
1426 1687 1588 1744 etiam
1619 1690 1797 1747 virtus

193 1788 316 1846 est,
351 1794 459 1834 non
506 1780 661 1852 quasi
709 1796 810 1852 per
848 1781 1221 1838 infirmitatem
1254 1790 1581 1839 consecutus
1625 1786 1803 1842 incre-

1908 567 2242 637 processisti.

1976 656 2066 715 45.
2109 658 2189 716 Ac
2230 675 2299 716 ne
2331 659 2470 717 forte
2497 660 2888 719 incarnationis
2919 665 3295 721 tantummodo
3318 676 3507 736 putent

1904 755 2356 826 sequestrandum
2388 771 2509 813 esse
2559 758 2874 830 mysterium
2923 759 3087 829 (licet
3126 775 3249 816 cum
3278 761 3499 818 dicunt:

1906 844 2029 902 Non
2051 856 2211 916 potest
2240 846 2415 904 Filius
2444 867 2475 903 a
2503 866 2557 904 se
2577 850 2747 919 facere
2773 851 3052 923 quidquam
3071 851 3265 925 (Joau.
3290 870 3324 909 γ
3345 896 3359 922 ,
3386 854 3505 928 l9),

1905 939 2041 996 nihil
2086 940 2394 1012 excipiant,
2446 944 2517 996 ita
2569 952 2624 998 ut
2669 954 2723 999 et
2751 945 2969 1015 quidam
3022 946 3220 1017 impius
3269 947 3504 1005 dixerit:

1904 1030 2014 1087 Nec
2042 1032 2270 1088 culicem
2296 1032 2478 1091 facere
2503 1044 2718 1109 potest,
2748 1046 2854 1092 tam
2884 1042 3177 1095 temerario
3204 1056 3338 1096 ausu
3356 1083 3373 1109 ,
3407 1057 3503 1112 pe-

1906 1125 2204 1197 tulantique
2253 1142 2512 1184 sermone
2579 1132 2918 1201 maiestatem
2968 1149 3222 1204 supernae
3291 1136 3507 1191 virtutis

1904 1217 2197 1289 irridens),
2230 1218 2353 1287 dic,
2390 1222 2616 1278 Domine
2666 1222 2828 1289 Jesu,
2854 1240 3016 1298 quam
3064 1235 3262 1282 terrain
3302 1228 3421 1301 sine
3452 1237 3506 1283 te

1903 1309 2063 1366 Pater
2111 1311 2334 1369 fecerit?
2362 1314 2571 1371 Caelum
2601 1316 2746 1371 enim
2777 1317 2894 1373 sine
2934 1329 2987 1373 te
3017 1334 3127 1374 non
3158 1318 3283 1375 fecit
3304 1363 3320 1385 ,
3374 1320 3501 1392 quia

1903 1406 2162 1476 scriptum
2192 1416 2307 1463 cst:
2345 1406 2512 1465 Verbo
2547 1406 2757 1464 Domini
2789 1410 2904 1465 caeli
2930 1411 3124 1482 ﬁrmati
3170 1424 3290 1468 sunt
3316 1412 3502 1484 (Psal.

1900 1516 2052 1557 nm
2070 1544 2085 1567 ,
2111 1502 2144 1558 6
2168 1502 2209 1575 ).

1976 1596 2065 1652 l6.
2110 1597 2217 1654 Sed
2250 1612 2350 1654 nec
2402 1608 2602 1654 terram
2635 1598 2756 1655 sine
2804 1607 2857 1655 te
2879 1598 3041 1669 fecit,
3089 1600 3214 1671 quia
3245 1601 3504 1673 scriptum

1904 1700 2024 1747 est:
2050 1691 2239 1748 Omnia
2264 1710 2357 1763 per
2386 1694 2556 1764 ipsum
2586 1694 2729 1763 facta
2758 1707 2913 1763 sunt,
2955 1705 2999 1751 et
3025 1700 3136 1752 sine
3164 1697 3280 1768 ipso
3308 1697 3506 1769 factum

1903 1796 1977 1842 est
2023 1786 2153 1842 nihil
2209 1788 2404 1858 (Joan.
2436 1804 2481 1855 t,
2515 1788 2611 1860 3).
2641 1788 2776 1845 Nam
2808 1790 2853 1845 si
2883 1790 3085 1862 aliquid
3136 1792 3255 1848 sine
3298 1801 3350 1848 te
3392 1791 3508 1847 Deo

195 1883 380 1928 menta
413 1873 664 1943 virtutis,
695 1874 790 1931 sed
822 1869 938 1947 ipse
968 1876 1177 1941 virtus,
1208 1875 1301 1948 qui
1342 1877 1600 1934 virtutem
1653 1878 1802 1935 forti-
1830 1875 1887 1959 Β¹
1905 1878 2086 1935 Verbo
2115 1879 2277 1936 Pater
2307 1880 2470 1947 fecit,
2515 1897 2621 1937 non
2666 1898 2798 1953 ergo
2828 1884 3009 1939 omnia
3040 1882 3180 1940 facta
3226 1901 3322 1957 per
3377 1885 3512 1942 Vero

196 1967 301 2022 lius
328 1966 610 2038 largiatur.

267 2059 360 2114 45.
402 2058 693 2129 Quomodo
722 2076 854 2133 ergo
886 2062 1061 2118 virtus
1091 2065 1246 2134 quasi
1278 2078 1400 2121 cum
1446 2065 1803 2137 jurisjurandi

209 2152 565 2207 attestatione
593 2150 759 2208 dicit:
791 2152 953 2209 Amen
974 2194 988 2220 ,
1011 2171 1161 2209 auten
1191 2155 1310 2210 dico
1350 2156 1490 2212 vobis
1516 2156 1726 2230 (Δίωνι,
1747 2174 1801 2227 v,

198 2242 318 2315 i9),
350 2243 494 2313 quod
522 2254 606 2301 est
649 2263 662 2301 :
708 2243 735 2283 δ
768 2245 1056 2314 Fideliter,
1083 2247 1320 2304 fideliter
1351 2248 1509 2304 dico?
1541 2248 1807 2307 Fideliter

198 2336 368 2409 529
395 2351 528 2406 ergo
564 2336 706 2393 dicis
728 2379 744 2405 ,
781 2339 1011 2393 Domine
1037 2338 1169 2395 Jesu
1193 2382 1209 2408 ,
1237 2349 1293 2396 et
1318 2356 1441 2403 cum
1473 2344 1803 2400 sacramenti

193 2430 432 2502 quadam
448 2432 773 2503 repetitione
796 2433 1095 2490 conﬁrmas
1112 2435 1254 2507 quod
1270 2435 1403 2491 nihil
1417 2435 1601 2494 facere
1614 2447 1770 2507 potes
1787 2480 1802 2505 ,

196 2524 305 2579 nisi
355 2525 503 2597 quod
533 2524 824 2585 facientem
869 2528 1086 2584 Patrem
1123 2529 1348 2586 videris.
1398 2530 1601 2587 Fecisti
1651 2548 1808 2588 mun-

193 2619 365 2685 dum,
398 2622 662 2693 numquid
692 2623 927 2679 alterum
978 2624 1240 2679 mundum
1273 2625 1439 2681 Pater
1482 2634 1608 2683 tuus
1644 2625 1805 2694 fecit,

193 2727 365 2785 quem
396 2715 551 2785 quasi
602 2715 670 2770 ad
719 2717 1005 2786 exemplar
1032 2717 1352 2789 acceperis?
1399 2719 1543 2791 Ergo
1584 2734 1808 2777 necesse

195 2815 284 2862 est
310 2805 589 2863 fateantur
610 2808 763 2880 impii
789 2819 810 2848 ο
837 2817 933 2864 aut
959 2809 1097 2866 duos
1118 2853 1133 2878 ,
1170 2819 1264 2866 aut
1289 2819 1441 2868 certe
1470 2815 1667 2868 tnttltos
1683 2829 1809 2871 esse

197 2901 475 2972 mundos,
508 2902 652 2975 quod
687 2904 998 2976 philosOphi
1026 2915 1316 2977 asserunt;
1360 2915 1418 2962 ut
1436 2923 1498 2964 se
1540 2910 1702 2963 etiam
1754 2909 1806 2962 in

201 2998 310 3053 hoc
328 3012 521 3054 errore
540 2998 863 3070 gentilitatis
891 2999 1191 3057 iuvolvant.
1212 3002 1318 3057 Aut
1345 3001 1393 3056 si
1426 3002 1598 3057 velint
1621 3018 1808 3058 verum

199 3089 387 3158 sequi,
412 3090 598 3146 dicant
621 3091 741 3148 sine
761 3092 1062 3164 exemplari
1093 3100 1147 3150 te
1171 3094 1388 3159 fecisse,
1414 3094 1559 3164 quod
1584 3096 1805 3152 feceris.

277 3186 371 3242 ιι.
418 3187 510 3243 Dic
553 3188 715 3255 mihi,
751 3188 1013 3256 Domine,
1066 3189 1286 3260 quando
1314 3191 1366 3244 in
1400 3191 1536 3245 mari
1591 3190 1808 3245 Patrem

1910 1973 2035 2028 bum
2058 2017 2072 2043 ,
2104 1986 2162 2033 et
2191 1978 2519 2049 evangelista
2550 1980 2830 2034 mentitur.
2865 1978 3020 2048 Quod
3051 1980 3098 2035 si
3145 1980 3329 2035 omnia
3372 1981 3510 2035 facta

1909 2081 2008 2139 per
2039 2065 2271 2124 Verbum
2298 2110 2314 2135 ,
2347 2079 2402 2125 et
2445 2070 2627 2126 omnia
2658 2085 2753 2141 per
2777 2079 2828 2127 te
2865 2080 3150 2143 coeperunt
3183 2085 3337 2139 esse,
3389 2087 3512 2143 qua:

1911 2175 2018 2216 nou
2048 2170 2239 2226 erant,
2273 2161 2461 2234 utique
2489 2178 2610 2234 qua:
2638 2178 2746 2219 non
2776 2164 2955 2220 vidisti
2987 2179 3018 2218 a
3050 2164 3211 2220 Patre
3254 2162 3395 2220 facta
3421 2205 3436 2229 ,
3481 2179 3512 2218 a

1912 2262 1964 2308 te
2006 2254 2121 2323 ipse
2163 2254 2359 2309 fecisti.
2400 2254 2512 2310 Nisi
2541 2254 2681 2311 forte
2713 2253 2742 2293 ἀ
2773 2254 3179 2326 philosophicas
3223 2255 3319 2310 tibi
3365 2255 3514 2311 ideas

1911 2347 2184 2403 Platonica
2210 2347 2300 2402 illa
2330 2347 2699 2417 disputatione
2728 2350 3103 2419 prmstituunt,
3128 2363 3263 2418 quas
3284 2347 3353 2404 ab
3381 2347 3515 2419 ipsis

1913 2451 2093 2499 tanien
2146 2444 2485 2515 philosophis
2535 2444 2739 2499 scimus
2779 2444 2984 2500 irrisas.
3042 2442 3098 2499 Si
3132 2452 3314 2499 autem
3364 2458 3429 2498 ex
3461 2451 3516 2500 te

1909 2538 2029 2609 ipse
2051 2538 2250 2604 fecisti,
2275 2553 2414 2593 vana
2431 2546 2518 2595 est
2537 2540 2769 2594 assertio
2782 2538 3144 2611 perfidorum,
3160 2554 3285 2611 qua:
3301 2539 3513 2594 auctori

1909 2631 2152 2686 omnium
2173 2672 2189 2696 ,
2213 2631 2301 2685 cui
2351 2631 2595 2702 suppetit
2641 2648 2711 2687 ex
2761 2646 2822 2687 se
2851 2631 3083 2688 faciendi
3114 2631 3513 2703 magisterium,

1914 2722 2103 2779 tribuit
2132 2722 2376 2779 discendi
2410 2723 2733 2795 profectum.

1984 2817 2076 2872 47.
2122 2815 2277 2885 Quod
2305 2816 2350 2872 si
2375 2831 2470 2888 per
2494 2825 2545 2873 te
2569 2828 2767 2887 negant
2787 2818 2988 2873 caelum
3011 2832 3132 2874 esse
3161 2817 3358 2874 factum
3377 2857 3394 2885 ,
3428 2817 3513 2872 vel

1916 2919 2152 2975 terram,
2207 2911 2565 2968 considerent
2594 2911 2744 2984 impii
2778 2926 2886 2982 quo
2914 2927 2977 2967 se
3015 2926 3116 2967 suo
3157 2911 3341 2967 furore
3381 2925 3515 2981 pra:-

1912 3005 2142 3076 cipitent
2161 3045 2176 3069 ,
2201 3018 2324 3061 cum
2346 3004 2611 3074 scriptum
2639 3005 2745 3060 sit:
2780 3002 2873 3058 Dii
2904 3005 2989 3075 qui
3016 3021 3119 3059 non
3147 3007 3381 3076 fecerunt
3406 3019 3510 3057 cre-

1917 3098 2022 3151 lum
2045 3106 2095 3152 et
2115 3108 2332 3166 terram,
2368 3106 2579 3169 pereant
2613 3096 2848 3169 (Jerem.
2882 3112 2936 3165 ιι,
2967 3098 3027 3152 ll
3053 3098 3094 3165 ).
3118 3096 3323 3153 Peribis
3341 3111 3473 3166 ergo
3498 3137 3513 3161 ,

1923 3192 2156 3256 Ariane,
2188 3192 2278 3263 qui
2328 3193 2470 3263 quod
2505 3192 2775 3262 perierat,
2808 3200 2863 3247 et
2895 3191 3100 3263 reperit
3136 3198 3191 3243 ct
3242 3188 3517 3246 redemit?

207 3278 548 3336 incarnatum
578 3279 779 3338 videris
800 3281 1172 3337 ambulantem
1202 3279 1398 3354 (Mure.
1418 3298 1501 3349 vt,
1530 3281 1660 3352 48)?
1691 3282 1806 3354 Ego
1839 3277 1883 3341 C
1915 3281 2024 3340 Sed
2056 3281 2123 3337 ad
2162 3284 2440 3354 proposita
2469 3292 2832 3339 revertamur.

207 3374 361 3429 enim
386 3376 599 3440 nescio,
626 3390 730 3447 ego
759 3376 863 3432 hoc
890 3376 959 3431 de
1006 3376 1169 3432 Patre
1216 3374 1442 3431 credere
1481 3374 1806 3444 sacrilegum

202 3476 374 3538 puto,
415 3467 506 3537 qui
554 3476 605 3522 te
653 3467 829 3523 solum
864 3483 1086 3525 carnem
1134 3467 1499 3538 assumpsisse
1548 3467 1806 3538 cognovi.

200 3558 436 3628 Quando
468 3558 674 3617 videris
693 3559 750 3615 itt
778 3561 980 3632 nuptiis
1000 3544 1219 3618 Patrem
1250 3575 1445 3630 aquam
1466 3558 1520 3614 in
1540 3560 1670 3615 vina
1689 3574 1809 3613 vcr-

202 3661 413 3708 tentem
448 3650 639 3727 (Joan.
674 3670 746 3721 tt,
772 3653 881 3727 9)?
911 3655 1018 3712 Sed
1045 3654 1224 3711 solum
1256 3663 1307 3708 lc
1336 3653 1673 3725 unigenitum
1713 3651 1806 3707 Fi-

198 3750 338 3806 lium
364 3750 471 3823 legi
496 3768 564 3807 ex
584 3751 749 3808 Patre
770 3761 956 3808 natum
977 3795 994 3820 ,
1017 3753 1194 3809 solum
1220 3762 1272 3809 te
1298 3768 1366 3807 ex
1385 3750 1593 3823 Spiritu
1620 3761 1809 3806 sancto

196 3848 392 3915 accepi
417 3853 473 3899 et
494 3843 715 3916 Virgine
736 3846 1037 3901 secundum
1062 3845 1453 3901 incarnationis
1468 3840 1810 3900 sacramenta

191 3947 524 4010 genieratum
549 3936 776 4011 (Matth.
802 3954 850 4006 ι,
879 3938 950 3995 25
970 3940 1013 4005 ).
1049 3938 1192 4011 Ergo
1222 3938 1325 3995 ista
1346 3982 1360 4003 ,
1390 3954 1511 4010 qua:
1540 3952 1808 3993 memora-

197 4035 384 4088 vimus
431 4047 464 4088 a
496 4042 549 4090 te
575 4042 724 4105 gesta
745 4074 763 4100 ,
793 4048 903 4091 non
929 4034 1055 4090 fecit
1085 4034 1283 4091 Pater:
1340 4034 1435 4089 sed
1481 4034 1601 4089 sine
1631 4048 1815 4089 exent-

194 4128 346 4200 plari
376 4130 589 4200 paterni
617 4128 821 4200 operis,
837 4130 904 4185 ad
929 4129 1298 4186 redimendam
1328 4141 1420 4185 tuo
1443 4129 1708 4201 sanguine
1729 4143 1818 4184 sa-

278 4274 307 4301 ιι
352 4264 610 4320 Nonnulli
639 4279 796 4330 mss.,
825 4266 1013 4333 aliquis
1041 4265 1177 4319 visus
1205 4265 1475 4320 oculorum
1499 4276 1670 4321 est....
1697 4280 1812 4318 cor-

191 4337 418 4413 porales
454 4338 609 4413 etiam
638 4337 698 4413 in
722 4336 881 4393 Patre
910 4338 1064 4413 uisus,
1101 4344 1205 4413 etc.

276 4408 308 4447 ι’
347 4409 499 4464 llunc
524 4408 885 4479 significatqu
934 4408 1190 4464 dictionis
1232 4410 1395 4463 Amen
1434 4408 1599 4463 tradit
1642 4408 1807 4464 etiam

193 4481 581 4552 Hieronymus
632 4481 791 4552 epist.
824 4480 946 4541 134.
1000 4495 1121 4552 qua:
1170 4488 1253 4552 est
1282 4480 1347 4534 ad
1396 4479 1806 4547 Sophroniutn,

193 4562 259 4607 ct
295 4550 575 4622 157,'qua:
604 4552 669 4606 ad
699 4550 1031 4608 Marcellam.
1062 4551 1121 4606 In
1148 4551 1259 4607 illis
1296 4558 1478 4607 autem
1512 4552 1649 4606 alias
1675 4552 1811 4605 duas

191 4626 568 4693 acceptiones
591 4623 771 4688 addit,
804 4623 1055 4678 nimirum
1083 4624 1173 4677 ubi
1202 4622 1529 4693 quandoque
1560 4638 1661 4693 pro
1690 4623 1811 4692 ﬁat,

194 4695 540 4767 quandoque
572 4711 691 4767 pro
719 4711 833 4751 uere
856 4710 953 4767 seu
979 4710 1156 4767 rerum
1185 4704 1278 4758 est,
1305 4696 1542 4764 ponitur.
1568 4694 1810 4767 Easdem

2450 3376 2615 3449 530
2648 3375 2877 3432 CAPUT
2916 3374 2983 3431 v.

1918 3467 2149 3537 Cmptam
2174 3468 2361 3542 objecti
2389 3468 2491 3522 loci
2518 3470 2889 3541 expositionem
2916 3484 3126 3540 urgens,
3144 3467 3367 3523 rationes
3390 3484 3518 3539 qua-

1990 3572 2109 3617 tuor
2161 3560 2344 3632 quibus
2393 3561 2592 3631 aliquid
2644 3562 2759 3632 ﬁeri
2814 3578 2916 3616 non
2970 3578 3115 3632 posse
3160 3560 3518 3631 afﬁrmamus,

1991 3656 2213 3727 explicat
2235 3697 2249 3723 ,
2274 3664 2323 3710 et
2349 3670 2528 3709 earum
2569 3654 2766 3726 primas
2793 3665 2894 3710 tres
2920 3655 2973 3708 in
2996 3652 3265 3708 Christum
3307 3668 3410 3707 non
3433 3669 3525 3708 ca-

1990 3753 2141 3817 dere,
2171 3751 2349 3806 solutis
2377 3749 2681 3821 quibusdam
2710 3747 3135 3823 objectiunculis,
3168 3748 3517 3813 demonstrat,

1988 3854 2037 3899 et
2065 3842 2111 3899 F
2114 3845 2264 3900 ilium
2290 3852 2500 3916 prapter
2546 3843 2711 3898 solani
2743 3842 3013 3911 potestatis
3040 3856 3157 3895 cum
3202 3837 3362 3894 Patre
3401 3840 3523 3894 uni-

1989 3948 2140 3994 tatem
2163 3937 2295 3993 nihil
2318 3954 2350 3991 a
2376 3954 2430 3992 se
2456 3938 2624 4007 facere
2647 3952 2796 4007 posse
2821 3918 3045 3990 deducit.

1991 4030 2081 4087 48.
2099 4030 2384 4101 Quomodo
2400 4046 2504 4085 non
2526 4040 2689 4100 potest
2708 4028 2755 4084 F
2758 4029 2879 4083 ilius
2895 4029 3066 4100 facere
3080 4043 3112 4081 a
3133 4042 3189 4081 se
3200 4025 3480 4097 quidquam
3496 4026 3523 4080 7

1922 4126 2240 4196 Quaeramus
2284 4124 2412 4195 quid
2443 4125 2513 4180 sit
2552 4123 2694 4194 quod
2745 4122 2924 4179 facere
2955 4137 3062 4177 non
3095 4119 3285 4192 possit.
3338 4117 3522 4174 Multa:

1921 4277 2045 4332 sap.
2075 4263 2165 4329 li,
2191 4276 2344 4316 num.
2376 4261 2467 4320 52,
2496 4270 2549 4315 et
2572 4260 2666 4316 lib.
2692 4276 2706 4315 I
2738 4260 2977 4315 Retract.
3007 4257 3191 4332 cap._3
3216 4252 3522 4332 ;Eusebius

1912 4326 2012 4392 lib.
2039 4351 2126 4398 ιι,
2151 4326 2395 4403 Prmpar.
2428 4333 2630 4403 Evang.
2651 4374 2666 4397 ,
2697 4348 2846 4389 nutn.
2876 4332 2969 4395 27,
3000 4326 3193 4403 exglib.
3224 4342 3282 4403 vi
3308 4326 3517 4384 Strom.

1913 4404 2213 4462 Clementis
2240 4399 2422 4467 Alex"
2446 4414 2502 4461 et
2528 4399 2682 4460 inulti
2722 4405 2832 4459 alii.
2852 4403 3024 4458 Porro
3053 4399 3353 4470 Gregorius
3372 4413 3517 4470 quo-

1915 4493 2019 4547 que
2050 4476 2301 4547 Nazianz,
2332 4477 2483 4531 Orat.
2519 4475 2591 4531 56
2623 4491 2726 4530 non
2771 4475 2965 4530 minori
3010 4469 3213 4540 impetu
3242 4469 3519 4547 invehitur

1915 4542 1970 4604 in
1996 4544 2429 4620 Arianos,‘quod
2457 4547 2595 4603 duos
2620 4548 2708 4603 vel
2732 4547 2896 4602 etiam
2925 4557 3158 4617 quatuor
3179 4542 3413 4598 mundos
3431 4543 3519 4597 in-

1916 4622 2200 4676 ducerent.

1990 4690 2017 4728 ά
2056 4690 2383 4747 Ambrosius
2407 4698 2520 4746 tum
2540 4690 2668 4757 hic,
2692 4699 2802 4745 tum
2827 4690 2923 4745 lib.
2958 4705 2993 4743 I.
3021 4687 3281 4742 llexaem.
3312 4700 3435 4756 cap.
3463 4688 3519 4753 ί,

193 4756 473 4823 έίιηίιὶιθῐ·
518 4756 754 4822 adinittit
794 4766 1137 4833 Ambrosius,
1186 4756 1423 4835 priorem
1483 4765 1694 4821 scilicet
1757 4766 1811 4820 in
1836 4756 1890 4817 D
1921 4778 2071 4818 num.
2096 4765 2145 4829 f,
2173 4771 2388 4835 veteres
2411 4762 2515 4817 PP.
2541 4756 2777 4835 secutus,
2808 4772 2866 4815 ut
2892 4769 3014 4832 puta
3036 4757 3514 4835 Justinnnrblartq

196 4842 413 4911 psalm.
467 4855 557 4901 XL,
590 4854 740 4911 num.
781 4837 1130 4911 56,7alteram
1178 4847 1361 4893 autem
1416 4836 1510 4892 lib.
1553 4836 1621 4891 de
1651 4836 1811 4909 Myst.

192 4909 337 4980 cap.
370 4909 428 4977 9,
461 4925 613 4965 num.
644 4910 735 4975 54,
760 4920 817 4965 et
841 4909 992 4965 alibi.

286 4996 312 5021 ε
357 4983 531 5051 Quam
557 4984 660 5034 hoc
676 4980 798 5036 loco
818 4981 990 5051 tangit
1014 4979 1108 5034 Vir
1127 4990 1345 5036 sanctus
1363 4979 1813 5051 philosophorum

192 5050 581 5125 quorumdam
599 5053 667 5108 de
696 5050 1019 5125 mundorum
1044 5050 1455 5125 multiplicitate
1480 5050 1811 5122 opinionem,

191 5123 468 5195 ejusdem
496 5123 629 5180 alibi
660 5138 766 5178 non
798 5124 968 5179 semel
1000 5123 1332 5195 mentionem
1358 5124 1515 5190 facit,
1542 5132 1603 5177 ut
1628 5137 1815 5176 exem-

194 5194 281 5266 pli
318 5211 488 5252 causa
512 5196 617 5250 lib.
647 5213 663 5251 ι
710 5195 973 5252 Hexaem.
1003 5209 1126 5265 cap.
1161 5195 1212 5260 f,
1236 5211 1291 5249 n.
1315 5194 1369 5260 3,
1391 5195 1563 5266 etilih.
1593 5209 1664 5261 tt,
1690 5207 1811 5266 cap.

192 5264 261 5335 9.,
304 5285 466 5323 num.
493 5268 546 5323 5.
580 5268 706 5324 Haec
737 5275 917 5324 autem
945 5266 1033 5321 illa
1065 5268 1332 5322 sententia
1382 5265 1634 5322 bifariam
1679 5264 1818 5320 divi-

192 5341 475 5397 debatur.
510 5338 723 5395 Etenim
758 5339 940 5409 plures
982 5339 1214 5394 mundos
1252 5339 1487 5394 existere
1521 5350 1816 5406 corporeos

192 5410 615 5468 asseverabant
648 5411 891 5464 nonnulli
916 5453 930 5475 ,
978 5427 1099 5465 cunt
1129 5410 1221 5466 alii
1248 5410 1523 5480 geminum
1565 5415 1772 5463 tantum
1795 5451 1812 5475 ,

193 5497 552 5552 corporeum
574 5481 787 5537 scilicet
811 5496 973 5552 quem
1003 5483 1339 5544 habitamus,
1373 5491 1536 5552 atque
1561 5482 1815 5552 incorpo-

195 5550 381 5613 reuin
400 5554 493 5624 qui
515 5567 570 5608 et
590 5550 917 5625 archetypus
938 5553 1275 5609 vocitabatur
1289 5595 1305 5618 ,
1327 5550 1707 5625 admittebant.
1734 5550 1813 5625 De

197 5628 411 5700 priore
438 5624 822 5700 intelligendus
848 5625 1096 5679 videntur
1114 5626 1432 5700 Ambrosius
1457 5625 1634 5679 citatis
1657 5624 1813 5700 locis,

196 5695 330 5757 imit
372 5711 530 5751 secus
553 5712 617 5751 ac
643 5696 868 5767 Magnus
896 5699 1228 5769 Augustinus
1255 5695 1361 5769 lib.
1378 5712 1465 5769 ιιι,
1497 5707 1645 5769 cont.
1664 5695 1817 5769 ‘Aca-

192 5773 376 5828 dein.
410 5782 532 5835 cap.
567 5769 668 5835 10,
718 5764 869 5823 tium.
902 5764 1008 5834 25,
1052 5782 1151 5825 nec
1180 5783 1283 5822 non
1334 5768 1427 5823 lib.
1455 5783 1494 5822 tt
1543 5768 1610 5821 de
1651 5764 1812 5823 Civit.

196 5842 318 5915 Dei
344 5880 366 5906 ,
398 5853 520 5915 cap.
552 5839 619 5907 2,
664 5849 721 5895 et
748 5839 837 5915 lib_.
878 5855 969 5915 xt,
996 5855 1116 5909 cap.
1146 5840 1211 5915 5,
1255 5839 1544 5915 pluresque
1573 5839 1703 5915 alii:
1748 5838 1817 5892 de

197 5908 538 5985 posteriore
566 5921 743 5964 autem
777 5910 918 5965 idem
949 5908 1275 5981 Augustinus
1305 5911 1396 5965 lib.
1423 5922 1439 5962 ι
1466 5911 1533 5964 de
1578 5908 1815 5961 Ordine.

1925 4828 2137 4889 Parion.
2193 4833 2258 4887 ad
2306 4832 2558 4899 Grmcos,
2606 4828 2945 4888 Clementem
2995 4829 3262 4886 Alexand.
3315 4828 3410 4884 lib.
3467 4845 3518 4883 vt

1925 4906 2188 4981 Stromat.
2210 4947 2226 4972 ,
2255 4904 2650 4981 T_c_rtulliauum
2679 4905 2755 4981 de
2782 4906 2984 4981 _Anima
3026 4917 3158 4981 cap._
3191 4901 3225 4956 8
3262 4911 3333 4981 et

1924 4979 2112 5047 script.
2136 4970 2257 5046 cap.
2285 4977 2342 5040 7,
2364 4987 2523 5048 atque
2545 4977 2713 5042 alios,
2745 4976 2987 5032 idearutn
3016 4970 3237 5048 nomine
3262 4970 3517 5040 intelligit

1926 5045 2144 5124 naturas
2175 5045 2451 5124 quasdam'
2473 5050 2825 5124 incorporeas
2844 5090 2858 5113 ,
2892 5057 3126 5102 aeternas
3145 5045 3477 5124 ,“illCIZCadaS
3495 5081 3511 5102 ,

1925 5136 1954 5175 ιι
1984 5120 2097 5194 Deo
2126 5115 2420 5194 et_'_mundo
2465 5115 2782 5194 distinctas,
2823 5136 2932 5191 quo
2960 5115 3274 5194 sensuillas
3305 5115 3517 5194 Apisto-

1925 5191 2419 5267 telesvariis_lo_ci_s
2465 5183 2776 5265 Metaphys.‘
2818 5183 2980 5267 atque
3028 5183 3508 5267 Ethiczexplicat,

1920 5273 1977 5320 et
2002 5263 2209 5319 irridet.
2247 5262 2352 5320 Sed
2382 5263 2557 5332 ipsum
2586 5262 2702 5320 sive
2724 5264 2867 5334 quod
2901 5262 3220 5334 praeceptori
3241 5269 3341 5310 suo
3366 5262 3513 5334 invi-

1921 5336 2107 5398 deret,
2153 5334 2268 5389 sive
2296 5328 2439 5404 quod
2479 5351 2588 5391 non
2614 5328 2757 5391 satis
2793 5328 3018 5404 caperet
3056 5328 3201 5404 illius
3243 5332 3512 5393 mentem,

1920 5407 2165 5476 ejusdem
2194 5398 2497 5461 doctrinam
2528 5407 2831 5462 traduxisse
2863 5398 3511 5479 adabsurdumnsensunt

1922 5468 2073 5551 inulti
2096 5489 2361 5548 arguunt;
2383 5492 2510 5533 cum
2539 5495 2635 5551 per
2660 5479 2808 5551 ideas
2830 5474 2964 5551 nihil
2984 5471 3129 5528 aliud
3154 5468 3516 5551 intellexisset

1919 5549 2136 5605 divinus
2160 5540 2555 5623 philosophus,
2590 5549 2693 5604 nisi
2721 5551 2921 5623 fortnas
2946 5546 3001 5599 in
3046 5551 3230 5623 mente
3248 5540 3350 5623 Rei
3390 5540 3512 5596 exi-

1920 5610 2272 5684 stentesfad
2301 5610 2438 5692 quas
2484 5610 2576 5675 ille
2618 5618 2877 5692 mundum
2909 5614 3204 5692 creaverit:
3248 5610 3339 5692 Sic
3384 5626 3510 5667 eum

1922 5681 2368 5764 interpretantur
2394 5688 2927 5764 nrzctcrhEusebium
2953 5686 3063 5764 lih._
3081 5701 3135 5764 ξι
3173 5681 3240 5764 d_e
3271 5683 3511 5764 Prtepar.

1924 5754 2130 5834 Evan'g.
2185 5778 2332 5818 num.
2358 5754 2448 5825 53.
2476 5771 2532 5818 et
2574 5762 2678 5834 ηιμ
2718 5775 2820 5823 xv,
2848 5758 3147 5834 [εμπ-15,
3179 5754 3516 5834 Augustinus

1924 5838 2016 5892 lib.
2048 5828 2116 5888 de
2163 5834 2367 5901 Quaest.
2397 5834 2497 5900 83,
2528 5849 2581 5903 q.
2614 5831 2683 5887 46
2704 5874 2718 5897 ,
2753 5840 2808 5885 ct
2847 5830 2937 5886 lib.
2970 5846 2987 5884 ι
3022 5828 3266 5885 Rati-aet.
3297 5843 3419 5898 cap.
3448 5829 3515 5892 ὃ,

1924 5914 1975 5957 et.
2006 5909 2184 5957 olores
2221 5903 2331 5957 alii.

1922 5914 1975 5961 et
2006 5909 2184 5976 plures
2221 5905 2331 5957 alii.
