4016 6292
553 365 656 421 ϐὲῗ

1899 355 2142 417 ssnon
2181 349 2509 416 AMBROSII
3702 364 3780 424 (εδ

550 489 674 537 sunt
705 477 1206 558 impossibilitatum
1227 470 1577 535 diderentiae.
1605 470 1700 532 Est
1722 464 1926 545 aliquid
1957 467 2149 528 natura
2179 459 2234 532 Α
2259 471 2311 528 in
2341 467 2578 529 vulnere
2601 471 2801 530 debilis
2831 489 2936 530 non
2965 483 3104 542 erat,
3136 485 3254 532 erat
3279 475 3331 533 in
3363 477 3652 548 majestate?
3674 481 3783 550 Quu-

556 574 930 646 impossibile,
981 582 1039 630 et
1085 582 1170 630 est
1215 571 1417 645 aliquid
1463 569 1607 642 quod
1649 579 1735 625 est
1777 565 2032 640 possibile
2055 561 2153 639 per

557 673 838 734 naturam,
894 663 1234 737 impossibile
1279 675 1377 738 per
1419 655 1810 720 inﬁrmitatem.
1846 659 1945 718 Est
1987 661 2152 718 etiam

559 759 780 818 tertium
803 761 946 834 quod
983 762 1059 816 sit
1084 757 1343 831 possibile
1372 769 1468 830 per
1491 755 1742 827 corporis
1770 766 1826 812 et
1855 754 2022 810 animi
2055 749 2146 810 llr-

556 855 838 922 mitatem,
883 849 1220 924 impossibile
1251 863 1347 924 per
1391 851 1716 922 imperitiam
1761 860 1851 905 aut
1881 847 2150 920 impoten-

556 948 710 1004 tiam.
745 945 845 1004 Est
884 947 1047 1004 etiam
1077 945 1219 1018 quod
1251 956 1348 1018 per
1393 943 1764 1000 definitionem
1797 943 2153 1000 immutabilis

558 1037 858 1113 propositi,
903 1049 960 1096 et
1002 1037 1302 1096 constantis
1343 1037 1808 1110 perseVerantiam
1855 1035 2149 1093 voluntatis

559 1144 726 1208 atque
753 1133 1005 1192 amicitia:
1029 1133 1189 1190 iidem
1220 1133 1293 1190 sit
1338 1129 1675 1205 impossibile
1701 1129 1926 1188 mutari.

625 1227 719 1288 49.
757 1229 862 1286 Sed
911 1227 1030 1285 haec
1060 1232 1119 1284 ut
1165 1227 1468 1285 evidentius
1511 1227 1783 1299 possimus
1828 1225 2144 1292 advertere,

555 1337 653 1396 per
678 1323 922 1394 exempla
950 1315 1108 1377 nobis
1138 1319 1436 1393 disputatio
1478 1319 1762 1392 dirigatur.
1805 1312 2150 1390 Impossibile

551 1421 636 1472 est
662 1425 723 1471 ut
741 1419 856 1472 avis
876 1415 1160 1488 sapientiae
1188 1409 1529 1487 disciplinain
1555 1413 1794 1485 aliquam
1827 1420 2150 1483 assequatur

551 1519 646 1564 aut
668 1520 876 1564 artem:
910 1507 1245 1580 impossibile
1274 1517 1358 1564 est
1401 1517 1458 1562 et
1489 1505 1724 1577 lapidem
1769 1504 1985 1575 prodire
2013 1515 2151 1574 quo-

549 1617 754 1672 quam;
787 1595 1129 1672 impossibile
1163 1611 1248 1658 est
1294 1601 1440 1658 enim
1469 1597 1702 1670 lapidem
1747 1597 1956 1654 moveri
1979 1639 1993 1662 ,
2043 1597 2147 1652 nisi

550 1703 702 1753 motu
733 1696 1014 1753 moveatur
1040 1691 1305 1754 alterius:
1338 1708 1449 1752 non
1480 1705 1661 1766 puteSI
1687 1707 1818 1766 ergo
1863 1691 2004 1764 lapis
2052 1705 2149 1762 per

553 1805 612 1846 se
657 1792 839 1862 ipsum
892 1789 1106 1846 moveri
1129 1831 1143 1856 ,
1175 1794 1230 1846 et
1271 1791 1505 1846 transire
1533 1789 1774 1846 deloco.
1820 1787 1938 1842 Non
1967 1788 2150 1857 potest

2259 563 2422 622 modo
2455 577 2659 635 quam).
2681 565 2816 623 Cum
2850 565 3138 624 daemoniis
3171 569 3482 639 imperaret,
3508 579 3559 627 et
3583 571 3675 629 reis
3693 588 3785 643 pee-

2257 667 2372 714 cata
2398 655 2734 727 dimitteret;
2757 675 2827 716 an
2853 675 2974 717 cum
3005 671 3227 732 rogaret
3251 661 3498 719 Patrem?

2327 753 2418 812 55.
2449 753 2571 824 Quo
2600 757 2720 812 loco
2747 755 2980 812 fortasse
3005 756 3194 814 dicant
3227 775 3240 812 :
3283 757 3555 824 Quomodo
3588 757 3720 816 Pater
3747 767 3789 819 et

2255 849 2428 906 Filius
2457 866 2621 905 unutn
2653 859 2801 920 sunt,
2828 851 2872 906 si
2901 850 3074 907 Filius
3103 869 3246 906 nunc
3279 855 3525 920 imperat.
3555 869 3677 910 nunc
3699 868 3788 926 pre-

2255 941 2449 999 catur?
2474 939 2544 999 Et
2573 957 2736 999 unum
2765 953 2914 1012 sunt,
2959 951 3016 1001 et
3061 946 3318 1016 imperat,
3355 953 3412 1002 et
3438 955 3664 1016 precatur
3684 965 3695 1000 :
3719 947 3789 1003 Sed

2256 1053 2433 1110 neque
2458 1055 2581 1095 cum
2608 1035 2860 1110 imperat,
2891 1041 3070 1107 solus;
3102 1049 3202 1097 nec
3227 1057 3354 1097 cum
3392 1052 3648 1113 precatur,
3673 1041 3790 1098 iniit--

2255 1147 2396 1190 mus.
2439 1131 2600 1189 Solus
2646 1149 2751 1190 non
2796 1143 2899 1200 cst,
2949 1135 3074 1207 quia
3111 1149 3466 1207 quaecumque
3505 1133 3652 1192 Pater
3677 1133 3788 1201 facit,

2253 1223 2443 1282 eadem
2477 1225 2729 1282 similiter
2768 1233 2825 1283 et
2865 1227 3038 1282 Filius
3083 1229 3207 1284 iacit
3244 1249 3258 1284 :
3299 1227 3544 1285 inﬁrmus
3579 1245 3670 1284 non
3701 1237 3789 1296 est,

2252 1315 2380 1388 quia
2405 1319 2508 1374 etsi
2554 1318 2608 1375 in
2639 1327 2803 1376 carne
2833 1321 3133 1378 inllrmatus
3159 1331 3246 1377 est
3277 1334 3496 1395 promer
3518 1319 3706 1396 peculia
3730 1339 3794 1378 no-

2254 1415 2390 1478 stra,
2421 1421 2607 1468 tamen
2637 1409 2666 1442 ⁸
2695 1405 2827 1469 illud
2856 1423 3058 1470 nostra:
3099 1423 3217 1470 erat
3247 1417 3302 1470 in
3327 1428 3394 1471 eo
3425 1415 3568 1485 pacis
3593 1415 3792 1482 eruditio,

2253 1506 2395 1562 sicut
2419 1509 2681 1577 scriptum
2713 1517 2818 1572 est,
2855 1521 2964 1564 n0n
2994 1525 3106 1564 sua:
3138 1509 3443 1580 majestatis
3472 1509 3742 1565 inﬁrmitas.

2319 1597 2416 1656 56.
2451 1595 2695 1672 Denique
2727 1611 2785 1658 ut
2809 1604 2952 1659 scias
2977 1602 3104 1676 quia
3130 1603 3429 1660 secundum
3459 1597 3706 1658 hominem
3732 1618 3796 1658 ro-

2251 1705 2366 1767 gat,
2390 1691 2674 1751 divinitate
2698 1696 2951 1767 imperat,
2977 1693 3145 1753 babes
3166 1698 3222 1752 in
3241 1695 3538 1768 Evangelia
3555 1698 3663 1767 quia
3679 1695 3794 1752 Petro

2252 1791 2422 1848 dixit:
2446 1791 2642 1866 Ragavi
2656 1807 2749 1863 pro
2771 1802 2838 1860 te,
2862 1803 2917 1846 ut
2941 1809 3041 1847 non
3065 1790 3275 1864 deﬁciat
3297 1791 3426 1864 ﬁdes
3445 1801 3530 1848 tua
3546 1790 3681 1865 (Luc.
3697 1803 3794 1857 ml,

548 1882 712 1940 etiam
735 1885 912 1956 aquila
943 1881 1193 1939 humanis
1215 1879 1387 1938 imbui
1419 1879 1740 1953 disciplinis.
1774 1875 1954 1936 Habes
1983 1885 2144 1934 unain
2179 1887 2228 1962 Β
2253 1881 2368 1956 32).
2397 1883 2587 1941 Eidem
2619 1893 2796 1942 autem
2821 1898 2986 1956 supra
3017 1883 3218 1942 dicenti
3249 1905 3262 1941 :
3289 1881 3368 1940 Tu
3399 1903 3454 1942 es
3490 1885 3700 1942 Christus
3729 1881 3794 1937 Fi-

547 1976 788 2044 speciem
807 2017 823 2044 ,
853 1976 941 2031 cui
969 1973 1430 2046 impossibilitatis
1459 1974 1625 2028 causa
1673 1979 1866 2028 natura
1893 1975 1998 2027 est.

616 2069 708 2126 50.
749 2069 1095 2140 Impossibile
1117 2073 1203 2124 est
1230 2073 1287 2124 et
1307 2065 1474 2124 debili
1495 2065 1680 2124 facere
1706 2081 1872 2136 opera
1899 2064 2147 2132 robusti;

547 2162 647 2218 sed
675 2161 802 2216 huic
843 2160 946 2216 alia
979 2159 1433 2232 iaipossibilitatis
1461 2173 1625 2216 causa
1673 2173 1792 2227 est;
1820 2156 1969 2232 quod
2001 2155 2150 2216 enini

549 2253 734 2310 facere
759 2259 938 2324 potest
959 2257 1057 2326 per
1086 2261 1371 2321 naturam,
1397 2265 1498 2325 per
1521 2253 1888 2309 inﬁmitatem
1917 2267 2024 2309 non
2056 2269 2154 2322 po-

551 2348 680 2402 tcst.
711 2346 886 2403 Causa
937 2345 1100 2420 igitur
1131 2343 1260 2403 huic
1287 2356 1502 2419 quoque
1529 2345 1958 2420 impbssibilitati
2001 2346 2152 2404 iniir-

551 2439 737 2496 mitas.
771 2437 891 2496 Alia
917 2453 1053 2512 ergo
1079 2440 1536 2512 impossibilitatis
1577 2441 1701 2498 haec
1737 2443 1985 2513 species;
2018 2454 2154 2512 quo-

551 2533 698 2588 niam
751 2548 784 2588 a
834 2533 1069 2590 faciendi
1123 2531 1510 2606 possibilitate,
1537 2533 1786 2606 corporis
1836 2532 2155 2592 inﬁrmitate

555 2629 866 2682 revocatur.
1027 2688 1034 2693 ,

626 2723 718 2778 5i.
759 2722 941 2780 Tertia
971 2739 1187 2796 quaque
1213 2713 1672 2794 impositlbilitatis
1691 2721 1780 2780 est
1819 2731 1984 2780 causa
2004 2766 2018 2792 ,
2047 2737 2155 2796 qua

553 2815 768 2872 etiamsi
797 2831 897 2888 per
937 2825 1188 2872 naturam
1235 2817 1394 2888 quis,
1441 2817 1498 2872 et
1543 2812 1853 2872 ﬁrmitatem
1901 2814 2156 2888 corporis

555 2907 737 2965 facere
765 2909 970 2981 aliquid
1003 2908 1346 2982 possit;noh
1373 2911 1554 2982 potest
1600 2919 1780 2966 tamen
1824 2906 2008 2967 iacere
2059 2918 2156 2981 per

554 3003 883 3075 imperitiam
931 3005 1012 3062 vel
1065 3004 1471 3076 impotentiam,
1504 3003 1562 3060 ut
1602 3015 1695 3060 aut
1727 3003 1978 3062 indoctus
2017 3047 2034 3072 ,
2060 3007 2158 3060 aut

551 3113 769 3156 servus.

622 3191 713 3254 6‘2.
749 3197 904 3264 Quas
935 3189 1096 3268 igitur
1121 3193 1316 3251 harum
1335 3237 1352 3263 ,
1382 3209 1518 3266 quas
1543 3191 1990 3251 enumeravimns
2009 3236 2025 3260 ,
2051 3189 2156 3248 im-

2257 1976 2360 2032 tius
2387 1976 2624 2045 Deivitvi,
2650 1979 2967 2046 respondit:
3003 1978 3081 2034 Tu
3116 1997 3170 2035 es
3213 1978 3432 2046 Petrus,
3463 1989 3512 2034 et
3549 1995 3684 2050 super
3699 1977 3796 2031 hanc

2255 2081 2456 2142 petram
2501 2073 2771 2142 wdiﬁmbo
2799 2071 3082 2129 Ecclesium
3125 2091 3321 2141 meum;
3366 2085 3415 2130 et
3459 2073 3546 2128 tibi
3581 2073 3694 2126 dabo
3717 2072 3795 2125 cta-

2254 2179 2338 2222 oes
2367 2167 2512 2239 regni
2539 2165 2784 2222 caelorum
2811 2165 3026 2243 (Matth.
3060 2173 3173 2234 ut,
3206 2165 3318 2239 l8).
3357 2165 3500 2240 Ergo
3519 2161 3598 2222 cui
3626 2163 3791 2236 propria

2257 2260 2582 2315 auctoritate
2615 2273 2841 2330 regnum
2868 2257 3054 2325 dabat,
3095 2258 3257 2330 hujus
3297 2260 3462 2316 iidem
3507 2257 3699 2313 ﬁrmare
3721 2271 3795 2308 non

2257 2360 2472 2422 poterat
2487 2368 2502 2418 ;
2519 2361 2678 2422 quem
2693 2363 2816 2407 cum
2834 2359 3037 2422 petram
3053 2349 3183 2408 dicit
3203 2349 3654 2419 ,biirmamentnm
3668 2345 3798 2404 lecte

2257 2442 2353 2497 site
2382 2437 2676 2498 indicavit?
2697 2443 2928 2511 Quando
2956 2445 3119 2514 igitur
3142 2453 3317 2514 roget,
3345 2442 3565 2515 quando
3595 2441 3795 2511 imperet,

2257 2533 2564 2591 considera.
2605 2532 2782 2608 Rogat
2820 2535 3038 2609 quando
3079 2549 3342 2608 pa55urus
3384 2531 3797 2602 ostenditur,im-

2257 2637 2414 2702 perat
2437 2629 2660 2701 quando
2691 2627 2860 2687 ﬁlius
2889 2629 2982 2688 Dei
3009 2631 3275 2689 creditur.

2331 2717 2423 2781 57.
2457 2719 2600 2781 Duas
2627 2725 2794 2798 igitur
2821 2723 3036 2798 species
3059 2721 3517 2799 impossibilitatis
3543 2723 3796 2793 vacarejam

2256 2821 2554 2888 cernimus,
2601 2821 2744 2889 quod
2786 2833 2965 2892 neque
3013 2821 3372 2889 inst-nsibilis,
3428 2836 3600 2894 neque
3636 2819 3796 2875 inlirma

2261 2924 2443 2986 potest
2471 2931 2593 2972 esse
2620 2915 2716 2971 Dei
2746 2917 2943 2972 virtus.
2971 2897 3243 2988 Numquid
3275 2918 3502 2973 tertium
3529 2910 3796 2986 proiertisiu

2257 3007 2519 3075 medium,
2553 3009 2697 3081 quod
2735 3011 2886 3080 quasi
2919 3007 3208 3080 imperitus
3236 3011 3354 3066 sine
3388 3011 3642 3081 magistro
3668 3007 3798 3062 facere

2257 3099 2395 3156 nillil
2427 3099 2620 3173 possit,
2644 3111 2740 3159 aut
2765 3115 2962 3159 servus
2989 3103 3114 3160 sine
3139 3101 3398 3159 domino?
3427 3097 3574 3176 Ergo
3596 3107 3797 3158 mentztus

2257 3203 2341 3265 es,
2375 3179 2607 3252 Domine
2634 3189 2789 3260 Jesu,
2823 3193 2912 3269 qui
2947 3201 3004 3253 te
3041 3207 3096 3253 et
3127 3197 3468 3266 magistrum,
3499 3207 3553 3253 et
3579 3193 3794 3250 dominum

551 3293 973 3365 passibilitalum
1001 3307 1225 3359 causas,
1255 3301 1314 3347 ot
1333 3281 1818 3372 quartamiuteriin
1841 3290 2152 3360 sequestre-
2185 3311 2231 3379 ε
2260 3285 2384 3360 ipse
2408 3283 2592 3347 dixisti
2615 3306 2630 3356 ;
2653 3299 2710 3347 et
2741 3285 2976 3346 fefellisti
3005 3289 3298 3361 discipulos
3331 3299 3472 3353 tuos,
3501 3277 3703 3379 dicens:
3725 3281 3795 3336 l'ot

555 3402 710 3449 ntus.
745 3387 883 3440 Filio
915 3387 1008 3442 Dei
1053 3380 1339 3443 existimas
1369 3381 1708 3442 con-venire?
1757 3383 2024 3453 Numquid
2067 3381 2151 3436 in-

554 3476 836 3535 sensibilis
860 3481 964 3548 per
988 3489 1241 3534 naturam
1264 3521 1278 3545 ,
1307 3487 1363 3534 et
1406 3473 1736 3545 inimobiiis,
1779 3477 1925 3532 Sicut
1971 3468 2156 3546 lapis?

556 3573 722 3643 Lapis
749 3573 967 3642 quidem
1001 3579 1082 3626 est
1114 3573 1294 3642 impiis
1323 3573 1375 3626 i‘n
1403 3571 1618 3628 ruinam
1639 3613 1654 3638 ,
1691 3563 1936 3627 iideiibus
1981 3579 2154 3642 angn-

555 3665 708 3720 iari‘s.
741 3651 848 3720 Sed
869 3672 979 3719 non
1015 3655 1385 3731 insensibilis,
1415 3673 1582 3736 supra
1623 3669 1783 3736 quem
1811 3653 2154 3720 sensibii'ittrtt

556 3754 889 3830 popﬁltt'rulli
927 3746 1126 3815 ﬁdeles
1171 3755 1508 3814 .‘ctiiiicant’u‘r
1535 3755 1783 3815 aﬂ‘ectt'ls.
1811 3755 1929 3814 Non
1963 3759 2158 3814 immo-

553 3851 683 3909 bi'lts
711 3855 868 3925 petra
893 3869 906 3907 :
937 3839 1183 3907 Βῖύιεὺαγιι
1202 3847 1340 3907 enim
1365 3867 1429 3908 ex
1454 3843 1782 3922 consequenti
1813 3857 1989 3918 petra,-
2013 3865 2158 3924 petra

556 3958 730 4002 autem
777 3957 887 4002 erat
935 3929 1178 4002 Christus
1197 3943 1252 4021 (ἱ
1272 3934 1396 4002 Cor.
1430 3960 1492 4014 ι,
1520 3945 1610 4018 Δ).
1643 3939 1760 4002 Non
1801 3961 1932 4019 ergo
1978 3955 2159 4018 pater-

555 4049 688 4097 num
711 4051 849 4111 Opus
879 4057 974 4110 per
994 4049 1200 4095 naturat-
1219 4039 1533 4095 distantiam
1558 4035 1894 4112 impos.~ibilc
1917 4039 2154 4096 Christo.

629 4131 719 4189 53.
762 4131 1031 4204 Numquid
1057 4129 1202 4188 torte
1234 4145 1330 4203 per
1357 4125 1698 4188 debilitatem
1727 4119 2069 4200 impo'ssibiie
2101 4133 2156 4186 ei

548 4226 759 4296 aliquid
779 4226 1348 4297 existimamusYSed
1398 4241 1506 4284 non
1555 4226 1650 4282 ille
1709 4226 1937 4292 debilis,
1997 4225 2157 4300 531

551 4321 648 4390 qui
693 4317 923 4374 auorum
951 4314 1266 4375 debilitates
1305 4317 1578 4390 imperiali
1607 4327 1864 4376 sentinae
1909 4315 2153 4374 seruabat.

557 4417 642 4474 An
681 4411 883 4470 debilis
929 4402 1248 4480 videbatur,
1300 4423 1423 4470 cum
1458 4410 1758 4487 paralytico
1783 4411 2156 4485 praecipiens:

559 4505 708 4563 Tolle
723 4507 998 4579 grabatum
1019 4518 1174 4563 tuum
1187 4549 1204 4575 ,
1231 4518 1278 4564 et
1299 4506 1508 4564 ambula
1529 4497 1736 4581 (Marc.
1767 4519 1828 4576 ιι,
1853 4493 1946 4578 Η)
1961 4547 1982 4574 ,
2008 4507 2161 4563 sani-

559 4601 687 4656 tatis
709 4601 819 4670 jam
851 4603 1142 4659 mandabat
1161 4602 1431 4670 oiiicium,
1459 4618 1582 4658 cum
1613 4603 1791 4660 adhuc
1837 4603 1928 4660 ille
1972 4615 2158 4661 rente-

2261 3381 2452 3438 vocatis
2495 3399 2575 3438 me
2617 3383 2921 3456 magistrum
2957 3394 3006 3438 et
3039 3383 3332 3449 dominum,
3371 3393 3396 3422 ο
3421 3393 3470 3438 et
3500 3369 3616 3436 bene
3642 3375 3796 3434 dicitis;

2259 3487 2374 3530 sum
2425 3476 2610 3530 etenim
2638 3475 2817 3546 (Joun.
2865 3487 2983 3540 xm,
3015 3471 3130 3546 l3).
3161 3463 3270 3532 Sed
3307 3487 3415 3530 non
3444 3469 3672 3538 falleres,
3699 3462 3795 3522 reii-

2263 3583 2367 3637 tas,
2399 3581 2495 3627 eos
2525 3573 2826 3642 praesertim
2855 3580 2991 3640 quos
3013 3570 3216 3626 amicos
3246 3571 3474 3625 vocasti.

2331 3657 2422 3721 58.
2454 3663 2660 3721 Tamen
2700 3664 2747 3720 si
2789 3675 2847 3720 ut
2888 3658 3198 3736 imperitum
3229 3671 3282 3717 te
3313 3661 3383 3716 ab
3427 3656 3630 3716 artius:
3665 3666 3796 3712 serer-

2259 3769 2417 3821 ιιιιιιι,
2452 3753 2726 3814 dviderint
2753 3768 2813 3813 ttt
2836 3758 2957 3822 tibi,
2987 3757 3091 3814 hoc
3117 3756 3223 3822 est,
3246 3741 3342 3812 liei
3364 3755 3641 3828 sapientia:
3665 3747 3796 3807 ditant

2261 3849 2516 3922 peritiam
2547 3848 2820 3918 demisse;
2853 3851 3111 3906 unitatem
3144 3857 3326 3904 tamen
3359 3845 3665 3904 substantizu
3698 3841 3796 3898 iatn

2259 3946 2318 4001 te
2345 3955 2397 4000 et
2428 3943 2644 4000 Patrem
2669 3952 2928 4014 separare
2967 3961 3072 4001 non
3106 3935 3354 4015 possunt.
3390 3934 3658 3997 Artiﬁcem
3688 3949 3796 3992 nam.

2259 4051 2368 4110 quc
2396 4038 2467 4092 ab
2501 4033 2752 4108 imperito
2793 4037 3178 4108 imprudentia,
3205 4049 3312 4091 non
3345 4033 3536 4090 natura
3577 4029 3792 4090 secernit:

2260 4132 2356 4188 sed
2383 4145 2489 4187 non
2521 4131 2576 4187 in
2599 4131 2764 4188 Patre
2789 4129 3112 4198 artiﬁcium,
3141 4137 3319 4202 neque
3342 4129 3396 4186 in
3429 4137 3480 4186 te
3509 4119 3792 4198 insipientia;

2261 4243 2370 4283 non
2391 4237 2476 4283 est
2495 4227 2646 4282 enim
2675 4227 2942 4298 insipiens
2963 4226 3255 4298 sapientia.

2333 4317 2422 4377 59.
2450 4318 2596 4392 Ergo
2623 4320 2666 4374 si
2686 4334 2863 4390 neque
2879 4317 3211 4374 insensibiiis
3227 4318 3278 4372 in
3295 4313 3432 4370 Filio
3456 4325 3658 4375 natura,
3675 4305 3792 4384 53!

2259 4417 2438 4484 neque
2449 4405 2722 4480 debilitas,
2741 4425 2918 4484 neque
2941 4407 3417 4483 imperitia,neque
3428 4410 3791 4478 servituspolesl

2261 4523 2417 4571 esse;
2441 4507 2792 4564 considerent
2811 4505 2954 4577 quod
2979 4518 3033 4563 et
3055 4521 3154 4578 per
3171 4515 3424 4560 naturam
3444 4515 3495 4561 et
3515 4501 3792 4572 majestalenl

2259 4609 2431 4656 unum
2454 4603 2532 4658 sit
2553 4617 2679 4658 cum
2713 4603 2872 4656 Patre
2897 4599 3096 4667 Filius,
3129 4611 3186 4656 et
3213 4615 3315 4671 per
3341 4599 3696 4670 operationem.
3717 4599 3792 4641 ιη·

556 4685 708 4748 dium
731 4685 1026 4750 debilitatis
1057 4691 1280 4751 oraret?
1302 4695 1440 4750 Nom
1464 4693 1662 4751 debilis
1689 4689 1958 4751 Dominus
1989 4698 2159 4766 ιιι-ιιι·
2183 4732 2238 4794 Β
2258 4695 2538 4768 discrepet
2567 4711 2596 4750 a
2615 4685 2782 4752 Patre
2807 4689 3006 4761 virtus;
3035 4709 3158 4750 cum
3181 4691 3364 4750 omnia
3394 4709 3512 4764 qum
3531 4684 3793 4788 Pater

551 4791 672 4842 tum
691 4827 706 4850 ,
757 4801 881 4842 cum
933 4785 1268 4844 illuminare:
1313 4803 1490 4844 czecos
1515 4829 1531 4855 ,
1583 4787 1875 4845 inclinatos
1923 4787 2159 4860 erigeret
2183 4777 2235 4794 ’⁷
2263 4790 2354 4856 rit,
2387 4787 2582 4846 eadem
2611 4789 2783 4846 Filius
2814 4789 2975 4846 iaciat
2999 4785 3252 4843 similiter
3283 4804 3297 4839 :
3331 4802 3507 4858 neque
3534 4783 3660 4842 euitn
3685 4777 3794 4832 simi-

559 4878 742 4952 (Psat.
783 4891 958 4948 cum,
984 4879 1092 4952 8),
1143 4893 1392 4937 mortuos
1429 4880 1735 4964 suscitaret.
1771 4881 2006 4955 (Manu.
2061 4897 2154 4950 at,

557 4973 591 5031 5
615 4973 668 5046 9,
721 4973 862 5032 votis
899 4977 1104 5031 nostris
1149 4969 1434 5033 medicina:
1483 4985 1849 5049 prtecttrreret
1896 4977 2155 5045 eii'ectus,

556 5076 780 5124 orantes
843 5078 1096 5136 curaret,
1163 5080 1214 5126 et
1275 5065 1506 5127 ﬁmbriae
1572 5069 1865 5128 mandaret
1922 5081 2158 5130 attactus

557 5163 770 5235 (um.
798 5180 855 5220 νι
880 5207 896 5232 ,
919 5163 1072 5238 sui?

619 5255 724 5334 3!.
745 5257 864 5313 Nisi
899 5255 1045 5314 toi-tie
1069 5255 1407 5337 debilitatem
1437 5259 1614 5326 illam,
1649 5259 1823 5330 impii,
1856 5257 2154 5328 putabatis,

2259 4883 2387 4940 liter
2424 4893 2602 4955 potest
2647 4883 2929 4954 quisquam
2963 4881 3142 4937 facere
3161 4880 3312 4936 idem
3354 4871 3668 4950 apus,qootl
3692 4869 3792 4924 alitis

2254 4979 2482 5048 iecerit;
2509 4977 2617 5036 nisi
2636 4981 2732 5051 qui
2753 4987 2814 5036 et
2843 4969 3272 5050 inaequalitatem
3293 4979 3406 5030 non
3434 4974 3618 5029 habeat
3644 4976 3793 5038 opera.

2256 5071 2447 5140 tionis,
2472 5085 2525 5131 et
2555 5084 2760 5130 natura!
2789 5072 3037 5145 ejusdem
3066 5069 3268 5129 habeat
3289 5065 3565 5126 unitatem.

2329 5171 2422 5228 60.
2453 5169 2643 5226 Adhuc
2672 5177 2856 5224 tamen
2885 5167 3123 5238 requiro,
3151 5165 3282 5238 quid
3315 5166 3391 5220 ait
3411 5162 3554 5235 quod
3587 5165 3791 5224 nonpos-

2251 5263 2330 5320 sit
2351 5261 2532 5321 iacere
2556 5274 2591 5320 a
2616 5276 2680 5319 se
2712 5261 2902 5328 Fiiius,
2943 5262 3046 5317 nisi
3088 5253 3288 5316 viderit
3321 5259 3599 5314 facientem
3624 5251 3792 5307 Patren

553 5349 773 5421 Quando
802 5339 1025 5410 vulnera
1053 5346 1340 5407 videbatis.
1361 5344 1768 5422 Erantquidem
1798 5349 1886 5406 illa
1907 5349 2157 5422 corporis
2261 5355 2444 5433 (Joan.
2479 5375 2533 5425 ν,
2574 5353 2695 5428 l9);
2743 5366 2796 5414 et
2839 5355 3159 5426 insipienter
3199 5353 3381 5423 aliqua
3408 5358 3432 5390 δ
3465 5349 3530 5408 de
3565 5339 3793 5404 vilioribus

555 5447 805 5515 t'utnera,
827 5447 922 5503 sed
939 5460 1050 5502 non
1067 5454 1192 5502 erat
1213 5445 1456 5501 vulneris
1483 5444 1624 5500 illius
1653 5445 1763 5500 ulla
1779 5445 2060 5512 debilitas,
2081 5459 2153 5500 ex

2256 5452 2512 5522 exempta
2540 5465 2788 5522 propono
2821 5467 2835 5504 :
2865 5447 2916 5502 Γ
2917 5458 3061 5504 actus
3091 5464 3206 5503 sunt
3229 5447 3514 5516 incipias.
3535 5459 3612 5499 au
3631 5445 3791 5492 sum

555 5539 665 5609 quo
689 5541 934 5596 omnium
949 5539 1060 5594 vita
1083 5536 1422 5610 proﬂuebat.
1441 5537 1598 5594 [itide
1614 5543 1675 5593 et
1688 5534 1958 5607 manta
1982 5536 2153 5610 dixit;

2256 5539 2404 5614 gistis
2427 5544 2448 5616 (
2463 5539 2512 5598 ii
2534 5541 2660 5598 Cor.
2693 5552 2788 5609 xu,
2821 5541 2879 5596 ii
2911 5542 2950 5612 ).
2977 5539 3114 5596 Nam
3145 5539 3272 5610 quid
3293 5536 3642 5610 insipienti”,
3660 5533 3790 5597 Nm

559 5627 743 5690 Livore
763 5637 879 5709 ejus
909 5649 1001 5689 nos
1030 5633 1204 5689 a'auati
1227 5623 1402 5688 sumtu
1435 5633 1451 5704 (
1477 5629 1619 5687 Esai.
1647 5646 1764 5698 un,
1793 5621 1887 5702 5).
1936 5631 2018 5687 An
2063 5623 2156 5704 qui
2257 5635 2326 5692 de
2356 5633 2639 5708 majestate
2669 5631 2770 5691 Dei
2799 5643 3117 5706 argumenta
3149 5633 3442 5698 discutere,
3473 5643 3582 5699 quis
3601 5617 3788 5698 quttslio‘

2323 5769 2348 5814 ⁸
2387 5771 2647 5836 Nonnulli
2676 5794 2832 5845 mss.,
2852 5765 3030 5834 videro
3048 5785 3222 5833 utrum
3243 5767 3358 5841 tibi,
3381 5786 3486 5832 etc.

629 5779 658 5847 Ρ
682 5767 814 5847 diss.
840 5769 1044 5844 aiiQuot
1063 5815 1078 5839 ,
1105 5761 1262 5841 illud,
1284 5777 1526 5847 quidam,
1551 5773 1646 5831 illa
1663 5779 1846 5832 'nostra
1871 5783 2004 5842 erat,
2035 5780 2144 5832 etc.

2327 5859 2349 5887 ο
2389 5851 2567 5924 Bigot.
2593 5846 2743 5920 cod.,
2776 5851 3114 5909 debilion'bus
3134 5850 3394 5923 exempla,
3425 5855 3524 5905 etc.

628 5844 658 5882 δ
697 5844 832 5918 Mss.
866 5848 1132 5918 nonnulli,
1160 5844 1538 5916 firmamentum
1569 5847 1818 5904 Ecclesia
1827 5849 2110 5918 judicavit.

633 5927 655 5955 ι
698 5917 811 5976 Duo
840 5931 998 5984 mss.,
1029 5929 1074 5972 et
1098 5915 1416 5993 benefacitis.
