4016 6292
526 328 625 386 651

523 459 645 500 eum
673 442 815 499 idem
840 457 978 513 opus
1003 441 1179 498 Patris
1213 440 1462 497 audimus
1491 447 1545 495 et
1584 436 1727 493 Filii.
1768 436 1902 493 Nam
1940 445 2002 491 ut
2027 451 2116 492 co~
2147 436 2201 498 Α

525 551 815 607 gnosceres
862 550 972 590 non
1017 534 1171 607 quasi
1204 532 1476 589 infirmum
1522 531 1725 603 gratias
1770 532 1968 603 egisse,
2018 529 2113 586 sed

524 632 676 701 quasi
702 630 795 686 Dei
818 629 1015 685 Filium
1037 643 1254 699 semper
1284 628 1387 683 sibi
1413 625 1650 682 divinam
1684 625 1979 695 potentiam
1998 623 2119 678 vin-

524 722 748 788 dicare,
793 721 1048 777 clamavit
1091 739 1103 775 :
1151 720 1390 786 Lazare,
1421 719 1533 773 veni
1582 718 1748 788 foras.
1790 716 2118 787 Imperantis

528 816 717 888 utique
741 830 844 871 vox
873 815 973 871 ista
1002 822 1108 880 est,
1138 828 1245 869 non
1268 812 1561 885 precantis.

1826 321 2107 395 tamen
2145 320 2473 379 Attenes"
3701 321 3792 378 sse

2222 525 2581 578 ereticorum
2602 522 2932 589 obiectionem,
2950 536 3047 590 qua
3066 520 3250 576 Filium
3271 523 3403 589 quod
3420 525 3573 577 utam
3591 537 3798 592 gata-tae

2280 624 2376 663 non
2397 609 2562 674 possit,
2587 607 2732 661 Patri
2748 608 2986 674 negabant
3004 619 3106 659 esse
3124 606 3384 670 aqualem,
3400 607 3558 673 primo
3575 606 3625 660 in
3644 611 3800 660 adrer-

2283 692 2437 747 sarios
2458 694 2587 760 ipsos
2607 698 2852 757 retorquet
2872 703 2889 741 :
2914 689 3091 741 deinde
3108 687 3355 742 hominum
3377 690 3580 743 ostendit
3593 690 3802 754 exemplis

2283 781 2415 847 quod
2431 776 2672 845 quispiam
2710 781 2906 840 generet
2922 779 3007 824 aut
3028 785 3167 826 secus
3181 813 3195 836 ,
3223 775 3291 826 ad
3313 773 3573 839 potentiam
3592 787 3679 826 non
3700 787 3799 839 per-

2282 865 2465 925 tinere;
2493 860 2708 915 maxime
2729 873 2841 911 cum
2865 856 3052 921 alioqui
3073 855 3275 921 ipsemet
3307 861 3459 910 Pater
3480 856 3635 910 atinas
3659 866 3802 922 potens

2285 947 2523 1001 dicendus
2554 941 3802 1006 essetJudecollig'tdivinaexltumanisnatesse

2184 1022 2195 1033 ’
2277 1031 2574 1097 judicanda,
2597 1031 2685 1082 sed
2708 1027 2935 1082 standum
2950 1023 3229 1089 Scriptum
3245 1024 3552 1079 auctoritate.
3574 1028 3804 1078 Postrequ

2288 1116 2680 1183 omnipotentiam
2710 1117 2785 1170 uel
2814 1120 2959 1171 Patri
2989 1110 3373 1175 abiudicandant
3390 1154 3407 1178 ,
3435 1112 3511 1166 uel
3533 1108 3805 1177 adiudicat-

2291 1206 2408 1256 dam
2426 1202 2654 1255 Filioubi
2675 1201 3045 1269 demonstrauit,
3071 1201 3201 1269 ipsos
3222 1196 3801 1266 siﬁliosnongemterinl.

2290 1286 2502 1353 propriis
2517 1284 2668 1340 servis
2689 1286 2774 1353 qui
2789 1286 2995 1339 sobolem
3011 1284 3375 1351 procreaveriut
3402 1324 3417 1349 ,
3439 1281 3595 1334 minus
3613 1288 3805 1345 potantes

2290 1371 2393 1436 fore
2409 1370 2612 1431 inducit,
2633 1369 2932 1437 proindeque
2954 1376 3104 1422 totam
3118 1381 3286 1421 eorum
3306 1366 3670 1431 disputationum

2292 1466 2391 1510 tam
2413 1470 2531 1510 8888.

2305 1546 2394 1601 77.
2426 1542 2594 1619 [Alias
2620 1560 2739 1614 cap.
2765 1541 2883 1617 lV.]
2934 1541 3070 1598 Illud
3099 1541 3388 1598 ridiculum
3417 1538 3568 1604 est)
3588 1538 3806 1610 Impera-

1133 949 1361 1007 CAPUT
1400 949 1514 1005 Vl].

527 1047 808 1120 PrOposita
842 1046 1079 1102 doctrina
1114 1045 1235 1100 hinc
1274 1044 1631 1115 conﬁrmatur,
1674 1042 1812 1114 quod
1851 1039 2023 1095 Filius
2058 1040 2125 1094 sit

502 1196 507 1197 ,
603 1141 781 1198 Patris
833 1140 1075 1209 Verbum,
1118 1156 1220 1196 non
1252 1140 1402 1206 quale
1444 1148 1699 1206 nostrum,
1743 1138 1835 1209 sed
1871 1138 2038 1192 viuum
2077 1148 2124 1190 et

598 1237 948 1308 operatorium
975 1254 993 1301 ;
1030 1246 1181 1307 atque
1200 1235 1332 1290 adeo
1361 1251 1464 1291 non
1488 1235 1649 1307 possit
1682 1233 1859 1304 negari
1894 1230 2124 1306 ejusdem

597 1346 714 1393 cum
738 1328 895 1384 Patre
924 1328 1221 1394 uoluntatis,
1254 1328 1524 1397 potestatis
1539 1343 1602 1381 ac
1629 1325 1947 1381 substantiis.

598 1444 688 1499 72.
728 1443 835 1500 Sed
877 1454 934 1499 ut
980 1443 1047 1499 ad
1091 1442 1370 1514 superiora
1404 1442 1713 1510 redeamus,
1758 1452 1812 1496 ct
1852 1440 2127 1513 proposita

524 1535 933 1602 concludamus,
969 1536 1094 1591 facit
1124 1536 1280 1607 quasi
1312 1534 1553 1592 Verbum
1587 1534 1762 1590 Filius
1794 1532 2126 1589 voluntatem

526 1633 722 1689 Patris.
750 1632 987 1689 Verbum
1018 1631 1122 1688 hoc
1154 1639 1398 1688 nostrum
1437 1631 1624 1701 utique
1646 1628 1972 1701 prolalivum
2003 1635 2124 1693 est,

2256 1658 2319 1697 or
2341 1652 2589 1713 auguste,
2605 1640 2747 1712 quod
2766 1639 2986 1710 quidam
3009 1639 3111 1693 boc
3129 1638 3294 1694 etiam
3318 1634 3385 1691 ad
3408 1633 3802 1704 iamqualitatem

525 1725 755 1798 syllaba:
807 1735 954 1793 sunt,
997 1739 1164 1780 sonus
1194 1735 1313 1789 est;
1344 1736 1397 1781 et
1433 1729 1612 1780 tamen
1641 1738 1671 1778 a
1702 1738 1866 1779 sensu
1916 1730 2124 1788 nostro,

2254 1735 2333 1791 )ei
2361 1734 2536 1791 Patris
2562 1743 2617 1789 et
2638 1733 2757 1788 Filii
2783 1731 3147 1804 objiciendum
3177 1744 3444 1801 usurpare
3472 1735 3803 1792 consuerunt,

527 1827 584 1874 et
622 1826 804 1874 mente
845 1832 952 1873 non
991 1817 1286 1889 discrepat,
1329 1825 1383 1873 et
1426 1832 1548 1887 quae
1598 1815 1840 1873 interiori
1883 1822 2130 1869 tenemus
2159 1831 2210 1894 Β
2236 1826 2381 1900 quod
2409 1825 2591 1882 dicam
2616 1826 3044 1897 οωηῑροιρηιεη,
3077 1823 3293 1880 pall-em
3323 1836 3467 1885 esse,
3495 1820 3629 1891 quod
3652 1834 3804 1890 sene.

528 1909 748 1979 aﬂ'ectu,
789 1926 854 1967 ea
897 1919 1171 1984 tamquam
1229 1910 1509 1983 operantis
1543 1908 1708 1966 Verbi
1748 1904 2124 1965 testificatione

2254 1923 2372 1978 ‘avit
2414 1919 2608 1976 Filium
2642 1936 2659 1979 :
2693 1928 2895 1993 negent
2922 1928 3104 1976 autem
3136 1920 3563 1989 omnipotentem
3604 1913 3803 1978 Filium,

525 2006 825 2076 signamus.
852 2004 964 2061 Sed
992 2021 1101 2061 non
1126 2021 1309 2061 sermo
1339 2008 1829 2075 noster‘Operatur,
1852 2001 2026 2058 solum
2047 2008 2133 2056 est
2236 2016 2480 2072 dicentes
2507 2015 2635 2086 quia
2664 2028 2932 2085 generare
2960 2028 3066 2069 non
3100 2013 3296 2085 potuit.

532 2097 766 2154 Verbum
812 2097 929 2162 Dei,
975 2098 1122 2169 quod
1169 2113 1270 2155 nec
1296 2099 1324 2129 ⁸
1350 2098 1669 2168 prolativum
1712 2104 1816 2162 est,
1846 2110 1945 2151 nec
1985 2094 2124 2166 quod

2306 2110 2397 2166 78.
2442 2109 2547 2166 Sed
2584 2108 2706 2163 vide
2743 2105 3202 2179 quemadmodum
3252 2118 3397 2160 saeva
3445 2102 3702 2174 impietas;
3750 2108 3807 2157 ut

530 2190 810 2247 ἐνδιάθετον
823 2190 1029 2257 dicunt;
1053 2190 1302 2263 sedquod
1325 2198 1603 2260 operatur,
1618 2198 1684 2253 ,ει
1704 2188 1856 2256 vivit,
1875 2197 1927 2245 et
1947 2199 2124 2243 sanat.

2254 2201 2525 2259 lialectica
2549 2201 2995 2272 philosophorum
3016 2215 3076 2256 se
3094 2199 3208 2271 ipsa
3228 2200 3535 2255 convincat.
3554 2198 3651 2252 llac
3665 2196 3803 2251 enim

602 2284 692 2339 75.
736 2284 830 2341 Vis
859 2284 1001 2341 scire
1026 2286 1188 2355 quale
1208 2285 1488 2342 Verbum?
1517 2284 1656 2341 Audi
1689 2284 1962 2338 dicentem
1993 2300 2006 2336 :
2040 2280 2124 2337 Vi-

2254 2295 2536 2368 luaastionc
2564 2304 2659 2349 aut
2699 2302 3037 2350 coaeternum
3068 2291 3215 2348 Patri
3245 2290 3442 2357 Eilium
3483 2304 3688 2345 necesse
3726 2297 3808 2343 est

531 2392 647 2429 cum
677 2386 750 2431 est
774 2377 910 2432 enim
944 2376 1171 2433 Verbum
1198 2376 1317 2445 Dei,
1347 2386 1393 2432 et
1423 2376 1654 2431 ualidum
1681 2383 1837 2447 atque
1887 2385 2124 2445 operato-

2254 2403 2334 2444 sua
2365 2401 2499 2443 voce
2528 2385 2832 2453 fateantur,
2867 2395 2960 2441 aut
2983 2385 3027 2441 si
3054 2384 3380 2457 principium
3410 2382 3652 2455 temporis
3677 2380 3807 2436 Filio

534 2470 670 2524 rium
701 2481 751 2525 et
780 2479 1015 2538 acutum,
1037 2481 1083 2526 et
1110 2471 1478 2542 penetrabilius
1531 2469 1673 2524 omni
1697 2468 1875 2541 gladio
1894 2467 2135 2524 aeutissi-
2236 2484 2450 2556 aliquod
2490 2483 2792 2551 ascribunt,
2825 2480 3153 2555 principium
3201 2480 3458 2550 ροιειιιίπ
3490 2486 3807 2545 ηρθεεεθρει

534 2580 640 2629 mo,
666 2574 941 2634 penetrans
961 2580 1121 2636 usque
1145 2564 1215 2619 ad
1243 2564 1551 2620 divisionem
1580 2564 1771 2619 anima:
1817 2571 1864 2618 et
1892 2563 2124 2632 spiritus,

2254 2581 2480 2635 .ribuant
2505 2578 2669 2636 etiam
2708 2576 2879 2632 Patri.
2910 2575 2983 2630 lta
3010 2590 3135 2631 cum
3162 2574 3586 2645 omnipotentem
3622 2569 3804 2626 Filium

535 2667 848 2728 artuumque
870 2667 919 2713 et
943 2657 1287 2713 medullarum
1315 2655 1506 2729 (Hebr.
1539 2670 1618 2723 tv,
1640 2654 1753 2727 12).

2257 2681 2457 2744 tegant,
2493 2671 2779 2742 incipiunt,
2802 2669 2947 2740 quod
2973 2667 3127 2725 nefas
3149 2667 3294 2725 dictu
3322 2676 3427 2734 est,
3455 2679 3689 2722 asserere
3713 2678 3804 2735 per

607 2751 695 2805 74·
740 2750 979 2807 verbum
1024 2750 1188 2823 ἰδίων
1223 2750 1379 2806 audis
1424 2749 1524 2806 θεῖ
1563 2748 1784 2817 Filium.
1816 2759 1873 2806 ει
1901 2763 1931 2804 ³
1959 2747 2133 2820 Pal"ia
2238 2763 2432 2818 Filium
2466 2762 2680 2818 Patrem
2706 2761 3137 2832 omnipotentem
3179 2772 3300 2815 esse
3328 2759 3571 2830 coepisse.

536 2841 815 2898 voluntate
863 2850 920 2899 et
944 2851 1218 2914 potestate
1261 2841 1538 2899 secernis?
1587 2843 1755 2899 Audis
1808 2843 1933 2914 quia
1973 2842 2131 2906 vivit,
2309 2857 2398 2914 79,
2432 2855 2564 2911 Nam
2607 2857 2651 2912 si
2698 2870 2796 2928 ρει-
2832 2854 3238 2927 generationem
3272 2853 3606 2923 οωηῖροιεης
3635 2847 3800 2912 pater,

534 2935 690 2993 audis
706 2936 832 3007 quia
871 2947 1026 2992 sanat
1056 2953 1069 2990 :
1096 2936 1203 2991 noli
1235 2950 1364 3005 ergo
1391 2945 1579 2992 nostro
1604 2950 1923 3008 comparare
1945 2936 2124 2991 verbo.

2254 2954 2427 3023 ttique
2456 2961 2546 3005 aut
2572 2959 2879 3006 coaeternus
2900 2948 3048 3003 Patri
3070 2946 3241 3003 Filius
3262 2955 3379 3013 est;
3403 2945 3520 3017 quia
3542 2943 3584 2998 si
3606 2954 3805 3010 semper

534 3030 593 3087 Si
619 3031 764 3087 enim
798 3030 1021 3087 verbum
1072 3040 1316 3086 nostrum
1361 3046 1485 3103 qua:
1540 3048 1646 3087 non
1694 3033 1888 3087 obtutu
1915 3031 2124 3099 viderit,

2254 3046 2581 3117 amnipotens
2610 3044 2795 3111 Pater,
2823 3042 3188 3112 sempiternus
3215 3047 3273 3095 et
3289 3038 3460 3094 Filius
3488 3056 3501 3093 :
3525 3044 3610 3092 aut
3627 3035 3669 3090 si
3689 3034 3799 3097 luit,

539 3138 648 3178 non
705 3122 895 3177 auditu
948 3121 1203 3189 audierit,
1255 3122 1533 3192 loquitur;
1587 3132 1644 3181 et
1681 3125 1922 3197 loquitur
1948 3132 2132 3181 tamen
2239 3140 2455 3213 quando
2476 3130 3585 3206 “oneratFiliussempiternus;fuitergo
3606 3125 3801 3199 quando

533 3222 751 3295 cognita
774 3237 871 3293 per
890 3220 1138 3294 qmedam
1170 3229 1379 3275 natura:
1409 3220 1662 3274 humanas
1694 3220 1909 3274 interna
1934 3227 2124 3292 mystc-

2254 3249 2348 3290 ion
2380 3241 2498 3289 erat
2524 3232 2875 3301 omnipotens
2902 3229 3081 3285 Pater.
3122 3226 3257 3283 Nam
3284 3226 3407 3282 cum
3436 3224 3611 3279 volunt
3635 3219 3802 3276 dicere

535 3318 614 3372 ria
650 3316 959 3388 =quomodo
990 3330 1099 3372 non
1132 3315 1353 3388 impius.
1405 3314 1497 3384 «ιυὶ
1544 3314 1844 3371 secundum
1872 3314 2133 3371 divinita-
2238 3326 2435 3382 Filium
2483 3323 2777 3395 aliquando
2804 3323 3063 3393 coepisse,
3109 3320 3163 3376 in
3213 3319 3345 3375 illud
3394 3318 3645 3381 recidunt,
3670 3324 3722 3368 ut
3748 3320 3801 3368 et

538 3419 646 3466 tem
671 3412 723 3466 in
755 3411 849 3468 Dei
876 3410 1053 3467 Verbo
1096 3417 1153 3466 et
1179 3409 1426 3465 obtutum
1474 3409 1760 3481 quemdam
1811 3424 2124 3480 corporeum

2254 3420 2414 3477 Patris
2446 3420 2744 3492 potentiam
2778 3417 2959 3473 dicant
3003 3431 3110 3472 non
3143 3429 3364 3485 seraper
3406 3412 3586 3479 fuisse,
3612 3408 3693 3466 sed
3736 3421 3797 3462 ex

537 3506 729 3576 exigit,
758 3515 813 3561 et
857 3505 1101 3561 auditum
1138 3523 1151 3560 :
1182 3513 1239 3560 et
1276 3513 1427 3575 putat
1477 3504 1620 3575 quod
1674 3519 1779 3560 non
1826 3505 2047 3576 possita
2075 3520 2124 3561 se

2254 3514 2360 3571 Filii
2388 3513 2739 3586 generatione
2762 3513 3014 3582 coepisse.
3046 3510 3119 3565 Ita
3148 3507 3279 3564 dum
3310 3506 3455 3564 Filio
3479 3505 3567 3561 Dei
3597 3500 3799 3571 cupiunt

541 3599 834 3671 quidquam
868 3599 1047 3656 facere
1071 3599 1270 3666 Filius,
1300 3599 1402 3655 nisi
1434 3598 1579 3671 quod
1606 3598 1822 3656 Patrem
1850 3600 2133 3655 facientem
2241 3606 2524 3678 derogare,
2568 3605 2686 3677 plus
2716 3603 3000 3669 tribuunt;
3035 3610 3094 3657 ut
3119 3611 3308 3656 contra
3337 3599 3417 3655 fas
3447 3612 3601 3655 omne
3623 3602 3795 3650 aucto-

543 3693 779 3759 viderit;
826 3709 947 3748 cum
998 3708 1095 3764 per
1144 3694 1433 3761 unitatem,
1484 3704 1543 3749 ut
1577 3693 1836 3758 diximus,
1893 3693 2134 3765 ejusdem
2241 3716 2354 3756 rem
2385 3710 2627 3771 paterna:
2649 3698 2906 3771 potentiae
2927 3696 3207 3752 declarare
3252 3691 3688 3759 videantur;citm
3714 3685 3798 3742 Fi-

544 3785 1041 3854 substantite,idem
1064 3788 1202 3843 velle
1224 3798 1386 3859 atque
1415 3788 1556 3843 idem
1584 3789 1731 3844 nolle
1746 3787 1954 3844 etidem
1979 3802 2139 3859 posse
2243 3794 2345 3848 lius
2376 3792 2521 3849 dicat
2555 3810 2567 3847 :
2606 3790 2797 3847 Omnia
2832 3806 2947 3861 qua:
2976 3787 3136 3844 Pater
3164 3790 3335 3855 habet,
3361 3805 3475 3842 mea
3504 3796 3613 3843 sunt
3633 3779 3791 3854 (lout.

544 3892 598 3939 et
626 3883 679 3937 in
706 3882 866 3939 Patre
891 3883 963 3939 sit
991 3892 1049 3940 et
1080 3883 1133 3938 in
1167 3882 1304 3938 Filio
1325 3892 1379 3939 et
1407 3884 1458 3938 in
1490 3884 1695 3953 Spiritu
1726 3895 1917 3940 sancto
1936 3886 1961 3937 ?
2241 3903 2352 3953 xvr,
2386 3887 2498 3957 15).
2531 3885 2635 3941 hoc
2661 3894 2767 3953 est,
2795 3900 2902 3939 non
2935 3899 3057 3956 qua:
3086 3882 3231 3939 Patri
3262 3883 3379 3953 ipse
3401 3879 3676 3942 tradiderit,
3705 3872 3795 3929 sed

616 3978 707 4033 75.
747 3976 904 4045 Quod
944 3978 988 4032 si
1018 3977 1266 4034 homines
1299 3977 1617 4049 plerumque
1659 3993 1913 4035 sensuum
1969 3978 2141 4049 quali-
2242 3994 2363 4050 quae
2389 3993 2420 4033 a
2443 3978 2604 4033 Patre
2628 3979 2752 4049 jure
2779 3977 3149 4049 generationis
3177 3978 3474 4046 acceperit.

547 4077 656 4125 tate
677 4068 923 4137 discreti,
950 4077 1128 4126 tamen
1167 4070 1328 4126 unius
1372 4071 1635 4142 propositi
1686 4073 1987 4129 intentione
2012 4088 2143 4128 con-
2315 4073 2403 4130 80.
2435 4072 2507 4129 Et
2531 4071 2656 4129 ideo
2684 4071 2887 4127 Filium
2910 4073 3299 4142 sempiternam
3322 4068 3550 4125 dicimus
3575 4079 3675 4123 esse
3697 4063 3795 4115 vir-

542 4162 799 4228 cordant;
828 4162 956 4233 quid
983 4161 1052 4218 de
1074 4163 1234 4219 Patre
1257 4178 1356 4219 nos
1374 4170 1431 4220 et
1453 4164 1547 4239 D_ei
1577 4163 1714 4220 Filio
1728 4165 1976 4237 congruit
1994 4167 2141 4222 aesti-
2246 4178 2413 4225 tntem
2446 4189 2459 4225 :
2501 4170 2546 4225 si
2574 4183 2703 4237 ergo
2728 4168 3062 4239 sempiterna
3092 4165 3212 4237 ejus
3250 4165 3423 4219 virtus
3450 4171 3601 4234 atque
3625 4157 3793 4213 divini-

544 4269 694 4310 mare
725 4274 737 4308 :
772 4269 894 4309 cum
934 4255 987 4309 id
1026 4256 1168 4327 quod
1201 4256 1436 4312 humana
1461 4235 1702 4315 imitatur
1726 4235 1982 4331 charitas,
2009 4261 2140 4318 sub-
2245 4271 2347 4328 tas,
2377 4264 2566 4332 utique
2590 4235 2911 4333 etpntent'ia
2938 4259 3054 4329 ejus
3075 4235 3160 4314 est
3189 4257 3539 4328 sempiterna.
3569 4252 3683 4309 Filio
3707 4248 3791 4316 iEi‘

540 4348 736 4403 stantia
758 4348 935 4404 divina
967 4349 1282 4420 possideat?
2248 4367 2333 4413 tur
2358 4357 2459 4428 'qni
2504 4357 2750 4428 derogat,
2802 4355 2949 4411 Patri
2996 4353 3246 4425 derogat,
3290 4352 3544 4423 pietatem
3579 4342 3788 4403 edenda.

618 4442 707 4497 76.
750 4443 1019 4499 Ponamus
1043 4453 1245 4509 tamen,
1290 4445 1433 4501 sicut
1461 4446 1563 4517 ipsi
1594 4448 1803 4515 volunt,
1834 4449 1961 4520 quia
1987 4451 2141 4521 quasi
2245 4451 2411 4508 violat
2436 4450 2777 4507 charitatcm.
2810 4448 2922 4503 Nos
2949 4444 3372 4502 Itonorilicemus
3398 4443 3608 4509 Filium,
3634 4441 3674 4494 in
3695 4451 3790 4505 quo

546 4537 599 4590 in
628 4536 947 4607 exemplari,
976 4537 1117 4606 quod
1150 4538 1347 4594 viderit
1376 4537 1592 4594 Patrem
1624 4539 1910 4599 facientem
1930 4586 1945 4610 ,
1973 4542 2142 4599 Filius
2244 4547 2405 4602 Pater
2431 4543 2762 4614 complacet;
2796 4542 2975 4612 placet
3012 4539 3155 4596 enim
3190 4537 3337 4594 Patri
3381 4548 3441 4594 ut
3468 4535 3687 4593 laudetur
3713 4527 3787 4584 Fi-

545 4629 725 4686 faciat.
758 4629 827 4685 Et
857 4629 959 4686 hoc
988 4631 1171 4702 utique
1192 4631 1439 4702 ejusdem
1467 4633 1782 4689 substantia:
1806 4645 1891 4691 est
1916 4652 1931 4702 ;
1956 4636 2138 4693 nullus
2163 4646 2219 4707 D
2244 4640 2368 4705 lius,
2402 4641 2455 4693 in
2483 4652 2588 4710 quo
2616 4636 2733 4705 ipse
2760 4633 3113 4704 complacuit.

542 4723 690 4779 enim
714 4723 1132 4794 potestalterius
1153 4724 1511 4782 imitationem
1537 4729 1873 4797 Operationis
1905 4730 2137 4801 implere
2317 4734 2406 4790 81.
2436 4727 2882 4801 Respondeamus
2911 4737 3090 4781 tamen
3122 4724 3412 4780 intentioni
3454 4736 3648 4786 eorum,
3684 4727 3702 4755 ε
3729 4728 3787 4770 ne

539 4820 644 4875 nisi
668 4818 759 4890 qui
788 4816 1027 4889 ejusdem
1060 4826 1266 4875 natura:
1296 4818 1493 4876 habeat
1517 4820 1797 4897 unitatem.
2248 4828 2464 4898 epilogo
2498 4824 2730 4895 quodam
2761 4820 3019 4876 invidiam
3056 4818 3379 4890 quaestionis
3417 4817 3691 4874 declinasse
3715 4810 3785 4862 vi.

2252 4941 2401 4998 Verbi
2454 4939 2725 5003 manentis,
2775 4935 2870 4992 sed
2921 4934 3073 5007 quasi
3118 4949 3213 5007 per
3243 4920 3591 5007 prclationetu
3617 4924 3786 5007 μικριῆ

2243 5013 2510 5075 sermonis,
2530 5009 2681 5081 quod
2703 4998 2816 5063 toto
2840 4998 2954 5063 hoc'
2970 4998 3136 5081 opere
3152 4998 3435 5081 impugnat
3461 4998 3758 5081 Ambrosius:

2315 5084 2340 5123 b
2380 5068 2584 5140 Omnes
2621 5079 2753 5136 edit.
2787 5088 2844 5135 et
2874 5068 3019 5135 mss;
3040 5068 3246 5149 aliquoi
3285 5068 3512 5144 omisso,
3543 5073 3657 5131 illud
3679 5068 3784 5149 Mf-

2240 5157 2414 5211 culum
2447 5165 2542 5220 est,
2576 5155 2755 5207 statim
2791 5152 3080 5221 incipiunt,
3124 5152 3422 5217 Imperator
3446 5158 3660 5221 anguste.

2240 5229 2356 5265 dum
2412 5235 2498 5265 nln
2555 5224 2711 5265 llmln
2739 5239 2844 5265 nnn
2879 5222 3033 5265 nmini
3069 5236 3199 5265 mea-
3230 5224 3398 5265 etiam
3427 5224 3670 5265 "sanam.
3718 5226 3782 5263 Ill-

2238 5229 2380 5292 dam,
2412 5235 2521 5283 etc.
2555 5224 2711 5282 Unde
2738 5239 2844 5279 non
2879 5224 3033 5289 pauci
3069 5236 3200 5277 mss.
3230 5224 3398 5277 etiam
3427 5224 3670 5292 resecant.
3691 5224 3782 5265 ηι-

2238 5286 2442 5366 peralor
2469 5305 2684 5366 auguste
2728 5312 2747 5349 :
2781 5286 2970 5350 tutel-ius
2999 5294 3114 5361 alii,
3146 5308 3476 5364 quamquam
3521 5286 3778 5363 pauciores,

2236 5381 2293 5426 ut
2327 5374 2377 5426 in
2395 5380 2675 5425 contextu.

542 4936 686 4992 enim
713 4945 939 5009 propter
961 4949 1059 4990 nos
1082 4936 1283 5009 gratyts
1313 4937 1501 5007 egerit,
1535 4937 1652 4993 bzcc
1683 4939 1821 4994 ratio
1867 4940 2131 5009 redditur,

543 5024 611 5065 ue
642 5008 891 5062 videlicet
909 5006 1086 5062 Patris
1113 5022 1176 5062 ac
1201 5007 1321 5079 Filii
1346 5006 1506 5064 unam
1543 5025 1828 5079 personam
1862 5027 1986 5068 esse
2014 5006 2133 5069 ere;

538 5079 755 5151 damus,
786 5093 906 5151 cum
940 5094 1099 5151 nemo
1129 5078 1233 5151 sibi
1270 5081 1368 5150 ipsi
1401 5081 1599 5151 gratias
1628 5095 1770 5149 agat.

612 5159 637 5188 α
678 5149 916 5230 Verbum
950 5149 1737 5230 prolativumseu—apopépzxou
1768 5156 1934 5230 verbo
1963 5157 2129 5230 inter-

538 5239 633 5287 no,
663 5220 1071 5295 siveﬂiv‘SmOtiw
1105 5222 1302 5295 opponi
1320 5224 1430 5292 jam
1454 5220 1855 5280 a'ntio'tavimus.
1891 5226 2127 5283 Verbum

535 5305 716 5370 autem
758 5292 999 5347 divinum
1046 5292 1354 5370 λιτροφόρικον
1384 5296 1472 5364 qui
1497 5310 1563 5350 eo
1605 5296 1764 5370 modo
1810 5298 2034 5364 diceret,
2070 5309 2129 5356 ut

537 5365 770 5435 syllabas
801 5374 893 5418 aut
923 5365 1113 5417 sonum
1160 5365 1489 5433 corporeum
1517 5381 1639 5420 esse
1687 5368 1933 5435 lingeret,
1966 5385 2129 5426 nemo

534 5451 706 5507 usque
722 5435 859 5507 adeo
882 5436 1103 5490 insanus
1126 5436 1226 5490 fuit
1245 5456 1258 5490 :
1282 5445 1337 5489 at
1360 5436 1486 5491 illud
1509 5437 1685 5507 ipsum
1705 5453 1828 5493 esse
1849 5439 2129 5499 ἐνδιάθετον

534 5506 936 5581 contendebant
963 5521 1025 5561 ac
1047 5507 1285 5581 similent
1318 5506 1567 5581 humanis
1598 5508 1911 5581 habilibus,
1936 5512 2124 5581 proin~

535 5580 712 5648 deque
762 5578 1175 5651 accidentalem,
1220 5587 1388 5651 atque
1410 5594 1439 5632 a
1464 5578 1640 5633 Patris
1691 5589 1879 5634 natura
1908 5578 2127 5651 separa-

532 5654 667 5717 tum,
699 5656 759 5701 ut
782 5664 846 5704 ex
872 5648 1051 5702 Basilii
1084 5648 1272 5704 homil.
1304 5649 1375 5704 27
1411 5660 1557 5705 cont.
1591 5651 1843 5717 Arianos,
1875 5648 2007 5717 etei,
2039 5656 2124 5711 in-

533 5719 845 5795 telligimus.
870 5718 1260 5795 Verumtamen
1292 5721 1433 5795 idem
1464 5720 1589 5776 illud
1610 5721 1851 5795 Verbum
1895 5726 2124 5795 spiritali

528 5790 759 5872 quadam
784 5792 995 5872 ratio-tte
1016 5794 1338 5872 prolativum
1352 5794 1738 5871 asseverabant
1751 5790 1954 5872 Ariani,
1973 5799 2117 5867 quod

526 5860 780 5915 nimirum
811 5876 876 5916 ex
895 5860 1065 5944 Patre
1098 5862 1409 5919 nasceretur
1456 5880 1560 5921 non
1589 5866 1681 5933 per
1707 5860 2113 5935 generationem

2308 5454 2328 5481 ο
2359 5442 2640 5511 Epilogum
2674 5456 2771 5501 pro
2797 5436 3152 5511 querimoniis
3173 5437 3242 5511 ab
3269 5435 3556 5511 Ambrosio
3589 5437 3780 5511 usum:

2233 5523 2343 5568 tum
2388 5499 2648 5569 flexaem.
2676 5499 2770 5566 lib.
2793 5499 2868 5575 vi,
2893 5526 3042 5565 num.
3064 5510 3155 5574 24,
3175 5508 3610 5565 observabamus.
3629 5499 3780 5575 Neque

2230 5600 2363 5640 vero
2403 5584 2649 5639 eamdem
2692 5571 2881 5639 vocem
2914 5583 3015 5636 hoc
3046 5571 3151 5637 loci
3180 5590 3406 5650 usurpat
3450 5593 3598 5650 sensu
3622 5571 3778 5650 adulti:

2231 5637 2357 5712 dum
2391 5637 2596 5720 ailieno;
2634 5637 2944 5709 niltilvenim
2976 5652 3123 5707 aliud
3156 5637 3333 5722 signa;
3374 5667 3529 5721 quam
3555 5637 3775 5722 ejusmodi

2231 5744 2564 5809 sermonem,
2613 5728 2826 5809 qualem
2876 5733 3145 5809 oratores,
3179 5720 3235 5777 ut
3273 5720 3511 5809 judicqu
3538 5720 3773 5809 mentes)»:

2230 5780 2671 5869 danisajziqum'ag‘it
2684 5780 2964 5869 ur,icogita
2974 5798 3119 5869 tione
3134 5780 3409 5869 averlant,
3434 5793 3499 5849 ad
3526 5780 3771 5848 moretth

2227 5860 2560 5941 'ciet'tdbs'que
2594 5860 2820 5924 affectus
2850 5860 3115 5924 adhibere
3158 5865 3356 5921 solent.
