4016 6292
237 297 338 356 635

1566 296 1671 353 'DE
1709 291 1868 353 FIDE
1906 293 2038 354 LIB.
2079 296 2167 355 IV.

3421 310 3528 370 634

237 437 483 492 “eam”...
508 437 824 502 Generum,
855 437 1120 508 inquium’
1151 435 1328 500 pater,
1355 433 1519 508 536
1541 450 1646 490 ηοη
1668 449 1832 506 sene-
1861 414 1906 476 Α
1933 416 2158 470 mundus
2176 432 2289 471 eum
2315 433 2416 472 non
2442 420 2694 490 cognovit.
2730 421 2796 477 In
2824 424 3038 495 propria
3061 423 3216 494 venit,
3241 435 3290 481 et
3314 427 3397 482 sui
3414 444 3530 482 eum

235 532 373 589 ravit
395 531 591 587 Filius.
619 532 773 600 Quod
799 531 887 586 hic
910 539 1284 601 argumentum
1306 539 1389 585 est
1410 529 1830 600 intequalitatis?

233 624 529 681 Generatio
551 627 697 682 enim
728 633 966 696 paternae
993 624 1336 694 proprietatis
1361 633 1466 690 est,
1493 639 1599 679 non
1630 633 1828 694 poten-

241 718 324 772 tia:
358 736 371 772 :
405 728 460 773 et
491 719 665 790 pietas
705 729 902 790 :eqnat,
934 733 1040 774 non
1069 728 1306 789 separat.
1353 717 1594 786 Denique
1627 717 1676 771 in
1711 718 1831 788 ipso

239 826 338 867 usu
372 823 573 867 nostra:
607 812 940 867 inﬁrmitatis
961 812 1272 880 frequenter
1301 811 1522 866 evenire
1543 811 1826 880 cognosci~

233 923 374 975 mus,
405 919 459 962 ut
485 917 542 963 et
570 907 767 962 inﬁrmi
791 907 931 963 ﬁlios
954 906 1210 968 habeant,
1239 915 1292 961 et
1323 921 1428 960 non
1456 895 1694 961 habeant
1720 904 1829 960 for-

238 1000 404 1056 tiores
439 1017 453 1052 :
491 1000 726 1056 habeant
771 1001 936 1067 servi,
991 1014 1101 1055 non
1147 999 1383 1055 habeant
1425 998 1673 1054 domini:
1726 999 1826 1053 Ita-

232 1095 391 1150 beant
423 1094 638 1165 inopes,
674 1108 779 1148 non
812 1093 1049 1149 habeant
1077 1103 1101 1130 α
1134 1094 1221 1162 qui
1253 1101 1500 1162 potentes
1531 1101 1678 1147 sunt.

301 1187 394 1242 82.
429 1187 536 1243 Sed
566 1187 613 1242 si
641 1187 826 1243 dicunt
853 1197 906 1242 et
932 1185 1035 1242 hoc
1065 1185 1394 1241 inﬁrmitatis
1420 1201 1564 1251 esse,
1589 1186 1710 1254 quia
1734 1199 1827 1238 vo-

230 1281 348 1335 lunt
378 1279 632 1336 homines
661 1279 802 1336 ﬁlios
840 1279 1080 1345 habere;
1113 1293 1216 1334 nec
1259 1287 1484 1348 possunt
1526 1295 1540 1332 :
1579 1276 1826 1348 quamvis

229 1374 467 1428 humana
504 1388 609 1429 non
641 1373 750 1428 sint
777 1371 1106 1428 conferenda
1142 1371 1359 1437 divinis,
1406 1369 1715 1440 intelligant
1747 1379 1826 1425 ta-

228 1481 352 1522 men
381 1467 528 1521 inter
555 1465 701 1536 ipsos
730 1480 947 1536 quoque
978 1464 1230 1520 homines
1260 1480 1368 1519 non
1399 1463 1652 1534 potentia:
1677 1478 1823 1530 esse,

226 1558 321 1615 sed
356 1568 598 1630 paterna:
631 1559 998 1630 proprietatis,
1033 1558 1236 1615 habere
1284 1559 1443 1624 ﬁlios,
1475 1558 1558 1613 vel
1584 1572 1689 1612 non
1731 1558 1823 1612 ha-

225 1655 358 1710 bere
395 1672 408 1710 :
441 1669 539 1710 nec
569 1655 618 1708 itt
647 1661 917 1723 potestate
954 1661 1151 1708 nostrae
1178 1651 1475 1707 voluntatis
1509 1666 1631 1706 esse
1660 1665 1824 1721 gene-

225 1765 373 1815 rare,
406 1748 500 1804 sed
529 1749 580 1803 in
609 1747 857 1817 corporis
887 1747 1181 1818 qualitate;
1213 1761 1335 1800 nam
1365 1745 1410 1801 si
1442 1753 1587 1800 esset
1625 1753 1818 1815 poten-

1933 527 2036 564 non
2065 521 2386 580 receperunt.
2419 512 2678 584 Quotquot
2703 526 2872 570 autent
2910 527 3204 589 receperunt
3229 535 3368 587 eum,
3391 520 3533 577 dedit

1930 604 2036 658 illis
2067 614 2368 674 potestatem
2400 605 2540 677 ﬁlios
2582 605 2681 662 Dei
2706 608 2843 677 fieri,
2873 610 2952 664 Itis
2981 611 3068 680 qui
3099 612 3312 666 credunt
3343 613 3396 667 in
3439 627 3533 667 tto-

1932 696 2067 750 mine
2087 701 2201 771 ejus
2229 696 2408 767 (Joan.
2437 714 2475 765 ι,
2509 698 2575 755 io
2599 709 2647 755 et
2677 698 2809 771 seq).

2001 789 2092 843 87.
2125 800 2145 827 ε
2177 790 2475 847 Didicimus
2509 793 2688 864 itaque
2712 796 3000 864 potestatis
3022 811 3165 864 esse,
3199 797 3343 869 quod
3367 797 3528 872 537

1931 896 2030 936 nos
2061 881 2201 937 ﬁlios
2225 882 2319 939 Dci
2343 882 2470 940 fecit
2494 904 2507 941 :
2535 888 2887 958 proprietatis
2911 898 3093 946 autem
3121 892 3532 962 generationem

1931 990 2054 1031 esse
2083 977 2298 1032 oracula
2331 977 2517 1034 divina
2549 979 2856 1048 declarant;
2889 981 3024 1038 dicit
3063 984 3210 1039 enim
3237 984 3531 1056 Sapientia

1933 1071 2025 1128 Dei
2061 1090 2074 1125 :
2108 1069 2192 1126 Ea:
2218 1091 2308 1130 ore
2352 1074 2609 1130 Altissimi
2648 1076 2854 1149 prodivi
2885 1075 3075 1149 (Eccl.
3108 1095 3259 1142 xxtv,
3303 1079 3394 1147 5),
3427 1077 3532 1135 hoc

1929 1178 2034 1234 est,
2059 1185 2166 1223 non
2195 1179 2406 1235 coacta,
2445 1168 2540 1224 sed
2584 1169 2752 1224 libera
2785 1189 2800 1226 :
2833 1185 2939 1227 non
2971 1173 3225 1242 poteSIati
3263 1173 3526 1242 obnoxia,

1928 1261 2025 1318 sed
2062 1275 2186 1318 nata
2218 1263 2588 1334 generationis
2630 1280 2851 1334 arcano,
2889 1266 3172 1338 privilegio
3204 1267 3528 1323 dominatio-

1930 1354 2016 1412 nis
2057 1367 2110 1412 et
2140 1355 2167 1393 ά
2197 1356 2323 1428 jure
2353 1359 2662 1428 potestatis.
2690 1358 2930 1430 Denique
2958 1358 3027 1416 de
3075 1359 3269 1416 eadem
3301 1360 3528 1432 Sapien—

1931 1451 2024 1517 tia,
2059 1449 2164 1507 hoc
2195 1461 2298 1518 est,
2331 1452 2400 1508 de
2426 1454 2654 1510 Domino
2680 1454 2835 1522 Jesu,
2879 1456 3004 1513 alibi
3042 1456 3202 1514 Pater
3236 1459 3367 1514 dicit
3395 1476 3409 1513 :
3447 1457 3528 1513 Ex

1930 1556 2074 1600 utero
2100 1557 2220 1603 ante
2250 1547 2551 1620 Luciferum
2576 1550 2729 1621 genui
2761 1561 2809 1605 te
2839 1549 3010 1623 (Psal.
3045 1567 3156 1620 Ctx,
3189 1554 3268 1625 5).

1995 1638 2086 1694 88.
2116 1639 2271 1708 Quod
2314 1641 2502 1713 utique
2552 1641 2674 1698 ideo
2715 1643 2876 1707 dixit,
2922 1660 3029 1698 non
3072 1652 3132 1698 ut
3175 1646 3522 1717 corporalem

1927 1734 2107 1789 alvum
2139 1735 2462 1803 declararet,
2488 1735 2584 1791 sed
2619 1747 2674 1792 ttt
2705 1737 3094 1808 proprietatem
3125 1753 3269 1795 vera:
3294 1755 3530 1811 genera-

225 1841 336 1908 lim,
369 1841 556 1912 utique
585 1815 859 1911 pote—ntim-
897 1815 1097 1894 ίῃυιιοε
1135 1837 1381 1894 haberet,
1427 1838 1566 1908 Ergo
1598 1853 1705 1892 non
1737 1846 1822 1894 est
1853 1815 1900 1876 Β
1929 1827 2092 1882 tionis
2122 1829 2457 1885 ostenderet.
2503 1829 2636 1884 Nam
2684 1831 2729 1886 Si
2779 1831 2848 1886 ad
2893 1833 3235 1903 corporalem
3282 1834 3526 1901 referas,

224 1934 483 2007 potentiae
514 1933 714 1988 habere
739 1931 882 1987 lilios
910 1936 993 1987 vel
1029 1947 1134 1987 non
1165 1932 1385 1987 habere.

289 2028 386 2084 8'5.
413 2025 682 2098 Numquid
713 2035 921 2081 naturae
947 2027 1066 2081 est?
1105 2025 1163 2082 Si
1202 2036 1410 2081 natura:
1452 2025 1820 2080 inﬁrmitatem

222 2121 538 2192 ptttatis,fet
562 2119 628 2174 ad
657 2119 892 2174 humana
926 2134 1024 2175 vos
1049 2118 1310 2174 confertis
1337 2119 1606 2189 exempla,
1632 2118 1823 2174 eadem

221 2213 403 2269 Patris
433 2222 517 2268 est
542 2223 732 2269 natura
762 2230 882 2284 (ιυςε
907 2211 1031 2268 Filii
1061 2225 1165 2268 est.
1191 2213 1378 2285 Itaque
1407 2222 1499 2268 aut
1525 2229 1712 2268 verum
1737 2213 1824 2268 Fi-

222 2307 357 2362 lium
387 2307 589 2375 dicitis,
618 2319 672 2363 et
697 2307 846 2362 Patri
882 2308 934 2362 in
960 2306 1102 2362 Filio
1131 2307 1403 2378 derogatis
1437 2323 1530 2377 per
1559 2307 1822 2363 unitatem

220 2399 470 2470 ejusdem
515 2409 719 2455 naturm
749 2401 910 2470 (sicut
945 2398 1087 2454 enim
1121 2399 1278 2454 Pater
1309 2409 1499 2453 natura
1546 2399 1685 2454 Deus
1714 2407 1820 2463 est,

221 2494 292 2547 ita
319 2502 381 2549 et
402 2493 571 2549 Filius
597 2511 608 2546 :
636 2494 768 2549 deos
790 2502 969 2550 autem
991 2495 1064 2548 ait
1093 2495 1386 2564 Aposmlus
1408 2494 1451 2567 (l
1477 2494 1598 2550 Cor.
1623 2508 1738 2559 vnt,
1763 2495 1822 2566 5)

224 2600 329 2640 non
359 2594 550 2639 natura
597 2585 730 2640 deos
765 2599 912 2650 esse,
944 2584 1040 2641 sed
1069 2584 1238 2656 dici);
1269 2597 1358 2640 aut
1393 2587 1436 2640 si
1469 2585 1675 2657 negatis
1700 2601 1824 2642 esse

221 2695 414 2735 verum
466 2679 682 2746 Filium,
718 2679 821 2734 hoc
864 2690 968 2744 est,
1015 2678 1260 2750 ejusdem
1312 2688 1546 2746 natum,
1599 2695 1706 2736 non
1737 2689 1823 2736 est

221 2790 355 2847 ergo
383 2784 709 2846 generatus:
744 2774 788 2830 si
822 2788 928 2830 non
954 2784 1034 2830 est
1056 2785 1346 2846 generatus
1375 2775 1564 2842 Filius,
1592 2791 1698 2831 non
1728 2791 1820 2848 ge-

224 2870 440 2924 neravit
472 2869 650 2925 Pater.

295 2964 390 3020 84.
414 2963 701 3034 Colligitur
730 2965 911 3035 itaque
933 2963 1086 3035 juxta
1119 2964 1445 3019 sententiam
1480 2972 1738 3032 vestram,
1766 2971 1823 3019 ttt

226 3075 336 3115 non
377 3061 447 3115 sit
477 3060 821 3129 omnipotens
846 3059 983 3113 Deus
1027 3057 1218 3122 Pater;
1260 3057 1384 3128 quia
1412 3072 1678 3129 generare
1711 3074 1818 3112 non

226 3153 424 3224 potuit,
463 3153 506 3207 si
554 3169 659 3207 non
706 3152 983 3223 generavit
1024 3151 1243 3218 Filium,
1295 3150 1390 3206 sed
1431 3153 1656 3206 creavit.
1711 3150 1818 3208 Sed

230 3249 359 3318 quia
403 3247 744 3317 omnipotens
790 3247 966 3305 Pater.
998 3261 1122 3301 cum
1175 3246 1329 3316 juxta
1361 3248 1684 3301 sententiam
1729 3261 1821 3300 ve-
1850 3212 1896 3276 C

231 3348 402 3393 stram
433 3339 574 3393 solus
594 3347 880 3409 generator
906 3339 1252 3408 omnipotens
1277 3339 1370 3405 sit,
1403 3339 1682 3410 generavit
1717 3339 1820 3393 uti-

227 3452 336 3506 que
386 3436 577 3492 Filium
602 3479 616 3503 ,
651 3452 758 3492 non
801 3437 1030 3491 creavit.
1061 3433 1262 3490 Verum
1313 3435 1414 3506 ipsi
1459 3436 1629 3507 magis
1660 3451 1821 3508 quam

222 3529 384 3584 vobis
409 3528 744 3585 credendum
771 3539 874 3584 est.
905 3529 1000 3584 Ille
1029 3529 1104 3583 ait
1136 3548 1149 3584 :
1177 3527 1345 3583 Genui
1368 3527 1542 3600 (Psat.
1575 3544 1685 3598 etx,
1717 3529 1773 3602 ὅ)
1802 3547 1818 3597 ;

217 3632 273 3680 et
304 3625 618 3693 frequenter
646 3625 740 3691 ait,
771 3623 1143 3695 generationis
1177 3639 1290 3677 suae
1320 3623 1496 3678 testis.

289 3718 386 3776 85.
432 3717 549 3773 Non
599 3729 682 3774 est
733 3733 864 3788 ergo
896 3726 1136 3781 naturae,
1181 3732 1285 3770 non
1335 3725 1418 3772 est
1465 3717 1718 3787 potenti:e
1766 3717 1818 3772 itt

217 3811 446 3869 Christo
489 3812 688 3884 aliqua,
719 3813 842 3883 quia
878 3826 984 3867 non
1014 3811 1313 3882 generavit,
1348 3811 1660 3876 inﬁrmitas;
1694 3811 1822 3882 quia

214 3911 531 3983 generatio,
561 3911 702 3966 sicut
723 3925 867 3981 smpe
889 3910 1001 3981 jam
1031 3911 1290 3975 diximus,
1311 3899 1820 3963 nonadsublimita-

215 4016 327 4062 tem
355 4006 639 4077 potentim,
655 4003 680 4042 ι’
697 4004 793 4061 sed
815 4003 881 4057 ad
905 4005 1293 4074 proprietatem
1323 4003 1558 4057 refertur
1581 4010 1816 4056 natum.

213 4099 352 4153 Nam
387 4099 434 4153 si
465 4097 585 4153 ideo
613 4099 957 4168 omnipotens
980 4096 1143 4152 Pater
1168 4138 1182 4160 ,
1227 4096 1352 4166 quia
1398 4095 1593 4150 Filium
1619 4094 1816 4159 habet;

206 4192 650 4262 omnipotentior
680 4206 810 4260 ergo
837 4207 958 4246 esse
1001 4190 1208 4259 potuit,
1256 4191 1300 4245 si
1336 4190 1521 4260 plures
1563 4188 1814 4243 haberet.

283 4287 382 4340 86.
415 4283 497 4339 An
518 4299 649 4339 vero
673 4285 910 4354 potentia
935 4283 1053 4354 ejus
1074 4285 1127 4338 itt
1159 4298 1263 4337 una
1287 4280 1639 4355 generatione
1663 4279 1818 4335 defe-

205 4380 324 4434 cit?
350 4383 429 4433 At
450 4393 552 4445 ego
577 4376 859 4433 ostendam
887 4387 942 4432 et
963 4377 1236 4432 Christum
1261 4376 1462 4432 habere
1492 4375 1651 4440 ﬁlios,
1679 4388 1819 4444 quos

206 4470 469 4544 quotidie
500 4479 742 4541 generat,
773 4471 866 4526 sed
903 4486 965 4526 ea
995 4470 1369 4542 generatione,
1402 4470 1488 4525 vel
1519 4470 1699 4541 petius
1729 4484 1818 4524 re-

204 4565 598 4636 generatione,
635 4580 755 4636 quae
787 4567 1073 4636 potestatis
1107 4575 1212 4632 est,
1239 4567 1369 4633 {non
1405 4576 1644 4631 naturae;
1688 4565 1819 4620 adu-

209 4663 327 4729 ptio
349 4661 504 4716 enim
529 4660 812 4729 potestatis
826 4670 930 4726 est,
958 4661 1240 4731 generatio
1270 4663 1638 4732 proprietatis.
1664 4661 1818 4727 Quod

207 4757 331 4828 ipsa
365 4755 653 4826 Scriptura
685 4770 784 4810 nos
835 4753 1054 4822 docuit;
1086 4755 1218 4810 dicit
1246 4758 1389 4811 enim
1419 4756 1658 4812 Joannes
1695 4757 1820 4826 quia

204 4853 260 4905 in
297 4851 411 4908 hoc
449 4849 643 4905 mundo
668 4860 799 4917 erat,
823 4861 869 4906 et
898 4851 1119 4905 mundus
1143 4868 1234 4922 per
1259 4853 1428 4922 ipsum
1456 4857 1626 4916 [actus
1650 4863 1742 4918 est,
1775 4860 1821 4907 et

285 5020 309 5046 ⁸
345 5009 430 5064 lta
455 5017 563 5063 vet.
590 5007 720 5064 edit.
755 5019 810 5063 et
833 5010 1014 5079 plures
1039 5010 1385 5078 potioresque
1413 5023 1541 5063 mss.
1570 5009 1637 5063 At
1657 5008 1818 5063 Rom.

203 5082 344 5137 edit.
383 5095 510 5135 cum
549 5081 669 5136 aliis
709 5083 1003 5145 nonnullis,
1034 5082 1121 5152 qui
1147 5082 1358 5136 ditiores
1383 5092 1522 5136 sunt.

281 5153 309 5192 ιι
345 5153 504 5208 llanc
544 5153 814 5208 Ambrosii
859 5153 1182 5207 sententiam
1229 5152 1483 5208 Petavius
1528 5152 1620 5207 lib.
1671 5169 1704 5207 ιι
1747 5153 1814 5208 de

204 5225 420 5281 Trittit.
454 5239 576 5294 cap.
605 5223 660 5288 5,
700 5225 770 5279 ita
799 5224 1041 5295 exponit,
1071 5223 1170 5278 hoc
1198 5236 1292 5285 est,
1326 5224 1513 5294 inquit,
1548 5225 1814 5296 proprium

199 5297 470 5367 quiddam
496 5313 602 5351 esse
627 5313 876 5364 personae,
905 5297 1007 5351 sive
1031 5306 1227 5351 natum
1253 5297 1460 5359 diuittw,
1489 5312 1589 5362 qua
1619 5299 1673 5350 in
1706 5296 1814 5350 Pa-

200 5381 285 5422 tre
312 5367 574 5422 subsistit.
594 5368 748 5435 Quod
772 5379 828 5423 ut
856 5369 1030 5422 adhuc
1054 5372 1143 5422 tiat
1167 5370 1396 5437 planius,
1421 5367 1812 5424 advertendum

199 5456 274 5496 ex
310 5447 513 5494 natura
543 5439 718 5495 Patris
741 5443 989 5511 generari
1025 5439 1242 5506 Filium,
1275 5455 1380 5496 non
1424 5450 1691 5510 quatenus
1719 5455 1810 5495 na.

202 5524 331 5566 tura
364 5519 476 5574 est,
508 5513 601 5566 sed
626 5523 894 5582 quatenus
921 5524 1004 5566 est
1034 5513 1084 5566 in
1109 5512 1304 5577 Patre;
1344 5522 1403 5566 ut
1432 5513 1520 5568 ille
1561 5513 1721 5568 simul
1766 5519 1822 5567 et

199 5583 704 5640 consubstantialis
729 5585 801 5640 sit
835 5585 1014 5650 Patri,
1049 5595 1102 5639 et
1133 5587 1202 5640 ab
1234 5600 1301 5640 eo
1333 5585 1698 5656 personaliter
1734 5584 1821 5639 di-

203 5658 482 5712 Stinetus.

286 5741 310 5763 τ’
351 5725 518 5780 Rom.
547 5727 682 5783 edit.
710 5741 764 5785 et
790 5727 1006 5792 quidam
1034 5744 1196 5795 mss,
1224 5727 1456 5783 Dicimus
1481 5729 1688 5799 itaque:
1712 5736 1819 5783 vet.

207 5799 358 5855 edit;
399 5801 756 5871 etgalii-mss"
787 5800 1077 5871 Didicimus
1108 5803 1299 5868 itaque.
1328 5802 1557 5871 Aptius;
1593 5799 1828 5871 refertur

207 5874 371 5925 enim
408 5867 474 5923 ad
505 5870 799 5940 superiora.
835 5870 975 5925 dedit
1005 5870 1109 5926 illis
1139 5867 1458 5932 uatestote'm."
1489 5879 1592 5928 etc.
1616 5869 1815 5925 lterum

1927 1939 2057 1994 ergo
2099 1924 2445 1994 omnipotens
2495 1925 2656 1982 Pater
2684 1941 2810 1982 cum
2857 1927 3050 1984 dolore
3077 1937 3134 1984 et
3167 1930 3528 2001 conceptione

1924 2018 2224 2085 generavit.
2261 2017 2368 2073 Sed
2400 2019 2564 2086 absit,
2590 2029 2648 2074 ut
2691 2021 2855 2078 Deum
2884 2037 2948 2077 ex
2986 2021 3301 2079 inﬁrmitate
3327 2037 3528 2096 corpo-

1927 2111 2003 2166 ris
2033 2113 2344 2168 metiamur.
2378 2113 2476 2169 Est
2515 2113 2732 2184 quidam
2774 2125 2963 2171 uterus
2990 2125 3238 2187 paternae
3268 2131 3528 2172 arcanum

1924 2207 2269 2273 substantiae,
2299 2209 2634 2280 interiusque
2668 2217 2964 2273 secretum,
2994 2209 3139 2280 quod
3169 2225 3277 2264 non
3311 2210 3528 2281 Angeli,

1927 2317 2036 2356 non
2065 2300 2418 2370 Archangeli,
2449 2317 2554 2357 non
2592 2301 2921 2366 Petestates,
2954 2317 3060 2357 non
3093 2301 3522 2367 Dominatiottes,

1927 2412 2034 2451 non
2052 2399 2228 2468 aliqtta
2249 2401 2627 2454 creaturarum
2650 2402 2825 2468 potuit
2846 2406 3138 2469 penetrare
3161 2406 3373 2452 natura.
3390 2397 3528 2453 Cum

1927 2491 2088 2549 Patre
2117 2491 2260 2544 enim
2298 2506 2535 2561 semper,
2568 2500 2625 2547 et
2656 2491 2708 2546 in
2741 2490 2902 2546 Patre
2934 2505 3151 2561 semper
3194 2498 3279 2545 est
3309 2488 3477 2545 Filius
3507 2507 3524 2544 :

1924 2600 2048 2640 cum
2079 2585 2241 2641 Patre
2283 2601 2379 2655 per
2438 2585 2848 2641 distinctionem
2909 2582 3373 2640 intlissociabilem
3400 2581 3526 2638 Tri-

1927 2679 2112 2734 nitatis
2162 2690 2406 2744 aeternio,
2445 2679 2497 2734 in
2538 2679 2697 2734 Patre
2735 2693 2832 2751 per
2883 2677 3082 2734 divinze
3109 2677 3374 2732 unitatem
3430 2690 3527 2730 na-

1925 2788 2082 2834 turne.

1996 2873 2086 2929 89.
2113 2872 2246 2942 Quis
2286 2869 2568 2942 igiturhic
2598 2869 2800 2925 arbiter
2831 2867 3153 2934 divinitatis,
3201 2865 3290 2937 qui
3344 2864 3526 2920 discu-

1925 2972 2022 3026 tiat
2051 2970 2270 3025 Patrem
2295 2983 2357 3024 ac
2375 2968 2570 3024 Filium
2607 2985 2619 3021 :
2645 2966 2764 3032 ille,
2789 2981 2956 3036 quare
2981 2964 3327 3036 generaverit
3358 2981 3370 3016 :
3401 2963 3528 3030 iste,

1924 3080 2022 3121 cur
2052 3081 2158 3121 non
2180 3062 2567 3137 generaverit?
2595 3060 2883 3118 Servulum
2910 3075 3066 3115 suum
3092 3067 3186 3113 aut
3208 3056 3523 3113 ancillulam

1926 3173 2024 3214 cur
2044 3174 2149 3215 non
2175 3156 2543 3229 generaverit,
2570 3170 2732 3210 nemo
2753 3153 3082 3210 condemnat
3111 3170 3123 3205 :
3150 3151 3238 3206 isti
3265 3149 3528 3205 condent-

1928 3266 2081 3324 nant,
2127 3273 2225 3312 cur
2275 3271 2381 3310 non
2435 3252 2780 3326 generaverit
2827 3251 3119 3313 Christus;
3159 3245 3529 3304 condemnant

1925 3353 2070 3407 enim
2102 3365 2196 3405 sua
2230 3349 2510 3419 opinione,
2543 3362 2664 3402 cum
2713 3344 2999 3414 derogant.
3047 3341 3158 3397 Nec
3203 3337 3524 3410 coniugibus

1926 3449 2066 3502 inter
2083 3459 2144 3501 se
2173 3459 2272 3500 cur
2297 3457 2404 3498 non
2429 3438 2835 3511 generaverint,
2859 3446 2952 3490 aut
2975 3435 3215 3491 cltaritas
3239 3433 3525 3498 minuitur,

1921 3548 2016 3594 aut
2061 3537 2320 3592 meritum
2366 3533 2662 3605 derogatur
2707 3550 2719 3586 :
2764 3531 2851 3586 isti
2895 3529 3020 3601 quia
3066 3545 3173 3585 non
3217 3525 3524 3600 generavit,

1921 3633 2125 3690 Christi
2160 3632 2409 3687 minuttnt
2435 3637 2780 3700 potestatem.

1995 3729 2085 3785 90.
2113 3727 2248 3792 Cur,
2276 3725 2549 3795 inquiunt,
2591 3722 2762 3778 Filius
2796 3722 2956 3776 Pater
3003 3736 3108 3776 non
3155 3720 3274 3775 est?
3303 3717 3439 3787 Quia
3473 3726 3528 3773 et

1922 3823 2084 3879 Pater
2114 3820 2286 3876 Filius
2319 3834 2425 3874 non
2455 3827 2556 3874 est.
2600 3816 2710 3870 Cur
2742 3831 2849 3870 non
2883 3816 2987 3870 iste
3027 3812 3346 3886 generavit?
3385 3809 3525 3878 Quia

1923 3931 2024 3972 nec
2054 3915 2146 3970 ille
2172 3919 2464 3985 generatus
2491 3919 2594 3966 est.
2627 3909 2738 3964 Nec
2765 3906 2887 3963 ideo
2931 3907 3111 3961 minus
3140 3905 3303 3960 habet
3330 3902 3526 3962 Filius.

1921 4011 2045 4080 quia
2093 4008 2254 4063 Pater
2297 4021 2404 4062 non
2449 4014 2573 4062 est:
2603 4019 2702 4060 nec
2757 4002 2916 4057 Pater
2966 4001 3146 4055 minus
3178 3998 3361 4064 habet,
3396 3995 3522 4066 quia

1924 4103 2092 4159 Filius
2121 4109 2357 4157 nonest.
2394 4099 2544 4156 Dixit
2575 4099 2719 4155 enim
2750 4097 2961 4153 Filius:
2994 4095 3186 4150 Omnia
3222 4107 3334 4160 qua
3368 4089 3526 4144 Pater

1921 4197 2091 4262 habet,
2125 4211 2236 4249 mea
2292 4204 2410 4248 sunt
2441 4192 2622 4264 (Joan.
2653 4207 2765 4254 xvt,
2800 4191 2915 4259 l5).
2958 4187 3110 4244 Adeo
3141 4184 3428 4256 generatio
3467 4183 3520 4238 in

1921 4300 2144 4362 paterna
2178 4290 2507 4359 proprietate
2531 4303 2637 4343 non
2673 4287 2724 4341 in
2746 4285 2870 4357 jure
2893 4295 2977 4340 est
3009 4283 3317 4354 potestatis.

1991 4386 2081 4443 9|.
2127 4385 2223 4441 Est
2260 4383 2506 4454 quaedam
2540 4381 2852 4437 indistinma
2890 4379 3169 4435 distincta:
3213 4377 3527 4445 incompre-

1920 4480 2204 4537 hensibilis
2231 4487 2288 4535 et
2315 4476 2698 4535 inenarrabilis
2726 4474 3032 4530 substantia
3066 4471 3376 4526 Trinitatis.
3437 4469 3528 4522 Di-

1923 4575 2274 4631 stinctionem
2305 4571 2506 4628 etenim
2538 4567 2853 4639 accepimus
2883 4566 3060 4623 Patris
3097 4574 3150 4620 et
3180 4563 3306 4620 Filii
3331 4572 3386 4619 et
3405 4561 3534 4633 Spi-

1927 4671 2064 4725 ritus
2094 4667 2292 4729 sancti,
2325 4681 2432 4720 non
2459 4662 2834 4719 confusionem
2859 4679 2874 4714 :
2912 4670 2934 4697 ε
2954 4659 3362 4714 distinctionem
3381 4697 3396 4721 ,
3420 4670 3528 4710 non

1929 4760 2329 4830 separationem
2365 4777 2378 4812 :
2410 4755 2847 4822 distinctionem,
2877 4767 2984 4808 non
3019 4751 3409 4822 pluralitatem.
3441 4748 3531 4803 Di-

1928 4854 2057 4909 vino
2079 4853 2260 4924 itaque
2287 4851 2719 4922 admirandoque
2748 4848 3016 4920 mysterio
3049 4855 3361 4903 manentem
3387 4858 3532 4899 sem-

1918 5023 2048 5063 Vero
2080 5007 2170 5062 ubi
2202 5023 2411 5073 omnes,
2445 5015 2500 5062 et
2531 5022 2661 5063 mss.
2711 5006 2940 5076 aliquot,
2984 5001 3314 5076 proprietatis
3343 5007 3523 5052 autem

1915 5080 2314 5154 generationem,
2346 5079 2564 5134 Amerh.
2604 5090 2764 5154 atque
2795 5074 2978 5154 Eras._.
3003 5074 3355 5154 generationes
3380 5085 3397 5130 ;
3425 5083 3517 5148 re.

1919 5144 2047 5222 liqui
2075 5153 2198 5206 cod.
2227 5151 2500 5207 invertunt
2525 5144 2926 5222 sententiamin
2952 5144 3094 5202 hunc
3122 5144 3364 5222 modum,
3394 5144 3518 5209 pra-

1919 5214 2189 5298 pr'ietatem
2217 5232 2383 5277 autent
2415 5223 2777 5298 generationis.
2813 5221 3001 5298 Minus
3030 5214 3342 5298 commode.

1991 5294 2016 5333 ιι
2051 5295 2177 5368 μεθ.
2207 5289 2461 5368 quatuor,
2489 5295 2614 5364 jure
2645 5294 2874 5360 pietatis.
2909 5289 3413 5368 Haud_inco-ngrue.
3446 5355 3454 5364 ⁸

1996 5379 2018 5405 θ
2043 5366 2136 5423 Sic
2161 5359 2353 5440 omnes
2381 5359 2513 5440 edit.
2535 5379 2600 5440 et
2628 5359 2758 5440 mss.
2791 5381 2898 5419 non
2932 5361 3082 5432 pauci
3116 5377 3127 5409 τ
3162 5359 3252 5440 alii
3284 5369 3413 5410 vero
3438 5359 3524 5440 ηι-

1925 5439 2124 5509 gulatis
2148 5439 2390 5494 vocibus.
2421 5438 2824 5498 distinctionem,
2848 5424 2949 5509 non
2977 5430 3374 5509 separationem,
3398 5424 3526 5509 sult-

1923 5505 2180 5581 jungunt,
2207 5511 2622 5582 divinitatemque
2638 5505 2944 5562 admirando
2972 5505 3525 5582 mysterio-monetttmt

1927 5570 2129 5652 semper
2168 5570 2450 5654 accipimus
2479 5570 2548 5635 ea;
2575 5579 2756 5643 Patre,
2788 5589 2986 5654 semper
3016 5570 3106 5654 per
3135 5570 3358 5654 Filium,
3389 5585 3524 5654 sent-

1927 5672 2021 5727 per
2039 5641 2100 5709 ’ἱη
2131 5641 2386 5727 Spiritum
2409 5664 2674 5727 sanetum;
2707 5641 2845 5704 utms
2868 5641 2906 5727 _e
2937 5641 3204 5727 (lo-lberta
3235 5641 3527 5727 distinctio-

1931 5714 2068 5792 nem,
2099 5714 2202 5780 non
2242 5714 2784 5792 separationeptt,vttou
2827 5717 3179 5786 pluralitate!"
3221 5714 3522 5770 didicimus.

1931 5798 2140 5854 Caetera
2169 5808 2225 5853 ut
2253 5797 2306 5852 in
2337 5801 2610 5852 contextu.
