4016 6292
164 174 249 215 ῖν

250 300 361 358 657

1622 297 1707 355 ne
1744 286 1906 356 tritis
1946 284 2079 355 [ιιι.
2120 294 2211 355 tv.

3455 294 3561 355 (.38

250 402 439 474 tumin
474 430 646 475 sisne
673 419 819 491 quod
854 419 1015 476 “item
1042 418 1239 484 habet,
1269 417 1566 486 aliquando
1602 418 1853 488 coeperit.
1885 424 1938 489 Α
1958 412 2176 473 Christo
2202 414 2401 473 divinat
2426 416 2811 488 preprielatein
2838 427 3081 484 natiirm;
3109 428 3162 471 nt
3193 433 3290 472 nec
3323 382 3565 489 unigeni~

252 509 319 566 Et
344 512 396 568 si
428 514 749 583 acceperint
778 512 1046 583 ejusmodi
1079 513 1488 583 reSponsionem
1507 553 1521 577 ,
1553 513 1677 582 quia
1708 510 1857 582 quod

246 609 419 662 linem
438 607 630 669 habet,
656 609 828 678 erepit
846 606 1170 679 aliquando;
1196 604 1461 674 referunt,
1486 616 1667 662 utrum
1696 604 1859 663 Pater

246 699 479 756 desierit
514 704 787 772 generare
828 699 1046 757 Filium.
1081 700 1236 769 Quod
1264 712 1387 756 cum
1424 690 1727 765 tenuerint,
1758 708 1859 753 no-

244 802 366 849 stro
390 796 672 867 aspirante
698 802 998 864 consensu,
1025 804 1363 851 contexunt:
1393 790 1572 866 Cmpit
1601 808 1731 865 ergo
1764 809 1858 865 ge-

246 889 488 941 neratio.
540 886 600 943 td
648 889 694 943 si
738 901 846 944 non
879 878 1119 954 abnues,
1151 886 1415 957 consequi
1445 887 1680 956 videtur,
1723 894 1786 942 ut
1809 887 1855 943 si

244 980 415 1050 erepit
438 975 746 1051 generatio,
780 981 1026 1037 videatur
1049 983 1105 1037 in
1133 990 1201 1037 eo
1222 989 1422 1052 erepta,
1446 980 1539 1051 qui
1562 988 1721 1035 natus
1740 989 1852 1046 est;

196 1131 203 1137 ,
245 1082 306 1128 ιιι
345 1083 511 1129 natus
548 1088 672 1130 esse
696 1074 933 1142 dicatur,
955 1075 1193 1146 quiante
1216 1090 1324 1130 non
1354 1075 1562 1141 fuerat,
1594 1072 1740 1129 unde
1761 1074 1858 1130 de-

249 1170 444 1224 liniant
471 1188 484 1223 :
516 1169 826 1240 Aliquando
851 1184 982 1241 ergo
1013 1168 1185 1225 Filius
1214 1183 1324 1223 non
1354 1166 1471 1225 fuit.

323 1261 447 1317 101.
480 1260 763 1331 Adjiciunt
788 1261 926 1317 alias
954 1262 1184 1332 ineptias
1224 1258 1565 1331 loquacitatis
1593 1274 1736 1328 suae,
1766 1259 1853 1315 di-

244 1367 439 1413 centes
465 1374 479 1411 :
505 1355 564 1413 Si
593 1355 831 1413 Verbum
862 1356 1041 1411 Patris
1066 1355 1240 1411 Filius
1265 1366 1348 1411 est
1370 1397 1388 1423 ,
1417 1365 1472 1410 et
1493 1355 1616 1411 ideo
1639 1354 1855 1426 genitus

247 1449 471 1515 dicitur,
501 1449 627 1520 quia
668 1448 903 1506 Verbum
930 1457 1050 1504 est:
1081 1448 1227 1521 quod
1257 1458 1439 1504 autem
1466 1446 1703 1504 Verbum
1734 1457 1852 1517 est,

243 1558 385 1614 Opus
418 1558 526 1597 non
554 1549 678 1598 est:
715 1540 1063 1596 multifariam
1105 1542 1319 1597 locutus
1353 1553 1435 1597 cst
1472 1540 1633 1597 Pater
1665 1538 1853 1613 (Hebr.

243 1651 287 1704 i,
323 1632 414 1706 l);
453 1635 652 1690 inultos
672 1649 802 1705 ergo
829 1637 1111 1707 generavit
1132 1634 1299 1701 ﬁlios,
1335 1644 1361 1672 ι
1386 1635 1435 1691 si
1464 1620 1855 1707 nou-operatus

244 1738 367 1793 est,
423 1726 523 1783 sed
575 1726 787 1782 locutus
827 1736 912 1783 est
956 1727 1211 1784 Verbum.
1257 1730 1517 1783 Aiueiites
1568 1725 1851 1784 homines!

1958 512 2069 576 tus,
2100 522 2200 567 nec
2236 510 2633 581 primogenitum
2691 513 3034 567 mstimetnr:
3090 522 3367 582 postremo
3414 522 3468 565 nt
3515 512 3562 567 si

1958 603 2285 674 principium
2315 604 2571 660 credatur
2599 604 2893 676 accepisse,
2928 605 3093 661 etiam
3118 602 3282 661 linem
3314 604 3563 661 videatur

1958 695 2265 752 habiturust

2032 788 2152 845 10⁸1.
2181 788 2286 844 Sed
2339 800 2513 859 neque
2560 789 2884 860 principium
2931 791 3225 861 assumpsit
3268 786 3562 861 aliquando

1960 879 2059 935 Dei
2090 880 2261 937 Filius
2285 923 2300 946 ,
2342 883 2434 953 qui
2480 893 2601 937 erat
2640 880 2693 938 in
2746 883 3008 953 principio
3039 882 3222 950 (Joan.
3254 901 3290 949 i,
3328 882 3380 957 1)
3412 901 3424 937 :
3457 899 3558 938 ne-

1955 989 2062 1043 que
2084 976 2248 1030 linem
2284 975 2543 1041 habebit,
2577 977 2666 1047 qui
2704 984 2788 1031 est
2821 976 3142 1048 piincipium
3189 974 3564 1032 universitatis

1954 1077 2013 1124 et
2058 1068 2179 1124 linis
2209 1062 2392 1142 (Iona.
2422 1085 2534 1137 mi,
2564 1068 2684 1140 Ι20).
2733 1069 2865 1125 Nam
2910 1086 3034 1126 cuni
3083 1072 3150 1125 sit
3193 1071 3515 1141 principium
3543 1111 3559 1137 ,

1956 1166 2230 1234 quomodo
2258 1167 2400 1238 quod
2444 1164 2711 1232 habebat,
2746 1167 2998 1237 accepit?
3034 1174 3128 1221 aut
3163 1164 3434 1235 quomodo
3478 1165 3564 1221 sui

1959 1262 2118 1316 linem
2154 1262 2411 1329 habebit;
2438 1277 2560 1317 cuin
2592 1264 2832 1315 omnium
2868 1263 2978 1332 ipse
3011 1262 3080 1315 sit
3114 1260 3268 1324 linis,
3302 1269 3356 1314 nt
3384 1259 3436 1315 in
3470 1260 3563 1313 illo

1960 1355 2064 1409 line
2087 1355 2204 1409 sine
2227 1350 2335 1409 line
2355 1354 2700 1410 maneamus?
2724 1346 2976 1409 Deienim
2993 1352 3273 1425 generatio
3286 1368 3407 1407 cum
3426 1361 3565 1408 teni-

1954 1450 2156 1518 poislis
2182 1458 2287 1505 non
2315 1449 2406 1515 sit,
2426 1462 2526 1505 nec
2552 1452 2677 1505 ante
2709 1463 2787 1515 se,
2819 1458 2919 1505 nec
2940 1448 2993 1503 in
3018 1456 3077 1503 Se
3106 1457 3318 1519 tempus
3337 1449 3561 1503 invenit.

2031 1542 2149 1600 108.
2178 1542 2389 1615 Frigida
2418 1543 2583 1615 igitur
2604 1554 2794 1599 eorum
2826 1556 2881 1600 ει
2910 1558 3046 1597 vana
3078 1544 3305 1613 quirstio
3332 1544 3383 1598 in
3410 1558 3563 1598 crea-

1956 1638 2094 1694 turis
2114 1638 2248 1709 ipsis
2278 1656 2384 1695 non
2410 1638 2573 1695 habet
2594 1640 2809 1705 lucum;
2841 1640 2954 1711 ipsa
2979 1642 3180 1695 etenim
3210 1656 3328 1712 qua:
3356 1650 3568 1710 tempo-

1954 1731 2088 1786 ralia
2118 1738 2248 1785 sunt
2273 1773 2287 1796 ,
2319 1730 2711 1787 discretionem
2750 1732 2803 1787 in
2836 1732 3159 1802 quilittsdatti
3192 1732 3394 1788 habere
3426 1742 3564 1787 tem-

244 1824 405 1893 quasi
448 1839 555 1877 non
588 1822 921 1893 intelligant,
953 1823 1080 1894 quid
1111 1824 1326 1878 intersit
1355 1825 1494 1878 inter
1523 1824 1851 1892 prolativum
1886 1852 1933 1914 Β
1958 1826 2106 1894 puris
2139 1838 2244 1879 non
2271 1822 2541 1879 videntur.
2562 1820 2676 1880 Lux
2704 1838 2904 1893 nempe
2932 1822 3279 1896 Splendorem
3318 1834 3562 1895 generat,

242 1932 586 1985 sermonem,
615 1919 734 1973 etin
756 1928 1020 1975 teternnm
1048 1935 1374 1991 permanens
1398 1920 1494 1974 Di-i
1525 1920 1763 1977 Verbum
1787 1936 1852 1975 ex
1889 1910 1924 1914 —
1955 1932 2060 1975 nec
2102 1910 2494 1989 comprehendi
2550 1930 2726 1990 potest
2777 1919 2919 1990 quod
2976 1920 3236 1990 splendor
3300 1921 3417 1976 luce
3472 1937 3567 1989 po-

243 2009 416 2068 Patre
459 2021 645 2068 natum
671 2029 684 2066 :
715 2011 881 2085 540
911 2022 1095 2068 natum
1138 2017 1347 2085 utique,
1382 2029 1489 2069 non
1535 2014 1848 2086 prolatum;

243 2106 300 2161 in
331 2121 441 2177 quo
469 2123 576 2161 non
605 2110 910 2177 composita
940 2108 1150 2180 syllaba
1172 2149 1188 2176 ,
1216 2107 1313 2163 sed
1344 2106 1629 2178 plenitudo
1657 2107 1854 2162 divini-

244 2200 377 2256 tatis
406 2211 629 2256 asternie
657 2209 770 2268 est,
803 2208 859 2255 et
885 2202 997 2256 vita
1022 2202 1140 2256 sine
1170 2200 1297 2256 line.

318 2295 445 2351 102.
494 2296 807 2353 Sobtexunt
843 2296 1006 2351 aliam
1054 2296 1431 2367 impietatem.
1482 2305 1861 2383 proponentcs.

239 2397 430 2445 utrum
456 2390 670 2455 volens,
694 2406 760 2443 an
792 2388 996 2444 invitus
1024 2388 1374 2459 generaverit
1402 2387 1594 2453 Pater;
1616 2398 1673 2443 ut
1695 2388 1741 2443 si
1769 2387 1853 2443 di-

240 2485 491 2540 xerimus
520 2485 794 2539 volentem
815 2526 831 2551 ,
862 2466 1239 2554 iantiqniorem
1266 2483 1619 2554 generatione
1663 2483 1853 2537 volnu-

240 2586 418 2634 tatem
455 2578 735 2634 videamur
764 2576 920 2633 lateri
940 2617 958 2643 ,
989 2587 1044 2632 et
1074 2575 1312 2632 referant
1352 2576 1478 2647 quia
1519 2590 1629 2630 non
1660 2576 1729 2630 sit
1754 2575 1854 2629 Fi-

239 2660 353 2726 lius
399 2678 706 2726 coaeternus
736 2669 915 2737 Patri,
945 2684 1107 2739 quem
1147 2668 1351 2740 aliquid
1400 2669 1729 2726 antecessit:
1758 2678 1854 2723 aut

239 2765 373 2834 quia
412 2774 468 2819 et
494 2764 612 2833 ipse
644 2763 718 2819 sit
739 2774 990 2819 creatura
1012 2766 1035 2831 ;'
1058 2764 1182 2835 quia
1213 2764 1477 2833 scriptum
1507 2773 1590 2819 est
1618 2781 1632 2818 ε
1665 2762 1853 2819 Omnia

238 2872 363 2928 qua
387 2856 570 2923 voluit,
594 2856 714 2926 {erit
745 2855 921 2926 (Paul.
948 2872 1104 2921 exui,
1129 2858 1218 2924 11)
1234 2872 1251 2922 ;
1267 2872 1390 2913 cum
1412 2856 1517 2913 hoc
1536 2857 1714 2927 ipsum
1741 2873 1849 2912 non

240 2950 314 3006 de
336 2949 506 3005 Patre
532 2963 582 3005 et
612 2942 769 3015 Filio,
795 2949 891 3006 sed
916 2950 985 3004 de
1006 2949 1090 3004 bis
1122 2964 1257 3019 quas
1286 2948 1458 3005 Filius
1484 2949 1849 3015 iecit,dietuni

240 3044 321 3099 sit
344 3028 639 3099 creaturis.
674 3041 772 3099 Sin
802 3051 985 3098 autem
1017 3042 1248 3097 invitum
1292 3041 1506 3098 Patrem
1560 3056 1852 3113 generasse

1954 2013 2155 2070 sterior
2180 2014 2270 2081 sit,
2301 2023 2395 2069 aut
2420 2012 2512 2070 lux
2546 2012 2839 2085 splendore
2867 2016 3179 2087 antiquior;
3213 2016 3335 2083 quia
3367 2013 3453 2071 tibi
3488 2017 3566 2069 Iu-

1951 2112 2080 2163 then
2106 2116 2213 2176 est,
2246 2108 2505 2178 splendor
2728 2117 2846 2164 est:
2878 2122 2926 2165 et
2962 2110 3052 2164 tibi
3084 2108 3365 2179 splendor,
3398 2111 3563 2164 etiam

1954 2202 2137 2258 iumelt
2181 2210 2282 2257 est.
2338 2202 2527 2274 itaque
2576 2220 2675 2261 nec
2714 2206 2833 2260 sine
2860 2204 3154 2275 Splendore
3184 2205 3406 2273 lumen,
3456 2221 3560 2261 nec

1948 2294 2213 2365 splendor
2237 2294 2415 2364 potest
2432 2306 2553 2352 eSSe
2576 2297 2691 2351 sine
2712 2293 2947 2361 lumine;
2969 2299 3093 2367 quia
3121 2308 3171 2351 et
3193 2300 3245 2351 in
3270 2294 3564 2367 splendore

1957 2388 2139 2444 lumen
2168 2430 2182 2455 ,
2214 2390 2269 2445 et
2294 2382 2560 2461 Splendor
2590 2374 2642 2446 in
2680 2392 2885 2447 lumine
2912 2403 3013 2448 εει.
3046 2390 3201 2448 Unde
3246 2402 3295 2448 et
3329 2390 3570 2459 Aposto-

1955 2482 2039 2539 lus
2079 2484 2427 2554 splendorem
2467 2494 2705 2555 paterna:
2743 2487 2934 2557 glorias
2968 2485 3163 2542 Filium
3199 2482 3331 2542 dixit
3371 2484 3559 2560 (Hebr.

1952 2591 1992 2640 i,
2035 2574 2090 2646 δ)
2116 2582 2133 2643 ξ
2162 2577 2287 2647 quia
2315 2574 2580 2647 splendor
2618 2590 2867 2649 paternae
2902 2578 3042 2635 lucis
3074 2587 3159 2635 est
3188 2576 3356 2635 Filios
3381 2598 3394 2634 :
3420 2596 3565 2634 coae-

1952 2670 2163 2730 ternus,
2191 2670 2409 2738 propter
2451 2668 2666 2725 virtutis
2708 2673 3066 2727 aeternitatem
3096 2691 3107 2727 :
3141 2671 3559 2742 inseparabilis,

1952 2776 2181 2836 propter
2209 2763 2556 2820 claiitudinis
2586 2767 2870 2821 unitatem.

2027 2858 2146 2915 109.
2183 2856 2327 2929 Ergo
2353 2861 2399 2915 si
2431 2860 2748 2928 temporalia
2785 2871 2837 2915 et
2869 2872 3024 2915 aerea
3053 2859 3170 2915 limc
3198 2860 3554 2929 comprehen-

1949 2951 2081 3008 dere
2104 2962 2157 3008 et
2178 2962 2438 3023 separare
2457 2968 2564 3009 non
2592 2966 2899 3023 possumus,
2932 2966 3052 3024 quae
3072 2954 3321 3008 videmus
3346 2971 3360 3019 ;
3393 2955 3559 3009 l‘euin

1954 3050 2112 3118 quem
2145 3062 2251 3103 non
2282 3046 2548 3117 videmus,
2574 3050 2661 3119 qui
2687 3065 2851 3118 super
2874 3064 3087 3104 omnem
3118 3058 3201 3103 est
3228 3057 3557 3117 creaturam,

246 3135 715 3206 responderimus,
738 3135 1034 3191 invalidum
1065 3136 1281 3192 Patrem
1312 3136 1517 3193 dixisse
1547 3135 1869 3192 videamur-
1952 3140 2008 3194 in
2038 3141 2159 3212 ipso
2180 3152 2293 3195 suat
2323 3144 2688 3212 generationis
2726 3154 2925 3198 arcano
2970 3158 3258 3214 possumus
3307 3158 3557 3212 compre—

326 3229 450 3284 105.
482 3227 586 3285 Sed
618 3228 748 3284 milii
780 3230 835 3284 in
876 3231 1208 3299 sempiterna
1250 3230 1601 3296 generatione
1644 3244 1849 3298 prmce-
1874 3238 1920 3307 Β
1954 3232 2236 3290 ltendere?
2257 3233 2552 3291 Possumus
2581 3246 2701 3290 etim
2743 3251 2771 3290 a
2812 3232 2954 3291 Filio
2986 3246 3227 3305 tempore
3256 3234 3510 3306 separare
3539 3276 3556 3303 ,

246 3322 352 3390 dit,
385 3336 486 3377 nec
514 3322 667 3386 velle,
695 3337 795 3377 nec
819 3320 968 3377 nolle
998 3338 1013 3376 :
1046 3336 1176 3393 ergo
1209 3337 1308 3376 nec
1338 3321 1563 3377 invitum
1591 3320 1848 3389 dixerim,

240 3431 350 3471 nec
383 3416 690 3483 volentem;
720 3415 847 3489 quia
868 3418 1149 3487 generatio
1179 3431 1285 3472 non
1316 3416 1369 3471 in
1399 3416 1693 3471 voluntatis
1722 3430 1848 3483 pos-

240 3510 509 3566 sibilitate
564 3520 675 3576 est,
722 3510 820 3566 sed
860 3510 910 3564 in
939 3509 1069 3580 jure
1123 3508 1357 3579 quodam
1408 3518 1463 3564 et
1516 3508 1850 3580 prolii'ietate

241 3606 464 3675 paterni
492 3604 707 3660 videtur
732 3620 857 3660 esse
883 3604 1106 3659 secreti.
1142 3601 1275 3658 Nam
1311 3603 1454 3658 sicut
1483 3602 1658 3659 bonus
1688 3602 1851 3659 Pater

236 3716 349 3756 non
380 3710 471 3754 aut
499 3715 566 3755 ex
588 3699 868 3754 voluntate
888 3708 993 3765 est,
1018 3707 1113 3753 aut
1133 3698 1479 3763 necessitate,
1509 3695 1535 3735 δ
1561 3697 1654 3753 sed
1684 3712 1851 3768 super

235 3804 537 3863 utrumque
560 3833 576 3858 ,
608 3792 711 3847 hoc
747 3799 831 3847 est
853 3832 868 3858 ,
902 3799 1127 3857 natura;
1168 3788 1240 3845 ita
1270 3804 1376 3846 non
1406 3802 1631 3861 generat
1658 3805 1721 3846 ex
1756 3806 1850 3844 vo-

233 3872 452 3941 luntate
492 3892 585 3938 aut
615 3884 945 3940 necessitate
977 3883 1152 3940 Pater.

312 3976 440 4033 104.
471 3977 603 4034 Esto
628 3985 809 4033 tamen
830 4018 844 4043 ,
883 3975 956 4032 sit
981 3977 1262 4048 generatio
1294 3976 1345 4031 in
1378 3977 1655 4032 voluntate
1682 3992 1848 4049 gene-

234 4074 420 4129 rantis
445 4113 460 4135 ,
490 4072 705 4144 quando
737 4072 877 4126 lianc
907 4070 1240 4126 voluntatem
1264 4070 1433 4127 fuisse
1459 4071 1676 4127 dicunt?
1708 4072 1763 4128 Si
1793 4072 1845 4129 in

231 4167 544 4239 principio,
587 4167 638 4221 in
666 4165 937 4236 principio
972 4165 1158 4234 utique
1195 4164 1235 4220 F
1240 4164 1365 4223 ilius
1393 4183 1406 4219 :
1438 4165 1485 4221 si
1515 4167 1848 4237 sempiterna

228 4263 534 4329 voluntas,
562 4260 925 4333 sempiternus
958 4268 1015 4318 et
1041 4261 1212 4317 Filius
1238 4279 1251 4315 :
1280 4261 1327 4317 si
1355 4262 1526 4331 erepit
1554 4262 1844 4331 voluntas,

226 4356 519 4428 dispiicuit
548 4353 709 4426 igitur
736 4353 839 4408 sibi
867 4352 1010 4422 quod
1040 4361 1155 4408 erat
1188 4352 1325 4409 Deus
1353 4351 1544 4421 Pater,
1574 4362 1635 4408 ut
1672 4362 1849 4411 muta-

226 4461 317 4505 ret
342 4458 571 4505 stntum.
600 4448 880 4519 Displicuit
899 4463 1027 4519 ergo
1049 4444 1151 4503 sibi
1172 4449 1292 4505 sine
1315 4447 1473 4515 Filio,
1501 4448 1717 4521 placere
1737 4461 1849 4505 rte-

228 4543 314 4615 pit
344 4542 450 4596 sibi
484 4543 535 4596 in
566 4540 726 4598 Filio.

1950 3340 2077 3380 cuin
2114 3334 2278 3381 oinne
2315 3334 2532 3396 tempus
2562 3340 2697 3397 opus
2721 3326 2839 3382 Filii
2871 3327 2981 3382 sit?

2027 3422 2151 3476 1ιο.
2181 3422 2438 3477 Desinant
2459 3437 2589 3494 ergo
2620 3423 2801 3477 dicere
2826 3440 2839 3476 :
2868 3424 2936 3478 Et
2956 3434 3244 3494 antequam
3269 3438 3558 3493 generare-

1948 3523 2062 3577 lttt‘,
2113 3520 2219 3567 min
2248 3524 2386 3569 erat.
2421 3514 2559 3569 Ante
2606 3514 2750 3569 enim
2802 3518 3065 3585 temporis
3110 3525 3223 3583 est,
3276 3520 3557 3586 generatio

1951 3613 2078 3661 ante
2102 3608 2387 3676 tempora;
2420 3615 2476 3661 et
2500 3606 2626 3662 ideo
2656 3606 2797 3677 quod
2831 3606 3101 3677 posterius
3125 3617 3232 3673 cst,
3263 3610 3414 3680 prius
3448 3626 3553 3665 non

1944 3706 2030 3753 est
2056 3714 2069 3751 :
2099 3698 2200 3753 nec
2219 3706 2357 3767 Opus
2380 3700 2507 3754 ante
2528 3707 2807 3754 auctorem
2838 3708 3016 3772 potoSt
3046 3716 3200 3764 esse;
3230 3714 3350 3756 eum
3380 3716 3546 3772 Opera

1949 3790 2067 3862 lpsu
2092 3791 2415 3863 principium
2442 3791 2510 3847 de
2540 3803 2830 3863 operatnre
2860 3808 2959 3847 Suo
2986 3803 3222 3848 sumant.
3250 3794 3381 3848 Nam
3416 3811 3553 3865 quo-

1948 3886 2116 3939 niodo
2143 3892 2271 3941 ante
2299 3890 2645 3955 operatumm
2678 3900 2834 3941 suum
2860 3900 2991 3941 usus
3018 3887 3199 3957 Operis
3228 3888 3558 3954 it'slitttelur;

1948 3989 2074 4035 cum
2104 3980 2266 4034 oiltue
2290 3985 2503 4051 lenipus
2534 3992 2674 4049 Opus
2701 3981 2797 4046 sit,
2830 3976 2883 4036 et
2914 3984 3073 4035 Omne
3102 3995 3240 4051 opus
3267 3978 3334 4036 de
3364 3995 3558 4051 opera-

1950 4082 2071 4128 tore
2094 4084 2198 4129 suo
2224 4076 2281 4129 iit
2302 4082 2471 4138 esset,
2495 4074 2743 4144 accepit?
3220 4142 3223 4147 ν

2024 4167 2147 4223 111.
2182 4166 2429 4237 EXperiri
2458 4165 2621 4239 igitur
2647 4148 2823 4222 adhuc
2846 4166 2983 4223 istos
3023 4168 3176 4234 volo,
3223 4169 3313 4237 qui
3342 4160 3445 4221 sibi
3480 4168 3557 4222 vi-

1950 4260 2151 4318 dentur
2176 4263 2370 4329 astuti;
2396 4272 2454 4317 ut
2480 4263 2548 4316 de
2580 4260 2782 4317 nostris
2812 4258 3201 4331 rirsiiondeant,
3233 4261 3322 4331 qui
3351 4262 3558 4316 calum-

1947 4350 2170 4409 nianttlr
2205 4354 2407 4409 divinis
2429 4397 2442 4421 ,
2474 4354 2744 4425 longeque
2782 4352 3058 4424 refugiunt
3104 4353 3172 4408 ah
3215 4348 3557 4410 iiiserutnhili

1948 4442 2198 4518 superna:
2220 4446 2592 4520 generationis
2614 4456 2817 4504 arcano
2843 4446 2855 4501 ὲ
2881 4450 3235 4520 qiitestionein
3264 4460 3416 4505 suam
3451 4453 3553 4505 liti-

1948 4552 2125 4597 mana‘.
2168 4544 2414 4597 astruant
2456 4540 2834 4613 generatiOnis
2876 4543 3145 4613 exemplo.
3181 4538 3253 4597 De
3287 4541 3423 4597 Filio
3459 4544 3553 4600 Dei

309 4634 437 4694 105.
461 4636 578 4693 Jam
603 4636 694 4692 illa
723 4636 1108 4713 consequentia
1130 4646 1187 4693 ut
1207 4636 1453 4693 dicamus
1480 4652 1494 4691 :
1519 4636 1576 4692 Si
1605 4636 1842 4691 studium
1868 4612 1923 4698 ἱ)
1946 4635 2133 4692 dicunt
2159 4637 2285 4707 quia
2311 4612 2600 4706 antequam
2628 4640 2991 4705 generaretnr
3017 4612 3124 4691 non
3152 4642 3288 4697 erat,
3316 4635 3419 4691 hoc
3448 4644 3549 4702 est,

223 4732 531 4806 generandi
552 4743 739 4788 nosne
761 4747 913 4787 more
933 4730 1259 4801 assumpsit,
1283 4746 1413 4801 ergo
1429 4740 1480 4787 et
1505 4740 1699 4785 caetera
1723 4743 1841 4801 quae

224 4825 647 4900 generationem
676 4824 985 4896 praecedere
1008 4825 1209 4893 solent,
1239 4832 1427 4881 nostro
1455 4838 1606 4879 inore
1632 4839 1843 4878 assum-

225 4922 344 4994 psit
369 4939 384 4989 ;
412 4930 600 4978 nostro
626 4930 807 4978 autem
839 4936 939 4977 usu
966 4920 1336 4993 generationis
1364 4926 1546 4974 votum
1578 4927 1692 4986 est,
1734 4934 1839 4975 non

223 5018 512 5072 voluntas.

304 5109 435 5165 106.
465 5109 709 5167 Produnt
737 5109 901 5180 igitur
941 5109 1274 5181 impietatem
1308 5121 1461 5163 suam
1485 5147 1499 5170 ,
1528 5104 1623 5177 qui
1653 5103 1841 5161 volunt

224 5204 639 5276 generationem
667 5204 899 5274 coepisse
912 5201 1113 5261 Christi
1139 5220 1154 5269 ;
1185 5212 1243 5258 ιιι
1271 5203 1514 5259 videatur
1537 5216 1643 5256 non
1672 5215 1840 5272 gene-

223 5297 377 5353 ratio
410 5296 503 5350 illa
544 5296 711 5353 Verbi
744 5296 1012 5351 manentis
1037 5338 1053 5363 ,
1086 5295 1180 5352 sed
1210 5295 1441 5367 prolatio
1470 5294 1689 5351 ﬂuentis
1716 5308 1838 5350 esse

222 5389 545 5446 sermonis;
575 5389 772 5444 deinde
798 5388 997 5444 multos
1028 5389 1334 5444 iuducendo
1362 5387 1527 5453 lilios,
1556 5395 1755 5458 negent
1782 5387 1833 5442 in

305 5533 336 5563 ι
370 5524 503 5582 Mss.
531 5525 660 5591 duo,
684 5527 731 5581 εὶ
760 5541 863 5581 non
893 5525 1105 5587 “cura;
1126 5538 1288 5592 unns,
1318 5524 1364 5579 si
1388 5539 1491 5580 non
1515 5534 1721 5580 crmuu
1743 5536 1837 5579 ut.

301 5594 334 5634 ι’
365 5595 486 5651 Vet.
512 5598 641 5653 edit.
657 5639 672 5660 ,
703 5597 794 5653 sed
816 5613 908 5669 per
924 5607 1164 5669 naturam
1185 5637 1199 5661 ,
1224 5602 1297 5649 ιια
1321 5606 1556 5666 generat;
1579 5612 1685 5651 non
1710 5612 1841 5665 patio

225 5670 281 5724 ci
318 5682 470 5743 mss;
490 5684 554 5743 ac
582 5669 710 5743 Gill.
739 5670 794 5727 in
817 5667 1137 5743 ’σπεεξη-σω
1157 5684 1313 5743 super
1332 5679 1627 5743 utrumque.
1650 5668 1724 5722 ira
1750 5684 1839 5743 ge-

223 5749 408 5795 nerat.
439 5728 650 5809 Reliqui
672 5751 835 5810 atque
858 5728 987 5795 eilii.
1012 5728 1179 5799 item
1202 5728 1337 5810 in
1362 5728 1534 5797 textui
1557 5741 1689 5797 Erat
1716 5728 1841 5807 por-

224 5826 294 5883 ro
328 5812 501 5877 ipsius
532 5806 643 5868 Arii
676 5806 791 5869 haec
821 5814 1079 5882 objectio,
1112 5823 1171 5867 ut
1204 5806 1541 5883 Epiphanius
1571 5806 1723 5866 Hzrr.
1746 5813 1836 5878 76,

226 5880 393 5968 tium.
429 5883 502 5965 6,
534 5887 750 5975 scriptis
781 5880 1079 5967 mandavit.
1125 5880 1407 5966 Gentilium
1438 5885 1486 5949 ei
1524 5885 1839 5973 responsio»

1946 4728 2013 4784 de
2038 4729 2130 4784 Dei
2164 4728 2451 4800 sapientia,
2476 4730 2545 4784 de
2572 4732 2770 4785 virtute
2801 4729 2919 4794 Dei,
2953 4739 2976 4767 θ
3007 4729 3073 4785 de
3098 4728 3194 4787 Dci
3232 4720 3429 4797 Verbo,
3460 4746 3552 4783 cu-

1941 4823 2030 4894 jus
2057 4825 2336 4895 generatio
2365 4824 2501 4879 nihil
2531 4826 2657 4880 ante
2686 4826 2747 4880 se
2776 4822 2946 4879 nubit.
2976 4824 3128 4893 Quod
3162 4826 3205 4877 si
3235 4822 3551 4892 aliquando,

1947 4928 2004 4975 ut
2034 4919 2259 4987 volunt,
2292 4934 2398 4975 non
2430 4918 2531 4975 fuit
2560 4919 2727 4991 (quod
2750 4919 2916 4975 'nefas
2945 4919 3094 4975 dictu
3138 4917 3244 4987 est)
3288 4933 3396 4972 non
3448 4916 3547 4971 fuit

1944 5028 2075 5086 ergo
2096 5015 2149 5071 in
2177 5014 2290 5071 Deo
2321 5012 2673 5083 perfectionis
2698 5013 2988 5087 aliquando
3015 5011 3294 5082 plenitudo
3323 5010 3546 5075 divine,

1945 5108 1989 5163 si
2023 5117 2208 5179 postea
2238 5121 2555 5177 processum
2584 5107 2952 5177 generationis
2978 5103 3209 5172 accepit.

2021 5198 2142 5254 112.
2175 5199 2379 5255 Tamen
2411 5209 2469 5253 nt
2496 5200 2677 5256 sciant
2703 5215 2862 5270 quam
2911 5212 3051 5253 vana
3097 5197 3172 5252 sit
3207 5203 3265 5251 et
3293 5193 3545 5249 solubilis

1947 5307 2135 5347 eorum
2166 5291 2435 5363 quaestio;
2464 5292 2593 5347 licet
2638 5291 2772 5346 nihil
2807 5292 2860 5345 in
2892 5304 2959 5345 eo
3001 5285 3250 5343 humanis
3278 5285 3540 5342 divinisve

1938 5400 2251 5451 commune,
2285 5397 2467 5440 tamen
2496 5384 2708 5440 docebo
2736 5383 3006 5445 homines,
3029 5392 3319 5449 antequam
3354 5394 3546 5436 nasce-

1945 5539 2066 5579 neni
2097 5523 2289 5578 Patres
2317 5521 2671 5591 apponebant
2700 5536 2713 5571 :
2747 5518 2834 5571 alii
2864 5516 3010 5571 enim
3046 5516 3242 5570 Filium
3268 5516 3548 5591 voluntate

1943 5596 2313 5662 agnoscebant
2337 5597 2580 5664 genitum
2608 5633 2623 5657 ,
2655 5591 2993 5664 voluntatem
3037 5599 3220 5664 tamen
3252 5590 3399 5659 quod
3424 5590 3547 5664 hoc

1943 5659 2104 5725 etiam
2136 5668 2257 5723 loco
2289 5659 2399 5722 non
2430 5661 2779 5730 praetermisit
2810 5659 3161 5724 Ambrosius,
3190 5663 3547 5729 generatione

1945 5742 2180 5810 priorem
2208 5756 2330 5795 esse
2363 5737 2735 5808 pet-negabant
2761 5752 2774 5785 :
2807 5734 2899 5789 alii
2930 5749 3060 5810 vero
3089 5733 3434 5810 σιω-θερινῷ
3463 5736 3549 5803 ιρι

1942 5806 2057 5869 suo
2083 5826 2245 5883 quam
2274 5806 2481 5869 Doctor
2502 5812 2597 5869 hic
2625 5806 3546 5883 Wr,_solntm‘aﬂhlvbatit,

2019 5896 2039 5927 c
2072 5879 2244 5951 Paris.
2269 5884 2524 5973 quaedam
2553 5882 2711 5967 etlit.,
2737 5883 2800 5947 de
2830 5879 2937 5961 pro
2970 5896 3102 5949 vero.
