4016 6292
402 368 415 372 δ
471 278 578 339 639
1832 280 2077 339 ssnon
2119 278 2443 339 sunnosu
2960 251 2969 260 ’
3641 285 3726 342 tu

473 405 686 464 rentur,
725 396 920 455 fuisse.
968 400 1076 454 Aut
1118 407 1315 470 negent
1356 397 1527 454 Jacob
1572 404 1819 452 sanctum
1866 394 2031 451 fuisse
2057 435 2073 462 ,
2104 404 2155 463 Α
2249 393 2384 461 bari,
2408 392 2545 464 quod
2568 390 2759 449 ibidem
2779 392 2843 447 de
2869 406 3087 464 corpore
3106 407 3169 446 ac
3193 391 3436 465 sanguine
3459 398 3731 465 supremi-

476 491 792 565 priusquam
838 504 1156 553 nasceretur
1178 538 1196 564 ,
1243 495 1334 569 qui
1363 494 1584 551 fratrem
1620 492 1991 567 supplantavit
2020 492 2074 548 in
2252 496 2410 541 serat.
2441 485 2573 541 Tum
2601 488 2823 540 duarum
2838 485 3156 540 controversi
3170 486 3270 541 loci
3282 487 3636 555 expositionum
3650 488 3734 558 pri-

476 588 713 644 materni
741 587 921 647 adhuc
951 592 1087 646 uteri
1119 590 1328 663 positus
1356 604 1558 646 arcano
1587 589 1740 662 (Gen.
1774 605 1906 655 xxv,
1936 587 2033 659 25)
2062 604 2078 644 :
2254 596 2390 634 utam
2428 579 2610 650 referri
2636 577 2706 632 ad
2734 576 3104 633 humanitatem
3127 618 3143 643 .
3175 578 3474 633 etsecunda
3501 575 3620 633 F
3642 596 3737 634 cast

477 692 679 754 negent
708 681 1039 740 Hieremiam
1068 725 1082 749 ,
1116 693 1402 756 antequam
1442 692 1782 753 nasceretur,
1816 692 1843 721 ο
1874 681 2042 738 fuisse
2060 724 2077 751 ,
2257 672 2418 729 Patre
2444 672 2789 745 mqualitatem
2809 711 2826 739 ,
2854 687 2948 727 nec
2977 687 3077 725 non
3106 687 3223 725 cum
3247 669 3451 727 homine
3477 671 3740 726 similitudi-

478 774 566 829 cui
609 772 810 831 dicitur
841 793 856 830 :
891 774 1202 848 Priusquam
1240 788 1287 831 te
1311 780 1594 849 [amarem
1630 776 1686 831 in
1722 786 1866 831 utero
1904 779 2083 831 matris
2257 784 2371 823 nem
2393 767 2587 840 signari
2605 766 2773 821 άοεειι
2801 764 3002 820 Deinde
3024 766 3298 837 perurit!!!
3322 781 3473 835 quam
3495 762 3626 820 Filio
3645 765 3741 821 inlt-

2257 864 2465 932 rcbant,
2495 862 2715 934 injuria,
2742 877 2842 933 quo
2871 872 3026 931 pacto
3053 861 3207 916 etiam
3232 860 3516 916 secundum
3539 859 3744 915 divinita-

2259 970 2358 1015 tem
2387 967 2594 1031 propter
2632 954 2844 1012 Patrem
2882 956 3037 1019 vivat,
3069 955 3259 1026 aperit.
3290 954 3363 1009 Ac
3398 952 3597 1009 tandem
3620 969 3747 1024 espo-

2262 1051 2360 1104 sito
2386 1064 2500 1120 qua:
2519 1048 2633 1104 vita
2660 1058 2847 1103 nostra:
2867 1061 2983 1101 cum
3007 1045 3183 1100 divina
3204 1046 3377 1101 unitas
3404 1044 3493 1109 sit,
3515 1044 3658 1098 aliam
3676 1046 3748 1098 ob-

2254 1142 2549 1214 jectionem,
2578 1157 2680 1215 qua
2711 1139 2880 1195 Filius
2910 1155 3001 1211 per
3030 1137 3244 1194 Patrem
3267 1137 3546 1207 clariﬁcari
3570 1138 3751 1208 opponi

2267 1246 2369 1305 tur,
2400 1235 2579 1305 paucis
2606 1233 2839 1289 absolvit.

481 876 607 934 tute,
638 868 758 923 novi
797 879 846 925 te
868 884 888 924 :
916 880 965 925 et
1004 871 1307 940 priusquam
1334 870 1503 925 exires
1531 870 1595 924 de
1619 869 1773 925 vulva
1793 913 1809 937 ,
1848 871 2082 943 sanctifi-

481 960 596 1015 cavi
625 971 694 1029 te,
731 970 781 1016 el
801 962 1107 1034 prophetam
1134 963 1190 1018 in
1208 964 1441 1034 gentibus
1458 964 1608 1035 posui
1624 973 1674 1019 te
1693 963 1911 1037 (Jerem.
1940 981 1977 1032 ι,
2002 965 2083 1037 5).
2144 1018 2147 1019 ν

480 1054 625 1123 Quid
665 1054 770 1112 hoc
798 1056 1102 1114 evidentius
1151 1058 1287 1115 tanti
1334 1060 1592 1133 exemplo
1636 1061 1959 1133 propheta;
1991 1061 2087 1133 qui

486 1148 861 1207 sanctiﬁcatus
890 1160 995 1219 est,
1023 1160 1314 1223 antequam
1344 1162 1505 1209 natus
1523 1195 1538 1220 ,
1567 1162 1623 1211 et
1651 1164 1944 1226 antequam
1972 1154 2087 1211 for-

489 1252 755 1312 maretur,
782 1253 867 1300 est
889 1244 1174 1317 cognitus?

564 1335 691 1391 115.
720 1334 860 1403 Quid
888 1337 1052 1392 etiam
1077 1337 1147 1393 de
1176 1337 1390 1394 Joanne
1428 1338 1648 1410 loquar,
1676 1339 1746 1396 de
1785 1354 1892 1412 quo
1922 1349 2094 1397 mater

490 1428 746 1501 religiosa
775 1438 1028 1500 testatur,
1059 1432 1185 1504 quia
1212 1432 1357 1488 intra
1381 1442 1625 1489 materna
1655 1434 1792 1490 situs
1818 1434 1995 1492 adhuc
2018 1438 2095 1492 vi-

492 1536 669 1593 scera,
712 1528 1061 1595 prmaentiam
1092 1527 1305 1582 Domini
1336 1527 1531 1598 spiritu
1552 1529 1828 1600 cognovit,
1857 1529 2097 1587 exsulta-

496 1616 645 1673 tione
668 1617 1041 1689 cousignavit,
1069 1619 1208 1675 sicut
1233 1620 1496 1692 scriptum
1523 1622 1891 1690 meminimus,
1925 1633 2099 1691 matre

490 1709 711 1767 dicente
740 1729 755 1765 :
786 1710 923 1767 Ecce
945 1712 1083 1767 enim
1110 1721 1167 1766 ut
1188 1716 1328 1786 facta
1357 1725 1428 1769 est
1444 1714 1499 1768 in
1516 1715 1730 1771 auribus
1749 1717 1873 1772 meis
1893 1733 1990 1772 vox
2015 1735 2101 1772 sa—

492 1803 766 1858 lutationis
792 1813 917 1872 tute,
947 1805 1220 1860 exsultavit
1246 1805 1304 1860 in
1323 1806 1517 1879 gaudio
1541 1807 1717 1879 infans
1746 1809 1801 1862 in
1826 1818 1970 1865 utero
1987 1825 2100 1866 meo
2136 1810 2180 1873 Β

494 1896 649 1968 (Luc.
691 1912 738 1965 ι,
770 1896 899 1972 41)⁴ἒ
934 1898 1065 1955 Erat
1109 1899 1274 1970 igitur
1300 1901 1393 1971 qui
1438 1900 1837 1972 prophetabat,
1878 1917 1949 1959 an
1994 1919 2103 1960 non

494 1992 654 2049 erat?
684 1994 756 2048 At
791 2002 942 2049 certe
970 2001 1121 2060 erat;
1166 2003 1284 2049 erat
1322 1996 1468 2051 enim
1497 1995 1590 2066 qui
1619 1995 1984 2053 venerabatur
2010 2013 2109 2053 au-

495 2096 731 2153 ctorem,
750 2095 870 2142 erat
894 2086 988 2157 qui
1007 2087 1330 2158 loquebatur
1348 2088 1401 2143 in
1426 2100 1628 2145 matre.
1661 2089 1906 2162 Denique
1933 2090 2110 2148 Elisa—

501 2183 631 2239 heth
677 2182 772 2239 lilii
819 2182 1015 2254 Spiritu
1046 2182 1394 2253 replebatur,
1430 2183 1599 2240 Maria
1628 2184 1722 2240 lilii
1760 2185 1953 2256 spiritu
1985 2202 2112 2242 san-

503 2275 879 2342 ctilicabatur;
909 2275 990 2332 sic
1011 2277 1158 2331 enim
1188 2275 1377 2343 habes,
1395 2278 1518 2348 quia
1541 2279 1816 2334 exsultavit
1836 2278 1999 2353 552
2030 2280 2112 2335 in—

507 2372 628 2441 fans
658 2368 711 2422 in
739 2376 885 2423 utero
914 2367 1058 2440 ejus,
1090 2378 1142 2424 et
1178 2368 1377 2441 repleta
1398 2380 1473 2426 est
1506 2369 1711 2444 Spiritu
1733 2384 1909 2428 sancto
1929 2372 2110 2430 Eliso-

496 2454 623 2519 tem
655 2460 868 2536 (Ibid).

584 2557 711 2613 114.
755 2554 785 2594 b
834 2556 973 2614 Vide
1010 2557 1349 2631 singulorum
1394 2559 1687 2616 verborum
1730 2561 2110 2633 proprietates.

516 2650 717 2707 Vocem
744 2651 967 2725 quidem
1010 2648 1193 2709 Maria:
1234 2654 1384 2726 prior
1413 2654 1694 2711 Elisaheth
1740 2657 1983 2725 audivit,
2017 2657 2114 2714 sed

513 2744 753 2801 Joannes
783 2747 934 2817 prior
979 2747 1191 2804 Domini
1226 2748 1455 2820 gratiam
1489 2749 1685 2804 sensit.
1726 2749 1959 2806 Pulchre
2012 2750 2117 2807 sibi

513 2841 843 2897 conveniunt
888 2842 1108 2898 oracula
1132 2843 1404 2909 oraculis,
1432 2842 1632 2898 femina
1667 2844 1916 2912 mulieri,
1951 2856 2007 2900 et
2038 2845 2119 2915 pi-

514 2950 653 3008 gnus
680 2934 1068 3030 pignoritlsta:
1092 2937 1323 3008 gratiam
1353 2936 1678 3008 loquuntur,
1706 2936 1784 2992 illi
1816 2937 1963 2993 intus
1988 2952 2121 3008 ope-
2221 2934 2329 3024 Qua
2357 2983 2464 3023 non
2491 2934 2606 3030 θεὶς
2641 2934 3093 3021 e'cum'divinms
3116 2960 3228 3014 vim
3257 2956 3331 3012 si,
3362 2934 3722 3027 sempiterna?

517 3037 705 3083 rantur
744 3027 1070 3101 pietatisque
1114 3030 1437 3101 mysterium
1484 3031 1746 3087 maternis
1800 3030 2121 3087 adoriuntur
2298 3063 2422 3119 ηρ⁸
2464 3062 2548 3117 Au
2579 3027 2709 3116 gem
2726 3058 2833 3113 vim
2857 3057 2976 3127 eius
2998 3055 3050 3109 ίη
3075 3051 3251 3109 pan-is
3277 3059 3364 3106 es;
3391 3039 3779 3119 potestatelsw

517 3122 870 3194 profectibus;
894 3124 1207 3195 duplicique
1229 3126 1516 3192 miraculo,
1543 3126 1676 3183 licet
1702 3127 1914 3182 honore
1936 3128 2123 3183 diver-
2155 3170 2298 3227 “me
2325 3155 2572 3227 corporis
2608 3152 2824 3224 quidem
2852 3122 2933 3205 δίη
2965 3151 3128 3203 vim“
3173 3147 3226 3201 in
3270 3144 3505 3199 aherius
3543 3141 3692 3195 [uisse
3716 3150 3781 3203 po.

517 3230 580 3271 so
605 3257 619 3283 ,
656 3216 983 3313 prophetam
1011 3226 1218 3274 matres
1238 3219 1434 3291 spiritu
1463 3221 1837 3290 parvulorum.
1867 3221 1999 3290 Quis
2029 3220 2124 3292 igi—
2153 3208 2199 3273 C
2229 3208 2449 3308 ἔειξιξ
2469 3208 2816 3312 ὧέηιδηνη,
2871 3246 3012 3301 sicut
3055 3244 3317 3313 scripula,
3368 3247 3457 3294 εει
3488 3257 3502 3293 ;
3535 3234 3642 3308 Ego
3686 3243 3782 3302 pono

520 3320 609 3365 tur
636 3321 827 3368 auctor
855 3311 1019 3382 hujus
1052 3313 1340 3370 miraculi?
1372 3331 1554 3371 nonne
1573 3315 1665 3371 Dei
1700 3313 1896 3381 Filius,
1927 3315 2020 3387 qui
2048 3314 2126 3372 fc-

521 3407 599 3461 cit
617 3420 741 3462 esse
764 3422 872 3462 non
902 3408 1094 3463 natos?

2270 1374 2396 1431 117.
2443 1372 2610 1446 [Alias
2661 1388 2777 1442 cap.
2809 1369 2901 1443 V.J
2932 1367 3185 1439 Plerique
3227 1367 3394 1423 etiam
3424 1365 3552 1421 hinc
3594 1363 3757 1421 faciunt

2200 1467 2585 1535 qumstionem,
2609 1466 2733 1536 quia
2763 1465 3025 1535 scriptum
3054 1472 3139 1517 est
3163 1482 3176 1519 :
3213 1461 3365 1518 Sicut
3387 1460 3529 1515 misit
3552 1474 3628 1513 me
3648 1461 3758 1515 vim

2203 1559 2393 1626 Pater,
2433 1570 2482 1614 et
2521 1575 2613 1630 ego
2639 1559 2749 1612 vivo
2791 1566 3003 1628 prapter
3038 1553 3252 1610 Patrem
3274 1570 3295 1609 :
3335 1565 3384 1609 et
3412 1553 3501 1625 qui
3527 1552 3759 1606 manducet

2201 1669 2317 1720 me,
2367 1663 2413 1708 et
2457 1653 2567 1724 ipse
2608 1650 2728 1707 vivit
2769 1658 2981 1720 propter
3021 1664 3137 1715 me;
3179 1647 3429 1703 dicentes
3465 1665 3480 1703 :
3527 1645 3761 1714 Quomodo

2205 1746 2431 1819 aequalis
2458 1757 2539 1801 est
2572 1744 2714 1801 Patri
2747 1743 2950 1812 Filius,
2992 1741 3082 1816 qui
3119 1742 3260 1798 dixit
3286 1742 3415 1815 quia
3446 1748 3655 1814 propter
3676 1740 3763 1796 Pa-

2207 1853 2346 1899 trem
2377 1842 2545 1898 vivit?

2282 1936 2405 1993 118.
2433 1935 2536 2005 Qui
2578 1934 2683 1991 hoc
2720 1941 3066 2005 proponunt,
3120 1931 3356 2003 primum
3411 1926 3765 2001 respondeant,

2208 2028 2516 2101 cuiusmodi
2545 2029 2651 2083 vita
2677 2028 2747 2082 sit
2780 2026 2901 2082 Filii
2923 2067 2938 2091 ,
2962 2024 2989 2062 ά
3016 2033 3194 2080 utrum
3223 2039 3287 2080 ea
3312 2039 3481 2095 quam
3509 2021 3659 2078 Pater
3686 2022 3769 2075 lar-

2211 2126 2355 2198 gitus
2374 2124 2445 2180 sit
2472 2138 2582 2178 non
2614 2121 2871 2179 habenti?
2895 2120 3002 2177 Sed
3032 2118 3307 2191 quomodo
3330 2119 3500 2173 vitam
3528 2115 3770 2186 aliquando

2213 2219 2387 2289 potuit
2418 2234 2525 2273 non
2559 2215 2785 2282 habere,
2818 2230 2942 2271 cum
2976 2214 3093 2285 ipse
3119 2214 3192 2268 sit
3217 2211 3351 2279 vita,
3383 2211 3534 2266 sicut
3559 2208 3662 2264 ait:
3692 2206 3771 2277 Ego

2215 2328 2329 2364 sum
2371 2310 2488 2375 via,
2532 2310 2718 2365 veritas
2761 2318 2809 2364 et
2853 2308 2957 2363 vita
3005 2306 3157 2379 (Luc.
3191 2320 3309 2370 11v,
3341 2302 3443 2377 6)?
3491 2301 3607 2358 Vita
3630 2300 3773 2372 utique

2216 2407 2573 2480 sempiterna,
2599 2407 2739 2461 sicut
2764 2406 2937 2461 virtus
2958 2412 3041 2460 est
3067 2402 3400 2474 sempiterna
3433 2400 3611 2472 (Rom.
3632 2413 3666 2463 ι,
3683 2395 3772 2463 20).

2217 2501 2525 2574 Aliquando
2565 2514 2727 2570 ergo,
2758 2510 2819 2555 ut
2847 2500 2927 2554 sic
2960 2498 3177 2569 loquar,
3207 2510 3267 2551 se
3296 2494 3407 2549 vita
3451 2507 3563 2547 non
3593 2486 3775 2544 habuit?

2290 2595 2415 2651 119.
2445 2592 2801 2649 Considerate
2827 2589 2957 2662 quid
2999 2590 3203 2644 lectum
3253 2586 3326 2642 sit
3356 2584 3529 2640 hodie
3555 2582 3621 2638 de
3654 2577 3775 2650 ξω

2218 2688 2452 2745 Domino
2474 2685 2636 2753 Jesu,
2674 2684 2799 2755 quia
2838 2692 3068 2738 mortuus
3125 2689 3197 2735 est
3253 2695 3349 2752 pro
3399 2675 3585 2742 nobis;
3625 2683 3673 2727 ut
3695 2671 3775 2725 sire

2218 2785 2505 2857 vigilemus,
2534 2783 2637 2836 sive
2684 2780 3023 2842 dormiamus,
3045 2774 3201 2830 simul
3255 2788 3372 2827 cum
3417 2772 3515 2826 illo
3588 2770 3771 2823 vivamus

2224 2876 2271 2948 (l
2294 2874 2480 2931 Thess.
2508 2889 2563 2939 v,
2592 2871 2892 2943 t0).Cujus
2919 2883 3069 2925 mors
3099 2867 3206 2922 vita
3232 2873 3341 2929 est,
3376 2862 3546 2935 hujus
3571 2857 3778 2915 divinitas

2227 3345 2457 3400 animam
2502 3359 2689 3409 meam,
2723 3351 2778 3396 ut
2817 3340 3008 3394 iterum
3039 3352 3238 3392 sumam
3268 3334 3442 3390 illam.
3495 3331 3653 3386 Nemo
3689 3324 3785 3379 tollit

2229 3458 2341 3498 eam
2368 3457 2400 3494 a
2424 3457 2526 3506 me,
2562 3438 2652 3493 sed
2697 3453 2791 3509 ego
2832 3450 2968 3509 pono
3005 3448 3119 3488 eam
3148 3447 3181 3485 a
3208 3446 3288 3485 me
3330 3428 3472 3499 ipso.
3523 3425 3786 3480 Potestattm

598 3499 723 3555 115.
766 3498 843 3554 De
870 3501 1037 3557 rebus
1069 3501 1321 3558 humanis
1354 3513 1375 3537 “-
1405 3501 1638 3572 quaeetio
1670 3512 1853 3558 vestra
1893 3516 2000 3558 non
2032 3517 2126 3575 po-

2231 3536 2395 3591 ltabeo
2424 3531 2650 3606 ponendi
2695 3498 2844 3599 eam,
2875 3541 2924 3587 et
2958 3531 3144 3585 iterum
3196 3534 3505 3599 potestatem
3546 3521 3694 3574 habeo
3729 3531 3788 3569 stt-

522 3599 633 3649 test
652 3592 1246 3665 convenire;lpotestne
1258 3593 1327 3648 de
1342 3593 1541 3651 divinis
1560 3595 1853 3652 convenire
1871 3594 2132 3651 secretis?
2234 3631 2407 3685 mem”
2424 3592 2547 3684 'eam
2571 3643 2590 3684 ε
2611 3630 2704 3683 hoc
2727 3592 3024 3682 "Midam,"
3051 3592 3226 3694 accep,-
3253 3638 3288 3676 α
3319 3618 3486 3675 pan-6
3508 3633 3617 3673 meo
3637 3612 3785 3689 (Joau.

526 3684 669 3754 Quid
710 3695 794 3740 cst
831 3703 844 3740 :
878 3687 1180 3756 Antequam
1211 3698 1569 3758 gener-aretur
1592 3731 1608 3757 ,
1638 3704 1744 3745 non
1785 3690 1946 3746 erat?
1967 3688 2126 3746 Num-

2238 3741 2291 3791 ι,
2327 3725 2393 3780 17
2425 3732 2473 3777 et
2497 3720 2663 3793 seq.).

700 3780 862 3837 Pater
885 3780 1066 3852 3mm
1107 3789 1353 3886 ten]me
1379 3784 1756 3886 °?9“P}i°"_is
1794 3784 2006 3856 accepit
2029 3826 2044 3850 ’
2077 3793 2139 3840 ut
2244 3779 2247 3780 ν
2278 3779 2435 3872 '191.
2482 3779 2760 3886 Ejus'ergu
2789 3815 2897 3868 vita
2929 3809 3226 3867 secundum
3250 3806 3595 3863 divinitatem
3623 3804 3670 3858 in
3691 3798 3789 3854 alte-

531 3874 730 3931 Filium
755 3885 999 3981 tempora
1025 3877 1553 3981 prtevenireut?Aut
1579 3878 1834 3935 femineae.
1863 3893 2019 3934 more
2044 3895 2139 3981 na-
2242 3911 2357 3968 rius
2384 3874 2654 3981 polegme
2685 3874 2857 3978 ausim
2879 3905 3176 3978 iudicatur,
3203 3903 3360 3971 cuius
3392 3901 3505 3955 νει,
3547 3892 3791 3954 secundum

2240 4019 2437 4076 corpus
2485 4003 2676 4059 aliena:
2716 4017 2822 4057 non
2875 4009 2996 4056 erat
3038 3996 3253 4055 subdita
3313 3993 3610 4065 potestati?
3651 3985 3792 4045 Aliena

2246 4098 2390 4154 enim
2417 4104 2660 4169 potestas
2683 4103 2821 4161 erat,
2845 4094 2888 4149 si
2921 4108 3026 4148 non
3051 4101 3170 4149 erat
3197 4091 3379 4145 unitas
3406 4085 3702 4160 potestatis.
3719 4077 3792 4136 Sed

2248 4194 2393 4250 sicut
2418 4192 2700 4264 pctestatis
2734 4205 2847 4246 sua:
2875 4203 2998 4246 esse
3036 4186 3308 4259 signiﬁcat
3358 4199 3567 4254 ponere
3586 4182 3793 4237 animam.

534 3980 692 4037 tum,
717 3972 1088 4042 generationis
1118 3987 1233 4028 sua:
1263 3972 1485 4028 molitus
1507 3981 1595 4032 est
1617 3983 1831 4044 partum
1854 3989 1869 4039 ,
1894 3982 1953 4029 ut
1980 3972 2140 4029 moli-

424 4100 436 4109 .
535 4064 615 4119 tio
644 4064 761 4145 ipsa
790 4063 930 4120 Filio
962 4074 1110 4121 esset
1139 4065 1443 4138 antiquior?
1467 4064 1607 4133 Quid
1635 4074 1721 4122 est
1749 4065 1901 4123 hoc?
1923 4063 2035 4121 Cur
2054 4065 2142 4122 di-

535 4160 658 4213 vina
703 4169 916 4215 secreta
956 4157 1318 4215 discutimus?
1357 4158 1748 4232 Proprietatetn
1794 4159 1898 4231 legi
1942 4159 2146 4217 divinae

536 4253 930 4324 generationis,
961 4267 1068 4309 non
1101 4253 1445 4323 qualitatem.

2250 4294 2308 4343 et
2329 4253 2515 4343 liberte
2540 4283 2837 4339 voluntatis
2867 4300 2880 4336 :
2915 4281 2991 4337 ita
3017 4253 3178 4337 etiam
3207 4277 3351 4350 quod
3380 4276 3672 4334 secundum
3697 4283 3797 4326 man-

610 4344 1348 4450 116'_F3°i"“.sjf'df$““m!
1380 4356 1440 4402 ¹¹¹
1466 4363 1535 4403 θι
1564 4362 1625 4450 ἦε
1655 4346 1872 4450 “una”
1904 4347 2149 4450 (Ψιξδξίτί
2253 4380 2437 4436 datum
2493 4379 2746 4450 deposuit
2789 4376 2989 4443 Patris,
3031 4390 3144 4430 sua:
3169 4344 3240 4429 ac
3272 4384 3515 4445 paterna:
3565 4361 3798 4425 voluntatis

544 4439 865 4507 metiantur,
896 4440 986 4510 qui
1013 4439 1289 4495 Christum
1321 4454 1429 4495 non
1455 4442 1600 4497 nasci
1633 4443 1899 4513 potuisse,
1927 4428 2024 4497 sed
2058 4438 2152 4496 [ie-

545 4530 628 4598 ri,
659 4542 932 4604 tamquam
961 4547 1126 4588 unum
1153 4532 1223 4590 de
1252 4532 1587 4602 spadonibus
1627 4542 1815 4604 putant
1847 4551 1860 4589 :
1890 4542 1986 4588 aut
2014 4541 2152 4588 tam-

545 4640 707 4697 quam
741 4640 903 4682 unum
926 4626 994 4684 de
1019 4627 1357 4700 spadonibus
1377 4627 1595 4684 Patrem
1624 4626 1848 4695 Filium,
1865 4642 2029 4700 quem
2058 4642 2153 4700 ge-
2177 4604 2232 4665 Ῑ)

553 4735 748 4779 nerare
776 4736 883 4777 non
915 4722 1183 4793 potuerit,
1217 4721 1580 4792 adoptaverit.

1175 4833 1407 4893 CAPUT
1444 4835 1514 4892 X.

557 4953 929 5021 Obiicientibus
974 4952 1238 5009 Christum
1260 4995 1274 5021 ,
1322 4952 1530 5007 Joanne
1561 4961 1685 5009 teste
1705 4996 1721 5021 ,
1755 4953 1920 5008 vivere
1946 4948 2159 5031 prapter

630 5049 838 5105 Patrem
869 5089 883 5114 ,
929 5062 991 5101 ac
1031 5045 1246 5117 proinde
1274 5046 1376 5118 ipsi
1401 5045 1651 5116 (aqualem
1692 5061 1793 5099 non
1827 5043 2155 5111 habendum,

628 5144 965 5216 respondetur
1000 5136 1135 5195 Filii
1173 5140 1329 5195 vitam
1364 5139 1649 5196 secundum
1691 5139 2011 5195 divinitatem
2038 5137 2160 5211 :nec

630 5237 845 5308 crepisse
871 5252 936 5291 ea:
961 5247 1188 5307 tempore
1211 5273 1225 5297 ,
1259 5249 1351 5287 nec
1388 5233 1612 5303 pendere
1647 5234 1711 5287 ab
1739 5232 1911 5303 aliquo
1939 5249 1956 5287 :
1992 5232 2162 5286 locum

631 5346 749 5387 vero
776 5333 841 5386 de
865 5328 1094 5385 humana
1126 5329 1289 5397 ipsius
1316 5327 1419 5382 vita
1443 5324 1837 5395 intelligendum
1864 5342 1928 5381 ea:
1955 5342 2016 5381 eo
2043 5341 2164 5398 pro-

2255 4472 2527 4546 signiiicat
2553 4472 2838 4527 unitatem.

2332 4567 2455 4624 122.
2501 4566 2643 4638 Ergo
2674 4566 2719 4620 si
2744 4565 2912 4619 vitam
2940 4562 3113 4618 Filius
3139 4575 3315 4632 neque
3337 4559 3526 4630 aliquo
3551 4551 3736 4624 accepit
3755 4560 3799 4603 et

2256 4673 2527 4735 tempore,
2560 4675 2738 4730 neque
2763 4659 2954 4714 alienae
2985 4655 3153 4713 habet
3179 4653 3438 4727 potestati
3461 4641 3803 4735 subditamtti'

2256 4732 2481 4813 deamus
2508 4770 2611 4826 qua
2639 4752 2852 4810 ratione
2873 4750 3073 4807 dixerit
3101 4766 3114 4804 :
3149 4748 3299 4805 Sicut
3326 4746 3467 4802 misit
3485 4760 3564 4799 me
3587 4741 3714 4796 vim
3732 4732 3803 4789 Pa-

2259 4862 2356 4916 ter,
2380 4861 2428 4906 et
2455 4866 2548 4923 ego
2586 4849 2699 4904 vivo
2747 4856 2956 4919 propter
2985 4842 3199 4898 Patrem
3235 4839 3437 4914 (Joan.
3471 4855 3551 4901 γι.
3589 4834 3708 4905 58).
3731 4827 3804 4885 Ex-

2262 4960 2532 5017 ponamus
2564 4953 2624 4999 ut
2648 4954 2965 5015 possumus:
2996 4937 3106 4993 imo
3132 4936 3249 5007 ipse
3277 4932 3458 5005 potius
3479 4937 3719 5001 exponat.

2339 5039 2463 5095 125.
2506 5013 2802 5093 Considera
2830 5031 2993 5104 igitur
3029 5029 3161 5100 quid
3204 5038 3331 5082 ante
3374 5021 3721 5097 premiserit;
3751 5013 3804 5066 aii

2267 5133 2413 5190 enim
2444 5150 2458 5187 :
2490 5131 2673 5197 Amen,
2701 5143 2848 5183 amen
2870 5126 2985 5181 dico
3007 5123 3169 5179 vobis.
3200 5121 3344 5176 Ante
3365 5117 3583 5174 instruit
3602 5104 3806 5185 quemad—

2270 5228 2489 5283 modum
2521 5223 2710 5279 audire
2741 5221 2943 5278 debeas
2972 5238 2984 5273 :
3031 5217 3175 5283 Vere,
3209 5215 3403 5285 inquit,
3426 5227 3544 5267 vere
3563 5200 3805 5301 dico

2272 5322 2375 5378 nisi
2420 5316 2850 5374 manducaveritis
2888 5328 3097 5369 carnem
3130 5307 3261 5366 Filii
3294 5307 3519 5374 homini,
3551 5314 3596 5358 et
3632 5295 3807 5356 biberitix

634 5471 664 5501 ⁸
691 5472 894 5527 Omnes
920 5470 1079 5534 edit.,
1112 5475 1343 5522 sanctum
1369 5466 1530 5538 fuisse
1556 5481 1575 5519 :
1604 5464 1801 5519 melius
1837 5480 1967 5522 mss.
1994 5464 2157 5520 omit-

565 5552 683 5599 lunt
707 5552 963 5598 sanctum.

639 5614 666 5654 ιι
698 5614 922 5679 Confer,
953 5613 999 5667 si
1025 5619 1217 5676 vacat,
1253 5611 1392 5665 hanc
1435 5607 1593 5665 istius
1625 5608 1728 5663 loci
1757 5610 2157 5679 enarrationem

568 5702 692 5743 cum
722 5702 787 5741 ea
834 5678 998 5755 quam
1042 5683 1137 5738 lib.
1180 5698 1216 5738 ll
1248 5684 1301 5737 in
1329 5679 1529 5737 Lucam
1568 5686 1777 5737 tantum
1810 5694 1917 5734 non
1967 5678 2160 5735 iisdem

569 5757 751 5825 verbis
780 5754 1105 5825 reperies...
1684 5800 1717 5825 ,Α
1856 5797 1858 5800 .
1977 5821 2026 5825 Α
2125 5794 2130 5801 .

646 5773 1065 5883 ΓυΕΙΙ-εββηες..
1100 5797 1105 5801 .
1684 5800 1687 5805 ,
1856 5797 1858 5800 .
1976 5823 1987 5834 ι
2125 5794 2157 5838 .›

646 5837 667 5865 ε
783 5827 870 5893 it.,
893 5825 1108 5894 qmtio
1136 5838 1334 5887 nostra:
1360 5838 1487 5879 mss.
1503 5862 1519 5893 ,
1536 5821 1749 5893 motio
1764 5830 1950 5883 vestra,
1974 5821 2028 5877 td
2054 5826 2159 5885 est,

2265 5460 2503 5530 objectio
2529 5467 2733 5513 vestra.
2812 5527 2837 5530 _
2917 5526 2928 5530 _
3541 5515 3577 5530 ,,
3617 5502 3793 5530 ,μηέ

2338 5510 2550 5587 ῗῖῖέᾶἷιξ
2572 5510 2782 5584 ultima:
2811 5526 3006 5593 Paris.,
3031 5534 3325 5579 utrumeam
3349 5534 3503 5591 quam
3533 5510 3810 5576 Pomm!“

2266 5615 2346 5660 tus
2375 5605 2586 5669 sit,non
2616 5599 2813 5656 habent.
2921 5670 2948 5674 __
2989 5670 3000 5674 _
3134 5668 3145 5674 _
3261 5667 3272 5674 _
3485 5664 3497 5674 ,

2343 5687 2367 5715 ο
2404 5660 2542 5731 Tres
2564 5687 2721 5739 mss.,
2749 5687 2865 5727 cum
2897 5670 3070 5725 divina
3097 5668 3201 5723 vita
3229 5667 3295 5721 sit
3334 5664 3667 5734 seMpiterna;
3691 5660 3809 5708 uuln.

2270 5764 2390 5803 cum
2415 5746 2659 5801 divinitas
2682 5748 2749 5799 sit
2775 5742 3109 5814 sempiterna.
