4016 6292
207 260 294 317 641

1559 263 1644 319 DE
1688 263 1848 321 FIDE
1889 263 2016 319 LIB.
2061 263 2146 319 IV.

3392 269 3498 327 643

208 378 501 447 sanguinem
541 381 674 449 ejus,
704 397 806 434 nou
833 382 1080 436 habebitis
1100 384 1256 436 vitam
1281 381 1492 436 iuvabis
1513 378 1694 451 (Joan.
1723 397 1794 447 νι,
1829 393 1879 452 Α
1903 391 2026 446 rat;
2061 381 2134 434 sic
2148 391 2195 435 et
2231 379 2424 445 Filius,
2454 396 2579 450 quos
2603 382 2728 448 vult,
2754 381 3070 452 viui/irat,ut
3099 384 3213 455 ipse
3246 386 3507 445 Dominus

207 470 270 525 5i
297 469 337 539 ).
373 471 688 528 Secundum
720 473 918 529 Filium
951 475 1186 530 hominis
1220 489 1280 530 se
1306 473 1493 529 dicere
1513 483 1638 528 ante
1661 489 1799 543 prac-

206 562 370 625 misit,
399 570 455 616 et
481 573 535 616 ιιι
557 564 702 634 quod
729 566 1025 621 secundum
1052 567 1250 621 Filium
1280 565 1521 620 hominis
1549 563 1618 620 de
1635 567 1804 620 carne

1905 489 2067 542 supra
2101 473 2233 528 dixit
2261 474 2278 542 (
2309 471 2466 527 Joan.
2499 488 2553 541 ν,
2579 473 2702 547 21).

1978 566 2102 622 1‘28.
2146 566 2453 638 Equalitas
2481 582 2611 640 ergo
2642 568 2740 624 lilii
2767 568 2834 625 ad
2867 569 3082 627 Patrem
3111 588 3204 641 per
3235 574 3500 630 unitatem

205 663 285 708 est
318 654 537 711 locutus
567 666 622 712 et
664 660 951 730 sanguine,
1007 659 1074 715 ad
1117 659 1456 716 divinitatem
1492 667 1651 732 putas
1681 674 1802 715 esse
1901 675 2120 730 quoque
2155 660 2534 716 viviﬁcationis
2560 663 2860 728 astruitur;
2894 663 3112 732 quando
3153 664 3232 720 sic
3258 665 3501 722 viviﬁcat

207 743 586 802 referendum?

275 839 399 894 124.
435 841 676 913 Denique
717 845 958 900 addidit:
983 846 1116 902 Caro
1139 847 1270 900 enim
1298 863 1408 902 mea
1430 863 1543 902 vere
1565 855 1637 902 est
1663 863 1800 915 esca,

209 945 252 987 ct
279 939 495 1007 sanguis
520 954 663 993 meus
691 948 761 993 est
785 949 936 1009 potus
963 939 981 1010 (
1010 937 1171 1003 Ibid.,
1198 940 1267 996 56
1286 939 1326 1010 ).
1356 940 1588 997 Carnem
1620 941 1802 1005 audis,

207 1029 520 1101 sanguinem
548 1031 706 1087 audis
727 1074 742 1098 ,
778 1033 970 1087 mortis
999 1032 1299 1088 Dominica:
1341 1043 1681 1091 sacramenta
1713 1049 1804 1089 co-

206 1123 456 1192 gnoscis;
491 1134 547 1180 et
601 1124 874 1179 divinitati
907 1126 1301 1180 calumniaris?
1340 1127 1478 1182 Audi
1528 1127 1801 1183 dicentem

207 1216 379 1285 ipsum
413 1232 426 1269 :
461 1213 598 1284 Quia
629 1217 844 1288 spiritus
871 1234 1077 1272 carnem
1105 1228 1151 1271 et
1189 1235 1304 1273 ossa
1332 1235 1432 1274 non
1455 1218 1603 1273 habet
1626 1218 1799 1290 (Luc.

205 1325 349 1378 xxiv,
379 1309 522 1380 59).
574 1309 685 1365 Nos
738 1319 917 1366 autem
975 1309 1426 1381 quotiescumque
1465 1325 1804 1368 sacramenta

204 1404 493 1470 sumimus,
533 1418 653 1474 quae
686 1418 780 1472 per
819 1419 987 1459 sacra:
1027 1404 1294 1459 orationis
1323 1407 1647 1476 mysterium
1680 1414 1704 1441 ⁸
1752 1405 1804 1460 in

202 1511 421 1550 carnem
455 1496 922 1567 trausliguranlnr
954 1505 1010 1553 et
1047 1499 1389 1567 sanguinem,
1435 1509 1666 1553 mortem
1697 1498 1806 1552 Do-

207 1589 334 1643 mini
368 1591 750 1644 annuntiatnus
779 1590 798 1661 (
824 1589 844 1643 Ι
870 1587 992 1644 Cor.
1020 1606 1093 1655 st,
1125 1590 1196 1646 26
1226 1591 1268 1662 ).

285 1682 406 1738 liii.
452 1684 595 1754 Ergo
620 1687 985 1754 “posteaquam
1016 1699 1075 1739 se
1108 1684 1253 1756 loqui
1291 1683 1591 1740 secundum
1631 1683 1808 1739 homi-

1905 752 2077 809 Filins
2104 763 2162 808 ιιι
2191 753 2371 810 Pater.
2403 752 2654 825 Agnosce
2703 771 2835 828 ergo
2875 756 2995 828 ejus
3021 759 3188 814 vitam
3224 769 3279 815 et
3311 771 3505 830 poten-

1907 845 2036 900 tiam
2060 847 2475 917 sempiternam.
2494 845 2802 903 Similitudo
2825 851 2988 906 etiam
3005 861 3189 907 nostra
3213 851 3282 907 ad
3308 852 3502 920 lilium,

1904 948 1959 994 et
2005 939 2252 1009 quaedam
2304 939 2606 996 secundum
2663 956 2882 997 carnem
2943 945 3120 998 unitas
3162 943 3504 1011 declaratur;

1905 1036 2160 1104 quoniam
2192 1034 2648 1106 quemadmodum
2665 1035 2757 1091 Dei
2787 1035 3002 1092 Filiusa
3026 1037 3205 1104 Patre,
3237 1039 3317 1094 sic
3345 1039 3508 1096 homo

1905 1137 1988 1183 est
2017 1128 2321 1184 vivificatus
2345 1129 2397 1184 in
2415 1145 2598 1186 carne.
2632 1131 2723 1189 Sic
2740 1130 2887 1188 enim
2917 1132 3179 1204 scriptum
3205 1143 3290 1191 est
3312 1133 3502 1208 (Rom.

1907 1237 1981 1287 tv,
2017 1222 2145 1294 24),
2176 1224 2301 1294 quia
2345 1225 2487 1281 sicut
2527 1226 2668 1282 Deus
2695 1226 2879 1282 Jesnm
2907 1226 3182 1284 Christum
3214 1246 3242 1284 a
3275 1231 3508 1285 mortuis

1906 1319 2210 1386 suscitavit,
2238 1320 2309 1374 ita
2339 1320 2502 1376 etiam
2531 1337 2632 1377 nos
2651 1322 2805 1394 quasi
2839 1321 3086 1379 homines
3117 1323 3456 1381 viviﬁcamur
3475 1341 3507 1380 ει

1909 1411 2004 1467 Dei
2026 1411 2187 1468 Filio.

1981 1507 2103 1563 129.
2148 1508 2456 1565 Secundum
2501 1513 2639 1566 hanc
2678 1526 2808 1583 ergo
2839 1511 3235 1582 expositionem
3278 1528 3385 1569 non
3417 1527 3511 1569 so-

1909 1598 2022 1654 lum
2048 1600 2115 1654 ad
2142 1601 2509 1658 conditionem
2539 1601 2832 1659 humanam
2863 1603 3144 1660 derivatur
3179 1606 3350 1678 gratia
3396 1607 3509 1660 lar-

1909 1691 2111 1763 gith’tis,
2158 1693 2252 1750 sed
2282 1695 2444 1749 etiam
2477 1695 2776 1752 divinitatis
2823 1698 3099 1753 aeternitas
3141 1699 3505 1767 pradicatur;

203 1783 284 1835 nis
314 1779 509 1834 Filium
550 1778 847 1833 declaravit
874 1821 888 1846 ,
933 1791 987 1833 ct
1026 1794 1246 1834 carnem
1297 1794 1443 1850 saepe
1475 1780 1728 1850 repetivit
1755 1788 1809 1835 et
1836 1804 1886 1866 Β
1913 1785 2234 1854 divinitatis,
2253 1789 2378 1860 quia
2398 1789 2513 1859 ipsa
2538 1790 2778 1846 viviﬁcat
2809 1809 2821 1844 :
2853 1791 3105 1848 humanae
3131 1802 3309 1850 autem
3324 1793 3512 1850 condi-

202 1874 542 1941 sanguinem,
598 1870 843 1926 subdidit
892 1883 1078 1941 postea
1115 1889 1126 1924 :
1168 1870 1316 1926 Sicut
1358 1872 1497 1924 misit
1543 1887 1623 1925 me
1664 1871 1804 1926 vivus

204 1962 386 2029 Pater,
406 1973 452 2018 et
477 1980 572 2035 ego
593 1965 702 2018 vivo
729 1973 938 2034 propter
964 1962 1209 2031 Patrem;
1235 1973 1280 2018 et
1297 1964 1387 2034 qui
1405 1963 1676 2030 mquducat
1700 1980 1803 2030 me,

203 2069 248 2114 et
279 2060 392 2128 ipse
448 2059 573 2113 vivit
617 2067 825 2130 prapter
883 2075 960 2113 me
1017 2057 1214 2129 (Joan.
1245 2073 1317 2126 vt,
1350 2057 1418 2113 58
1450 2055 1491 2128 ).
1522 2057 1806 2126 Quomodo

201 2155 365 2225 igitur
404 2152 505 2208 hoc
533 2152 911 2224 accipiendum
947 2154 1176 2224 putant?
1219 2152 1404 2208 Potest
1433 2151 1576 2207 enim
1604 2151 1803 2222 duplex

200 2251 374 2305 videri
406 2251 764 2320 comparatio.
810 2249 989 2304 Prima
1034 2249 1103 2303 ita
1134 2267 1146 2301 :
1174 2249 1322 2304 Sicut
1359 2248 1496 2302 misit
1542 2264 1622 2301 me
1666 2246 1805 2301 vivus

204 2346 387 2411 Pater,
411 2355 459 2402 et
482 2363 574 2419 ego
601 2347 708 2400 vivo
734 2355 942 2419 prapter
971 2343 1201 2399 Patrem.
1230 2343 1393 2418 5M
1413 2343 1664 2402 Secunda
1685 2343 1755 2398 ita
1789 2360 1804 2398 :

204 2441 353 2497 Sicut
385 2441 522 2494 misit
545 2455 623 2494 me
645 2441 784 2494 vivus
809 2437 986 2506 Pater,
1019 2448 1064 2492 et
1085 2455 1175 2510 ego
1197 2442 1308 2492 vivo
1327 2449 1543 2509 propter
1559 2435 1807 2502 Patrem;

203 2535 276 2589 ita
305 2543 352 2588 et
383 2534 472 2604 qui
498 2532 777 2587 manducat
800 2549 899 2600 me,
928 2531 1035 2603 ipse
1065 2532 1182 2585 vivit
1211 2541 1420 2602 propter
1452 2547 1553 2585 me.

283 2629 403 2684 1'26.
444 2629 501 2684 Si
538 2628 768 2698 primam
807 2627 1034 2697 eligunt,
1071 2625 1173 2681 hoc
1201 2624 1482 2696 Signiﬁcat
1515 2626 1640 2697 quia
1671 2625 1812 2681 sicut

203 2727 409 2782 missus
455 2739 575 2780 sum
603 2739 631 2778 a
663 2723 844 2790 Patre,
895 2731 950 2777 et
1002 2721 1258 2777 descendi
1291 2736 1322 2774 a
1354 2721 1548 2786 Patre,
1587 2720 1658 2776 ita
1688 2720 1812 2774 vivo

205 2828 433 2888 propter
461 2817 698 2872 Patrem.
730 2815 758 2854 ιι
790 2815 954 2884 Quasi
981 2815 1105 2887 quis
1131 2825 1312 2871 autem
1349 2815 1550 2869 missus
1575 2823 1679 2878 est,
1725 2822 1810 2866 at-

204 2929 314 2984 que
335 2911 647 2976 descendit;
699 2911 801 2966 nisi
849 2911 1000 2981 quasi
1035 2909 1208 2966 Filius
1245 2910 1485 2964 hominis
1522 2910 1660 2963 sicut
1698 2908 1814 2978 ipse

204 3022 376 3076 supra
427 3005 610 3060 dixit:
648 3001 814 3058 Nemo
862 3002 1090 3058 ascendit
1144 3004 1193 3058 in
1235 3004 1439 3070 caelum,
1485 3002 1580 3056 nisi
1621 3002 1706 3072 qui
1751 3000 1814 3056 de

206 3097 338 3153 curio
368 3097 635 3152 descendit
675 3095 846 3150 Filius
876 3095 1099 3150 hominis
1126 3095 1142 3168 (
1171 3094 1329 3150 Joan.
1366 3111 1448 3161 ιιι,
1481 3093 1626 3166 1'5)?
1669 3093 1816 3162 Ergo

1913 1879 2096 1944 tionis,
2127 1881 2250 1950 quia
2281 1881 2546 1938 vivilicata
2576 1893 2658 1939 est
2685 1894 2742 1940 et
2773 1887 2824 1938 in
2854 1883 3094 1942 Christo.

1981 1974 2106 2028 150.
2133 1974 2286 2042 Quod
2318 1975 2364 2031 si
2389 1975 2508 2047 quis
2535 1987 2822 2049 utrumque
2843 1977 2909 2034 ad
2935 1977 3136 2034 Christi
3171 1979 3340 2037 refert
3368 1980 3510 2036 divi-

1911 2067 2133 2123 nitatem
2175 2087 2187 2123 :
2231 2085 2359 2141 ergo
2402 2070 2572 2126 Filius
2623 2071 2718 2126 Dei
2761 2071 3073 2128 hominibus
3128 2087 3510 2146 comparatur;

1912 2169 1965 2214 ut
2000 2160 2070 2215 ita
2102 2160 2270 2216 Filius
2300 2173 2523 2233 propter
2544 2162 2760 2219 Patrem
2793 2165 2958 2230 vivat,
2991 2167 3135 2220 sicut
3165 2181 3264 2222 nos
3287 2176 3511 2238 propter

1908 2249 2103 2306 Filium
2120 2252 2214 2306 Dei
2234 2253 2482 2310 vivimus.
2507 2255 2612 2310 Sed
2636 2254 2804 2310 Filius
2821 2255 2916 2311 Dei
2932 2256 3094 2312 vitam
3115 2258 3341 2330 largitur
3356 2267 3516 2314 teter-

1911 2359 2059 2412 nam,
2082 2359 2180 2399 nos
2205 2354 2384 2401 autem
2411 2345 2593 2417 largiri
2621 2347 2934 2418 nequimus;
2962 2363 3092 2420 ergo
3113 2351 3281 2406 nostri
3300 2365 3519 2421 compa-

1913 2440 2120 2496 ratione
2151 2456 2251 2495 nec
2279 2440 2369 2496 ille
2403 2441 2644 2511 largitur.
2678 2441 2923 2497 Habeant
2971 2442 3134 2514 igitur
3168 2442 3352 2500 Ariani
3392 2443 3519 2500 ﬁdei

1912 2551 2024 2592 suae
2056 2537 2358 2606 prmmium,
2384 2550 2452 2591 ne
2469 2536 2630 2590 vitam
2646 2545 2903 2590 cateruam
2923 2537 3292 2607 adipiscantur
3309 2554 3338 2592 a
3357 2537 3515 2594 Filio.

1988 2631 2110 2687 151.
2158 2630 2310 2686 Libet
2330 2630 2442 2701 jam
2469 2628 2696 2685 ulterius
2730 2628 3016 2699 progredi;
3046 2646 3168 2685 nam
3193 2630 3238 2686 si
3267 2631 3376 2686 illis
3406 2631 3522 2703 pla-

1914 2731 2004 2779 cet
2045 2722 2187 2778 hunc
2228 2723 2406 2778 locum
2432 2722 2498 2778 ad
2547 2721 2743 2778 divinas
2777 2732 2798 2760 ο
2843 2723 3261 2795 perpetuitatem
3312 2724 3520 2784 referre

1915 2816 2258 2880 substantiae,
2311 2815 2582 2887 accipiant
2622 2813 2786 2870 etiam
2820 2816 3038 2871 tertiam
3087 2815 3513 2886 expositionem.

1917 2907 2077 2981 55.5
2101 2908 2292 2963 Nonne
2313 2907 2593 2964 evidenter
2624 2907 2838 2964 videtur
2880 2907 3064 2964 dicere
3095 2907 3238 2979 quod
3259 2909 3402 2966 sicut
3430 2910 3514 2966 vi-

1918 3020 2020 3059 vus
2051 3005 2213 3059 Pater
2240 3012 2344 3069 est,
2391 3005 2462 3059 ita
2506 3003 2635 3058 vivit
2663 3013 2718 3059 et
2748 3003 2958 3059 Filius?
2997 3003 3153 3072 Quod
3183 3003 3370 3076 utique
3399 3006 3523 3077 quis

1921 3113 2026 3154 non
2057 3099 2307 3153 advertat
2335 3097 2402 3152 ad
2434 3098 2699 3152 unitatem
2728 3099 2873 3162 vitm,
2907 3097 3054 3167 quod
3104 3097 3296 3153 eadem
3344 3097 3523 3153 Patris

214 3191 362 3245 sicut
389 3189 540 3261 quasi
569 3189 740 3244 Filius
765 3189 1001 3243 hominis
1031 3189 1227 3244 missos
1258 3198 1360 3256 est,
1387 3197 1549 3259 atque
1589 3187 1816 3242 descen-
1842 3211 1889 3273 ϐ
1919 3200 1976 3246 et
2017 3189 2136 3244 Filii
2166 3191 2273 3244 vita
2302 3191 2395 3253 sit,
2447 3203 2572 3244 esse
2600 3187 2992 3244 referendum?
3019 3187 3167 3244 Sicut
3197 3189 3331 3243 enim
3363 3187 3523 3244 Pater

215 3282 336 3347 dit;
365 3283 436 3336 ita
473 3283 623 3352 quasi
670 3282 843 3337 Filius
875 3281 1114 3338 hominis
1163 3282 1294 3337 vivit
1326 3288 1547 3351 propter
1577 3280 1813 3335 Patrem.

221 3374 470 3446 Denique
494 3384 547 3431 et
576 3375 670 3446 qui
721 3375 1010 3431 manducat
1059 3376 1214 3445 quasi
1264 3374 1433 3429 lilium
1480 3371 1738 3439 hominis,
1763 3381 1818 3427 et

211 3471 343 3542 ipse
373 3471 498 3526 vivit
528 3478 748 3542 preptcr
790 3470 985 3525 Filium
1039 3469 1296 3524 hominis.
1345 3471 1537 3524 Actum
1572 3483 1701 3539 ergo
1729 3467 1813 3522 in-

208 3577 273 3621 ea
285 3563 550 3620 rnationis
578 3578 692 3620 sua:
713 3562 964 3619 adventui
990 3579 1108 3618 com
1119 3561 1349 3633 paravit.

292 3663 418 3716 1'27.
460 3660 613 3730 Quod
640 3661 684 3715 si
709 3660 947 3718 secunda
971 3659 1322 3729 complacuit,
1354 3675 1534 3715 nonne
1559 3671 1611 3715 et
1638 3676 1818 3732 :cqua-

213 3758 433 3814 litatem
464 3756 585 3812 Filii
619 3773 742 3812 cum
773 3755 932 3811 Patre
966 3797 980 3822 ,
1012 3766 1066 3811 et
1101 3753 1510 3810 similitudinem
1539 3755 1660 3821 ejus
1693 3768 1816 3808 cum

212 3851 447 3908 homine
505 3850 790 3906 manifesta
855 3849 1208 3905 distinctione
1279 3848 1623 3918 colligimus?
1686 3847 1819 3903 Nam

207 3945 349 4016 quid
407 3952 493 4000 est
521 3963 534 3997 :
576 3944 728 3999 Sicut
779 3944 894 4013 ipse
927 3941 1056 3998 vivit
1087 3951 1313 4013 propter
1345 3941 1560 3997 Patrem
1593 3981 1606 4004 ,
1641 3949 1692 3995 et
1725 3952 1826 3995 nos

212 4041 457 4095 vivimus
483 4047 707 4110 propter
754 4037 961 4108 ipsum;
988 4037 1090 4092 nisi
1121 4035 1244 4107 quia
1278 4035 1357 4089 sic
1385 4033 1625 4089 viviﬁcat
1657 4032 1827 4088 Filius

209 4133 521 4195 hominem,
558 4131 702 4186 sicut
730 4130 890 4187 Pater
919 4131 969 4184 in
1003 4129 1140 4184 Filio
1167 4144 1388 4185 carnem
1407 4127 1700 4183 vivilicavit
1728 4127 1828 4182 hu-

214 4228 484 4282 manam?
507 4225 671 4296 Sicut
699 4226 836 4280 enim
871 4223 1030 4279 Pater
1061 4224 1274 4278 suscitat
1304 4233 1557 4292 mortuos,
1585 4231 1634 4278 et
1663 4222 1827 4291 viviﬁ-

297 4380 323 4407 ει
372 4367 744 4446 Elocutionem
801 4364 980 4446 plane
1007 4363 1242 4446 similem
1283 4363 1444 4446 e_lib.
1501 4362 1828 4446 dehlncarn.

211 4443 408 4520 (ξιιμ-4
441 4435 894 4520 c_itaverat_t_'ard.
942 4436 1258 4520 Perronius.
1283 4435 1390 4520 lib;
1417 4452 1452 4492 ιι
1488 4435 1828 4520 de_Sacram.

219 4507 406 4569 Each.
451 4515 676 4566 Auctor.
707 4509 798 4576 51,
830 4525 1004 4579 eaque
1046 4509 1186 4564 idem
1216 4507 1509 4579 signiﬁcari
1546 4507 1828 4573 docuerat,

1919 3283 2076 3336 vitam
2098 3281 2246 3335 habet
2269 3282 2320 3334 in
2347 3281 2641 3350 semetipso,
2671 3279 2746 3334 sic
2773 3280 2912 3334 dedit
2930 3288 2975 3333 et
3001 3276 3145 3334 Filio
3160 3280 3312 3333 vitam
3338 3279 3525 3336 habere

1921 3374 1976 3428 iu
2025 3373 2296 3444 seutetipso
2325 3371 2526 3442 (Joan.
2556 3388 2610 3439 v,
2661 3371 2802 3443 26).
2856 3371 3014 3427 Dedit
3063 3387 3163 3442 per
3217 3372 3524 3430 unitatem:

1919 3465 2087 3532 dedit,
2122 3482 2228 3521 non
2265 3476 2322 3520 nt
2372 3467 2602 3532 auferat,
2659 3467 2754 3520 sed
2787 3473 2846 3519 ut
2869 3464 3200 3521 clariﬁcelur
3241 3466 3294 3522 in
3339 3465 3480 3523 Filio
3511 3484 3526 3524 :

1921 3559 2088 3626 dedit,
2126 3567 2183 3613 ut
2213 3559 2552 3629 complaccat
2575 3575 2588 3612 :
2613 3557 2762 3613 dedit
2787 3573 2894 3614 non
2925 3568 2981 3614 ut
3005 3557 3167 3614 Pater
3195 3559 3519 3628 custodiret,

1916 3653 2012 3711 sed
2044 3663 2100 3707 ιιι
2123 3652 2296 3708 Filius
2328 3653 2653 3723 possideret.

1999 3748 2123 3804 152.
2163 3747 2270 3803 Sed
2299 3747 2662 3818 obiiciendum
2713 3754 2902 3818 putant
2947 3747 3071 3819 quia
3112 3747 3334 3804 dixerat
3365 3764 3378 3803 :
3409 3746 3525 3820 Ego

1925 3843 2036 3898 vivo
2057 3853 2268 3914 propter
2295 3841 2506 3897 Patrem
2535 3845 2552 3912 (
2580 3841 2740 3898 Joan.
2772 3858 2844 3907 \‘l,
2885 3840 3010 3913 58).
3046 3842 3242 3914 Utique
3271 3843 3316 3898 si
3344 3843 3409 3898 ad
3436 3843 3526 3899 di-

1928 3940 2208 3995 vinitatem
2271 3937 2538 4000 referunt,
2591 3945 2812 4008 propter
2869 3937 3084 3993 Patrem
3144 3938 3278 3992 vivit
3326 3937 3528 4003 Filius;

1929 4036 2052 4105 quia
2111 4051 2180 4089 ex
2228 4033 2388 4090 Patre
2440 4032 2611 4089 Filius
2668 4042 2751 4089 est
2784 4051 2798 4089 :
2830 4043 3052 4104 propter
3100 4033 3348 4099 Patrem;
3402 4035 3528 4104 quia

1933 4127 2092 4182 unius
2124 4126 2438 4181 substantia:
2467 4141 2589 4181 cum
2621 4125 2781 4181 Patre
2819 4142 2832 4179 :
2867 4135 3087 4197 propter
3128 4126 3373 4193 Patrem;
3406 4129 3532 4198 quia

1934 4230 2236 4278 eructatunt
2255 4231 2337 4278 est
2354 4220 2589 4278 Verbum
2618 4235 2686 4276 ex
2709 4219 2887 4276 Patris
2899 4220 3067 4278 corde
3086 4221 3104 4292 (
3122 4220 3271 4276 Psal.
3290 4237 3434 4289 thv,
3455 4220 3531 4293 1),

1939 4379 2137 4430 corpus
2163 4361 2558 4436 transﬁgurari,
2593 4376 2656 4418 ac
2689 4362 2908 4436 [igurari
2955 4363 3006 4418 in
3038 4378 3259 4436 corpus,
3295 4363 3400 4422 hoc
3426 4376 3533 4434 est,

1938 4452 2003 4509 ex
2042 4436 2213 4506 ipsius
2235 4435 2452 4509 quidem
2498 4435 2788 4509 sententia,
2832 4436 3077 4509 corporis
3119 4435 3344 4509 ﬁgurata
3393 4439 3532 4495 ﬁeri.

1945 4508 2142 4563 Verum
2171 4508 2293 4578 quis
2336 4523 2560 4577 usquam
2585 4507 2865 4563 hominum
2894 4511 2965 4562 ita
2991 4507 3201 4566 locutus
3241 4509 3538 4568 est?Certe

206 4585 375 4656 quod
416 4593 629 4640 vertere
660 4582 928 4656 signiﬁcat
959 4582 1011 4634 in
1048 4579 1339 4656 Virgiliano
1371 4581 1498 4636 illo:
1532 4579 1752 4634 Formas
1772 4597 1834 4656 se
1860 4585 1913 4645 Ι)
1937 4580 2188 4656 exempla
2218 4579 2509 4656 verborum
2557 4581 2761 4634 tradere
2801 4589 2964 4650 atque
2999 4580 3266 4656 aliorum,
3298 4591 3355 4638 et
3377 4597 3532 4639 suam

211 4652 381 4712 eiertit
406 4657 461 4709 in
491 4671 689 4716 omnes,
723 4652 988 4708 nimirum
1041 4652 1457 4707 conversionem
1493 4656 1743 4719 corporis
1772 4652 1824 4705 in

207 4731 393 4784 aliam
421 4726 651 4782 formam
680 4735 736 4781 et
782 4726 1033 4796 ligurum.
1063 4723 1199 4779 lluic
1231 4725 1557 4796 Albertinus
1579 4725 1736 4796 lih.tt
1759 4723 1827 4778 de

207 4801 481 4858 Sacram.
516 4799 747 4854 Euchar.
781 4795 1385 4867 responderefconatus,
1415 4795 1491 4850 ait
1529 4795 1666 4850 duas
1691 4795 1827 4849 alias

205 4873 396 4943 huius
427 4872 578 4928 verbi
609 4865 1035 4943 signiﬁcationes
1061 4865 1224 4943 adjici
1256 4869 1544 4943 posse._A_t_
1581 4867 1675 4943 hre
1698 4882 1826 4921 cau—

201 4939 350 5003 sam
382 4943 551 5012 ipsius
581 4939 716 4998 nihil
745 4940 1021 5012 adjuvant.
1059 4939 1192 4994 Nam
1224 4939 1831 5012 primoin‘dicatintcr-

200 5020 363 5077 dum
404 5009 550 5072 idem
575 5018 712 5086 ,esse
749 5009 825 5086 ac?
858 5013 1103 5086 efﬁcere,
1125 5019 1184 5065 ιιι
1210 5025 1331 5064 cum
1364 5009 1568 5086 Plinius
1603 5010 1733 5064 dicit
1763 5010 1831 5064 de

197 5112 249 5147 se
265 5089 557 5160 mygdalis,
578 5082 644 5142 ea:
662 5082 1358 5160 dulcibustrans/igurantur
1380 5082 1435 5160 in
1457 5099 1662 5160 amaras
1686 5096 1832 5160 :_t_tec

195 5152 507 5220 difl'it'etur
535 5159 638 5214 hoc
664 5173 826 5213 sensu
851 5155 1052 5212 Christi
1096 5152 1295 5224 corpus
1341 5153 1526 5208 oll'erri
1577 5152 1834 5208 altaribus

1936 4649 2364 4720 compositorum
2392 4652 2660 4708 rationem
2694 4649 2957 4722 nusquam
2980 4651 3289 4722 deponunt;
3321 4670 3444 4721 nec,
3475 4663 3533 4711 ut

1936 4725 2172 4779 maxime
2202 4723 2361 4796 illam
2380 4734 2614 4796 exuant,
2634 4723 2721 4796 hic
2751 4721 2864 4796 ullo
2882 4721 3061 4796 modo
3080 4724 3285 4782 faciunt
3310 4727 3376 4781 ad
3407 4743 3534 4796 pro-

1935 4796 2193 4865 positum.
2222 4793 2369 4850 Nihil
2411 4795 2574 4866 igitur
2603 4794 2690 4850 hic
2713 4792 3067 4866 signiﬁcatur
3104 4797 3174 4852 ab
3217 4792 3530 4865 Ambrosio,

1936 4867 2040 4921 nisi
2068 4866 2214 4937 quod
2243 4865 2476 4922 habetur
2495 4867 2589 4922 lib.
2618 4866 2686 4922 de
2711 4865 2935 4936 Myster.
2969 4880 3092 4938 cap.
3112 4867 3168 4932 9,
3200 4886 3257 4925 ιι.
3289 4870 3361 4924 50
3393 4885 3405 4922 :
3430 4868 3533 4924 Be-

1935 4939 2226 4993 nedictione
2253 4939 2405 4992 etiam
2430 4940 2548 5010 ipsa
2570 4947 2756 4992 natura
2782 4945 3032 5010 mutatur.
3056 4939 3194 4996 Nam
3235 4955 3397 4996 sacrte
3415 4956 3536 4994 ora-

1937 5010 2090 5084 tionis
2113 5011 2410 5084 mysterium
2456 5007 2597 5084 idem
2641 5021 2812 5084 estac
2836 5007 3169 5084 benedictio,
3197 5021 3254 5070 et
3281 5013 3394 5084 ipsa
3422 5011 3534 5069 Do-

1937 5083 2072 5137 mini
2102 5083 2266 5136 verba
2300 5101 2313 5135 :
2345 5098 2449 5153 qua
2468 5082 2536 5139 de
2558 5097 2616 5137 re
2645 5081 2844 5137 ibidem
2871 5095 3024 5136 num.
3049 5083 3140 5138 52.

2010 5163 2038 5203 δ
2079 5154 2300 5210 Amerb.
2325 5164 2381 5209 et
2428 5154 2609 5218 Eras.,
2668 5153 2800 5222 Quis
2828 5163 3001 5206 autem
3023 5160 3212 5210 missus
3244 5165 3366 5212 est:
3414 5154 3537 5211 alite

197 5230 754 5302 transﬁgurandnm.
797 5229 1002 5302 Quain
1033 5243 1092 5282 re
1114 5227 1182 5280 ab
1219 5240 1287 5280 eo
1313 5224 1554 5302 minime
1582 5225 1837 5280 dissenti-

194 5321 384 5368 mus,
418 5297 523 5360 nisi
545 5302 690 5374 quod
713 5299 1069 5374 symbolicutn
1088 5313 1287 5374 corpus
1312 5297 1618 5374 intelligere
1638 5312 1699 5374 se
1729 5311 1834 5352 nou

190 5369 577 5437 dissimulat;
602 5369 762 5429 Enim
791 5387 920 5427 vero
945 5369 1239 5426 absurdum
1270 5379 1354 5424 est
1396 5369 1527 5424 illud
1556 5370 1835 5435 ultimmn;

188 5463 370 5510 nam
405 5457 766 5518 praeterquam
799 5444 944 5514 quod
971 5442 1217 5511 eratiam
1243 5456 1440 5511 corpus
1473 5440 1835 5518 symbolicum

187 5526 295 5582 in
325 5514 606 5590 antitypis,
629 5514 846 5590 certum
878 5525 960 5571 est
991 5529 1209 5590 semper
1236 5529 1416 5590 veram
1446 5514 1678 5590 aliquam
1703 5528 1836 5568 con-

181 5585 554 5652 versionem
604 5587 853 5650 indicari,
877 5591 992 5643 sive
1023 5586 1341 5642 substantiae
1366 5627 1380 5648 ,
1414 5586 1458 5640 si
1492 5585 1562 5640 de
1587 5586 1838 5641 substan-

182 5669 316 5726 tia
344 5673 573 5734 agatur;
603 5660 719 5715 sive
755 5658 1078 5734 accidentis,
1111 5667 1166 5713 ut
1206 5659 1258 5734 in
1291 5657 1536 5712 Pliniano
1563 5657 1834 5734 exetnplo.

179 5729 559 5798 Secuindam
592 5744 768 5787 autem
814 5733 1184 5801 acceptioncm
1234 5729 1372 5801 hanc
1402 5744 1523 5783 esse
1549 5729 1700 5790 dicit,
1733 5745 1834 5798 qua

173 5806 611 5878 compositum
636 5803 852 5875 ponitur
885 5800 980 5874 pro
1011 5818 1109 5859 suo
1141 5800 1394 5872 simplici,
1433 5815 1485 5855 ut
1521 5800 1659 5856 idem
1691 5805 1759 5855 sit
1784 5802 1834 5854 in

1939 5225 2071 5280 edit.
2108 5241 2168 5280 ac
2201 5231 2398 5282 'omnes
2445 5241 2602 5294 mss.,
2635 5226 2798 5291 Quasi
2841 5224 2954 5294 quis
2997 5235 3170 5281 autem
3212 5229 3397 5282 missus
3438 5235 3534 5281 est.

1943 5298 2140 5366 Excipe
2167 5307 2345 5354 tamen
2377 5300 2597 5355 ultimas
2616 5298 2747 5353 edit.
2770 5295 2957 5369 Paris:
2970 5297 3059 5352 ubi
3091 5314 3191 5369 pro
3211 5299 3374 5367 Quasi
3405 5299 3541 5369 legi-

1944 5379 2030 5424 tur
2063 5365 2352 5436 Quomodo.
2403 5371 2578 5426 Male:
2609 5379 2696 5427 est
2719 5367 2884 5431 enim,
2920 5365 3248 5438 Quasi'quis;
3283 5371 3426 5425 idem
3457 5365 3540 5423 at-

1940 5457 2046 5518 quo
2071 5443 2123 5495 in
2149 5441 2303 5512 cujus
2327 5443 2639 5518 conditione
2667 5456 2732 5497 ac
2779 5438 3022 5518 nomine.
3065 5439 3266 5518 lterum
3296 5455 3430 5498 vero
3451 5441 3543 5518 ubi

1943 5513 2075 5568 edit.
2107 5510 2230 5567 cum
2261 5529 2369 5567 uno
2390 5516 2478 5569 vel
2509 5515 2680 5569 altero
2702 5523 2860 5573 mss.,
2895 5510 3030 5580 sicut
3058 5510 3189 5580 ipse,
3215 5512 3375 5569 Rom.
3405 5513 3541 5569 edit.

1944 5585 2081 5653 ipsa,
2129 5601 2287 5655 supra
2337 5586 2618 5657 patientia;
2668 5585 2851 5654 plures
2901 5579 3350 5656 probatioresque
3405 5602 3540 5643 mss.

1945 5657 2220 5719 omittunt,
2249 5658 2520 5727 sapientia.

2020 5740 2040 5765 η
2088 5728 2211 5782 Mss.
2245 5728 2472 5798 aliquot,
2508 5727 2871 5796 proprietatem
2905 5729 3102 5798 referre
3141 5729 3453 5789 substantiw.
