4016 6292
469 313 575 374 647

1826 315 1905 373 SA
1915 314 2072 371 NCTI
2110 314 2439 375 AMBROSII
3649 324 3734 381 618

550 430 676 486 156.
729 428 978 486 Diximus
1016 428 1290 501 quomodo
1315 445 1381 487 ex
1428 431 1567 502 ipso,
1599 430 1873 501 quomodo
1911 431 2076 488 etiam
2104 434 2161 496 Α
2256 432 2381 489 161.
2415 431 2526 489 Nec
2576 439 2759 488 tamen
2804 432 2907 489 soli
2937 433 3080 489 Filio
3125 433 3407 506 derogatis
3432 477 3447 502 ,
3485 434 3575 491 sed
3601 437 3737 493 etiam

474 540 576 596 per
619 524 817 594 ipsum.
847 523 904 580 In
933 524 1053 596 ipso
1075 533 1259 581 autem
1282 526 1462 582 omnia
1489 540 1613 583 esse
1652 526 1780 598 quis
1824 525 2033 583 dubitet
2059 568 2074 589 ,

472 632 600 675 cum
633 616 757 674 alibi
787 617 1052 689 scriptum
1079 618 1153 673 sit
1187 635 1200 672 :
1231 618 1489 686 Quoniam
1514 620 1568 673 in
1594 619 1707 692 ipsa
1733 619 1940 675 condita
1959 626 2079 675 sunt

476 712 651 768 omnia
679 712 735 767 in
760 712 923 778 catis,
949 723 999 769 et
1021 712 1075 768 in
1114 713 1227 785 ipso
1255 722 1430 769 creata
1460 724 1581 769 sunt
1607 730 1626 769 :
1651 722 1701 769 et
1726 714 1839 785 ipse
1858 722 1934 771 est
1961 723 2081 769 ante

475 824 653 864 omnes
677 849 692 873 ,
733 817 782 863 et
812 807 988 863 omnia
1030 807 1087 862 in
1126 807 1242 878 ipso
1285 809 1565 878 canstant(
1587 804 1791 864 Coloss.
1840 822 1880 873 ι,
1915 806 2079 879 16)?

481 900 663 957 llabes
687 915 818 972 ergo
844 915 913 958 ex
948 899 1067 971 ipso
1094 899 1351 971 gratiam,
1394 900 1571 972 ipsum
1602 908 1951 972 operatorem
1972 940 1988 966 ,
2021 898 2077 955 in

479 995 599 1067 ipso
616 994 855 1051 omnium
883 993 1302 1051 ﬁrmamentum.

985 1106 1151 1181 559
1186 1106 1417 1166 cspu'r
1470 1107 1591 1166 χιι.

484 1226 635 1293 Quod
681 1224 1015 1300 objiciebatur
1064 1240 1129 1281 ea:
1170 1223 1378 1280 Joanne
1406 1220 1456 1277 F
1458 1224 1607 1279 ilium
1657 1224 1747 1280 viti
1789 1233 1839 1279 et
1867 1222 2082 1278 Patrem

554 1321 799 1394 agricon
822 1321 1132 1394 comparari,
1170 1320 1235 1375 de
1261 1320 1618 1375 incarnatione
1656 1318 2081 1392 intelligendum:

548 1417 638 1487 qui
660 1430 779 1472 aera
805 1414 1088 1471 secundum
1119 1414 1504 1488 generationem
1532 1413 1759 1469 divinam
1783 1412 1917 1468 illud
1939 1414 2079 1467 acci-

548 1507 716 1578 piant.
741 1504 882 1562 Filia
898 1507 1029 1562 duas
1050 1507 1493 1578 injuriasinferre.
1516 1523 1668 1576 quem
1684 1517 1732 1561 et
1746 1503 1918 1560 Paulo
1940 1514 2084 1576 post—

551 1608 778 1671 ponant,
822 1609 870 1656 et
904 1611 1107 1672 regnent
1145 1598 1266 1654 aliis
1312 1599 1606 1654 hominibus
1633 1599 1885 1655 :totidem
1927 1599 2083 1654 etiam

548 1693 725 1763 Patri,
754 1710 904 1767 quem
932 1710 1036 1750 non
1061 1693 1235 1750 solum
1261 1693 1424 1751 eidem
1450 1694 1697 1766 Apostolo
1743 1708 1922 1765 parem
1947 1734 1962 1759 ,
1991 1691 2084 1775 sed

547 1790 709 1845 etiam
732 1786 885 1843 nihili
908 1805 1020 1845 esse
1047 1789 1403 1858 testiﬁcentur.
1435 1788 1567 1843 Tum
1610 1788 1749 1859 falsa
1776 1789 2085 1859 interpreta-

552 1883 691 1938 tione
717 1882 889 1937 denuo
917 1883 1129 1951 reiecta,
1155 1898 1375 1952 veraque
1391 1883 1719 1953 conﬁrmata,
1752 1880 1929 1937 Filius
1954 1897 2084 1954 quo-

545 1994 643 2050 que
668 1976 957 2034 secundum
986 1976 1313 2034 divinitatem
1341 1977 1573 2052 agricola
1600 1994 1713 2034 esse
1730 2019 1747 2046 ,
1793 1994 1854 2032 ac
1879 1994 1977 2038 una
2002 1995 2084 2034 se-

544 2070 773 2126 cundum
790 2070 1188 2138 humanitatem,
1213 2071 1501 2138 astruitnr;
1530 2070 1666 2127 unde
1692 2071 1927 2143 superior
1950 2086 2084 2143 prte-

546 2162 807 2219 cellentice
825 2171 1055 2235 paternis
1080 2162 1365 2235 explicatio
1402 2161 1687 2218 stabilitur.

557 2298 681 2355 157.
715 2297 887 2371 [Alias
910 2315 1027 2372 cap.
1052 2297 1192 2372 Ἧι]
1218 2299 1353 2356 illud
1377 2314 1596 2372 quoque
1616 2298 1683 2354 ad
1711 2314 1908 2369 separa
1920 2299 2082 2357 udam

480 2387 656 2445 Patris
712 2398 769 2445 et
798 2388 921 2445 Filii
975 2389 1315 2447 divinitatem
1364 2390 1609 2462 objicere
1641 2400 2079 2458 consueverunt,

480 2481 606 2555 quia
640 2482 899 2541 Dominus
923 2483 1069 2540 dixit
1090 2483 1147 2541 in
1168 2483 1466 2556 Evangelia
1494 2502 1510 2541 :
1541 2483 1784 2557 Egosum
1807 2485 1923 2540 vitis
1941 2500 2079 2553 aera,

483 2586 533 2632 et
560 2576 723 2634 Pater
743 2593 889 2633 meus
915 2578 1146 2652 agricola
1172 2588 1247 2635 est
1268 2576 1454 2652 (Joan.
1474 2594 1561 2645 xv,
1596 2578 1686 2651 1);
1714 2579 2008 2651 agricolam
2029 2589 2087 2636 et

487 2672 654 2730 vitem
704 2671 936 2729 diversa:
977 2672 1227 2730 dicentes
1271 2687 1399 2730 esse
1446 2679 1689 2742 natum,
1732 2682 1791 2731 et
1823 2674 1988 2731 vitem
2030 2674 2083 2729 in

487 2765 742 2837 agricola:
766 2780 892 2823 esse
916 2774 1211 2837 potestate.

559 2856 686 2915 158.
711 2857 805 2916 Sic
834 2873 965 2931 ergo
988 2858 1151 2916 vultis
1178 2873 1302 2916 esse
1322 2858 1519 2916 Filium
1558 2858 1858 2916 secundum
1883 2858 2081 2916 divini.

484 2962 676 3023 tatem,
715 2954 857 3010 sicut
878 2954 1005 3010 vitis
1031 2962 1145 3021 est;
1170 2963 1228 3010 ut
1254 2954 1379 3012 sine
1400 2954 1612 3011 cultore
1635 2953 1770 3011 nihil
1794 2954 2003 3020 valeat,
2030 2963 2087 3010 et

477 3045 659 3116 possit
704 3043 885 3102 deseri
923 3045 1010 3102 vel
1058 3045 1228 3103 recidi
1271 3064 1284 3101 :
1318 3055 1375 3103 et
1426 3062 1499 3103 ex
1546 3046 1724 3103 littera
1755 3046 2084 3104 calumniam

487 3138 841 3211 comparatis,
861 3140 986 3211 quia
1013 3139 1277 3198 Dominus
1299 3140 1468 3197 vitem
1491 3152 1554 3197 se
1578 3153 1703 3196 esse
1727 3139 1883 3204 dixit,
1908 3139 2087 3196 incar-

2180 524 2348 581 Patri.
2393 524 2530 581 Nam
2570 524 2617 580 si
2668 525 2719 580 in
2768 524 3019 598 agricola:
3047 528 3271 585 nomine
3313 527 3490 584 omnis
3535 540 3740 598 paterna:

2180 617 2547 689 praerogativa
2571 625 2656 674 est
2687 618 2975 688 potestatis
2997 660 3013 684 ,
3046 633 3171 675 cum
3202 619 3367 677 etiam
3407 619 3593 676 Paulus
3617 620 3741 692 agri-

2179 712 2297 769 cola
2323 710 2415 778 sit,
2448 711 2595 768 Patri
2624 712 2845 783 utique,
2878 712 2969 768 cui
2995 711 3192 769 Filium
3237 713 3450 786 negatis
3471 756 3486 781 ,
3512 715 3739 787 aequalem

2182 804 2508 874 Apostolum
2531 805 2885 876 comparatis.

2255 896 2379 953 162.
2414 896 2620 954 Deinde
2645 913 2767 953 cum
2797 899 3057 969 scriptum
3076 900 3185 954 sit:
3217 898 3325 956 Sed
3349 900 3743 973 nequequiplau-

2181 1000 2276 1058 tat,
2316 1002 2390 1047 est
2415 992 2724 1064 quidquam,
2756 1008 2919 1064 neque
2936 994 3025 1065 qui
3044 994 3178 1067 rigat
3198 1010 3217 1049 :
3243 996 3335 1049 sed
3365 994 3455 1067 qui
3482 996 3568 1049 dat
3603 995 3745 1052 incre-

2180 1095 2410 1141 mentum
2425 1082 2571 1141 Deus
2589 1084 2637 1158 (i
2651 1082 2771 1142 Car.
2803 1101 2885 1155 ιιι,
2914 1087 3006 1158 7);
3038 1087 3094 1142 in
3121 1102 3189 1144 eo
3215 1088 3438 1144 nomine
3467 1103 3557 1145 vos
3576 1086 3603 1128 ι’
3622 1104 3744 1145 sum-

2183 1192 2326 1232 mam
2359 1185 2603 1248 patcrne
2629 1178 2932 1250 maiestatis
2965 1180 3247 1249 locabitis,
3294 1182 3439 1252 quod
3469 1181 3645 1239 videtis
3677 1183 3745 1237 in-

2183 1267 2422 1325 ﬁrmum.
2455 1271 2513 1329 Si
2541 1272 2687 1329 enim
2714 1272 2808 1343 qui
2829 1272 3069 1345 plantat,
3100 1283 3157 1329 et
3183 1275 3274 1346 qui
3305 1275 3464 1346 rigat,
3504 1275 3625 1330 nihil
3654 1284 3741 1342 est,

2183 1364 2279 1421 sed
2300 1366 2391 1437 qui
2421 1365 2517 1423 dat
2561 1366 2960 1424 incrementum
3005 1369 3182 1435 Deus;
3228 1368 3407 1426 videte
3449 1368 3604 1442 55o
3635 1370 3742 1440 quid

2184 1466 2366 1514 vestra
2403 1473 2649 1516 asserere
2701 1461 2956 1516 moliatur
3005 1461 3279 1533 impietas,
3313 1472 3373 1517 ut
3402 1472 3457 1517 et
3492 1462 3639 1518 Pater
3658 1478 3744 1518 no-

2186 1550 2334 1607 mine
2378 1551 2450 1607 sit
2502 1552 2935 1609 contemnendus
2977 1555 3265 1626 agricolas;
3291 1564 3347 1611 et
3388 1554 3530 1610 Deus
3572 1554 3744 1626 aliquis

2184 1643 2582 1700 incrementum
2613 1655 2842 1716 paterno
2862 1647 3119 1719 operiqui
3144 1647 3369 1714 tribuat,
3399 1647 3742 1719 requirendus.

2185 1736 2352 1808 impie
2382 1736 2547 1809 igitur
2590 1753 2658 1795 ex
2701 1738 2922 1795 nomine
2964 1740 3215 1811 agricola:
3258 1739 3636 1812 praferendam
3661 1739 3746 1796 Dei

2110 1829 2160 1892 Β
2189 1832 2365 1888 Patris
2396 1833 2712 1889 existimant
2743 1842 3091 1905 potestatem,
3144 1835 3197 1890 in
3237 1850 3345 1906 quo
3386 1835 3460 1891 sit
3483 1834 3616 1891 Patri
3651 1834 3748 1890 Deo

2186 1942 2311 1984 cum
2346 1927 2568 1985 homine
2588 1929 2969 2000 appellationis
2986 1940 3274 1987 commune
3294 1929 3632 1987 consortium.

2261 2019 2390 2077 163.
2422 2020 2566 2089 Quid
2596 2032 2777 2077 autem
2808 2024 3110 2095 egregium,
3135 2024 3182 2079 si
3212 2022 3263 2080 ei
3291 2022 3375 2097 (ut
3403 2021 3580 2087 vultis,
3600 2021 3748 2077 limi-eo

2191 2115 2320 2187 tici)
2370 2116 2510 2173 Filio
2545 2115 2893 2189 praeferatur,
2939 2118 3100 2187 cujus
3141 2117 3322 2174 divina
3369 2117 3649 2174 substantia
3686 2116 3749 2171 ab

2188 2208 2424 2264 humana
2462 2209 2780 2267 conditione
2825 2227 2935 2267 non
2964 2210 3285 2283 discrepet?
3339 2210 3474 2268 Nam
3516 2213 3559 2267 si
3604 2212 3749 2265 vitent

2186 2300 2385 2358 Filium
2428 2301 2731 2359 secundum
2761 2302 3003 2359 divinam
3049 2304 3408 2360 substantiam
3453 2303 3748 2375 appellatum

2189 2393 2413 2465 putatis,
2443 2410 2551 2451 non
2591 2395 2771 2452 solum
2800 2396 3151 2467 corruptela,
3184 2398 3511 2469 incertisque
3536 2398 3748 2456 clemen-

2189 2491 2366 2541 torum
2385 2485 2680 2543 obnoxium
2714 2485 2995 2558 judicatis,
3024 2487 3121 2545 sed
3165 2489 3331 2544 etiam
3373 2487 3608 2544 humana:
3642 2496 3750 2542 tan-

2189 2576 2469 2634 tummodo
2524 2588 2840 2637 consortem
2895 2587 3136 2646 natura;
3188 2579 3313 2653 quia
3367 2581 3522 2637 unius
3569 2589 3748 2636 natura:

2188 2678 2316 2725 sunt
2340 2671 2465 2726 vitis
2493 2680 2549 2728 et
2573 2671 2858 2744 palmites;
2913 2680 2972 2728 ut
3009 2688 3120 2729 non
3165 2688 3262 2744 per
3283 2674 3647 2731 incarnationis
3666 2686 3750 2727 sa-

2190 2775 2532 2821 cramentum
2563 2779 2785 2822 carnem
2809 2766 2904 2822 Dei
2931 2764 3105 2822 Filios
3127 2768 3491 2840 assumpsisse
3514 2767 3746 2831 videatur,

2189 2858 2287 2915 sed
2315 2859 2639 2931 principium
2670 2861 2971 2933 sumpsisse
2997 2861 3069 2918 de
3097 2876 3285 2918 carne.

2262 2951 2387 3007 164.
2420 2953 2536 3025 Ego
2578 2963 2761 3010 autem
2808 2953 2987 3010 dicam
3030 2954 3191 3027 plane
3215 2969 3435 3011 carnem
3477 2954 3612 3026 ejus,
3637 2953 3747 3007 licet

2191 3061 2334 3102 novo
2380 3047 2752 3119 generationis
2801 3047 3099 3121 mysterio,
3148 3049 3310 3106 unius
3359 3058 3530 3106 tamen
3569 3060 3746 3104 natura:

2192 3139 2360 3196 fuisse
2389 3142 2695 3210 nobiscum,
2726 3150 2781 3197 et
2803 3140 2907 3198 hoc
2933 3142 3127 3198 salutis
3154 3153 3356 3199 nostrae
3386 3150 3744 3200 sacramentum

477 3233 719 3290 nationis
736 3249 852 3290 sua:
877 3235 1194 3307 signiﬁcans
1212 3244 1614 3291 sacramentum
1633 3234 1876 3292 l'l‘amen
1902 3235 1948 3290 si
1974 3236 2086 3306 pia-
2115 3224 2161 3289 C
2192 3248 2336 3301 esse,
2368 3250 2477 3291 non
2502 3233 2704 3291 divina:
2732 3235 3101 3307 generationis
3130 3234 3435 3292 exordium.
3479 3234 3605 3290 Vitis
3621 3231 3748 3289 enim

482 3339 573 3387 cet
594 3338 654 3385 ut
685 3344 753 3386 ex
779 3329 960 3386 littera
987 3340 1456 3402 argumentemur,
1485 3330 1659 3386 lateor
1689 3338 1746 3387 et
1769 3344 1891 3399 ego,
1926 3330 2093 3386 immo

481 3421 744 3491 proﬁteor
768 3422 896 3495 quia
922 3421 1094 3481 vitem
1142 3439 1202 3480 se
1238 3421 1413 3479 Filius
1459 3423 1779 3479 nominavit.
1816 3423 1907 3480 Va
1942 3424 2089 3481 enim

482 3516 641 3583 mihi,
680 3517 726 3573 si
758 3527 1160 3575 sacramentum
1189 3516 1380 3573 salutis
1411 3516 1645 3587 publica:
1665 3516 2049 3589 denegaverat

558 3607 683 3666 159.
707 3608 996 3678 Quomodo
1026 3625 1158 3681 ergo
1179 3608 1346 3665 vultis
1369 3609 1619 3681 accipere
1662 3608 1808 3681 quod
1839 3624 1898 3666 se
1922 3610 2091 3666 vitem

485 3705 583 3763 Dei
610 3704 783 3762 Filius
805 3705 1139 3762 nominavit?
1162 3704 1220 3763 Si
1252 3704 1551 3761 secundum
1574 3704 1815 3760 divinam
1842 3703 2094 3760 substan-

488 3797 621 3855 tiam
647 3796 853 3854 dictum
883 3796 1159 3869 accipitis:
1190 3806 1246 3853 et
1272 3805 1301 3834 ιι
1340 3796 1481 3853 sicut
1524 3797 1668 3854 inter
1697 3796 1987 3867 agricolam
2038 3805 2094 3853 et

486 3891 682 3959 vitem,
716 3895 790 3948 ita
835 3891 997 3949 etiam
1040 3891 1187 3947 inter
1206 3890 1424 3947 Patrem
1467 3898 1525 3946 et
1565 3889 1758 3947 Filium
1789 3890 2094 3948 divinitatis

487 3983 716 4041 creditis
743 3998 869 4042 esse
898 3983 1214 4041 distantiam
1236 4024 1254 4051 ,
1291 3984 1566 4055 geminam
1612 3982 1785 4052 Filio,
1822 3984 2091 4056 geminam

488 4074 637 4131 Patri
667 4075 849 4133 facitis
878 4075 1164 4148 injuriam:
1191 4074 1353 4144 Filio,
1386 4075 1512 4147 quia
1543 4074 1590 4131 si
1621 4077 1924 4133 secundum
1947 4076 2091 4132 divi-

488 4171 716 4228 nitatem
757 4169 986 4228 inl'erior
1029 4179 1115 4227 est
1139 4184 1306 4243 quam
1360 4169 1635 4242 agricola,
1679 4169 1901 4227 inferior
1927 4170 2090 4226 etiam

486 4261 659 4320 Paulo
686 4262 943 4335 apostolo
991 4272 1177 4321 vestra
1210 4264 1520 4319 assertione
1547 4277 1773 4320 necesse
1823 4271 1910 4318 est
1946 4262 2092 4319 aesti-

484 4366 702 4422 metur;
730 4356 858 4428 quia
881 4366 939 4413 et
966 4355 1167 4413 Paulus
1191 4356 1495 4427 agricolam
1522 4371 1583 4413 se
1610 4371 1737 4413 esse
1761 4357 1931 4423 dixit,
1952 4356 2094 4412 sicut

488 4448 685 4506 habes:
718 4446 833 4523 Ego
859 4449 1110 4522 plmttaai,
1142 4450 1332 4521 Apollo
1355 4450 1583 4524 rigavit;
1626 4451 1717 4506 sed
1755 4449 1898 4506 Deus
1924 4451 2092 4507 incre-

487 4550 716 4597 mentum
745 4541 889 4597 dedit
916 4541 979 4616 (i
1007 4540 1131 4598 Cor.
1154 4557 1238 4610 ιιι,
1264 4541 1345 4615 6).
1367 4542 1506 4600 Νυιιι
1530 4558 1660 4615 ergo
1684 4542 1846 4599 vultis
1870 4552 1930 4601 ut
1952 4543 2090 4601 Pau-

484 4636 572 4694 lus
598 4637 792 4694 melior
814 4638 889 4696 sit
906 4637 1003 4695 Dei
1033 4636 1175 4694 Filio
1194 4639 1219 4693 2
1422 4636 1435 4650 ‘

557 4731 684 4789 160.
718 4731 946 4790 Habetis
977 4747 1143 4790 unam
1175 4732 1455 4804 iniuriam.
1485 4732 1755 4801 Alteram,
1782 4732 1909 4805 quia
1933 4733 1978 4789 si
2008 4748 2096 4790 sc-

481 4824 723 4884 cundum
754 4825 1117 4882 substantiam
1164 4825 1537 4897 generationis
1572 4834 1823 4892 tuleram,
1860 4824 1982 4881 vitis
2012 4832 2097 4881 est

482 4917 677 4987 Filius,
706 4932 831 4975 cum
871 4917 1077 4976 dixerit
1103 4936 1118 4974 :
1148 4916 1262 4992 Ego
1281 4933 1401 4973 sum
1421 4918 1560 4986 vitis,
1589 4934 1680 4973 vos
1700 4917 1937 4989 palmites
1975 4918 2097 4973 estis

483 5013 680 5084 (Joan.
713 5029 808 5082 xv,
842 5014 940 5086 5);
968 5014 1135 5071 unius
1164 5012 1452 5070 nobiscum
1481 5013 1649 5069 etiam
1681 5013 1773 5067 illa
1795 5011 1975 5069 divina
2004 5028 2099 5084 ge-

484 5107 697 5165 neratio
751 5107 1027 5165 videbitur
1072 5121 1199 5165 esse
1253 5106 1593 5163 substantiae.
1622 5104 1730 5163 Sed
1762 5107 1876 5178 quis
1908 5107 2095 5163 similis

487 5203 576 5261 tibi
593 5206 652 5262 in
675 5204 800 5273 diis,
817 5205 1064 5275 Domine,
1084 5206 1232 5261 sicut
1246 5204 1511 5275 scriptum
1531 5211 1617 5260 est
1635 5202 1831 5276 (Exod.
1859 5219 1951 5271 xv,
1977 5202 2095 5275 11)?

485 5299 554 5357 Et
572 5316 766 5359 rursus
790 5302 846 5357 in
876 5302 1117 5372 psalmo:
1146 5297 1405 5368 Quoniam
1425 5301 1540 5371 quis
1582 5300 1637 5354 in
1675 5298 1889 5354 nubibus
1922 5313 2096 5369 atqua-

485 5392 622 5449 bitur
666 5394 933 5451 Domino?
970 5401 1063 5449 aut
1092 5393 1207 5465 quis
1248 5392 1435 5448 similis
1486 5393 1584 5447 erit
1635 5391 1745 5448 Deo
1788 5394 1926 5448 inter
1954 5392 2096 5460 ﬁlios

490 5486 587 5543 Dei
614 5487 791 5562 (Psal.
824 5503 1096 5555 Lxxxvnt,
1131 5487 1236 5559 ην

560 5634 587 5699 ξι
616 5626 748 5699 llas.
778 5643 887 5684 non
917 5626 1098 5698 pauci,
1130 5634 1178 5681 et
1205 5626 1336 5699 sicut
1362 5627 1417 5680 in
1447 5628 1676 5699 agricola
1713 5634 1763 5681 et
1793 5628 1909 5680 vite.

560 5692 589 5732 δ
616 5696 732 5753 Non
762 5692 956 5768 pauci',
987 5692 1092 5754 nec
1132 5698 1334 5753 intima:
1362 5692 1506 5754 noti:
1543 5713 1677 5753 mss.
1699 5739 1713 5763 ,
1746 5712 1949 5752 summa
1992 5713 2086 5768 pa-

503 5776 659 5821 tcrna:
683 5770 985 5838 maiestatis.

570 5846 594 5878 ο
625 5838 755 5901 Mss.
801 5840 1070 5909 nonnulli,
1101 5841 1241 5898 dicas
1268 5842 1347 5898 vel
1381 5841 1590 5898 inuitus.
1628 5840 1694 5897 Et
1731 5846 1855 5912 post
1894 5854 2087 5913 pauca,

2195 3336 2297 3395 est,
2325 3330 2452 3400 quia
2473 3344 2623 3386 meas
2649 3329 2881 3386 sustinet
2910 3332 3223 3400 passiones;
3251 3328 3661 3401 quandoquidem
3696 3326 3747 3381 in

2196 3421 2292 3477 illo
2319 3422 2443 3478 nixa
2469 3422 2675 3493 fragilis
2703 3423 2855 3494 prius
2884 3426 3117 3478 humana
3149 3422 3395 3479 conditio
3423 3422 3647 3480 fecundis
3665 3435 3743 3475 re-

2195 3513 2391 3570 diviva:
2419 3514 2686 3571 lructibus
2718 3514 2935 3585 pietatis
2954 3514 3210 3572 adolevit.

2269 3609 2395 3666 165.
2431 3608 2819 3667 Verumtamen
2847 3609 2895 3666 si
2925 3622 2976 3667 te
3001 3626 3198 3682 pompa
3218 3610 3457 3668 delectat
3492 3608 3707 3683 agricola:
3730 3623 3747 3673 ;

2197 3708 2220 3736 ε
2251 3701 2422 3770 dicas,
2464 3702 2649 3773 velim,
2680 3703 2803 3776 quis
2832 3703 2924 3760 ille
2950 3704 3042 3768 sit,
3074 3704 3169 3776 qui
3193 3703 3407 3762 locutus
3443 3712 3526 3761 est
3562 3704 3609 3759 in
3641 3717 3747 3773 pro-

2195 3793 2358 3867 pheta
2385 3812 2400 3849 :
2433 3792 2677 3863 Domine,
2712 3805 2894 3851 notum
2924 3794 3052 3851 milii
3078 3796 3185 3867 fac,
3215 3805 3275 3851 ut
3306 3798 3502 3852 sciam:
3530 3805 3635 3851 tunc
3661 3793 3749 3846 ridi

2197 3888 2532 3961 cogitationes
2559 3904 2755 3944 eorum.
2789 3887 2904 3962 Ego
2949 3899 3005 3944 ut
3053 3906 3218 3962 agnus
3249 3889 3439 3945 ductus
3476 3906 3585 3945 sunt
3622 3888 3751 3942 insa-

2195 3996 2313 4035 cens
2365 3978 2434 4034 ad
2471 3979 2845 4035 immolandum
2869 4022 2884 4048 ,
2925 3992 2972 4036 et
3022 3981 3310 4037 nesciebam
3345 4001 3365 4039 :
3390 3983 3640 4040 aduersum
3683 3994 3751 4032 me

2194 4074 2543 4146 cogitaverunt
2587 4074 2860 4130 comitium
2885 4116 2900 4141 ,
2950 4076 3173 4132 dicentes
3207 4092 3227 4133 :
3263 4076 3471 4146 Venite,
3504 4077 3750 4152 injiciomus

2197 4170 2398 4242 lignum
2419 4170 2476 4225 in
2501 4186 2688 4241 panem
2716 4173 2828 4245 ejus
2857 4168 3074 4244 (Jerem.
3103 4187 3179 4239 ιι,
3207 4171 3331 4243 19).
3359 4172 3417 4229 Si
3449 4172 3585 4229 enim
3612 4167 3751 4225 Filius

2202 4262 2595 4319 incarnationis
2639 4262 2835 4319 futura:
2876 4262 3120 4333 loquitur
3167 4276 3602 4330 sacramentum,
3647 4259 3750 4332 quia

2202 4356 2429 4428 impium
2458 4364 2544 4412 est
2570 4365 2628 4412 ut
2649 4355 2720 4412 de
2749 4355 2913 4412 Patre
2937 4355 3155 4423 credas,
3182 4355 3354 4413 Filius
3382 4367 3468 4414 est
3495 4358 3656 4427 utique
3674 4350 3750 4423 qui

2195 4462 2357 4520 supra
2387 4449 2516 4505 dicit
2544 4466 2559 4504 :
2589 4449 2706 4521 Ego
2728 4449 2958 4519 plantaai
2990 4457 3038 4505 te
3058 4451 3214 4507 uitem
3258 4453 3609 4525 fructiferam,
3637 4463 3753 4519 quo-

2196 4546 2349 4600 moda
2379 4560 2621 4601 conversa
2642 4561 2695 4601 es
2721 4546 2776 4599 in
2799 4544 3196 4601 amaritudinem
3219 4546 3337 4602 citis
3373 4547 3552 4603 aliena:
3572 4542 3749 4619 (lerant.

2116 4624 2439 4707 1311,21)?

2273 4728 2398 4785 166.
2430 4729 2617 4801 itaque
2645 4739 2702 4787 et
2719 4729 2920 4786 Filium
2950 4730 3109 4788 vides
3131 4746 3258 4789 esse
3278 4732 3590 4805 agricolam,
3624 4729 3754 4786 unius

2198 4823 2437 4881 nominis
2484 4838 2609 4880 cum
2639 4823 2821 4892 Patre,
2854 4825 3021 4882 unius
3068 4827 3283 4898 operis,
3314 4828 3477 4884 unius
3517 4820 3754 4899 dignitatis

2197 4928 2364 4990 atque
2390 4915 2727 4973 substantia.
2789 4917 2933 4990 Ergo
2977 4916 3005 4956 ει
3042 4918 3093 4974 si
3143 4920 3384 4991 agricola
3437 4928 3494 4978 et
3536 4918 3649 4975 vitis
3684 4919 3753 4969 est

2202 5011 2395 5081 Filius,
2426 5010 2595 5067 vitem
2623 5011 2809 5083 utique
2837 5010 3136 5069 secundum
3179 5011 3566 5070 incarnationis
3591 5003 3755 5077 accipi-

2197 5120 2319 5163 mus
2349 5114 2775 5162 sacramentum.

2271 5200 2396 5257 167.
2429 5200 2538 5258 Sed
2560 5215 2666 5258 non
2691 5199 2865 5257 solum
2899 5214 2958 5258 se
2981 5216 3105 5258 esse
3134 5200 3302 5258 vitem
3328 5200 3488 5271 dixit,
3514 5198 3604 5257 sed
3622 5194 3751 5253 etiam

2200 5299 2521 5372 botryonem
2552 5312 2686 5355 voce
2713 5296 3029 5371 prophetica
3051 5296 3410 5370 nuncupavit,
3433 5306 3557 5354 tunc
3574 5287 3753 5366 quando

2200 5394 2266 5449 ad
2298 5392 2497 5448 vallem
2532 5392 2815 5466 botryonis
2857 5393 3234 5464 exploratores
3261 5392 3477 5468 Moyses
3506 5393 3645 5466 jussu
3668 5386 3754 5441 Do-

2202 5485 2337 5542 mini
2375 5485 2579 5543 direxit
2631 5484 2835 5559 (Num.
2861 5503 2982 5557 xm,
3017 5486 3151 5561 11).
3210 5488 3343 5557 Qua:
3379 5497 3464 5544 est
3495 5485 3581 5543 illa
3606 5480 3750 5541 vallis.

2194 5624 2396 5698 verbis,
2421 5633 2603 5698 notum
2618 5623 2754 5698 mihi
2771 5628 2876 5698 fac,
2898 5623 3108 5698 addunt
3131 5624 3411 5698 duoicod.,
3436 5626 3582 5693 ﬁnem
3596 5630 3751 5675 meum:

2193 5697 2336 5768 quod
2363 5711 2463 5751 nec
2480 5696 2546 5768 in
2581 5696 2726 5760 aliis,
2759 5696 2940 5767 neque
2966 5697 3023 5753 in
3054 5696 3289 5754 Jeremia
3317 5697 3500 5768 legere
3521 5705 3616 5752 est.
3744 5757 3751 5766 ,

2266 5765 2292 5804 ά
2321 5769 2396 5822 ita
2426 5766 2563 5827 edit.
2592 5783 2809 5833 omnes,
2841 5765 2904 5823 ac
2938 5768 3095 5838 pauci
3121 5784 3280 5833 mss.;
3320 5765 3411 5825 alii
3446 5783 3591 5829 vero,
3635 5772 3673 5818 et
3718 5765 3751 5812 st

2197 5838 2430 5911 agricola
2450 5839 2523 5895 ait
2598 5849 2673 5897 est
2702 5838 2905 5907 Filius;
2929 5856 3102 5909 unus,
3135 5841 3181 5897 si
3208 5841 3472 5913 agricoia’,
3506 5849 3605 5898 etc.
