4016 6292
228 317 336 372 649

1598 319 1684 372 DE
1729 319 1886 374 FIDE
1929 319 2051 374 LIB.
2101 320 2160 374 ν.
3309 339 3332 389 ς

3429 341 3533 398 650

229 436 336 490 nisi
367 436 650 491 humilitas
682 437 1090 503 incarnationis,
1121 445 1176 491 et
1203 433 1502 490 fecunditas
1528 436 1833 504 passionis?
1865 442 1915 498 Λ
1942 437 2137 493 videtis
2177 439 2472 494 secundmn
2523 443 2664 511 quod
2714 460 3114 506 sat-ratttentum
3163 455 3422 515 Ποιηίηιιε
3445 463 3531 526 sit,

229 526 301 582 Et
328 537 464 599 puto
495 528 817 600 botryonem
854 529 973 584 ideo
1011 529 1214 584 dictum
1241 569 1255 593 ,
1286 527 1413 598 quia
1455 542 1524 582 ex
1555 527 1712 582 vinea
1745 529 1833 584 illa

231 621 499 674 translata
525 636 590 676 ex
615 611 871 692 ASg'ypto,
903 621 1005 676 hoc
1033 632 1146 686 est,
1174 637 1240 676 ex
1272 620 1474 675 familia
1495 620 1834 686 Judaeorum,

233 721 257 748 ιι
292 711 445 766 utilis
486 713 692 769 mundo
724 712 932 769 fructus
972 715 1194 770 emicuit
1225 716 1244 785 (
1272 713 1416 767 Psal.
1471 731 1629 768 Lxxtx
1658 755 1671 780 ,
1723 714 1820 784 9).

227 802 401 860 Nemo
432 817 585 861 certe
612 807 935 877 botryonem
977 817 1156 878 potest
1192 808 1258 862 ad
1289 809 1699 879 generationem
1732 824 1832 866 re-

229 898 376 955 ferre
407 899 684 955 divinam:
726 911 819 957 aut
862 903 952 973 qui
983 902 1186 968 refert,
1216 903 1362 958 aliud
1396 903 1526 958 nihil
1552 905 1832 974 relinquit,

228 992 336 1049 nisi
381 1003 442 1048 ut
473 995 798 1065 botryoaem
847 995 998 1051 illum
1051 1005 1236 1052 natum
1268 1012 1336 1052 ex
1372 997 1482 1052 vite
1521 996 1830 1052 credamus.

227 1088 420 1157 Itaque
448 1089 674 1145 ascribit
703 1089 970 1161 insipiens
1003 1091 1181 1156 Patri,
1225 1091 1366 1163 quod
1397 1091 1750 1162 reprehendit
1780 1093 1832 1147 in

230 1179 394 1235 Filio.

301 1273 426 1328 lb‘8.
463 1273 663 1330 V'cruut
694 1276 738 1330 si
760 1275 871 1346 jam
911 1275 1148 1333 dubitari
1193 1293 1298 1332 non
1329 1286 1509 1348 potest
1533 1279 1675 1349 quod
1711 1279 1836 1332 vitis

220 1365 524 1422 secundum
575 1368 1006 1426 incarnationem
1058 1369 1150 1425 Dei
1185 1370 1356 1426 Filius
1380 1371 1692 1427 nominatus
1725 1372 1830 1436 sit,

1939 530 2154 586 loculus
2199 551 2211 585 :
2265 533 2524 601 Quoniam
2571 536 2728 592 Pater
2765 545 2932 614 major
2970 561 3048 598 me
3079 557 3152 599 est
3196 548 3372 618 (Joan.
3418 571 3531 616 le,

1936 626 2006 681 28
2037 629 2076 694 ).
2106 625 2240 682 Nam
2269 643 2390 683 cum
2421 629 2522 684 hoc
2551 631 2600 684 in
2625 634 2998 702 superioribus
3026 637 3248 706 dixerit,
3280 647 3537 702 continuo

1935 721 2202 791 subjecit:
2236 721 2349 794 Ego
2383 741 2495 778 sum
2525 726 2642 780 uitis
2679 743 2820 794 vera,
2859 741 2906 784 et
2952 729 3109 786 Pater
3137 751 3275 789 meus
3303 741 3534 807 agricola

1939 825 2014 868 est
2044 814 2225 887 (Joan.
2260 832 2350 880 xv,
2376 817 2399 871 I
2422 816 2461 888 );
2493 827 2551 872 ut
2577 833 2900 888 agnosceres
2926 826 3223 883 secundum
3249 829 3298 885 id
3320 831 3532 887 Patrem

1938 921 2060 962 esse
2091 907 2351 978 majorem
2383 927 2396 972 ;
2427 910 2552 980 quia
2588 912 2728 967 sicut
2752 915 2984 984 agricola
3017 918 3236 986 vitium,
3267 923 3337 977 ita
3369 925 3532 981 Pater

1937 999 2234 1054 Dominicat
2274 1002 2458 1057 carnis
2506 1013 2592 1058 est
2629 1006 2842 1061 cultor:
2887 1025 3007 1078 qum
3035 1021 3091 1067 et
3133 1017 3319 1085 augeri
3362 1021 3537 1088 potuit

1935 1107 2033 1162 per
2054 1101 2271 1149 aetatem
2293 1137 2306 1161 ,
2347 1105 2402 1150 et
2445 1112 2540 1166 per
2569 1099 2874 1168 passionem
2920 1105 3119 1171 recidi;
3162 1117 3221 1162 ut
3247 1125 3409 1167 omne
3439 1112 3538 1168 htt-

1938 1202 2154 1240 tuanum
2174 1202 2345 1257 genus
2367 1189 2436 1243 ab
2461 1200 2594 1245 :estu
2613 1195 2954 1250 saecularium
2985 1202 3145 1253 noxio
3172 1204 3531 1275 voluptatum,

1936 1279 2147 1334 diﬂ‘usa:
2177 1280 2506 1338 salutaribus
2537 1283 2773 1341 brachiis
2802 1291 2983 1346 crucis
3015 1293 3202 1348 umbra
3232 1299 3455 1354 velaret.

292 1494 315 1520 η
343 1483 606 1540 Nonnulli
655 1501 822 1554 mss.,
854 1488 994 1543 utilis
1034 1488 1187 1543 modo
1214 1489 1423 1558 fructus
1447 1531 1461 1555 ,
1499 1489 1644 1544 haud
1677 1489 1820 1544 malo
1842 1503 2023 1546 sensu.

2316 1629 2576 1642 οσ--ι--υη
2586 1635 3146 1656 ---—-_~—-——-—_._—_.

1385 1735 1728 1817 LIBER
1791 1736 2366 1846 QUINTUS.

645 2035 804 2109 εει
846 2035 1234 2093 pnowcus.

207 2173 470 2239 Quisnam
502 2174 675 2240 ﬁdelis
703 2184 750 2228 et
773 2177 999 2245 prudens
1024 2175 1242 2228 servus?
1270 2173 1402 2243 Eius
1426 2191 1617 2230 merces
1637 2176 1687 2228 in
1721 2174 1818 2229 Pe-

280 2279 362 2322 tro
390 2268 675 2332 indicatur,
713 2269 831 2322 item
850 2269 1004 2322 etiam
1035 2269 1086 2322 in
1117 2267 1312 2334 Paulo,
1343 2269 1491 2338 cujus
1520 2268 1820 2321 auctoritati

278 2377 468 2431 parere
491 2360 794 2416 Ambrosius
824 2362 1036 2428 cupiens
1055 2361 1192 2414 hunc
1220 2359 1539 2413 librumaliis
1553 2360 1816 2433 adjectum

277 2455 479 2519 voluit,
527 2455 615 2519 qui
645 2470 746 2508 non
774 2455 996 2523 potuerit
1039 2455 1093 2507 in
1116 2454 1384 2522 superiore
1430 2454 1814 2522 comprehendi.

279 2547 424 2614 Quid
454 2547 506 2599 in
529 2546 624 2600 hoc
654 2547 1010 2614 disputaturus
1040 2546 1127 2608 sit,
1155 2561 1315 2614 quove
1344 2547 1563 2599 consilio
1583 2545 1608 2598 ?
1629 2543 1816 2598 Deberi

277 2640 380 2694 sibi
407 2641 610 2694 veniam
631 2681 645 2706 ,
677 2655 796 2694 cum
821 2639 883 2693 ab
905 2639 1140 2693 omnibus
1167 2639 1420 2693 ministris
1448 2640 1722 2710 quwrenda
1749 2641 1815 2692 sit

277 2732 493 2787 eredin
514 2732 614 2786 sibi
638 2733 868 2800 pecunia:
896 2748 1074 2786 usura.
1094 2730 1244 2784 Hanc
1271 2731 1366 2784 sibi
1394 2747 1608 2785 usuram
1631 2730 1813 2800 ﬁdeles

278 2825 646 2881 esse:beatunt
669 2833 840 2878 autem
862 2828 996 2893 fore,
1010 2825 1053 2878 si
1086 2823 1370 2878 mercedem
1401 2839 1607 2895 sperare
1625 2823 1720 2876 sibi
1743 2823 1809 2876 li-

275 2933 423 2990 ceat;
456 2940 509 2978 se
532 2933 701 2978 tamen
732 2931 1029 2976 sanctorum
1061 2921 1276 2992 praemia
1307 2937 1410 2976 non
1457 2931 1560 2974 tant
1594 2930 1773 2992 optare
1796 2962 1808 2984 ,

277 3034 438 3090 quam
470 3032 737 3088 poenarum
773 3015 1152 3069 imntunitatem
1175 3055 1188 3080 ,
1216 3014 1284 3068 ad
1315 3030 1470 3083 quam
1513 3013 1811 3067 merendam

278 3124 462 3162 omnes
490 3108 746 3161 hortatur.

285 3244 336 3296 I.
381 3242 629 3308 Quisnam
654 3251 726 3296 est
760 3241 930 3311 ﬁdelis
961 3255 1140 3295 servus
1170 3250 1218 3294 et
1239 3239 1488 3311 prudens,
1517 3256 1666 3311 quem
1688 3256 1809 3295 con-

205 3337 380 3391 stituit
415 3336 663 3390 Dominus
696 3353 849 3408 super
879 3336 1134 3407 familiam
1160 3352 1306 3390 suam
1335 3378 1349 3401 ,
1375 3347 1430 3391 ut
1477 3335 1560 3389 det
1603 3336 1709 3390 illis
1754 3337 1806 3389 in

1849 2019 1895 2078 Β
1921 2027 2036 2074 net.
2077 2020 2241 2079 Jubet
2295 2036 2561 2095 praeterea
2589 2034 2782 2089 stultas
2811 2043 3144 2108 quaestiones
3192 2056 3248 2101 et
3293 2059 3526 2107 conten-

1922 2112 2103 2168 tiones
2133 2131 2257 2172 esse
2284 2119 2538 2176 vitandas
2565 2122 2753 2191 (lbid.,
2789 2129 2865 2197 9).

1992 2204 2046 2258 5.
2081 2206 2224 2274 Quid
2258 2210 2422 2280 igitur
2451 2228 2550 2268 nos
2574 2231 2800 2286 agemus
2821 2263 2836 2286 ,
2873 2223 3014 2279 inter
3064 2233 3261 2286 messis
3285 2235 3527 2305 antiqua:

1917 2312 2054 2351 nova
2081 2300 2286 2356 zizaaia
2318 2303 2695 2374 imprudentes
2725 2315 2928 2370 accolae
2957 2321 3252 2378 constituti
3278 2326 3301 2377 7
3344 2328 3398 2382 Si
3423 2300 3529 2382 tta-

1915 2405 2158 2484 ceamus,
2184 2398 2382 2453 cedere
2412 2399 2755 2458 videbimur:
2787 2407 2831 2461 si
2861 2413 3294 2484 contendamus,
3330 2436 3523 2478 veren-

1919 2481 2043 2536 dum
2059 2493 2142 2539 est
2159 2502 2224 2542 ne
2246 2504 2345 2543 nos
2359 2495 2898 2563 quoquejudieemur
2914 2517 3035 2556 esse
3062 2481 3336 2565 carnales.
3366 2512 3516 2569 Scri-
3599 2513 3612 2528 ’

1920 2583 2068 2643 ptum
2103 2590 2187 2677 est
2212 2582 2359 2637 enim
2391 2583 2461 2639 de
2488 2584 2795 2656 hujusmodi
2828 2596 3244 2668 quaestionibus,
3278 2620 3399 2673 qua:
3429 2625 3519 2677 ge—

1918 2681 2112 2727 nerant
2143 2674 2298 2730 lites:
2330 2677 2546 2734 Servum
2563 2691 2743 2738 autem
2782 2685 2989 2743 Domini
3017 2708 3120 2746 non
3161 2708 3360 2764 oportet
3410 2674 3520 2754 liti-

1914 2781 2056 2834 gare,
2082 2770 2172 2821 sed
2192 2781 2522 2826 mansuetum
2545 2791 2657 2830 esse
2684 2777 2753 2830 ad
2774 2795 2970 2847 omnes,
3005 2783 3294 2854 docibilem,
3320 2794 3519 2860 patien—

1914 2868 2033 2922 tem,
2063 2870 2090 2898 κ
2118 2878 2235 2917 cum
2261 2866 2514 2920 modestia
2537 2867 2800 2925 docentem
2821 2889 2905 2929 eos
2918 2877 3006 2944 qui
3022 2880 3266 2935 resistunt
3283 2882 3350 2950 (Il
3373 2885 3513 2943 Tim.

1913 2970 1972 3020 tl,
1991 2955 2084 3021 25,
2116 2958 2241 3026 24)τ
2271 2969 2325 3015 et
2344 2961 2474 3017 alihi
2502 2981 2515 3018 :
2541 2963 2602 3018 Si
2622 2967 2736 3032 quis
2765 2971 3220 3043 contentiosusest,
3250 2995 3342 3033 nos
3364 2982 3517 3036 talem

1912 3055 2331 3109 consuetudinem
2361 3075 2464 3113 non
2488 3062 2750 3128 habemus,
2769 3084 2934 3139 neque
2956 3069 3191 3128 Ecclesia
3211 3073 3307 3130 Dei
3323 3079 3342 3150 (
3359 3077 3372 3130 Ι
3392 3079 3512 3134 Cor.

1914 3159 1990 3208 XI,
2018 3145 2128 3217 I6).
2165 3147 2350 3219 quue
2392 3153 2636 3209 scribere
2680 3158 2887 3227 aliquid
2921 3161 2946 3199 ι)
2976 3169 3262 3221 sententia:
3288 3145 3385 3223 luit
3411 3214 3424 3236 ,
3461 3184 3520 3227 ut

1911 3238 2030 3294 sine
2059 3243 2295 3312 strepitu
2349 3246 2531 3317 aliquo
2584 3249 2856 3317 impietati
2899 3256 3282 3314 hmrelicorum
3327 3274 3511 3319 nostra

1913 3346 2010 3401 pro
2041 3334 2200 3390 nobis
2229 3337 2429 3408 scripta
2462 3343 2850 3410 respondeant.

203 3441 441 3503 tempore
461 3430 671 3484 cibum?
697 3429 891 3484 Beatus
923 3429 1012 3483 ille
1038 3445 1243 3494 servus,
1273 3444 1422 3498 quem
1468 3429 1673 3483 ueniens
1701 3426 1810 3482 Do-
1835 3416 1880 3479 C
1919 3515 1946 3516 Π
1985 3425 2039 3479 6.
2074 3425 2234 3499 552
2263 3429 2520 3494 Quintum
2551 3433 2752 3504 itaque,
2779 3435 3346 3516 lmperatorauguste,
3365 3449 3508 3505 hunc

200 3525 381 3578 minus
407 3525 516 3590 eius
532 3526 781 3579 invenerit
803 3525 877 3578 sic
897 3525 1167 3592 facientem
1187 3523 1401 3594 (Matth.
1424 3523 1671 3589 xxrv,45,
1690 3522 1805 3594 46),

200 3618 324 3674 Non
358 3607 483 3673 vilis
511 3617 599 3673 hic
625 3633 819 3673 servus
841 3628 948 3684 est,
974 3634 1204 3688 magnus
1231 3619 1430 3690 aliquis
1460 3633 1586 3673 esse
1610 3617 1802 3673 debet:

197 3713 330 3783 quis
358 3711 432 3766 sit
452 3711 554 3766 iste
582 3712 1013 3766 consideremus.

270 3805 329 3858 2.
391 3803 488 3858 Est
527 3805 716 3859 Petrus
745 3803 915 3872 ipsius
963 3802 1174 3857 Domini
1210 3801 1274 3855 ad
1311 3800 1648 3871 pascendum
1679 3815 1804 3869 gre-

193 3913 326 3968 gem
359 3895 567 3952 electus
585 3894 810 3964 judicio,
836 3897 925 3966 qui
959 3893 1120 3950 tertio
1146 3904 1386 3950 meretur
1428 3893 1620 3948 audire
1649 3910 1661 3945 :
1704 3891 1808 3945 Pa-

194 4007 286 4044 sce
309 3989 579 4062 agniculos
603 4005 741 4044 meos
759 4031 773 4054 ,
805 4006 956 4060 pasce
995 4005 1158 4062 agnos
1183 4005 1326 4044 meos
1345 4029 1361 4057 ,
1394 4005 1547 4059 pasce
1576 3988 1806 4044 oviculas

194 4102 344 4141 meas
370 4083 552 4155 (Joan.
586 4100 698 4148 χιι,
733 4085 802 4140 I5
842 4093 893 4138 et
920 4083 1076 4154 seq.).
1113 4083 1300 4154 Itaque
1345 4085 1618 4154 pascendo
1665 4085 1804 4141 bene

191 4179 327 4235 cibo
353 4177 476 4233 ﬁdei
509 4193 729 4249 gregem
752 4175 973 4243 Christi,
999 4179 1212 4248 culpam
1247 4179 1429 4249 lapsus
1452 4179 1646 4249 prioris
1673 4180 1804 4235 abo-

191 4272 356 4327 levit.
393 4270 458 4325 Et
492 4270 614 4325 ideo
664 4271 824 4325 tertio
870 4270 1196 4326 admonetur
1249 4280 1309 4326 ut
1364 4281 1583 4342 pascat,
1643 4273 1802 4329 tertio

191 4373 389 4420 utrum
441 4362 728 4417 Dominum
787 4362 1021 4433 diligat,
1078 4364 1478 4433 interrogatur;
1534 4373 1594 4420 ut
1639 4381 1801 4437 quem

191 4457 366 4513 tertio
397 4462 526 4510 ante
541 4468 759 4510 crucem
781 4463 1093 4525 negaverat,
1120 4455 1282 4510 tertio
1300 4454 1563 4512 fateretur
1580 4456 1798 4529 (Mattlt.

188 4566 357 4617 xsvr,
396 4548 466 4604 70
493 4557 539 4602 et
566 4549 725 4620 seq.).

267 4645 332 4698 5.
364 4642 566 4698 Beatus
591 4651 645 4695 et
673 4640 762 4695 ille
787 4655 976 4696 servus
997 4683 1010 4706 ,
1065 4642 1155 4712 qui
1207 4651 1388 4711 potest
1423 4641 1633 4698 dicere:
1697 4642 1800 4698 Lac

188 4755 286 4794 vos
320 4738 496 4807 potavi
513 4777 528 4802 ,
557 4752 660 4789 non
687 4751 888 4798 escam;
912 4735 1142 4789 nondum
1162 4735 1298 4790 enim
1334 4738 1578 4807 poteratis
1597 4735 1650 4808 (Ι
1676 4735 1796 4790 Cor.

1914 3515 2112 3572 librum
2154 3535 2408 3590 paramus
2436 3524 2650 3580 ordiri:
2700 3543 2822 3584 nam
2853 3572 2866 3594 ,
2916 3543 2968 3588 et
3016 3515 3267 3604 quartum
3310 3541 3506 3600 librum

1911 3610 2153 3676 oportuit
2184 3612 2235 3666 itt
2268 3613 2358 3668 illa
2390 3615 2518 3671 vitis
2545 3616 2915 3688 disputatione
2970 3626 3108 3682 finiri
3137 3646 3150 3694 ;
3183 3647 3252 3687 ne
3278 3648 3500 3690 coacer-

1911 3717 2068 3758 vasse
2087 3705 2256 3775 magis
2272 3705 2466 3761 librum
2482 3710 2732 3766 eumdem
2755 3715 2987 3782 quodam
3020 3719 3333 3780 videremur
3360 3745 3510 3798 qua:-

1907 3799 2145 3854 stionum
2179 3802 2436 3868 tumultu,
2465 3819 2624 3873 quam
2654 3805 2830 3862 fructu
2859 3811 3121 3880 spiritalis
3142 3817 3314 3874 vinem
3330 3825 3506 3892 reple-

1908 3891 2089 3948 visse:
2123 3909 2222 3948 nec
2251 3895 2746 3954 ineonsummatam
2795 3900 2918 3958 ﬁdei
2965 3906 3288 3966 vindemiam
3339 3891 3505 3973 tantis

1905 3987 2082 4043 adhuc
2130 3989 2596 4059 superﬂuentibus
2627 3994 3086 4066 diSputationibus
3112 4005 3293 4065 decuit
3341 4012 3500 4069 derc-

1905 4080 2096 4151 linqui.

1979 4175 2031 4226 7.
2060 4175 2303 4269 sQuinto
2323 4177 2483 4250 igitur
2507 4179 2648 4236 libro
2671 4183 2740 4238 tle
2755 4184 2927 4242 Patris
2957 4204 3020 4246 ac
3045 4191 3168 4248 Filii
3198 4206 3248 4250 et
3270 4197 3504 4269 Spiritus

1907 4267 2079 4322 sancti
2110 4269 2459 4338 inseparabili
2500 4271 2786 4332 divinitate
2817 4278 3134 4353 digerimus,
3165 4267 3502 4358 sequestrata

1906 4359 2122 4415 interim
2164 4358 2190 4397 ιι
2235 4362 2479 4432 pleniore
2518 4367 2892 4439 disputatione
2928 4375 2994 4432 de
3037 4377 3240 4449 Spiritu
3286 4399 3497 4458 sant-to,

1906 4454 2185 4522 provocati
2227 4459 2538 4527 magisterio
2591 4461 2930 4534 Evangelicm
2980 4469 3228 4528 lectionis
3283 4454 3498 4548 (Matth.

1904 4561 2048 4642 xxv,
2073 4547 2162 4620 15)
2185 4567 2210 4642 ;7
2235 4560 2290 4604 ut
2340 4551 2544 4607 credita
2599 4556 2756 4610 nobis
2801 4560 3040 4631 quinque
3090 4566 3211 4622 tidei
3262 4571 3491 4642 talenta,

1901 4641 2051 4708 quasi
2075 4641 2304 4709 quadam
2340 4642 2531 4698 horum
2564 4647 2804 4718 quinque
2830 4663 2977 4709 sorte
3005 4654 3288 4728 librorum,
3338 4674 3360 4700 υ
3405 4641 3502 4720 lut-

1905 4736 2078 4790 manis
2132 4733 2440 4794 feneremus
2491 4740 2811 4810 alfectibus;
2862 4762 2929 4802 ne
2971 4749 3106 4807 forte
3132 4769 3256 4810 cum
3290 4763 3501 4816 venerit

187 4850 275 4898 III,
333 4832 369 4885 2
403 4833 451 4900 );
503 4830 649 4885 novit
700 4829 846 4884 enim
897 4845 1033 4899 quos
1085 4830 1538 4899 quemadmodum
1595 4840 1797 4900 pascat.
1827 4810 1879 4872 D
1905 4829 2168 4888 Dominus
2195 4873 2210 4898 ,
2253 4841 2311 4888 et
2341 4835 2611 4890 invenerit
2641 4837 2692 4891 in
2726 4847 2870 4895 terra
2915 4843 3290 4905 absconditam

185 4925 333 4994 Quis
360 4933 610 4978 nostrum
635 4921 740 4978 hoc
763 4922 942 4978 lacere
967 4923 1182 4991 potest?
1202 4923 1334 4991 Quis
1360 4935 1602 4980 nostrum
1623 4935 1804 4994 potest

1904 4923 2052 4978 niam
2083 4940 2262 4990 suam,
2296 4925 2440 4981 dicat
2471 4929 2600 4982 mihi
2633 4949 2644 4981 :
2681 4930 2839 4987 Serve
2869 4938 3004 4990 male
3025 4948 3069 4992 et
3097 4941 3277 5013 piger,
3309 4946 3502 5002 sciebas

185 5032 326 5073 vere
350 5014 569 5070 dicere:
604 5013 802 5068 Factus
824 5029 940 5067 sum
968 5015 1192 5082 inﬁrmis
1212 5015 1473 5083 inﬁrmus,
1492 5028 1545 5070 ut
1569 5016 1804 5086 inﬁrmos

1921 5015 2025 5080 yuia
2054 5024 2186 5069 meto
2213 5016 2298 5069 ubi
2332 5033 2432 5071 non
2473 5021 2700 5086 semina,
2734 5034 2780 5077 et
2809 5042 3062 5100 congrege
3104 5033 3188 5086 ubi
3225 5050 3325 5088 non
3352 5053 3504 5107 spar-

186 5107 518 5178 lucri/iciam
551 5107 568 5177 (
594 5106 611 5160 l
639 5106 760 5160 Cor.
790 5122 867 5172 ιχ,
895 5105 1025 5176 22γῖ

250 5203 309 5256 4.
349 5199 418 5254 Et
447 5209 630 5253 tamen
653 5198 743 5253 ille
774 5207 955 5253 tantus
983 5197 1049 5254 ad
1080 5214 1267 5254 curam
1317 5202 1499 5272 gregis
1531 5201 1739 5258 electus
1774 5219 1801 5257 a

184 5293 442 5357 Christo,
475 5291 564 5362 qui
589 5300 804 5345 sanaret
835 5289 1101 5358 inﬁrmos,
1127 5304 1343 5348 curaret
1377 5294 1666 5362 invalidos,
1687 5295 1799 5351 hm-

188 5385 432 5441 reticum
463 5397 492 5436 a
520 5382 818 5436 commisso
859 5382 964 5437 sibi
991 5384 1319 5440 ovilistatiut
1352 5395 1474 5456 post
1498 5402 1658 5442 unam
1688 5403 1808 5443 cor-

190 5476 509 5548 reptionem
539 5475 758 5546 repellit
793 5475 922 5545 (Tit.
956 5492 1034 5544 III,
1096 5478 1218 5547 10);
1271 5495 1338 5533 ne
1370 5479 1528 5534 unius
1560 5457 1808 5536 erraticas

190 5573 319 5628 ovis
346 5569 561 5624 scabies
600 5570 842 5638 serpenti
878 5571 1060 5624 ulcere
1086 5580 1256 5625 totum
1282 5588 1503 5642 gregem
1543 5577 1807 5629 contami—

268 5718 297 5780 ξι
343 5707 498 5780 IIom.
527 5707 660 5763 edit.
695 5709 833 5771 sola,
867 5725 981 5762 cum
1007 5709 1259 5764 modestia
1287 5711 1669 5780 corripientem.

271 5779 300 5816 ιι
347 5777 471 5832 Mss.
502 5780 736 5850 aliquot,
761 5781 1026 5834 sententia:
1050 5781 1143 5834 Dei
1169 5782 1290 5850 fuit.

285 5861 310 5888 ο
355 5850 566 5906 Omnes
588 5833 735 5906 redit:
761 5833 824 5905 ac
851 5833 1287 5921 mss.,nonnulli,
1317 5853 1553 5924 Quinque
1573 5833 1733 5924 igitur
1763 5855 1826 5908 li-

664 5947 940 6008 Pa'raOL.
989 5947 1158 6009 XVI.

1902 5109 1986 5162 si:
2035 5111 2260 5178 oportuit
2287 5127 2407 5180 ergo
2439 5120 2487 5165 te
2513 5115 2827 5171 committere
2859 5125 3128 5190 pecuniam
3158 5142 3321 5179 nteant
3349 5145 3499 5184 num-

1907 5204 2145 5257 mulariis
2171 5221 2189 5268 ;
2220 5215 2276 5258 ut
2322 5208 2526 5260 ueniens
2571 5225 2664 5280 ego
2704 5214 3008 5283 recepissem
3035 5220 3172 5286 quod
3212 5237 3377 5276 meum
3425 5237 3502 5281 est

1908 5296 2098 5367 (lbid.,
2123 5297 2224 5362 ‘26,
2255 5297 2380 5369 27):
2415 5310 2508 5355 aut
2536 5305 2990 5367 quemadmodum
3019 5310 3072 5364 in
3091 5313 3200 5368 alio
3222 5313 3362 5370 libro
3390 5329 3504 5376 est:

1911 5389 1976 5443 Et
2018 5407 2133 5461 ego,
2169 5391 2373 5462 inquit,
2404 5396 2611 5449 veniens
2650 5413 2767 5450 cum
2801 5399 2975 5453 usuris
3004 5403 3180 5472 utique
3226 5409 3510 5477 exegissem

1908 5483 2055 5538 illam
2088 5483 2243 5556 (Luc.
2281 5502 2392 5553 xxx,
2419 5487 2538 5558 23).

1983 5576 2037 5630 8.
2071 5577 2204 5630 Date
2232 5593 2363 5647 ergo
2387 5581 2622 5646 veniam,
2655 5582 2698 5634 si
2729 5596 2864 5650 quos
2893 5585 3210 5651 prolixioris
3253 5592 3509 5666 hujusce-

1917 5713 2035 5786 bros
2052 5714 2293 5786 {melius
2316 5717 2509 5786 reliqui
2533 5731 2662 5770 mss.
2694 5725 2752 5770 ut
2773 5717 2824 5771 in
2847 5731 3129 5779 contextu.

1989 5782 2012 5820 τι
2054 5784 2170 5862 ῌρη
2207 5789 2360 5862 pauci
2394 5782 2524 5862 mss.
2560 5787 2794 5862 planiore
2818 5789 3182 5862 disputatione.

2013 5866 2034 5891 ο
2073 5855 2200 5910 Mss.
2226 5858 2451 5927 aliquot,
2478 5855 2686 5911 humani
2717 5855 3004 5930 {auersatus
3033 5868 3268 5936 affectus.

3037 5963 3111 6029 21
