4016 6292
227 331 340 400 653

1597 333 1686 401 DE
1727 333 1886 402 FIDE
1927 335 2060 402 LIB.
2106 341 2169 400 ν.

3439 352 3546 410 654

304 449 396 514 i8.
428 455 624 531 ltaQue
653 454 795 516 sicut
826 461 879 516 i'n
910 461 1177 534 principio
1205 463 1389 518 statim
1445 459 1678 519 Verbum
1705 471 1828 518 cum
1858 468 1911 528 Α
2005 461 2098 519 25‘.
2139 460 2208 517 Et
2234 460 2373 517 bene
2403 459 2665 533 scriptum
2689 470 2776 518 est
2819 480 2832 518 :
2860 457 2992 520 Heri
3018 475 3067 520 et
3096 466 3254 523 hodie
3291 469 3404 540 ipse
3449 481 3560 536 est;

230 550 350 608 Deo
382 549 549 608 Patre
575 553 658 623 pia
681 553 1028 611 confessione
1047 557 1230 626 junxit
1253 555 1596 628 Evangelista
1617 553 1838 612 dicens:

229 642 304 698 Et
339 630 574 700 Verbum
599 655 711 701 erat
755 647 902 716 apud
945 645 1110 702 Deum
1144 647 1327 723 (Joan.
1360 665 1399 713 ι,
1457 647 1636 719 i),‘ita
1672 657 1727 703 et
1753 647 1842 704 hic

229 735 532 794 scribendo
559 737 722 795 verba
747 739 961 795 Domini
985 757 998 795 :
1033 727 1100 796 lit
1129 750 1447 813 cognoscant
1471 751 1518 795 te
1564 741 1729 796 solum
1754 751 1840 796 tto-

228 845 349 882 rum
373 825 576 898 Deum,
607 839 653 887 et
701 849 849 904 quem
901 834 1091 888 misisti
1119 833 1300 889 Iesum
1353 829 1613 890 Christum
1655 831 1836 908 (Ionii.

229 919 370 988 ivu,
399 919 487 994 5);
524 924 915 995 conjunctione
937 925 1026 982 illa
1055 925 1274 981 Patrem
1305 929 1493 998 utique
1519 925 1797 997 copulavit
1823 967 1838 990 ,

230 1017 288 1074 et
337 1016 573 1088 Filium,
633 1019 691 1076 ut
727 1011 1006 1078 Citrismm
1048 1031 1236 1079 verum
1271 1023 1436 1078 Deum
1470 1037 1497 1075 a
1555 1019 1841 1092 majestate

229 1103 418 1168 Patris
450 1130 611 1170 nemo
656 1120 909 1172 secernat
954 1133 968 1170 :
1026 1128 1318 1186 numquam
1350 1115 1496 1173 enim
1527 1111 1840 1187 conjunctio

231 1215 482 1277 separat.

308 1285 394 1356 19.
427 1301 491 1356 Et
521 1293 645 1358 ideo
671 1287 904 1358 dicendo
929 1321 942 1357 ι
973 1301 1041 1360 ω
1065 1311 1374 1375 cognoscant
1397 1312 1444 1360 te
1473 1303 1639 1360 solum
1668 1309 1740 1359 uel
1754 1319 1840 1358 um

229 1385 430 1462 Deum,
461 1407 508 1453 et
537 1415 688 1469 quem
716 1399 902 1454 misisti
933 1389 1113 1455 Iesum
1143 1397 1405 1456 Christum
1425 1444 1438 1467 ,
1465 1412 1522 1458 et
1570 1396 1842 1457 Sabellia-

229 1494 331 1549 ‘ntis
365 1491 650 1560 interﬁcit,
678 1496 732 1549 et
760 1493 981 1552 Judteos
1009 1493 1238 1551 exclusit
1270 1509 1365 1552 eos
1393 1498 1578 1568 utique
1607 1495 1698 1567 qui
1739 1509 1864 1550 att--

229 1571 418 1646 diretit
447 1588 796 1660 loquentem;
833 1601 901 1646 ne
931 1595 1024 1645 aut
1051 1585 1127 1644 iiii
1161 1587 1412 1645 eumdem
1436 1578 1651 1646 Patrem
1685 1597 1842 1660 puta-

230 1681 361 1738 rent
381 1697 504 1738 esse
522 1695 682 1752 quem
702 1667 920 1748 Filium,
942 1682 988 1736 si
1010 1697 1116 1738 non
1138 1681 1500 1739 addidissete't
1517 1678 1834 1738 Chi-istum:

227 1775 324 1830 aut
353 1773 440 1830 isti
467 1789 498 1829 a
523 1767 688 1830 Patre
717 1765 920 1829 Filium
952 1781 1298 1845 separarent.

1946 555 2006 610 ut
2028 553 2142 610 Arii
2171 553 2426 623 impietas
2453 553 2736 610 astruendi
2767 555 3040 628 sacrilegii
3074 557 3254 614 locum
3301 559 3554 618 invenire

1946 654 2054 702 non
2089 657 2298 717 posset.
2326 647 2428 714 Qui
2468 661 2592 703 cum
2623 647 2829 720 legeret
2857 649 2911 704 in
2938 650 3148 720 psalmo
3192 652 3438 708 secundo
3465 653 3552 708 di-

1944 747 2158 794 centem
2189 738 2330 794 Filio
2360 739 2578 796 Patrem
2613 759 2626 794 :
2657 738 2834 796 Filius
2857 759 2998 798 meus
3023 759 3078 799 es
3111 753 3168 799 tu
3193 783 3209 811 ,
3252 762 3347 819 ego
3389 746 3550 802 hodie

1944 832 2099 902 genui
2120 840 2168 887 te
2196 829 2370 903 (Pent.
2401 845 2463 899 tt,
2495 832 2583 904 7);
2617 835 2898 890 annotavit
2939 833 3100 891 hodie
3135 850 3246 892 non
3278 835 3428 905 beri,
3481 837 3552 894 ad

1944 931 2306 984 tulernltatem
2336 927 2546 986 divinat
2570 931 2944 1001 generationis
2973 931 3220 988 referens
3241 971 3254 997 ,
3293 933 3439 1004 quod
3481 933 3554 990 de

1942 1025 2124 1078 carnis
2145 1027 2522 1094 assumptione
2549 1035 2912 1080 memoratum
2941 1035 3048 1092 Gel,
3084 1027 3229 1083 sicut
3257 1027 3454 1083 Psulu
3497 1029 3552 1084 in

1943 1111 2169 1172 Aetibtt's
2199 1121 2572 1187 apostolorum
2605 1117 2678 1173 ait
2713 1133 2726 1172 :
2759 1118 2826 1174 Et
2868 1133 2961 1175 nos
2982 1100 3126 1176 vobis
3153 1123 3550 1185 annuntio-tus,

1943 1220 2060 1280 quo:
2080 1209 2152 1265 ad
2177 1217 2350 1282 patres
2378 1221 2583 1266 nostros
2618 1212 2952 1282 repromissio
2979 1215 3121 1285 {ecta
3149 1224 3262 1280 est;
3301 1215 3551 1285 quoniam

1945 1304 2080 1358 hanc
2108 1299 2248 1360 Deus
2271 1303 2578 1375 adimpleoit
2611 1315 2634 1344 ⁸
2662 1305 2788 1375 [illis
2819 1305 3010 1360 nostris
3031 1347 3046 1372 ,
3084 1307 3404 1362 resuscitatus
3443 1306 3554 1362 Do-

1945 1397 2141 1453 minum
2167 1394 2347 1453 .ies'um
2373 1397 2676 1466 Christum,
2705 1401 2838 1454 sicut
2863 1401 3116 1474 scriptum
3157 1411 3234 1456 est
3249 1404 3307 1456 tu
3355 1403 3553 1470 psalmo

1944 1492 2167 1547 secundo
2202 1489 2417 1547 :Filius
2439 1508 2582 1549 meus
2608 1508 2660 1546 es
2683 1503 2762 1559 tu,
2792 1509 2885 1562 ego
2931 1492 3088 1548 hodie
3126 1493 3282 1565 genui
3321 1502 3370 1548 te
3407 1493 3550 1563 (Art.

1945 1596 2062 1650 xm,
2091 1583 2164 1640 52
2187 1593 2236 1639 et
2265 1583 2418 1656 sem).
2463 1582 2670 1640 Sancto
2698 1584 2865 1655 igitur
2887 1584 3097 1656 Spiritu
3131 1587 3374 1656 repletus
3403 1587 3550 1656 Apo-

1943 1677 2138 1748 stolus,
2160 1687 2219 1734 ut
2243 1678 2392 1734 illam
2423 1676 2658 1735 elideret
2677 1679 3005 1746 curvitatem,
3035 1680 3113 1736 sit
3137 1697 3151 1734 :
3182 1679 3308 1735 Πετὸ
3330 1690 3380 1735 et
3403 1680 3560 1737 hodie

1941 1768 2056 1839 ipse
2079 1779 2182 1840 est,
2215 1777 2266 1826 et
2297 1772 2354 1826 in
2376 1772 2566 1828 sartula
2593 1783 2612 1828 :
2645 1769 2790 1840 heri,
2852 1781 3075 1843 promer
3114 1772 3478 1830 sterilitatem
3536 1791 3550 1828 :

298 1863 374 1924 20
395 1873 442 1922 et
475 1865 565 1922 2i.
596 1865 794 1936 Quaero
823 1867 1002 1922 autem
1031 1882 1127 1922 cur
1154 1883 1259 1923 non
1299 1874 1486 1939 putent
1517 1863 1839 1923 subaudien-
1875 1869 1924 1932 Β
1951 1861 2126 1929 hodie,
2160 1874 2386 1937 propter
2413 1863 2666 1934 corporis
2690 1863 3118 1934 susceptionem.

227 1959 384 2028 duin,
398 1971 453 2017 et
469 1967 537 2017 e'x
551 1960 932 2031 superioribus
947 1959 1342 2032 colligendum;
1364 1972 1416 2015 ut
1434 1961 1556 2030 quia
1574 1959 1836 2030 praemisit

225 2050 406 2110 solum
435 2069 620 2109 verum
649 2051 817 2109 Deum
848 2051 1066 2110 Patrem
1090 2097 1104 2120 ,
1139 2051 1528 2109 subaudiamus
1557 2054 1722 2109 etiam
1747 2051 1835 2108 Je-

227 2151 353 2204 Suni
401 2143 683 2202 Christum
723 2145 900 2202 Solum
928 2161 1115 2202 verum
1147 2145 1353 2202 Deum?
1404 2141 1834 2217 Exprimendum

227 2243 378 2298 enim
409 2239 569 2296 aliter
603 2255 708 2295 non
744 2239 862 2302 fuit.
897 2255 963 2295 ne
983 2240 1122 2296 duos
1143 2239 1278 2296 deos
1307 2237 1490 2294 dicere
1517 2237 1834 2302 videretur;

227 2335 359 2394 itam
392 2351 571 2404 neque
593 2333 730 2390 duos
754 2334 984 2390 dicimus
1020 2331 1187 2400 deos,
1233 2343 1286 2388 ct
1315 2331 1557 2403 ejusdem
1579 2337 1702 2388 eum
1735 2329 1839 2384 Pa-

229 2439 316 2485 tre
347 2417 649 2484 divinitatis
683 2425 884 2484 Filium
913 2427 1257 2484 confitemur.

297 2511 393 2577 εξ.
421 2522 606 2594 itaque
633 2534 948 2593 quazramus
975 2535 1078 2593 qua
1135 2521 1348 2576 ratione
1396 2517 1698 2576 divinitatis
1745 2517 1838 2574 bic

224 2621 426 2688 putent
447 2615 645 2672 factam
673 2631 797 2672 esse
825 2616 1172 2684 distantiam,
1201 2625 1382 2670 utrum
1413 2615 1580 2670 Deum
1638 2622 1840 2686 negent

222 2707 544 2765 Christum?
573 2707 681 2766 Sed
716 2723 914 2781 negare
943 2717 1052 2765 non
1078 2710 1320 2779 possunt.
1361 2707 1441 2763 An
1461 2718 1648 2763 verum
1665 2705 1834 2762 Deum

224 2805 459 2878 negent?
482 2803 588 2860 Sed
603 2803 809 2872 dicant,
829 2805 872 2860 si
893 2813 1081 2859 rerum
1103 2810 1320 2874 negant,
1337 2812 1514 2857 utrum
1531 2799 1748 2864 falsum,
1769 2816 1838 2855 an

223 2893 657 2969 nuncupa‘tivum
673 2897 1124 2968 Deumj‘udicem?
1137 2895 1266 2950 Nam
1282 2893 1578 2950 secundum
1594 2892 1839 2964 Scriptu-

222 2997 320 3049 ras
345 2999 438 3047 aut
464 2995 626 3046 ver‘us
642 2989 783 3045 Deus
805 3001 909 3059 est,
931 2998 958 3028 ι
975 2998 1068 3045 aut
1100 2985 1477 3044 tantummodo
1511 2986 1838 3054 nuncupatio

223 3099 352 3151 vus,
369 3068 661 3138 autlalsus.
683 3082 856 3139 Verus
876 3088 932 3137 ut
954 3082 1137 3147 Pater,
1160 3079 1624 3148 nuncupativusut
1639 3075 1833 3144 saneti,

225 3163 404 3233 falsus
453 3187 513 3233 ut
554 3163 832 3233 dm‘mOIies
869 3187 1030 3247 atque
1087 3175 1398 3231 simulacra.
1433 3173 1626 3229 Dicant
1669 3173 1839 3242 igitur

2009 1957 2103 2014 26.
2144 1954 2245 2013 Est
2269 1969 2404 2031 ergo
2441 1956 2716 2024 Christus,
2761 1965 2819 2015 et
2854 1967 2940 2015 est
2966 1969 3223 2030 semper;
3265 1963 3360 2032 qui
3407 1963 3552 2018 enim

1939 2059 2042 2119 est,
2074 2063 2295 2122 semper
2315 2060 2422 2110 est.
2451 2051 2708 2108 Clu-iatus
2733 2062 2916 2108 autem
2932 2063 3288 2124 semperest,
3325 2055 3394 2111 de
3431 2069 3551 2126 quo

1939 2145 2074 2200 dicit
2104 2145 2317 2218 Moyses
2351 2163 2366 2202 :
2397 2143 2500 2214 Qui
2526 2157 2622 2215 est,
2650 2149 2786 2202 misit
2809 2162 2892 2202 nte
2916 2147 3120 2221 (Exod.
3148 2166 3232 2216 ut,
3262 2151 3376 2221 14).
3409 2150 3549 2206 Erat

1945 2239 2132 2312 utique
2169 2239 2431 2307 Gabriel,
2459 2249 2581 2298 erat
2622 2241 2898 2314 Raphael,
2945 2250 3106 2299 erant
3155 2243 3352 2314 Λημὶ
3403 2262 3417 2298 :
3454 2244 3551 2300 sed

1941 2344 2161 2404 semper
2193 2345 2336 2399 esse,
2367 2334 2458 2402 qui
2492 2335 2785 2406 aliquando
2807 2351 2917 2391 non
2954 2336 3178 2402 Μῖνι,
3205 2351 3552 2408 nequaquam

1941 2429 2056 2498 pari
2092 2427 2304 2484 ratione
2330 2427 2549 2484 dicunte
2560 2427 2880 2486 r.Cbristus
2901 2439 3106 2498 autem,
3131 2431 3274 2486 sicut
3297 2431 3552 2501 legimus,

1942 2535 2042 2576 non
2069 2521 2198 2591 fuit,
2229 2533 2323 2587 est,
2353 2533 2525 2578 etnon
2553 2535 2570 2577 ε
2598 2525 2689 2578 sed
2709 2535 2788 2581 est
2809 2526 2861 2579 in
2885 2525 2986 2580 illo
3007 2526 3106 2597 fuit
3129 2525 3199 2598 (11
3217 2525 3338 2581 Cor.
3363 2543 3404 2591 ι.
3431 2526 3553 2600 19);

1941 2615 2086 2672 unde
2113 2631 2237 2672 vere
2263 2617 2354 2673 Dei
2387 2619 2559 2674 solius
2581 2625 2666 2673 est
2691 2631 2836 2685 esse,
2865 2619 2955 2690 qui
2981 2630 3199 2690 seniper
3217 2629 3326 2674 est.

2011 2710 2103 2765 27.
2147 2709 2292 2783 Ergo
2315 2711 2359 2768 si
2403 2719 2460 2768 et
2499 2713 2930 2783 nuncupatimm
2959 2713 3135 2769 Deum
3188 2727 3297 2770 non
3345 2715 3553 2772 audent

1940 2801 2148 2869 dicere,
2174 2811 2228 2860 et
2256 2803 2450 2860 falsum
2479 2819 2602 2861 cum
2634 2807 2822 2862 dicere
2843 2806 3072 2877 majoris
3099 2812 3186 2862 est
3217 2807 3514 2877 inpietatis
3531 2851 3547 2874 ,

1941 2901 2110 2952 restat
2138 2905 2192 2950 ut
2225 2897 2363 2954 Deus
2389 2911 2554 2954 verus
2581 2899 2672 2967 sit,
2710 2899 2826 2955 veri
2872 2899 3049 2955 Patris
3093 2913 3202 2955 non
3233 2900 3542 2969 dissimilis,

1941 2988 2036 3044 sed
2063 2989 2309 3059 aequalis.
2339 2989 2441 3058 Qui
2463 3001 2588 3046 cum
2619 2999 2675 3045 et
2694 2989 2957 3060 jnstiﬁcet
2987 3001 3044 3046 et
3065 2989 3376 3047 sanctiticet
3409 3005 3550 3062 quos

1943 3083 2094 3148 velit,
2117 3096 2224 3138 non
2255 3083 2393 3139 foris
2421 3097 2738 3150 assumens;
2763 3085 2858 3140 sed
2893 3085 2946 3140 in
2976 3098 3036 3140 se
3061 3084 3272 3143 habens
3299 3086 3546 3141 sanctifi-

1943 3173 2105 3230 eandi
2157 3185 2514 3244 potestatem,
2567 3176 2844 3246 quomodo
2886 3191 2992 3230 non
3043 3187 3128 3232 est
3161 3191 3328 3232 verus
3365 3177 3548 3233 Deus?

224 3269 335 3342 qua
359 3265 558 3324 Filium
585 3265 683 3325 Dei
730 3265 1072 3324 confessione
1102 3267 1410 3338 designent,
1435 3263 1663 3322 utrumb
1691 3265 1829 3319 falso
1856 3270 1902 3333 C
1934 3265 2066 3322 Nam
2097 3267 2396 3334 Apostolus
2422 3277 2544 3324 eum
2575 3267 2763 3339 utique
2785 3279 2978 3324 verum
3007 3268 3177 3323 Deum
3203 3268 3362 3334 dixit,
3391 3266 3420 3306 ά
3447 3269 3538 3340 qui

227 3365 619 3435 praesumptum
644 3351 740 3418 Dei
773 3369 997 3427 nomen,
1031 3375 1098 3416 an
1127 3367 1258 3416 vero
1277 3361 1430 3432 quasi
1465 3358 1833 3428 nuncupativo

223 3455 639 3527 inspirationcm
665 3463 872 3511 tantum
901 3455 1195 3509 divinitatis
1225 3455 1407 3508 inesse
1435 3452 1793 3506 arbitrantur.

297 3548 392 3605 25.
429 3547 474 3603 F
475 3549 592 3602 also
623 3553 1232 3619 praesumptum‘nomen
1263 3560 1370 3600 non
1403 3555 1534 3615 puto
1566 3543 1710 3614 quod
1744 3543 1832 3598 di-

221 3635 388 3708 cant,
435 3645 498 3695 'ut
525 3641 795 3712 apertiore
826 3655 886 3696 se
908 3640 1150 3695 ‘crimiua
1179 3638 1479 3708 impietatis
1511 3637 1827 3702 involvam;

219 3752 295 3792 ne
319 3741 378 3790 ut
402 3733 690 3791 dmmoniis
715 3742 771 3790 et
787 3734 1116 3799 simulacris,
1148 3733 1220 3788 ita
1258 3733 1422 3788 etiam
1465 3731 1688 3786 Christo
1731 3729 1833 3785 ial-

218 3829 347 3886 sum
382 3825 479 3882 Dei
501 3826 730 3882 inditum
779 3833 976 3882 nomen
997 3825 1329 3882 insinuando
1356 3841 1413 3880 se
1446 3823 1698 3895 prodant.
1729 3821 1827 3878 Sin

217 3925 412 3979 autem
437 3921 567 3978 ideo
595 3917 797 3976 dictum
827 3929 1018 3990 putant
1043 3911 1238 3986 Deum,
1265 3919 1388 3990 quia
1415 3917 1827 3988 inspirationem

218 4001 532 4071 divinitatis
561 4013 767 4080 habuit,
793 4014 932 4068 sicut
952 4017 1008 4068 'ct
1029 4009 1180 4066 multi
1209 4012 1378 4066 sancti
1409 4012 1508 4066 viri
1536 4011 1656 4083 (eos
1683 4010 1827 4064 enim

216 4106 508 4179 Scriptora
537 4107 670 4163 deos
699 4106 838 4162 dixit
859 4099 1041 4178 (Joan.
1099 4121 1152 4172 ι,
1204 4103 1330 4176 ’55),
1377 4104 1443 4160 ad
1467 4119 1603 4174 quos
1647 4117 1828 4160 sermo

217 4187 397 4258 ﬁebat
417 4196 541 4273 Dei)
566 4211 696 4274 ergo
722 4215 833 4255 non
867 4200 1002 4254 ultra
1031 4199 1280 4254 homines
1325 4211 1446 4252 eum
1489 4195 1781 4267 prael‘ertmt
1807 4237 1824 4264 ,

217 4295 323 4354 sed
355 4295 780 4366 comparandum
839 4292 1146 4348 hominibus
1203 4290 1568 4356 arbitrantur;
1603 4300 1663 4346 ut
1721 4293 1823 4345 hoc

217 4391 352 4448 emit
398 4397 590 4462 putent
615 4397 736 4444 esse
763 4387 906 4460 quod
935 4387 1244 4442 numinibus
1271 4387 1385 4456 ipse
1416 4385 1637 4439 donavit
1664 4426 1678 4450 ,
1737 4382 1822 4438 di-

213 4483 358 4544 ee'l't's
389 4483 454 4538 ad
484 4478 737 4555 Moysen:
766 4473 952 4536 Posuit
981 4489 1028 4534 te
1055 4481 1107 4534 in
1140 4477 1307 4534 Deum
1329 4475 1600 4533 Pharaoni
1622 4476 1819 4550 (Exod.

209 4581 318 4643 vis,
352 4563 434 4648 1).
463 4563 622 4632 Unde
645 4585 700 4631 et
725 4576 779 4630 in
799 4573 1015 4646 ‘psalmo
1041 4573 1246 4630 dictum
1272 4579 1358 4629 est
1382 4589 1394 4628 :
1426 4569 1538 4645 Ego
1569 4572 1681 4626 dixi
1709 4615 1720 4636 ,
1749 4571 1823 4624 dii

209 4670 340 4726 estis
364 4661 518 4737 (Psal
547 4674 650 4725 LXX
660 4671 732 4734 ςἰ,
763 4668 841 4738 (ἢ.
1848 4668 1901 4732 Ῑ)

477 4751 578 4818 Ἡ.
611 4751 684 4818 ‘Et
718 4762 863 4817 banc
889 4767 1068 4816 tamen
1091 4759 1480 4831 sacrilegorum
1507 4759 1819 4830 opinionem

206 4849 421 4915 Paulus
451 4846 715 4924 excludit,
742 4853 834 4928 Qui
858 4856 934 4911 ait
959 4873 971 4910 :
999 4850 1140 4910 Nam
1165 4864 1212 4910 et
1242 4856 1288 4910 si
1306 4865 1424 4910 sunt
1460 4857 1547 4926 qui
1579 4855 1821 4910 dicantur

207 4953 323 5020 dii,
347 4952 452 5008 sive
465 4953 525 5006 'in
547 4951 693 5017 coelo,
715 4952 884 5006 sivein
913 4947 1244 5023 terra(|Cor.
1271 4965 1384 5013 vui,
1414 4949 1492 5022 5).
1525 4947 1642 5004 Non
1663 4950 1820 5018 dixit,

204 5057 343 5104 sunt
378 5033 476 5110 dii,
507 5047 602 5102 sed
633 5054 752 5100 sunt
777 5046 864 5116 qui
889 5046 1149 5099 dicantur.
1176 5043 1410 5098 Christus
1442 5055 1652 5110 autem,
1683 5045 1825 5100 sicut

206 5133 484 5208 scriptum
501 5147 606 5203 est,
633 5137 744 5192 heri
767 5147 812 5192 et
839 5136 993 5191 hodie
1015 5137 1126 5208 ipse
1139 5145 1215 5191 est
1229 5136 1247 5209 (
1261 5135 1416 5191 Hebr.
1436 5145 1586 5206 mn,
1605 5133 1688 5208 8).
1706 5133 1822 5204 Est,

205 5220 542 5306 iuqut:,‘hoc
563 5228 666 5300 es't,
684 5243 790 5287 non
814 5228 987 5286 s‘o’lum
1013 5231 1366 5298 noiniue,’sed
1388 5232 1552 5288 etiam
1577 5230 1824 5286 veritate.

285 5403 314 5432 ι
345 5388 658 5462 Non
683 5393 855 5458 ‘1th
900 5399 994 5446 aut
1038 5390 1389 5445 tantummodo
1407 5387 1814 5460 nuncupatione,

203 5475 271 5521 ut
300 5466 502 5528 sancti;
528 5474 617 5518 aut
639 5463 826 5534 falsus,
860 5473 916 5516 ut
947 5462 1224 5534 daemones.

283 5535 314 5576 δ
359 5537 502 5592 Eilis.
522 5545 590 5592 et
607 5532 762 5605 pauci
795 5547 926 5589 suos.
959 5535 1048 5589 hic
1073 5545 1128 5589 et
1149 5532 1308 5600 infra,
1331 5535 1818 5606 falsaprrereptum.

292 5621 314 5648 ε
352 5607 516 5664 Rom.
540 5603 672 5672 edit,
699 5622 826 5662 cum
857 5623 964 5660 uno
1005 5623 1133 5670 ms.,
1165 5606 1288 5672 ﬁliis
1332 5603 1588 5672 illorum;
1636 5603 1822 5660 caeteri

205 5681 768 5749 cod.,.(iliis~nostris.
799 5677 895 5734 Sic
933 5679 1096 5734 etiam
1127 5677 1385 5733 nonnulla
1413 5677 1602 5749 Graeca
1641 5691 1824 5732 enem-

205 5748 436 5823 plaria’,
479 5763 528 5806 et
569 5751 724 5820 Vulg.
778 5750 998 5805 versio:
1055 5750 1238 5823 plures
1293 5759 1472 5803 autem
1497 5748 1820 5823 grumorum

204 5815 338 5877 ind.
377 5830 493 5904 τοζς
520 5815 730 5904 τέκχοῖς·
758 5823 939 5904 οιύςιηνιῖἱνΔ
973 5815 1116 5904 ἡμῖν.
1149 5820 1302 5904 Tuta“
1319 5817 1627 5904 porro-Olth
1679 5815 1824 5900 peri-

207 5906 389 5962 tome,
425 5895 558 5950 sicut
590 5892 794 5950 Paulus
821 5896 875 5948 in
904 5889 1210 5948 Actibus....
1254 5891 1368 5963 Ego
1395 5891 1547 5946 hodie
1571 5889 1727 5960 genui
1755 5898 1820 5954 te,

1939 3359 2258 3414 naturaliter
2282 3359 2428 3414 Deus
2457 3367 2625 3427 esset,
2656 3361 2800 3416 sicut
2829 3360 3006 3415 babes
3039 3377 3051 3412 :
3087 3360 3225 3428 Quia
3247 3369 3402 3426 tunc,
3455 3361 3542 3416 in-

1935 3454 2088 3525 quit,
2140 3456 2422 3510 uenientes
2467 3453 2664 3519 Deum,
2714 3456 2940 3510 remittis
2971 3452 3056 3510 his
3093 3457 3184 3526 qui
3229 3465 3544 3512 παραιτεῖται

1937 3557 2084 3602 erant
2107 3547 2184 3602 dii
2213 3547 2411 3621 (Galat.
2443 3561 2517 3614 tv,
2548 3548 2640 3618 8);
2663 3546 2772 3604 hoc
2791 3547 3024 3618 estqui
3047 3549 3164 3604 veri
3187 3548 3264 3604 dii
3291 3562 3412 3605 esse
3433 3565 3541 3606 non

1936 3653 2214 3711 peterent,
2243 3631 2441 3712 quibus
2473 3640 2575 3698 hoc
2597 3639 2921 3696 naturaliter
2948 3642 3540 3714 πῆῇὴπθκιψοωιιθι.

2578 3749 2809 3811 CAPUT
2841 3749 2912 3809 Ii.

1931 3871 2060 3928 Cum
2087 3870 2359 3943 probatum
2383 3869 2447 3923 sit
2478 3867 2676 3922 Filium
2705 3884 2813 3922 esse
2845 3879 3016 3922 verum
3042 3865 3231 3936 Deum,
3265 3879 3358 3923 nec
3400 3868 3452 3922 in
3477 3885 3535 3924 eo

2003 3967 2253 4020 minorem
2283 3963 2471 4030 Patre;
2500 3961 2788 4017 ostenditur
2817 3978 2909 4032 per
2931 3974 3102 4016 vocem
3141 3960 3293 4016 solus
3324 3973 3440 4014 cum
3481 3963 3537 4016 in

2002 4060 2288 4131 Scripturis
2315 4058 2379 4112 de
2416 4056 2578 4112 Patre
2617 4057 2830 4122 dicitur,
2887 4073 2987 4110 non
3041 4053 3255 4109 excludi
3301 4053 3537 4121 Filium;

1999 4153 2128 4224 quin
2148 4153 2306 4206 immo
2334 4152 2466 4205 hanc
2493 4151 2542 4205 ei
2577 4166 2750 4204 uocem
2796 4165 2904 4220 prta
2947 4148 3150 4202 cunctis
3189 4159 3237 4202 et
3279 4147 3379 4203 soli
3429 4150 3536 4220 ipsi

1999 4247 2290 4304 convenire.
2327 4244 2631 4300 Trinitatem
2657 4259 2760 4297 non
2805 4243 2938 4298 inter
2986 4243 3196 4309 omnia,
3239 4245 3328 4298 sed
3377 4259 3534 4312 super

2000 4343 2176 4397 umm’a
2201 4340 2376 4396 solam
2402 4358 2508 4395 esse
2535 4357 2555 4394 :
2588 4338 2787 4394 Filium
2813 4354 2932 4394 vero
2958 4338 3127 4392 solum
3173 4341 3366 4410 facere,
3415 4356 3534 4412 qua:

1989 4436 2123 4504 .{acit
2151 4434 2332 4502 Pater,
2370 4451 2432 4488 ac
2469 4435 2638 4490 solum
2680 4433 2867 4488 habere
2913 4433 3388 4500 immortalitatem;
3438 4451 3532 4489 nec

1995 4531 2214 4602 proinde
2239 4531 2295 4586 in
2315 4531 2479 4586 verbis
2506 4531 2848 4585 controversis
2878 4545 2994 4585 eum
3025 4546 3057 4583 a
3091 4527 3246 4584 Patre
3282 4546 3535 4601 separan-

1995 4625 2157 4692 dum;
2189 4626 2340 4680 licere
2363 4633 2534 4680 tamen
2555 4639 2675 4680 eum
2701 4623 2871 4679 locum
2908 4623 3200 4696 intelligere
3243 4625 3308 4679 de
3332 4626 3530 4686 ,ἱεῖσαν-

1997 4720 2200 4774 natione
2245 4719 2355 4774 :ab
2395 4719 2501 4773 illis
2532 4718 2739 4772 demunt
2771 4717 2980 4773 Patrem
3020 4719 3085 4773 ab
3126 4717 3396 4774 hominum
3443 4736 3524 4775 re-

1994 4813 2285 4882 demptione
2330 4812 2561 4876 secludi,
2608 4812 2696 4880 qui
2725 4811 2788 4866 ab
2831 4810 2932 4868 hoc
2973 4809 3177 4867 Filium
3224 4816 3520 4888 sejunctum

1998 4908 2197 4964 uolunt.

1995 5044 2087 5100 ‘28.
2131 5041 2334 5099 Verum
2360 5044 2582 5114 copiose
2604 5043 2716 5113 jam
2747 5054 2938 5098 verum
2967 5041 3132 5098 Betim
3153 5039 3441 5097 Christum.
3469 5039 3524 5094 in

1926 5138 2302 5209 superioribus
2347 5136 2506 5192 libris
2539 5134 2947 5207 Seript-ura‘rntn
2995 5133 3164 5208 553
3201 5134 3528 5189 lectionibus

1928 5229 2373 5302 a‘pprobarimus.
2405 5228 2553 5300 Ergo
2597 5229 2644 5285 si
2693 5229 2975 5294 Christus,
3015 5236 3075 5283 ut
3108 5226 3375 5282 edoctum
3414 5235 3526 5294 est,
3562 5219 3570 5228 ’

1924 5403 2044 5456 qua:
2075 5388 2144 5443 ab
2185 5388 2357 5457 antiq.
2408 5385 2541 5440 edit.
2607 5400 2672 5440 ac
2733 5400 2863 5440 mss.
2907 5399 3016 5457 non
3064 5381 3251 5457 paucis
3296 5383 3530 5457 aberat,

1925 5453 2068 5515 sient
2109 5469 2164 5514 et
2207 5453 2571 5530 alia'plurima
2598 5499 2610 5520 ,
2641 5457 2876 5530 primum
2897 5453 3140 5530 conjecta
3185 5453 3534 5530 lttorat‘inter

1925 5530 2104 5586 varias
2134 5527 2397 5588 lectiones
2426 5529 2556 5585 Gill.
2596 5529 2728 5583 edit.
2758 5538 2812 5582 et
2843 5538 3024 5598 postea
3057 5527 3110 5580 in
3135 5534 3340 5598 textum
3367 5527 3525 5584 Rom.

1925 5602 2163 5657 admissa
2195 5644 2209 5665 ,
2255 5601 2344 5656 ubi
2387 5616 2489 5654 nos
2536 5614 2656 5655 eam
2710 5613 2841 5653 mss.
2875 5597 3085 5667 aliquot
3118 5597 3376 5656 “melioris
3426 5604 3528 5658 teri

1925 5676 2248 5729 auctoritate
2286 5671 2544 5728 duximus
2583 5669 2945 5725 retinendam.

1997 5743 2023 5783 τι
2068 5743 2273 5801 Omnes
2331 5742 2463 5798 edit.
2511 5755 2574 5794 ac
2604 5755 2732 5794 mss.
2756 5737 3012 5794 lnonnulli
3044 5780 3058 5806 ,
3107 5741 3535 5810 quinaturuliter

1925 5832 2074 5871 verus
2102 5815 2244 5870 Deus
2284 5824 2444 5886 esset;
2465 5810 2662 5886 melius
2710 5811 2763 5866 in
2795 5810 3534 5886 mss._plerisquc'omittltur

1926 5903 2075 5943 verus
2109 5929 2123 5954 ,
2155 5897 2213 5942 ut
2243 5872 2445 5956 patebii
2473 5882 2733 5940 attentius
2757 5872 3158 5940 consideranti:
