4016 6292
546 313 657 371 655

1850 303 2098 361 SANCTI
2136 302 2463 362 AMBROSII

3697 305 3771 363 656

540 432 690 487 Deus
720 446 885 486 verus
914 439 1022 497 est,
1051 442 1364 499 quaeramus
1386 442 1491 498 qua
1525 424 1767 487 ratione,
1817 438 1940 477 cum
1969 420 2143 476 solum
2174 422 2226 483 A
2323 422 2413 477 55.
2444 417 2552 477 Sed
2583 419 2772 477 dicunt
2800 419 2976 476 solum
3007 419 3114 476 dici
3163 434 3325 491 posse
3361 418 3521 475 solem
3545 436 3558 485 ;
3582 420 3684 490 quia
3717 422 3775 477 sol

542 541 735 581 verum
770 525 935 580 Deum
970 524 1186 579 Patrem
1216 523 1413 593 legant,
1454 535 1481 572 a
1512 519 1669 574 Patre
1699 516 1891 571 Filium
1918 515 2149 586 cupiunt

543 633 824 687 separare.

613 713 708 769 ‘23.
750 712 806 767 Si
834 710 1024 767 dicunt
1051 710 1175 781 quia
1204 723 1366 765 verus
1389 707 1528 762 Deus
1548 706 1699 760 solus
1726 705 1887 760 Pater
1907 713 2020 769 est,
2054 718 2145 757 ne-

543 820 675 877 gare
696 819 804 860 non
851 813 1076 875 possunt
1102 803 1222 872 quia
1265 813 1319 857 et
1350 799 1523 855 Filius
1560 798 1711 853 solus
1755 796 1900 852 Deus
1945 796 2146 850 veritas

540 908 657 968 cst,
687 901 816 970 quia
846 898 1097 954 Christus
1135 896 1334 951 veritas
1359 902 1462 949 est.
1500 890 1769 962 Numquid
1795 890 1995 946 veritas
2016 903 2146 945 vero

543 994 724 1048 minor
750 1002 855 1060 est,
884 1007 1007 1046 cum
1051 987 1352 1045 secundum
1378 985 1808 1056 appellationem
1862 981 2145 1037 nominum

540 1101 705 1141 verus
746 1086 1068 1155 plerumque
1090 1100 1117 1134 a
1148 1079 1379 1135 veritate
1406 1078 1642 1143 dicatur,
1688 1076 1833 1132 sicut
1870 1074 2144 1146 sapiensa

540 1178 804 1249 sapientia
840 1219 856 1244 ,
900 1176 1079 1246 justus
1108 1190 1137 1227 a
1164 1172 1422 1242 justitia‘t
1450 1171 1563 1227 Iloc
1612 1183 1712 1224 nos
1762 1169 1904 1223 inter
1927 1166 2142 1222 Patrem

538 1290 645 1330 non
673 1272 938 1327 sentimus
978 1278 1033 1324 et
1072 1266 1291 1333 Filiuttt,
1345 1266 1470 1336 quia
1497 1273 1555 1320 et
1593 1262 1739 1318 Patri
1771 1261 1907 1316 nihil
1952 1259 2140 1325 deest,

539 1376 565 1403 ιι
612 1364 736 1435 quia
781 1363 943 1419 Pater
969 1370 1053 1416 est
1079 1374 1245 1415 veras
1281 1376 1294 1412 :
1325 1367 1381 1413 et
1418 1356 1587 1412 Filius
1614 1355 1741 1426 quia
1774 1354 1974 1410 veritas
2013 1361 2141 1416 est,

534 1458 763 1529 aequalis
803 1465 891 1512 est
941 1469 1091 1509 vero.

603 1552 692 1609 50.
742 1550 811 1607 Ut
847 1551 1023 1606 sciant
1055 1559 1237 1604 autem
1263 1588 1280 1615 ,
1309 1560 1431 1602 cum
1461 1544 1639 1600 solum
1675 1543 1864 1612 legunt
1891 1581 1905 1606 ,
1939 1554 2141 1610 nequa-

530 1663 694 1719 quam
720 1660 844 1702 esse
868 1661 899 1700 a
927 1645 1088 1699 Patre
1118 1642 1313 1699 Filium
1345 1637 1745 1710 separandum,
1789 1634 2143 1691 meminerint

529 1744 583 1797 in
615 1740 899 1813 prophetis
923 1754 954 1794 a
988 1739 1100 1794 Deo
1123 1736 1330 1791 dictum
1358 1752 1371 1789 :
1408 1732 1519 1804 Ego
1558 1730 1761 1787 extendi
1788 1730 1971 1785 (telum
1997 1727 2141 1783 solus

2250 512 2391 568 alter
2420 528 2527 569 nou
2568 523 2676 568 est.
2716 512 2784 567 At
2811 522 2865 567 et
2892 511 3010 583 ipse
3045 513 3126 567 sol
3160 511 3322 568 habet
3346 514 3629 568 communia
3652 515 3779 568 multa

2249 621 2372 661 cum
2411 606 2588 662 stellis
2612 646 2627 671 ,
2678 607 2821 677 quod
2882 606 3157 677 percurrit
3191 605 3391 662 caelum
3423 596 3563 677 (Gen.
3607 620 3639 668 ι,
3664 604 3779 674 ll),

2252 697 2411 772 557
2461 697 2607 769 quod
2657 699 2915 755 :etherea:
2963 699 3109 754 illius
3155 698 3497 767 caelestiaque
3526 697 3781 754 substantia:

2248 800 2335 847 est
2361 835 2377 858 ,
2403 792 2549 863 quod
2579 801 2828 848 creatura
2853 802 2938 847 est
2963 833 2979 859 ,
2999 790 3146 863 quod
3178 795 3322 848 inter
3351 789 3526 846 omnia
3556 790 3636 848 Dei
3658 804 3781 861 opera

2248 894 2595 954 computatur
2628 927 2643 952 ,
2684 884 2831 957 quod
2883 901 3007 942 cum
3043 885 3296 941 omnibus
3335 884 3445 940 Deo
3482 884 3665 953 servit,
3690 900 3783 940 cum

2246 980 2501 1037 omnibus
2531 979 2803 1037 benedicit
2829 981 2999 1038 Deum
3020 1024 3036 1049 ,
3070 995 3192 1037 cum
3220 979 3475 1035 omnibus
3500 979 3677 1035 laudat.
3698 980 3785 1037 Non

2248 1087 2379 1142 ergo
2408 1074 2560 1128 solus
2588 1074 2810 1145 preprie
2837 1072 3069 1137 dicitur,
3122 1072 3247 1144 quia
3279 1086 3383 1129 nec
3427 1087 3458 1126 a
3500 1073 3689 1129 cieteris
3724 1088 3788 1128 se-

2255 1175 2480 1237 paratur
2526 1164 2700 1238 (Psal.
2726 1182 2948 1231 cvaut,
2980 1168 3058 1237 5).

2316 1259 2406 1316 54.
2443 1262 2627 1332 Itaque
2673 1276 2796 1317 cum
2826 1261 3006 1317 Patris
3056 1272 3110 1319 et
3135 1262 3258 1319 Filii
3286 1260 3618 1335 Spiritusque
3657 1265 3788 1320 sancti

2245 1352 2548 1419 divinitati,
2597 1368 2720 1426 qua:
2765 1354 2881 1410 sola
2916 1369 3023 1410 non
3071 1357 3213 1411 inter
3261 1356 3488 1423 omnia,
3537 1356 3623 1413 sed
3666 1371 3789 1427 super

2244 1450 2427 1506 omnia
2475 1458 2601 1518 est,
2631 1451 2780 1507 nulla
2821 1451 2996 1522 possit
3024 1459 3276 1508 creatura
3325 1450 3560 1509 conferri
3587 1493 3602 1514 .
3654 1462 3703 1507 ut
3741 1452 3791 1509 de

2243 1544 2452 1616 Spiritu
2508 1544 2727 1600 interim
2777 1544 3011 1600 assertio
3065 1554 3381 1601 reservetur
3428 1562 3441 1598 :
3488 1545 3619 1600 sicut
3671 1545 3791 1601 Pater

2243 1641 2440 1697 dicitur
2468 1640 2622 1696 solus
2642 1640 2787 1696 Deus
2809 1655 2970 1694 verus
2994 1680 3010 1707 ,
3039 1639 3125 1695 cui
3160 1640 3295 1695 nihil
3324 1641 3397 1695 sit
3417 1656 3687 1697 commune
3699 1656 3790 1696 ctntt

2243 1734 2494 1800 cieteris;
2525 1735 2596 1788 ita
2620 1733 2783 1789 etiam
2813 1733 2967 1789 solus
2987 1742 3073 1788 est
3098 1732 3270 1788 Filius
3291 1734 3469 1806 imago
3488 1733 3594 1790 veii
3613 1734 3712 1799 Dei,
3729 1750 3791 1789 so-

530 1833 722 1906 (Esai.
771 1847 894 1888 suv
925 1872 941 1897 ,
1003 1828 1140 1899 21).
1198 1827 1265 1883 Et
1335 1827 1520 1897 utique
1571 1838 1675 1879 non
1724 1821 1969 1878 extendit
2027 1821 2145 1877 sine
2174 1829 2221 1889 Β
2251 1825 2335 1881 lus
2353 1826 2574 1882 dextera
2599 1825 2800 1890 Patris,
2832 1826 2986 1880 solus
3013 1824 3187 1881 virtus
3232 1825 3326 1881 Dei
3370 1834 3536 1899 atque
3555 1825 3791 1898 sapientia.

529 1925 670 1982 Filio
697 1925 880 1981 Pater.
911 1922 1037 1993 Ipse
1065 1920 1210 1977 enim
1241 1920 1410 1975 Filius
1439 1918 1528 1988 qui
1575 1915 1840 1986 sapientia
1872 1914 1968 1968 Dei
2008 1920 2094 1967 est
2120 1953 2135 1980 ,

526 2019 708 2075 dicit:
758 2013 1249 2086 QuandO'parabat
1309 2011 1493 2066 ccelum
1523 2052 1537 2075 ,
1599 2024 1714 2063 cum
1764 2009 1876 2077 ipso
1924 2005 2137 2060 aderam

528 2112 549 2185 (
585 2112 742 2167 Prov.
771 2127 869 2166 vtu
902 2152 918 2175 ,
962 2109 1032 2164 27
1060 2111 1098 2180 ).
1131 2108 1198 2162 Et
1228 2105 1428 2159 Paulus
1465 2103 1534 2158 de
1580 2101 1719 2156 Filio
1748 2099 1953 2156 dictum
2014 2112 2137 2154 esse

526 2204 855 2261 conﬁrmat:
910 2200 1072 2255 Initio
1115 2208 1304 2253 terram
1356 2205 1409 2249 tu
1461 2192 1728 2265 fundasti,
1776 2190 2136 2265 Domineket

527 2314 685 2370 opera
729 2310 979 2350 manuum
1004 2302 1209 2347 tuarum
1251 2298 1372 2345 sunt
1397 2261 1510 2343 caeli
1536 2284 1724 2359 (Hebr.
1756 2300 1807 2350 ι,
1859 2282 1971 2355 10).
2006 2261 2137 2338 SiTe

523 2409 659 2465 ergo
691 2390 861 2447 Filius
886 2388 1083 2446 ctelum
1131 2386 1297 2452 fecit,
1355 2382 1499 2438 sicut
1540 2389 1597 2438 et
1639 2377 1933 2450 Apostolus
1961 2374 2137 2430 voluit

525 2485 800 2557 intelligi,
832 2493 888 2540 et
919 2483 1034 2553 ipse
1063 2480 1251 2551 utique
1281 2493 1389 2532 non
1419 2475 1540 2531 sine
1575 2473 1736 2528 Patre
1762 2470 1959 2527 ctelum
1982 2467 2133 2524 solus

524 2579 791 2646 extendit,
817 2577 952 2641 sive,
985 2585 1045 2630 ut
1071 2570 1382 2627 Proverbiis
1412 2568 1603 2635 habes,
1633 2563 1775 2621 Deus
1797 2564 1848 2617 in
1875 2560 2133 2631 sapientia

524 2672 764 2744 fundavit
815 2680 1036 2734 terram,
1087 2663 1290 2738 paravit
1351 2671 1524 2716 autem
1575 2659 1727 2713 cwlos
1772 2657 1824 2710 in
1868 2654 2130 2709 intellectu

521 2766 729 2839 (Prov.
772 2780 851 2829 nt,
894 2762 1001 2831 19)
1029 2805 1044 2829 ,
1101 2758 1408 2815 ostenditur
1452 2753 1575 2825 quia
1634 2766 1737 2808 nec
1790 2751 1950 2805 Pater
1978 2748 2129 2804 solus

523 2861 645 2914 sine
674 2857 812 2913 Filio
837 2857 1010 2911 caelos
1051 2852 1219 2918 fecit,
1278 2848 1547 2906 neesine
1602 2847 1762 2900 Patre
1817 2842 2026 2907 Filius;
2074 2850 2130 2897 et

524 2961 706 3006 tamen
755 2948 846 3019 qui
889 2946 1086 3003 ctelum
1124 2941 1410 3006 extendit,
1442 2939 1594 2995 solus
1620 2936 1841 2993 dicitur.

597 3046 687 3102 51.
727 3044 899 3114 Quam
942 3057 1074 3099 vero
1115 3040 1168 3095 id
1225 3037 1374 3094 etde
1410 3034 1548 3090 Filio
1593 3041 1782 3104 aperte
1817 3029 2127 3100 intelligen-

519 3142 648 3197 dum
680 3139 779 3204 sit,
813 3137 957 3210 quod
994 3136 1145 3192 solus
1195 3133 1501 3204 appelletur
1524 3173 1539 3196 ,
1568 3129 1595 3167 ι’
1639 3129 1741 3184 etsi
1786 3142 2122 3197 numquam,

2311 1920 2402 1976 55.
2444 1918 2608 1976 Solus
2648 1933 2780 1989 ergo
2824 1918 2999 1974 Filius
3045 1918 3173 1975 facit
3216 1919 3356 1976 sicut
3384 1931 3438 1976 et
3490 1921 3658 1989 Pater,
3700 1921 3792 1992 quia

2238 2012 2499 2083 scriptum
2527 2022 2642 2067 est:
2674 2008 2701 2049 ά
2731 2010 3077 2081 Quacumque
3100 2012 3240 2081 facio
3266 2054 3282 2078 ,
3331 2014 3440 2083 ipse
3492 2014 3610 2084 facit
3637 2013 3653 2083 (
3670 2013 3790 2068 lauit.

2240 2122 2272 2159 v
2297 2147 2313 2172 ,
2346 2106 2414 2162 16
2442 2106 2483 2177 ).
2542 2104 2678 2162 Cum
2722 2105 2869 2162 enim
2900 2121 3064 2160 unum
3095 2121 3234 2179 opus
3279 2108 3353 2163 sit
3380 2107 3560 2162 Patris
3586 2115 3638 2162 ct
3675 2106 3791 2174 Filii,

2239 2198 2378 2256 bene
2405 2200 2474 2256 de
2502 2201 2662 2256 Patre
2705 2209 2758 2255 et
2789 2198 2930 2254 Filio
2971 2197 3169 2255 dicitur
3198 2201 3322 2270 quia
3348 2200 3498 2257 Deus
3526 2201 3666 2258 solus
3690 2215 3793 2269 ape-

2237 2302 2390 2349 ratus
2418 2302 2536 2362 est;
2586 2293 2728 2350 unde
2772 2294 2935 2348 etiam
2974 2310 3101 2354 cum
3131 2306 3433 2352 creatorem
3466 2296 3682 2352 dicimus
3707 2336 3722 2359 ,
3755 2300 3794 2348 et

2238 2385 2452 2441 Patrem
2477 2396 2532 2441 et
2555 2386 2751 2443 Filium
2768 2389 3115 2447 conﬁtemur.
3135 2389 3267 2445 Nam
3287 2389 3475 2459 utique
3493 2402 3610 2444 cum
3640 2384 3795 2441 Paulus

2235 2477 2440 2535 diceret
2470 2498 2484 2536 :
2511 2478 2615 2546 Qui
2639 2483 2917 2539 servierunt
2944 2493 3202 2539 creatura
3226 2483 3400 2555 potius
3425 2496 3584 2553 quam
3607 2477 3796 2535 Creatori

2233 2570 2253 2640 (
2281 2569 2432 2626 Rom.
2465 2588 2501 2638 t,
2524 2570 2675 2643 25);
2730 2590 2831 2631 nec
2880 2576 3098 2632 Patrem
3146 2586 3453 2632 creatorem
3487 2573 3719 2646 negavit,
3741 2584 3793 2626 es

2232 2680 2343 2737 quo
2384 2667 2560 2722 omnia
2603 2667 2759 2734 haec;
2792 2683 2895 2725 nec
2937 2669 3136 2725 Filium
3166 2711 3182 2736 ,
3230 2684 3327 2740 per
3369 2683 3537 2739 quem
3564 2665 3742 2723 omnia.

2304 2760 2395 2817 56.
2444 2764 2496 2817 Ἀ
2558 2779 2666 2832 quo
2712 2764 2952 2819 alienum
2999 2766 3187 2837 utique
3238 2780 3345 2819 non
3402 2762 3654 2827 videtur,
3699 2758 3794 2831 quia

2230 2856 2496 2921 scriptum
2527 2864 2613 2911 est
2636 2874 2650 2911 :
2683 2857 2786 2924 Qui
2807 2857 2950 2913 solus
2974 2858 3125 2913 habet
3152 2857 3594 2914 immortalitatem
3617 2853 3667 2927 (l
3690 2851 3795 2907 Tini.

2231 2963 2314 3012 vt,
2345 2947 2411 3002 16
2436 2950 2476 3017 ).
2507 2948 2795 3016 Quomodo
2824 2950 2968 3007 enim
2996 2950 3471 3007 immortalitatem
3503 2964 3607 3006 non
3633 2947 3793 3010 habet,

2228 3040 2319 3112 qui
2364 3042 2525 3097 vitam
2596 3043 2759 3100 habet
2823 3044 2876 3099 in
2925 3044 3273 3116 semetipso?
3305 3043 3488 3101 Habet
3545 3043 3712 3113 utique
3755 3037 3793 3093 in

2230 3144 2463 3201 natura,
2518 3133 2684 3192 habet
2731 3136 2786 3191 in
2842 3136 3196 3204 substantia;
3240 3146 3296 3192 et
3347 3135 3521 3191 habet
3584 3148 3679 3189 non
3726 3144 3797 3203 per

519 3236 695 3293 inscio
725 3237 882 3289 Patre
909 3273 925 3298 ,
967 3228 1172 3300 aliquid
1220 3227 1414 3282 fecisse
1458 3223 1756 3288 credatur;
1788 3221 1949 3276 etiam
1998 3217 2125 3274 alibi
2151 3215 2198 3278 C
2229 3226 2454 3297 gratiam
2490 3228 2865 3299 temporalem,
2913 3228 3011 3284 sed
3041 3244 3139 3301 per
3162 3229 3559 3300 sempiternam
3587 3224 3796 3283 divinita-

520 3330 689 3386 habes
716 3371 731 3394 ,
788 3327 877 3381 ubi
917 3324 1181 3393 scriptum
1231 3330 1359 3375 est:
1409 3315 1711 3373 Extendens
1754 3313 1935 3369 caelum
1961 3312 2125 3377 solus,

517 3433 567 3478 et
610 3420 884 3476 ambulans
907 3418 1057 3488 quasi
1080 3417 1135 3469 in
1175 3415 1468 3485 pavimento
1503 3427 1657 3479 super
1681 3425 1820 3464 mare
1848 3408 1869 3480 (
1895 3406 2015 3462 Job.
2050 3422 2127 3473 lx,

519 3514 623 3586 8).
655 3511 899 3580 Namque
944 3506 1296 3580 Evangelium
1332 3505 1541 3560 Domini
1584 3496 1771 3558 decuit
1815 3516 1938 3567 nos,
1982 3498 2126 3569 quod

520 3608 574 3662 in
608 3606 744 3661 mari
780 3620 885 3660 non
920 3604 1077 3659 Pater
1104 3643 1117 3667 ,
1168 3601 1263 3656 sed
1313 3600 1482 3655 Filius
1520 3598 1821 3654 ambulavit
1852 3637 1867 3663 ,
1911 3594 2127 3665 quando

517 3702 713 3759 Petrus
741 3701 956 3772 rogavit
985 3714 1108 3754 eum
1139 3698 1327 3752 dicens
1356 3714 1369 3749 :
1398 3694 1623 3750 Domine
1650 3736 1663 3760 ,
1682 3692 1809 3767 jube
1838 3708 1918 3746 me
1959 3691 2129 3745 rent're

515 3801 587 3855 ad
614 3806 662 3855 te
710 3796 947 3867 (Matth.
1007 3808 1129 3862 stv,
1168 3790 1285 3862 28).
1322 3789 1429 3846 Sed
1458 3789 1622 3845 etiam
1671 3785 1954 3858 prophetia
2005 3783 2123 3853 ipsa

516 3893 849 3949 documento
876 3896 962 3945 est
991 3874 1005 3953 ξ
1049 3894 1271 3941 sanctus
1302 3883 1448 3939 enim
1474 3881 1575 3937 Job
1596 3880 1886 3936 adventum
1907 3875 2120 3933 Domini

513 3983 874 4058 prophetabat
907 4023 923 4048 ,
955 3978 1122 4053 (Job.
1152 3993 1230 4041 tu,
1256 3976 1331 4046 8)
1356 4016 1369 4039 ,
1402 3975 1471 4031 de
1494 3988 1604 4045 quo
1634 3988 1762 4029 vere
1814 3970 1950 4026 dixit
1996 3969 2123 4040 quia

514 4092 763 4150 magnum
792 4082 971 4132 cetum
1018 4082 1132 4127 erat
1190 4068 1598 4130 debellaturus,
1646 4074 1702 4121 et
1756 4063 1957 4119 factum
1989 4070 2117 4117 est:

513 4186 636 4225 nam
687 4168 910 4223 feralem
954 4165 1106 4220 illum
1182 4171 1361 4218 cetum
1396 4202 1410 4225 ,
1472 4171 1493 4197 θ
1544 4157 1819 4213 diabolum
1876 4156 2115 4221 scilicet,

510 4263 718 4318 ultimis
763 4258 1099 4330 temporibus
1144 4254 1441 4311 venerabili
1470 4252 1715 4324 corporis
1752 4251 1834 4307 sui
1863 4250 2118 4321 passione

512 4364 813 4427 postratum
844 4352 1075 4425 perculit
1105 4359 1158 4405 ct
1187 4348 1379 4405 afﬂixit
1408 4346 1582 4421 (Esa.
1622 4361 1772 4401 xxvn
1793 4387 1808 4411 ,
1842 4346 1866 4398 l
1894 4343 1934 4414 ).

580 4450 670 4505 52.
722 4448 819 4503 Est
855 4460 985 4515 ergo
1028 4443 1177 4498 solus
1219 4451 1273 4497 et
1325 4456 1485 4496 verus
1534 4440 1679 4495 Deus
1732 4437 1940 4501 Filius;
1998 4436 2115 4491 haec

512 4542 734 4598 enimet
758 4537 896 4592 Filio
917 4534 1274 4608 praerogativa
1300 4532 1561 4588 defertur.
1598 4532 1671 4587 De
1696 4529 1847 4584 nttllo
1878 4542 2112 4599 namque

2233 3329 2387 3376 tem:
2439 3321 2601 3378 habet
2654 3339 2760 3377 non
2814 3338 2887 3378 ex
2938 3322 3083 3379 dono
3131 3325 3286 3395 quasi
3337 3338 3571 3391 servus,
3620 3318 3705 3377 sed
3746 3331 3795 3374 et

2229 3412 2599 3484 generationis
2630 3417 2961 3485 proprietate
2989 3414 3142 3485 quasi
3182 3415 3352 3471 Filius
3380 3426 3679 3471 comternus
3704 3427 3717 3477 ;
3756 3415 3796 3463 et

2230 3507 2395 3564 habet
2416 3508 2559 3563 sicut
2582 3507 2786 3564 Pater:
2831 3508 2983 3564 Sicut
3029 3509 3161 3563 enim
3195 3508 3356 3564 Pater
3400 3509 3560 3565 habet
3594 3510 3727 3564 vitam
3755 3506 3795 3558 in

2228 3599 2500 3670 semetipso
2529 3640 2545 3667 ,
2577 3599 2651 3654 ita
2671 3610 2718 3655 et
2746 3598 2888 3655 Filio
2909 3600 3054 3657 dedit
3074 3602 3231 3656 vitam
3256 3602 3448 3658 habere
3476 3604 3531 3657 iu
3569 3600 3794 3668 semetipsa

2228 3692 2248 3761 (
2279 3693 2438 3747 Joan.
2475 3708 2530 3756 v,
2564 3691 2630 3748 16
2655 3689 2714 3760 );
2749 3692 2893 3749 sicut
2924 3692 3125 3761 habet,
3177 3694 3391 3765 inquit,
3437 3696 3522 3752 sic
3550 3693 3705 3751 dedit.
3727 3690 3794 3746 Di-

2227 3780 2408 3838 diciin
2450 3799 2613 3854 supra
2666 3784 2834 3857 (Lib.
2888 3801 2976 3855 tv,
3027 3802 3145 3857 cap.
3200 3784 3321 3857 6),
3375 3784 3792 3858 quemadmodum

2225 3874 2484 3942 dederit;
2536 3893 2603 3932 ne
2649 3887 2869 3948 putares
2916 3893 3040 3934 esse
3080 3878 3273 3950 gratiae
3338 3878 3685 3951 largitatem,
3724 3873 3793 3931 ubi

2225 3969 2591 4038 generationis
2629 3984 2888 4025 arcanum
2934 3978 3040 4026 est.
3086 3968 3225 4025 Cum
3269 3986 3400 4041 ergo
3429 3971 3579 4027 inter
3616 3970 3791 4024 Patrem

2224 4072 2279 4120 et
2322 4063 2519 4120 Filium
2550 4066 2675 4121 vitae
2725 4065 2873 4121 nulla
2918 4064 3177 4121 distantia
3205 4066 3319 4131 sit,
3369 4060 3789 4137 quemadmodum

2221 4157 2365 4228 quod
2389 4157 2850 4214 immortalitatem
2878 4159 3028 4215 solus
3052 4158 3253 4216 habeat
3282 4159 3450 4215 Pater
3472 4202 3488 4227 ,
3518 4159 3679 4215 Filius
3708 4169 3789 4211 non

2223 4252 2416 4309 habeat
2436 4294 2452 4319 ,
2477 4254 2735 4309 :cstimari
2764 4255 2990 4325 potest?

2290 4346 2379 4401 57.
2413 4345 2568 4403 Unde
2598 4346 2902 4420 intelligant
2926 4344 3028 4405 nec
3056 4347 3162 4406 hoc
3202 4350 3321 4406 loco
3352 4365 3384 4405 a
3415 4350 3539 4407 solo
3565 4364 3683 4406 vero
3702 4346 3786 4402 Deo

2219 4440 2378 4496 Patre
2412 4440 2607 4498 Filium
2635 4442 2995 4514 separandum
3019 4461 3034 4505 ς
3062 4445 3187 4515 quia
3211 4444 3445 4516 probare
3466 4459 3576 4501 non
3599 4443 3785 4515 possm

2215 4533 2358 4603 quod
2388 4533 2542 4589 solus
2568 4544 2622 4591 et
2646 4550 2814 4591 verus
2845 4536 2988 4592 Deus
3033 4535 3201 4594 Filius
3227 4554 3334 4595 non
3385 4538 3497 4595 sit:
3529 4552 3647 4594 eum
3678 4546 3785 4606 pra-

505 4634 595 4704 qui
647 4642 863 4688 creatus
911 4638 994 4685 est
1030 4671 1043 4694 ,
1102 4628 1319 4697 proprie
1362 4625 1469 4681 dici
1523 4634 1738 4696 potest,
1790 4623 1913 4694 quia
1959 4622 2111 4677 solus
2139 4614 2404 4679 Dsertim
2446 4632 2503 4681 et
2550 4625 2642 4682 hic
2696 4635 2791 4682 aut
2850 4628 3208 4685 subaudiatur
3245 4672 3261 4697 ,
3323 4640 3385 4687 ttt
3425 4631 3701 4694 diximus,
3745 4634 3785 4679 οι

502 4734 606 4781 est.
632 4724 764 4780 Nam
791 4724 879 4779 cui
903 4722 1038 4777 inest
1062 4718 1423 4776 communitas
1447 4725 1732 4781 creatur-.13,
1758 4714 2111 4785 quemadmo-

500 4822 629 4874 dum
660 4818 813 4890 quasi
860 4818 1007 4871 solus
1050 4823 1227 4884 potest
1256 4828 1285 4866 a
1337 4811 1554 4867 rarteris
1597 4808 1892 4881 separari?
1923 4808 2108 4880 Itaque

500 4911 667 4968 homo
704 4908 1044 4965 rationabilis
1085 4906 1303 4961 videtur
1334 4905 1478 4959 inter
1506 4904 1687 4959 omnia
1719 4911 1935 4959 terrena
1987 4903 2105 4956 atti-

496 5009 724 5073 mantia,
759 5005 853 5062 sed
883 5013 1067 5060 tamen
1095 5017 1200 5056 uon
1230 5009 1314 5056 est
1339 5000 1492 5054 solus
1512 4998 1881 5063 rationabilis;
1908 4997 2110 5053 scimus

490 5100 635 5155 enim
666 5097 1008 5155 rationabilia
1036 5110 1160 5149 esse
1185 5102 1240 5148 et
1266 5092 1509 5148 cmlestia
1538 5106 1702 5159 opera
1731 5091 1843 5157 Dei,
1873 5090 2101 5161 angelos

490 5203 546 5249 et
586 5192 947 5263 archangelos
989 5185 1342 5244 rationabiles
1371 5185 1713 5238 conﬁtemur.
1753 5184 1809 5239 Si
1841 5201 1972 5256 ergo
2000 5201 2097 5241 an-

488 5284 593 5353 geli
628 5282 1000 5345 rationabiles,
1034 5294 1140 5334 nou
1172 5276 1357 5346 utique
1388 5275 1533 5329 solus
1564 5275 1900 5331 rationabilis
1933 5278 2095 5331 homo

489 5375 707 5433 dicitur.

556 5552 581 5580 ἰ
622 5542 752 5597 Mss.
800 5539 1048 5608 aliquot,
1081 5536 1205 5605 quia
1240 5530 1394 5586 Pater
1422 5541 1493 5586 est
1546 5531 1762 5597 veritas;
1804 5547 1974 5599 unus,
2006 5547 2090 5588 ve-

479 5614 669 5667 ritatis.

493 5683 578 5808 Ph
631 5683 768 5738 Tres
796 5694 953 5746 ntss.,
983 5688 1029 5732 et
1054 5694 1107 5733 se
1137 5692 1418 5747 numquam
1456 5674 1619 5729 inscio
1652 5672 1895 5741 Patrem;
1926 5689 2085 5743 unus,

542 5767 650 5808 atre
672 5795 687 5808 .
720 5762 827 5807 etc.

542 5767 650 5809 atre
672 5795 687 5817 ,
720 5762 827 5807 etc.

550 5840 571 5866 «τ
613 5816 816 5884 omnes
862 5819 997 5875 edit.
1031 5862 1045 5887 ,
1122 5816 1417 5883 Zabutum;
1474 5827 1529 5873 et
1589 5826 1738 5874 certe
1777 5816 1974 5889 saepius
2023 5833 2089 5875 eo

2212 4715 2493 4773 Christum
2542 4734 2728 4775 verum
2754 4720 2933 4776 solum
2986 4722 3155 4778 Deum
3181 4737 3305 4779 esse
3330 4739 3347 4777 :
3377 4736 3470 4779 aut
3497 4734 3645 4782 certe
3670 4718 3783 4776 aliud

2210 4809 2278 4864 ad
2302 4809 2640 4867 divinitatem
2665 4813 2841 4869 Patris
2864 4824 2918 4870 et
2943 4814 3091 4895 Filii,
3116 4815 3265 4871 aliud
3290 4816 3358 4871 ad
3384 4817 3781 4873 incarnationem

2210 4905 2415 4961 Chtisti
2463 4907 2693 4964 relatum
2758 4909 3171 4982 intelligendum
3216 4918 3336 4976 sit;
3391 4913 3518 4982 quia
3578 4927 3677 4968 non
3720 4914 3786 4963 est

2194 4998 2451 5068 perlecta
2475 5001 2715 5073 cognitio
2739 5042 2755 5070 ,
2776 5004 2879 5058 nisi
2904 5019 3026 5074 qua:
3052 5014 3110 5059 et
3127 5004 3427 5061 secundum
3455 5006 3780 5063 aeternitatem

2210 5094 2545 5164 unigenitum
2569 5096 2740 5151 Deum
2761 5112 2949 5153 verum
2971 5097 3068 5154 Dei
3088 5098 3282 5154 Filium
3304 5098 3489 5157 Jesum
3513 5098 3780 5158 Christum.

2200 5195 2257 5241 et
2294 5186 2592 5242 secundum
2639 5204 2859 5245 carnem
2904 5201 3224 5259 generatum
3276 5206 3344 5248 ex
3408 5192 3629 5263 Virgine
3667 5202 3779 5245 con-

2202 5277 2406 5335 ﬁtetur.
2439 5279 2593 5347 Quod
2620 5280 2749 5335 alibi
2801 5281 2892 5336 hic
2928 5281 3045 5349 ipse
3097 5282 3443 5354 Evangelista
3479 5300 3584 5339 nos
3627 5277 3782 5337 docuit

2196 5372 2387 5429 dicens
2414 5394 2427 5431 :
2455 5372 2639 5429 Omnis
2669 5375 2886 5446 spiritus
2912 5376 2999 5445 qui
3029 5377 3307 5447 conﬁtetur
3335 5379 3514 5435 Iesum
3544 5376 3776 5434 Christ”

2194 5534 2413 5619 potuine
2445 5535 2723 5619 diabolum
2753 5535 3004 5619 designat
3053 5536 3417 5619 ambrosius;
3459 5555 3643 5619 verum
3669 5536 3775 5619 _bnc

2193 5603 2298 5678 loci
2338 5609 2519 5663 cuncti
2569 5624 2742 5677 prope
2771 5603 2956 5674 scripti
2986 5609 3112 5665 cod.
3156 5603 3473 5678 praeferunt,
3505 5608 3772 5665 diabolum.

2327 5674 2818 5761 Rom-.Edi'ﬂsola.
2851 5674 3201 5751 ρυωεκηυιιίθ
3224 5682 3359 5752 facit
3400 5683 3540 5754 ipse,
3587 5681 3691 5737 hac
3735 5688 3775 5731 et

2193 5745 2364 5805 Filius
2392 5751 2632 5806 similiter
2658 5751 2809 5823 facit.
