4016 6292
203 317 312 374 657

204 445 227 472 η
261 438 314 491 in
362 453 521 492 carne
568 437 762 492 venisse

271 532 364 588 38.
404 532 646 604 Denique
677 549 836 602 quam
871 547 974 587 non
1006 533 1238 588 alienum
1274 533 1340 588 sit
1372 535 1532 588 etiam
1561 534 1807 588 incarna-

199 625 365 681 tionis
421 627 524 682 hoc
574 627 693 680 loco
766 627 1068 698 intelligere
1139 635 1580 692 sacramentum,
1645 627 1808 681 docet

198 736 299 776 nos
328 721 500 791 ipsius
550 723 724 776 series
767 722 1058 786 lectionis;
1093 722 1170 776 sic
1202 722 1346 775 enim
1377 721 1586 776 habes:
1623 718 1802 788 Pater,

195 817 330 870 venit
361 816 493 870 hora
515 857 530 882 ,
581 816 812 882 clari/ica
866 813 1062 870 Filium
1094 825 1237 868 tuum
1284 813 1485 888 (Joan.
1538 830 1667 877 xvu,
1701 816 1723 869 1
1758 814 1800 883 ).

195 907 397 980 Utique
448 924 570 964 cum
620 919 677 965 et
729 909 918 965 horam
981 909 1195 964 venisse
1253 915 1694 970 commemoret,
1751 914 1805 960 ct

194 1001 484 1058 clariﬁcari
529 1011 719 1074 petat,
773 1002 1046 1072 quomodo
1099 1003 1199 1057 nisi
1267 1003 1566 1057 secundum
1623 1001 1805 1056 carnis

191 1099 622 1169 assumptionem
651 1099 891 1153 locutum
927 1114 1048 1153 eum
1073 1097 1326 1153 convenit
1347 1095 1643 1151 :rsﬁmari?
1671 1094 1803 1150 Nam

194 1204 295 1243 nec
339 1189 448 1243 ulla
487 1188 592 1244 sibi
633 1198 937 1260 temporum
973 1190 1294 1259 prmscripta
1342 1199 1612 1244 momenta
1664 1188 1803 1242 divi-

193 1283 338 1338 nitas
371 1282 534 1337 habet
560 1323 574 1346 ,
627 1297 728 1338 nec
756 1284 1148 1340 clariﬁcatione
1179 1283 1382 1354 indiget
1413 1285 1594 1338 lumen
1642 1293 1803 1338 aeter—

189 1390 344 1431 num.
403 1373 547 1446 Ergo
600 1376 652 1430 in
701 1376 822 1430 solo
854 1391 984 1432 vero
1025 1377 1132 1430 Deo
1166 1376 1324 1430 Patre
1354 1385 1413 1430 et
1455 1374 1651 1430 Filium
1706 1375 1800 1430 Dei

188 1469 368 1525 solum
398 1484 584 1523 verum
625 1467 922 1524 secundqu
976 1468 1141 1541 558
1183 1468 1485 1523 divinitatis
1542 1467 1802 1538 intelligi-

193 1577 318 1618 mus
363 1562 647 1625 unitatem,
703 1572 759 1618 et
808 1562 861 1618 in
915 1562 1044 1619 Jesu
1099 1562 1300 1617 Christi
1334 1563 1553 1617 nomine
1585 1605 1600 1628 ,
1657 1561 1800 1633 quod

189 1669 254 1708 ex
308 1653 533 1724 Virgine
561 1663 717 1710 natus
753 1655 1003 1726 accepit,
1039 1655 1426 1712 incarnationis
1453 1654 1800 1724 agnoscimus

189 1757 617 1802 sacramentum.

1556 324 1646 380 DE
1691 325 1848 383 FIDE
1887 328 2019 388 LIB.
2064 331 2125 385 Υ.

805 480 818 504 ,
877 440 940 492 de
989 436 1094 492 Deo
1145 448 1218 493 est
1274 438 1329 510 (l
1363 436 1524 494 Joan.
1570 455 1642 505 ιν,
1698 439 1799 510 9).
1831 453 1884 510 Α
1909 445 2266 502 substantiam
2295 489 2308 513 ,
2358 445 2806 513 diﬁ'erentemque
2835 443 3131 508 deitatem,
3165 445 3303 500 duos
3336 446 3521 516 utique

3407 329 3514 384 658

1912 538 2012 608 ipsi
2041 539 2173 594 deos
2203 548 2455 594 asserunt
2488 554 2500 590 :
2533 551 2630 591 nos
2662 545 2842 590 autem
2874 551 2997 592 cum
3039 547 3095 592 et
3125 536 3338 592 Patrem
3383 552 3522 592 con-

1913 629 2166 695 ﬁtemur,
2217 639 2272 684 et
2325 629 2568 694 Filium;
2623 629 2923 684 asserendo
2958 638 3136 684 tamen
3193 632 3352 685 unius
3398 646 3524 686 esse

1909 721 2127 778 deitatis
2157 739 2262 777 non
2294 723 2432 778 duos
2477 723 2608 777 deos
2635 766 2650 787 ,
2698 723 2791 776 sed
2843 739 3006 776 unum
3055 722 3222 778 Deum
3262 723 3518 780 dicimus.

1910 817 1976 872 Et
2026 817 2126 871 hoc
2166 817 2460 871 Dominicis
2511 815 2746 886 eloquiis
2792 815 3194 885 approbamus;
3252 818 3375 885 quia
3428 816 3520 870 ubi

1907 909 2095 980 plures
2124 920 2270 972 sunt,
2320 909 2393 963 ibi
2438 919 2530 962 aut
2559 917 2768 962 natura:
2800 918 2892 961 aut
2923 909 3260 963 voluntatum
3304 919 3359 964 et
3391 924 3522 980 ope-

1908 1001 2181 1056 rationum
2229 1011 2313 1057 est
2350 1001 2683 1057 dill'erentia.
2721 1001 3044 1071 Deoiqueut
3085 1003 3200 1058 suis
3230 1002 3332 1057 sibi
3365 1004 3522 1058 testi-

1908 1094 2105 1148 moniis
2167 1095 2534 1158 revincuntur,
2593 1093 2701 1147 duo
2748 1093 3000 1148 homines
3040 1093 3341 1161 dicuntur;
3393 1096 3516 1166 quia

1908 1186 2033 1243 licet
2098 1189 2256 1243 unius
2305 1199 2514 1242 natura:
2570 1189 2678 1242 sint
2727 1187 2850 1258 jure
2905 1188 3197 1253 nascendi,
3229 1197 3407 1243 tamen
3465 1199 3521 1244 et

1908 1290 2150 1349 tempore
2190 1291 2244 1336 et
2289 1283 2617 1352 cogitatione
2669 1292 2723 1337 et
2771 1297 2936 1352 opere
2997 1291 3051 1336 ct
3106 1283 3226 1337 loco
3272 1282 3513 1337 distant:

1905 1381 1960 1427 ct
1990 1373 2110 1427 ideo
2135 1389 2238 1429 non
2275 1383 2453 1443 potest
2481 1389 2617 1428 unus
2639 1381 2802 1428 homo
2829 1373 2936 1428 dici
2961 1374 3013 1428 in
3043 1373 3438 1444 signiﬁcatione
3463 1385 3520 1428 et

1906 1479 2133 1520 numero
2163 1464 2394 1520 duorum
2423 1467 2584 1536 ;qnia
2614 1467 2796 1521 unitas
2825 1482 2929 1520 non
2953 1476 3037 1521 est
3063 1509 3076 1532 ,
3107 1467 3194 1522 ubi
3224 1477 3308 1522 est
3338 1468 3520 1522 diver—

1904 1559 2038 1614 sitas
2069 1577 2081 1612 :
2117 1576 2253 1614 unus
2301 1569 2482 1615 autem
2526 1561 2668 1615 Deus
2695 1559 2894 1614 dicitur
2916 1603 2930 1625 ,
2979 1570 3035 1615 et
3067 1561 3242 1616 Patris
3275 1561 3440 1633 559
3466 1571 3519 1615 et

1904 1650 2028 1706 Filii
2053 1667 2115 1707 ac
2152 1653 2386 1723 Spiritus
2431 1655 2600 1708 sancti
2629 1653 2802 1725 gloria
2841 1663 2895 1708 et
2926 1654 3204 1723 plenitudo
3242 1656 3513 1725 signatur.

1975 1746 2064 1802 45.
2113 1748 2354 1818 Denique
2386 1757 2531 1802 tanta
2562 1750 2762 1803 veritas
2818 1750 3040 1803 unitatis
3076 1759 3198 1817 est,
3243 1760 3304 1804 ut
3347 1750 3514 1806 etiam

263 1839 358 1895 39.
403 1839 559 1907 Quod
608 1842 652 1896 si
717 1857 841 1898 cum
897 1843 1069 1898 solum
1121 1859 1306 1900 verum
1369 1846 1541 1902 Deum
1593 1848 1804 1905 Patrem
1840 1840 2130 1911 Bquando
2155 1851 2343 1895 natura
2375 1842 2490 1897 sola
2513 1842 2889 1912 generationis
2918 1855 3007 1897 aut
3038 1845 3222 1898 carnis
3247 1844 3524 1914 signiﬁca-

190 1932 402 2003 legunt,
453 1932 648 1988 Filium
678 1936 906 2006 cupiunt
933 1953 1233 2007 separare;
1266 1955 1397 2011 ergo
1424 1956 1546 1995 cum
1581 1941 1648 1996 de
1684 1943 1803 1999 Filii

189 2020 571 2080 incarnatione
628 2027 813 2097 legttnt
851 2047 864 2082 :
923 2028 1022 2082 Hic
1063 2039 1137 2084 est
1184 2031 1321 2100 lapis
1365 2035 1453 2105 qui
1504 2037 1808 2106 reprobatus

190 2126 265 2170 est
294 2133 326 2168 a
349 2117 488 2172 vobis
504 2118 905 2189 cdiﬁcaatibus,
932 2124 1020 2193 qui
1049 2127 1220 2194 factus
1240 2136 1312 2180 est
1344 2127 1398 2181 in
1423 2139 1580 2197 caput
1605 2133 1805 2202 anguli;

188 2218 246 2264 et
278 2209 420 2265 inlra
452 2228 464 2265 :
495 2210 617 2266 Non
645 2224 718 2267 est
747 2216 894 2270 aliud
926 2234 1110 2272 nomen
1138 2219 1231 2273 sub
1259 2221 1385 2275 caelo
1415 2224 1593 2276 datum
1638 2225 1804 2278 homi-

190 2305 368 2370 nibus,
406 2306 459 2358 in
489 2323 588 2376 quo
619 2320 847 2379 oporteat
878 2322 898 2346 ε’
934 2329 1026 2365 nos
1057 2313 1224 2367 salvos
1256 2315 1370 2381 ﬁeri
1402 2317 1420 2388 (
1451 2317 1562 2372 Act.
1595 2333 1644 2371 tv
1665 2360 1678 2383 ,
1714 2321 1801 2386 ll,

193 2396 263 2450 12
300 2399 314 2460 )
345 2439 360 2464 ,
409 2397 623 2454 Patrem
653 2402 970 2458 existimant
1008 2405 1075 2460 ab
1104 2406 1480 2475 impertienda:
1522 2410 1677 2464 nobis
1717 2425 1806 2465 sa-

190 2489 323 2545 lutis
380 2491 646 2549 beneﬁcio
687 2497 1072 2566 separandum.
1125 2502 1195 2555 At
1242 2516 1419 2572 neque
1472 2504 1590 2559 sine
1646 2504 1805 2560 Patre

190 2583 348 2637 salus
374 2624 389 2649 ,
439 2601 616 2656 neque
646 2587 753 2643 vita
787 2597 988 2646 aeterna
1030 2591 1147 2648 sine
1173 2592 1335 2648 Filio.

827 2681 1061 2741 CAPUT
1103 2685 1192 2742 111.

189 2771 398 2828 Arimis
419 2782 588 2826 contra
611 2774 891 2841 urgentibus
917 2780 1041 2830 Deos
1067 2778 1237 2831 induci
1259 2781 1378 2834 duos
1401 2797 1467 2834 ex
1487 2783 1667 2836 unitate
1689 2787 1804 2837 sub-

250 2861 447 2914 stantia
467 2896 482 2922 ,
523 2862 840 2924 respondetur
879 2863 1208 2926 pluralitatem
1229 2880 1294 2918 ea:
1333 2866 1614 2920 diversitate
1649 2872 1808 2935 potius

251 2944 459 3012 inferri,
485 2945 786 3012 proindeque
807 2950 858 3000 in
878 2949 1008 3015 ipsos
1026 2951 1250 3003 recidere
1271 2968 1410 3005 suam
1433 2955 1802 3009 accusationem.

253 3029 597 3083 Diuersitatem
627 3032 947 3098 multiplicem
969 3037 1021 3087 in
1051 3050 1200 3088 causa
1231 3051 1336 3091 esse
1359 3054 1448 3090 cur
1472 3041 1570 3092 duo
1592 3043 1806 3097 homines

254 3131 383 3168 unus
404 3114 548 3169 homo
568 3114 670 3169 dici
701 3130 798 3169 non
824 3119 1038 3182 possint;
1075 3134 1186 3172 cum
1216 3128 1376 3173 tamen
1400 3137 1564 3176 omnes
1591 3125 1806 3180 homines

257 3200 574 3266 singulariter
595 3201 737 3253 homo
759 3201 1003 3268 dicantur,
1030 3203 1111 3254 ubi
1139 3213 1326 3258 natura:
1357 3211 1514 3259 unitas
1537 3206 1800 3262 indicatur.

259 3284 432 3336 Solam
453 3286 503 3336 in
521 3287 596 3338 his
619 3294 849 3339 naturam
869 3302 1013 3338 unam
1031 3302 1135 3340 esse
1155 3303 1174 3352 ;
1199 3297 1248 3342 at
1271 3291 1595 3344 omnimodam
1618 3293 1668 3344 in
1691 3309 1806 3358 per-

259 3367 395 3420 sonis
431 3368 601 3422 divinis
636 3369 898 3422 unitatem:
934 3385 966 3422 a
998 3375 1150 3424 Patre
1183 3372 1331 3438 igitur
1363 3389 1455 3426 non
1478 3379 1806 3440 separandum

263 3453 486 3516 Filium;
508 3456 716 3508 maxime
731 3470 844 3507 cum
867 3457 912 3508 ei
928 3456 1139 3509 debitam
1156 3471 1258 3510 esse
1277 3460 1608 3513 adorationem
1627 3476 1806 3528 negare

256 3553 356 3591 non
389 3540 620 3593 audeant.

265 3625 361 3679 40.
395 3627 501 3681 Sed
529 3637 780 3682 asserunt
807 3628 993 3682 Ariani
1029 3645 1044 3682 :
1090 3629 1149 3683 Si
1186 3629 1360 3683 solum
1396 3645 1581 3684 verum
1637 3631 1803 3687 Deum

191 3720 341 3773 sicut
357 3718 602 3786 Patrem,
625 3721 696 3775 ita
721 3731 779 3778 et
797 3722 992 3776 Filium
1014 3723 1213 3789 dicitis,
1233 3734 1287 3778 et
1309 3725 1470 3779 unius
1492 3726 1806 3781 substantiae

192 3811 418 3866 Patrem
446 3819 502 3866 et
532 3810 723 3866 Filium
749 3815 1108 3880 conlitemini,
1157 3831 1262 3871 non
1289 3833 1454 3870 unttm
1491 3818 1680 3881 Deum,
1709 3820 1804 3873 sed

189 3905 339 3960 duos
367 3903 504 3960 deos
534 3906 820 3972 inducitis;
851 3909 972 3979 quia
1006 3912 1095 3977 qtti
1129 3911 1289 3965 unius
1316 3912 1632 3967 substantia:
1658 3925 1805 3978 sunt,

191 4013 306 4052 non
336 4012 477 4051 unus
507 3999 646 4053 Deus
669 4041 684 4066 ,
717 3999 809 4055 sed
834 4001 943 4055 duo
974 4001 1048 4054 dii
1077 4002 1325 4056 videnlur
1349 4019 1494 4070 esse,
1536 4005 1675 4059 sicut
1699 4005 1808 4061 duo

191 4089 453 4146 homines
479 4135 493 4160 ,
527 4101 622 4146 aut
643 4092 763 4148 dute
789 4107 920 4148 oves
946 4135 960 4158 ,
1004 4094 1250 4162 pluresve
1293 4094 1547 4151 dicuntur
1577 4114 1588 4150 :
1647 4099 1808 4152 homo

189 4194 386 4240 autem
426 4193 481 4239 et
507 4185 623 4239 ovis
651 4202 749 4240 nec
773 4186 882 4240 duo
909 4187 1160 4243 homines
1189 4189 1444 4244 dicuntur
1468 4231 1483 4256 ,
1539 4205 1634 4246 nec
1687 4191 1807 4245 dum

188 4293 332 4333 oves
362 4319 378 4342 ,
429 4278 523 4332 sed
564 4295 702 4333 unus
730 4278 892 4335 homo
909 4283 932 4344 ',
961 4293 1014 4334 et
1047 4297 1151 4335 una
1204 4286 1342 4337 ovis.

267 4372 366 4427 41.
394 4371 522 4427 Hice
552 4373 734 4428 Ariani
763 4374 974 4440 dicunt,
999 4385 1052 4429 et
1085 4375 1184 4432 hac
1204 4375 1570 4445 disputatione
1595 4388 1806 4434 versuta

191 4467 568 4536 simpliciores
619 4482 815 4537 capere
872 4468 1140 4522 nituntur.
1208 4469 1412 4523 Tamen
1468 4471 1513 4524 si
1565 4469 1807 4541 legamus

189 4563 515 4632 Scripturas
559 4562 795 4627 divinas,
849 4563 1188 4618 inveniemus
1219 4565 1585 4634 plttralitatem
1637 4567 1808 4636 magis

1917 1947 2003 1988 tur
2034 1935 2306 1998 humanm,
2339 1947 2393 1989 et
2426 1952 2564 1991 unus
2595 1939 2757 1989 homo
2781 1937 2848 1992 de
2880 1937 3071 1992 multis
3101 1938 3336 2004 dicatur,
3377 1940 3521 1994 sicut

1915 2026 2084 2081 habes
2120 2045 2132 2080 :
2171 2026 2426 2083 Dominus
2455 2029 2582 2082 mihi
2613 2030 2845 2102 adjutor,
2879 2046 2980 2084 non
3010 2032 3195 2084 timebo
3221 2033 3347 2102 quid
3361 2031 3522 2102 faciat

1912 2121 2040 2174 mihi
2074 2121 2226 2175 homo
2257 2123 2275 2192 (
2301 2122 2444 2176 Psal.
2479 2126 2654 2192 cxvrtf,
2689 2124 2773 2195 6),
2805 2124 2854 2178 id
2879 2133 2983 2187 est,
3019 2141 3125 2180 non
3152 2141 3256 2180 una
3286 2142 3518 2196 persona

1913 2210 2171 2278 hominis,
2199 2213 2292 2267 sed
2325 2229 2428 2267 una
2454 2230 2605 2280 caro,
2630 2225 2686 2269 et
2718 2232 2819 2270 una
2849 2215 3118 2286 fragilitas
3147 2217 3524 2288 generationis

1913 2303 2187 2359 humana).
2217 2305 2281 2359 Et
2307 2306 2518 2360 addidit
2551 2326 2563 2362 ε
2614 2307 2815 2361 Bonum
2845 2319 2922 2363 est
2949 2324 3159 2378 sperare
3185 2310 3238 2362 in
3271 2308 3514 2374 Domino,

1909 2412 2065 2466 quant
2104 2413 2316 2466 sperare
2344 2399 2398 2451 in
2447 2399 2652 2452 homine
2685 2397 2876 2470 (Ibid.,
2926 2399 3004 2470 9).
3041 2399 3150 2454 Nec
3196 2400 3286 2454 hic
3332 2403 3522 2471 utique

1909 2491 2200 2559 Specialem
2226 2491 2526 2558 hominem,
2561 2494 2654 2548 sed
2684 2494 2994 2561 generalem
3019 2493 3395 2550 conditionem
3427 2496 3523 2552 de-

1909 2587 2162 2657 signavit.
2194 2587 2439 2658 Denique
2454 2589 2635 2642 statim
2654 2589 2885 2658 subjecit
2912 2589 2979 2644 de
3003 2590 3279 2658 pluribus:
3311 2589 3520 2645 Bonum

1909 2692 1982 2735 est
2014 2681 2272 2751 conﬁdere
2297 2685 2350 2736 in
2391 2681 2636 2749 Domino,
2670 2700 2824 2752 quam
2873 2684 3134 2753 conﬁdere
3174 2684 3226 2737 in
3267 2685 3522 2754 principi-

1910 2773 2002 2827 bus
2028 2773 2216 2846 (lbid.,
2251 2775 2331 2845 9).
2358 2774 2466 2830 Sed
2499 2775 2588 2829 ubi
2643 2775 2808 2830 homo
2837 2775 3052 2840 dicitur,
3111 2786 3316 2831 natura:
3344 2776 3518 2832 inter-

1907 2868 2078 2934 dum,
2140 2881 2200 2924 ttt
2249 2885 2412 2941 supra
2461 2870 2727 2936 diximus,
2776 2872 3082 2924 communis
3135 2872 3281 2926 inter
3322 2887 3517 2925 omnes

1911 2965 2094 3018 unitas
2121 2965 2492 3034 signiﬁcatur:
2521 2965 2611 3018 ubi
2641 2964 2936 3035 principes,
2960 2964 3235 3019 Variarum
3265 2965 3514 3035 qumdatn

1909 3056 2214 3111 differentia
2240 3064 2570 3128 potestatum
2601 3065 2706 3111 est.

1979 3149 2072 3202 M.
2115 3148 2220 3204 Sed
2250 3150 2395 3203 inter
2424 3149 2674 3204 homines
2699 3159 2790 3203 aut
2822 3151 2875 3204 in
2907 3150 3218 3205 hominibus
3234 3151 3394 3204 unius
3415 3151 3515 3204 ali-

1833 3243 1879 3305 C
1911 3242 2064 3309 cujus
2085 3241 2160 3296 rei
2183 3242 2359 3294 unitas
2381 3250 2483 3304 est,
2510 3251 2602 3295 aut
2629 3241 2932 3308 charitatis,
2953 3252 3046 3297 aut
3070 3242 3407 3313 cupiditatis,
3429 3255 3524 3298 attt

1907 3336 2110 3401 carnis,
2129 3335 2541 3390 autdevoliottis
2561 3347 2613 3390 et
2630 3335 2783 3391 ﬁdei:
2809 3339 3082 3407 generalis
3103 3348 3283 3393 autem
3309 3339 3517 3403 unitas,

1911 3439 1966 3485 et
1993 3446 2114 3501 qum
2133 3429 2187 3484 in
2220 3445 2280 3486 se
2307 3430 2606 3486 secundum
2626 3431 2925 3486 divinitatis
2952 3433 3187 3502 gloriam
3210 3433 3524 3502 complecti-

1913 3531 1998 3576 tur
2015 3522 2218 3589 omnia,
2245 3523 2415 3577 solius
2431 3532 2513 3576 est
2543 3521 2718 3576 Patris
2749 3533 2800 3578 et
2831 3523 2948 3577 Filii
2981 3534 3037 3578 et
3062 3523 3300 3593 Spiritus
3323 3525 3521 3580 sancti.

1982 3614 2074 3669 45.
2119 3614 2275 3670 Unde
2317 3627 2370 3669 et
2408 3615 2668 3670 Dominus
2698 3631 2822 3672 cum
2852 3616 3226 3672 diversitatem
3273 3617 3415 3673 inter
3461 3633 3522 3672 se

1914 3705 2193 3786 hominum
2223 3706 2572 3778 designaret,
2595 3709 2684 3778 qui
2717 3709 2852 3763 nihil
2886 3709 3092 3765 habent
3123 3711 3266 3765 inter
3289 3724 3348 3764 se
3377 3710 3522 3781 quod

1916 3785 2089 3868 possit
2119 3799 2186 3854 ad
2219 3800 2481 3855 unitatem
2520 3801 2809 3855 individua:
2850 3803 3172 3858 substantia:
3197 3804 3472 3873 pertinere
3508 3824 3522 3858 :

1912 3892 1980 3948 In
2010 3896 2119 3966 lege
2144 3904 2332 3960 vestra,
2365 3895 2538 3964 inquit
2568 3937 2581 3960 ,
2615 3897 2862 3967 scriptum
2889 3907 2986 3962 est,
3028 3899 3165 3966 quod
3196 3898 3415 3951 duorum
3433 3899 3523 3952 ho-

1913 3979 2108 4040 minum
2139 3987 2488 4040 testimonium
2513 4004 2683 4041 verum
2708 3999 2778 4042 est
2803 3987 2988 4059 (Joan.
3018 4005 3129 4053 vttt,
3163 3990 3276 4059 l7).
3305 3989 3371 4044 Et
3399 4006 3522 4045 cum

1915 4079 2266 4149 prazmisisset
2311 4096 2322 4131 :
2382 4076 2621 4132 Duorum
2651 4080 2919 4133 hominum
2958 4080 3306 4134 testintonimn
3345 4096 3520 4134 verum

1912 4181 2020 4236 est;
2053 4171 2142 4225 ubi
2180 4172 2327 4225 venit
2355 4171 2421 4224 ad
2471 4187 2624 4224 suum
2667 4181 2722 4226 et
2773 4172 2950 4227 Patris
2979 4171 3378 4238 testimonium,
3410 4187 3516 4226 non

1910 4265 2081 4320 dixit:
2113 4266 2311 4321 Verum
2337 4274 2421 4321 est
2445 4267 2812 4320 testimonium
2840 4278 3109 4331 nostrum,
3135 4267 3258 4337 quia
3282 4267 3517 4322 duorum

1911 4358 2139 4415 deorum
2176 4359 2545 4415 testimonium
2574 4370 2691 4425 est;
2719 4359 2844 4415 sed:
2882 4359 3028 4434 Ego,
3054 4359 3262 4430 inquit,
3297 4377 3411 4415 sum
3433 4363 3520 4430 qui

1911 4458 2258 4512 testimonium
2294 4459 2534 4526 perhibeo
2565 4458 2627 4512 de
2655 4475 2734 4510 me
2759 4459 2904 4527 ipso,
2933 4467 2982 4512 et
3014 4458 3360 4513 testimonium
3388 4473 3520 4528 per-

1915 4549 2050 4602 hibet
2077 4550 2142 4603 de
2182 4566 2281 4615 me,
2327 4551 2416 4619 qui
2445 4549 2583 4603 misit
2607 4567 2685 4604 me
2706 4593 2720 4612 ,
2756 4549 2956 4621 Pater(
2985 4549 3148 4614 lbid.,
3182 4549 3304 4620 18).
3337 4547 3515 4619 Supra

194 4658 252 4711 in
290 4669 354 4708 ea
383 4655 579 4709 cadere
611 4697 625 4722 ,
659 4670 780 4726 quae
810 4655 1042 4710 diversa:
1092 4656 1452 4724 discretzeque
1490 4658 1806 4713 substantiae

1917 4657 2132 4713 quoque
2155 4643 2408 4698 similiter
2428 4644 2533 4696 ait:
2562 4641 2627 4694 Et
2658 4642 2897 4716 sijudico
2927 4660 3040 4714 ego,
3067 4643 3328 4712 judicium
3349 4657 3518 4695 meum

191 4759 334 4804 sunt
369 4790 382 4812 ,
431 4747 534 4802 hoc
564 4757 684 4811 est,
721 4749 1009 4825 ἕτερουσία.
1041 4749 1206 4820 quue
1237 4751 1287 4804 in
1317 4751 1626 4805 Salomonis
1659 4751 1812 4806 libris

195 4843 474 4897 habemus
516 4857 832 4912 expressum
864 4884 878 4907 ,
911 4843 1126 4919 eo'loco
1158 4843 1366 4898 scilicet
1395 4842 1449 4897 in
1481 4858 1588 4914 quo
1637 4843 1765 4898 dicit
1797 4863 1808 4898 :

192 4935 336 4988 ’l'ria
365 4943 484 4988 sunt
529 4945 696 4988 autem
724 4936 1067 5007 impossibilia
1101 4936 1421 5009 intelligere,
1467 4947 1516 4990 et
1570 4946 1812 5007 quartum

190 5027 346 5098 quod
387 5043 490 5080 non
520 5043 772 5099 coquosco
804 5045 821 5092 ;
847 5029 1060 5101 uestigia
1089 5029 1277 5098 aquila:
1320 5029 1538 5083 uolantis
1564 5068 1579 5094 ,
1625 5040 1672 5083 et
1704 5031 1812 5084 vias

195 5121 462 5192 serpentis
483 5136 636 5188 super
649 5132 870 5191 petram,
883 5130 928 5175 et
941 5123 1148 5176 semitas
1165 5123 1308 5176 nauis
1322 5123 1631 5192 nauigantis,
1648 5132 1692 5176 et
1707 5124 1814 5179 uias

193 5214 306 5266 viri
333 5213 390 5265 in
413 5215 686 5283 juventute
717 5211 896 5283 (Prov.
939 5229 1047 5269 xxx
1077 5256 1092 5280 ,
1135 5215 1223 5280 18,
1253 5213 1382 5285 19).
1413 5213 1609 5281 Utique
1635 5218 1812 5286 aquila

193 5316 258 5360 et
315 5304 474 5358 navis
526 5313 582 5360 et
610 5320 836 5373 serpens
866 5305 1023 5361 unius
1069 5322 1174 5360 non
1227 5318 1351 5361 sunt
1402 5307 1619 5376 generis
1655 5315 1815 5378 atque

198 5408 423 5454 natura:
451 5439 466 5463 ,
515 5398 610 5453 sed
659 5399 961 5457 diﬂerentis
988 5400 1347 5468 discretaque
1380 5402 1729 5466 substanlim,
1761 5415 1817 5456 et

197 5506 397 5548 tamen
432 5492 533 5547 tria
560 5504 706 5548 sunt.
729 5496 930 5550 Contra
963 5510 1022 5548 se
1044 5496 1206 5566 igitur
1226 5509 1321 5548 sua
1352 5509 1474 5550 esse
1507 5495 1814 5565 intelligunt

195 5595 536 5657 argumenta
583 5587 908 5640 testimoniis
933 5587 1356 5656 Scripturarnm.

283 5677 380 5733 η.
439 5677 620 5748 Itaque
659 5678 889 5734 dicendo
937 5680 1110 5736 Patris
1134 5692 1189 5736 et
1216 5681 1338 5737 Filii
1370 5683 1664 5739 discretam
1692 5698 1815 5738 esse

286 5801 311 5826 τ’
366 5788 498 5844 Mss.
533 5805 636 5844 non
669 5792 854 5860 pauci,
879 5793 934 5845 in
964 5809 1170 5847 carnem
1206 5797 1424 5850 venisse.

291 5862 317 5897 ι»
351 5860 586 5928 Quidam
627 5875 755 5919 mss.
785 5901 798 5927 ,
831 5879 916 5916 vos
944 5866 1112 5919 salvos
1143 5865 1274 5932 ﬁeri.

1915 4751 2090 4788 verum
2119 4744 2225 4798 est,
2281 4736 2401 4804 quia
2432 4735 2573 4789 solus
2610 4752 2712 4789 non
2753 4752 2900 4800 sum,
2936 4736 3026 4788 sed
3053 4751 3146 4806 ego
3190 4743 3239 4788 et
3272 4735 3359 4803 qui
3381 4734 3525 4788 misit

1917 4844 1994 4881 me
2026 4826 2411 4900 Pater(lbid.,
2444 4829 2556 4898 16).
2595 4827 2778 4898 Itaque
2806 4837 2861 4883 et
2893 4828 3027 4882 inira
3057 4839 3113 4882 ut
3145 4842 3308 4898 supra
3340 4835 3394 4881 et
3423 4825 3525 4880 Pa—

1914 4933 2053 4978 trem
2087 4923 2416 4993 signiﬁcavit
2444 4934 2500 4979 et
2532 4924 2752 4988 Filium,
2801 4938 2901 4978 nec
2925 4922 3289 4993 pluralitatem
3317 4919 3525 4974 admis-

1915 5018 2051 5080 cuit,
2083 5030 2184 5071 nec
2209 5015 2406 5071 divina:
2437 5017 2698 5070 unitatem
2728 5015 3050 5071 substantia:
3079 5013 3371 5084 separavit.

1993 5108 2082 5163 16.
2130 5107 2367 5163 Evidens
2398 5119 2478 5164 est
2521 5109 2686 5179 igitur
2723 5109 2849 5178 quia
2899 5107 3043 5175 quod
3081 5107 3364 5161 unius'est
3392 5102 3522 5156 sob-

1920 5204 2157 5265 stantize,
2189 5204 2430 5272 separari
2467 5219 2572 5259 non
2605 5212 2816 5274 potest,
2860 5202 3074 5257 etiamsi
3106 5217 3212 5255 non
3245 5199 3315 5252 sit
3340 5198 3526 5266 singu-

1922 5297 2190 5361 laritatis,
2242 5295 2339 5351 sed
2371 5297 2613 5351 unitatis.
2669 5295 3115 5364 Singularitatem
3175 5293 3310 5345 hanc
3363 5288 3520 5354 dico,

1922 5404 2043 5459 quae
2059 5388 2250 5444 Grmce
2277 5396 2486 5461 pavorii;
2509 5388 2731 5443 dicitur.
2754 5385 3118 5455 Singularitas
3146 5383 3210 5436 ad
3236 5395 3528 5452 personam

1925 5480 2198 5550 pertinet,
2248 5481 2423 5534 unitas
2459 5481 2524 5534 ad
2557 5489 2828 5534 naturam.
2880 5477 2956 5532 Ea
2985 5492 3116 5531 vero
3143 5491 3264 5544 quas
3296 5475 3528 5529 diversa:

1923 5573 2242 5628 substantiae
2270 5583 2416 5638 sunt,
2447 5588 2554 5627 non
2593 5573 2767 5626 solum
2800 5586 2992 5633 unum,
3039 5569 3132 5624 sed
3157 5569 3322 5623 etiam
3375 5567 3529 5638 plura

1922 5665 2028 5719 dici
2059 5666 2258 5730 solere,
2301 5676 2322 5700 ο
2357 5664 2478 5718 licet
2506 5664 2616 5733 jam
2652 5672 2705 5715 et
2737 5661 3061 5731 prophetico
3093 5662 3352 5716 claruerit
3380 5661 3534 5716 testi-

2007 5809 2026 5834 ε
2073 5797 2201 5850 Mss.
2237 5795 2476 5864 aliquot,
2505 5797 2619 5848 licet
2650 5797 2801 5848 etiam
2827 5812 2891 5849 ea:
2919 5799 3236 5868 prapheticot
