4016 6292
533 306 640 368 659

1870 284 2116 345 SANCTI
2147 313 2159 342 ι

2262 278 2483 340 Βιωειι
3678 262 3758 322 600

533 425 754 492 multis;
783 423 1107 494 expressius
1153 429 1333 476 tamen
1361 417 1480 488 ipse
1517 411 1808 484 Apostolus
1839 405 2136 466 declaravit
2163 410 2215 470 Α
2241 399 2422 455 taliter
2445 395 2702 469 mysteria
2752 393 2908 464 chis
2931 391 3186 456 doceret,
3216 385 3488 457 respondit
3521 403 3532 440 :
3562 381 3646 438 Vos
3669 383 3766 438 ado-

535 522 766 578 dicens:
807 515 952 575 Nam
979 515 1076 572 etsi
1095 512 1326 583 suntqui
1353 510 1594 564 dicantur
1623 505 1720 570 dii,
1767 503 1872 558 siue
1905 501 1958 554 in
1983 499 2139 566 cinia,

535 619 644 674 sive
672 615 727 670 in
751 623 895 668 terra
916 609 974 682 (l
1007 609 1129 666 Cor.
1159 622 1282 674 rut,
1311 603 1404 676 5).
1431 601 1594 659 Vides
1632 597 1798 671 igitur
1821 595 1950 667 quia
1971 591 2027 648 bi
2049 591 2142 662 qui

538 724 609 765 ex
631 705 870 765 diversis
893 701 1213 762 substantiis
1235 707 1382 764 sunt,
1407 705 1462 753 et
1489 709 1597 750 non
1625 708 1694 748 ex
1725 693 1884 748 unius
1917 689 2145 744 veritate

541 809 776 864 naturae,
803 797 880 853 dii
899 791 1278 867 appellantur?
1313 789 1476 847 Pater
1504 795 1686 842 autem
1707 795 1764 842 et
1794 781 1987 846 Filius,
2016 778 2145 850 quia

539 892 706 950 unius
733 887 1054 946 substantiae
1091 892 1240 950 sunt,
1272 897 1376 938 non
1399 879 1510 936 duo
1536 877 1639 943 dii,
1679 874 1778 932 sed
1807 872 1954 930 Unus
1983 869 2146 938 Deus,

547 984 712 1040 Pater
733 997 798 1040 ex
817 998 921 1051 quo
947 980 1144 1044 omnia,
1171 985 1218 1032 et
1257 989 1396 1029 unus
1418 970 1674 1026 Dominus
1705 965 1860 1024 Iesus
1886 963 2140 1028 Christus,

546 1093 638 1150 per
665 1092 812 1147 quem
835 1073 1010 1130 omnia
1037 1069 1226 1144 (Ibit,
1251 1067 1333 1138 ὃ).
1359 1063 1538 1129 Unus,
1568 1063 1772 1130 inquit,
1801 1057 1941 1114 Deus
1965 1054 2146 1122 Pater,

543 1147 593 1226 et
620 1185 753 1224 usus
770 1166 1024 1224 Damius
1039 1163 1231 1227 Jcsus;
1260 1169 1316 1218 et
1338 1173 1531 1228 supra:
1557 1154 1709 1212 Unus
1730 1153 1892 1217 Deus,
1916 1166 2020 1204 non
2046 1147 2149 1203 duo

549 1264 626 1320 dii
651 1261 822 1334 (Ibid.
851 1259 944 1326 4);
975 1265 1030 1314 et
1071 1255 1211 1312 inira
1237 1272 1254 1309 :
1290 1253 1434 1310 Unus
1463 1250 1721 1306 Dominus
1744 1291 1761 1316 ,
1794 1255 1963 1302 etnon
1985 1242 2110 1297 duo.

617 1355 712 1412 47.
753 1351 1195 1420 Pluralitasergo
1215 1345 1554 1409 excluditur,
1607 1357 1715 1398 non
1751 1339 1934 1394 unitas
1959 1349 2153 1405 seque-

543 1457 776 1506 stratur.
800 1445 911 1504 Sed
939 1441 1402 1516 quemadmodum
1448 1453 1573 1495 cum
1603 1437 1832 1506 legimus
1863 1429 2151 1488 Dominum

542 1543 754 1608 desum,
790 1553 891 1596 nec
914 1537 1152 1601 Patrem,
1177 1543 1238 1590 ut
1253 1547 1415 1602 supra
1439 1531 1677 1586 diximus
1704 1525 1842 1597 (Lib.
1863 1540 1921 1591 ll,
1945 1521 2152 1593 cupii),

547 1650 576 1688 a
609 1631 998 1690 dominationis
1039 1630 1165 1699 jure
1189 1625 1527 1683 seceruimus
1547 1659 1563 1688 ,
1589 1620 1735 1692 quod
1765 1619 1818 1674 ei
1859 1627 2156 1674 commune

549 1729 722 1804 ξω
747 1743 874 1784 eam
903 1725 1046 1782 Filio
1069 1733 1156 1780 est
1185 1743 1200 1780 :
1252 1722 1326 1778 ita
1357 1737 1480 1778 cum
1512 1720 1741 1791 legimus
1761 1715 1940 1772 solum
1965 1727 2154 1777 verum

2246 493 2374 546 ratis
2393 491 2532 564 quod
2559 488 2769 544 nescitis
2789 527 2806 554 ,
2837 502 2930 540 nos
2957 484 3240 538 adoramus
3275 479 3410 551 quod
3453 474 3768 540 ετίηιιω.·Νω,

2247 588 2456 658 inquit,
2511 584 2613 640 hoc
2641 593 2756 649 cst,
2789 595 2850 636 se
2881 577 3196 635 hominibus
3225 573 3512 644 copulavit.
3545 567 3770 640 Quomodo

2247 689 2426 734 autem
2473 676 2577 732 nisi
2610 673 2910 730 secundum
2942 685 3164 728 carnem
3199 666 3502 724 hominibus
3527 661 3774 735 copulatur?

2252 774 2318 830 Et
2360 783 2418 830 ιιι
2459 771 2778 827 ostenderet
2807 769 2930 836 quia
2963 764 3259 822 secundum
3294 758 3682 817 incarnationem
3713 771 3779 812 re-

2249 868 2564 940 sponderat,
2579 864 2822 922 addidit:
2844 861 3134 932 Quiasalus
3151 876 3214 915 ea:
3232 857 3433 914 Iudicis
3445 867 3513 911 est
3536 851 3780 925 (lbidﬁﬁl.

2321 960 2411 1016 52.
2456 959 2562 1016 Sed
2591 960 2775 1012 statim
2825 964 2948 1025 post
2997 955 3098 1008 hoc
3146 947 3512 1022 sequestravit
3546 955 3569 984 ι
3595 943 3782 1000 hominis

2249 1054 2536 1120 affectum,
2587 1050 2774 1106 dicens
2809 1067 2820 1102 :
2864 1046 3044 1102 Veniet
3064 1046 3214 1106 hora.
3241 1053 3286 1098 et
3326 1058 3461 1098 nunc
3502 1050 3598 1104 est,
3623 1037 3784 1110 quando

2252 1147 2354 1202 veri
2401 1143 2704 1198 adoratores
2750 1139 3038 1194 adorabunt
3091 1130 3526 1206 Patrem(1bid.,
3557 1129 3658 1200 2'5).
3697 1125 3786 1184 Non

2253 1237 2392 1294 dixit
2423 1255 2435 1290 :
2471 1235 2858 1292 Adorabimus.
2889 1229 3044 1300 Quod
3067 1229 3251 1301 utique
3279 1226 3528 1290 dixisset,
3549 1223 3790 1286 siconsor-

2255 1333 2388 1390 tium
2419 1331 2592 1386 nostri
2636 1328 2845 1384 subiret
2873 1323 3142 1395 obsequii.

2326 1429 2416 1484 55.
2461 1427 2661 1484 Verum
2704 1439 2828 1480 cum
2874 1420 3166 1493 legerimus
3217 1413 3362 1488 quod
3417 1411 3572 1469 Maria
3599 1407 3792 1466 ademit

2255 1538 2378 1579 eum
2413 1518 2640 1592 (Matth.
2669 1533 2872 1583 xxvnt,
2909 1507 3010 1586 9),
3063 1509 3374 1580 intelligere
3420 1505 3664 1562 debemus
3687 1501 3793 1572 quod

2259 1633 2368 1676 non
2419 1625 2598 1688 petest
2641 1629 2737 1686 per
2766 1609 3016 1670 eamdem
3060 1616 3311 1663 naturam
3343 1610 3400 1660 et
3425 1599 3643 1656 adorare
3681 1595 3800 1667 quasi

2258 1727 2479 1773 servus,
2533 1716 2590 1764 et
2614 1706 2833 1762 adorari
2878 1702 3030 1775 quasi
3059 1699 3320 1756 Dominus
3352 1715 3366 1752 :
3399 1694 3496 1752 sed
3523 1691 3684 1764 potius
3704 1689 3798 1761 quia

551 1781 719 1880 3e};
745 1822 988 1888 Patrem,
1009 1834 1115 1876 nec
1141 1816 1341 1872 Filium
1363 1831 1393 1870 a
1423 1781 1595 1870 solius
1621 1810 1736 1867 veri
1759 1810 1854 1866 Dei
1877 1808 2004 1878 jure
2035 1820 2158 1877 pos-
2187 1811 2236 1872 B
2264 1813 2322 1860 ut
2371 1805 2536 1860 homo
2589 1803 2731 1858 inter
2783 1797 3034 1854 homines
3075 1793 3310 1851 adorare
3352 1789 3572 1856 dicitur,
3603 1795 3650 1842 et
3683 1781 3800 1856 quasi

549 1927 742 1980 sumus
761 1926 1042 1982 separare,
1067 1909 1214 1982 quod
1246 1908 1300 1966 ei
1327 1920 1618 1964 commune
1639 1919 1760 1960 cum
1793 1901 1954 1958 Patre
1974 1911 2082 1956 est.

623 2007 718 2064 48.
761 2008 867 2064 Aut
909 2006 1104 2063 dicant
1149 2001 1282 2074 quid
1309 1999 1458 2058 aliud
1488 1999 1748 2065 sentiant,
1779 1993 1978 2066 quidve
2007 1993 2156 2048 arbi»

553 2111 799 2166 trentur,
849 2114 972 2156 cum
1023 2097 1297 2169 legimus:
1349 2093 1629 2150 Dominam
1665 2091 1829 2148 Deum
1855 2100 1999 2165 tuum
2025 2087 2159 2143 ado-

551 2193 713 2261 rabis,
743 2202 796 2250 et
819 2193 918 2264 ipsi
935 2191 1034 2246 soli
1071 2189 1258 2246 seruies
1285 2185 1502 2260 (Matth.
1540 2202 1612 2250 tv,
1647 2186 1735 2256 10)
1758 2226 1773 2250 ,
1801 2191 1978 2238 utrum
2000 2179 2160 2238 Chri-

558 2298 702 2344 stum
730 2302 841 2342 non
859 2285 1218 2350 adorandum,
1245 2291 1304 2340 et
1327 2281 1546 2340 Christo
1568 2294 1676 2336 non
1697 2278 2016 2336 existiment
2038 2290 2160 2330 ser-

561 2378 859 2436 viendum?
887 2377 1042 2444 Quod
1070 2377 1116 2434 si
1147 2377 1238 2432 illa
1263 2391 1384 2447 quae
1409 2373 1660 2432 adoravit
1697 2387 1824 2428 eum
1850 2369 2160 2426 Chauantea

559 2472 796 2546 (Matth.
829 2485 918 2538 sv,
947 2471 1066 2540 25),
1122 2471 1418 2540 impetrare
1471 2467 1671 2522 meruit
1709 2463 1854 2536 quod
1881 2463 2158 2534 poposcit;

560 2575 618 2623 et
637 2564 836 2622 Paulus
865 2563 1190 2636 apostolus,
1235 2562 1326 2633 qui
1380 2575 1600 2616 servum
1649 2573 1710 2616 se
1737 2555 1940 2614 Christi
1985 2557 2161 2628 prima

561 2658 894 2728 scriptorum
923 2671 1147 2712 suorum
1169 2652 1492 2726 praefatione
1521 2648 1999 2722 prohtetur(Rom.
2019 2663 2058 2715 ι,
2079 2646 2160 2718 1),

563 2750 848 2822 apostolus
873 2764 1001 2806 esse
1022 2748 1242 2810 meruit.
1267 2762 1376 2804 non
1403 2746 1474 2802 ab
1520 2743 1831 2800 hominibus
1860 2757 2036 2812 neque
2067 2755 2163 2811 per

561 2843 865 2908 hominem,
890 2840 986 2896 sed
1017 2855 1114 2912 per
1141 2838 1328 2898 Jesutn
1356 2835 1668 2902 Christum;
1693 2834 1880 2892 dicant
1909 2831 2040 2904 quid
2067 2847 2160 2886 ar-

563 2935 840 2992 bitrentur
876 2931 1242 3002 sequendum,
1275 2939 1456 2988 utrum
1497 2945 1620 2986 cum
1665 2927 1797 2986 Ario
1839 2927 2034 2984 malint
2059 2924 2165 2981 sibi

567 3030 887 3084 societatem
919 3043 1040 3084 esse
1068 3025 1337 3098 perfidiae;
1375 3033 1433 3080 ut
1476 3024 1652 3080 solum
1690 3031 1745 3077 et
1772 3035 1960 3076 verum
1990 3019 2164 3074 Deum

565 3121 842 3178 Christum
875 3119 1142 3192 negando,
1193 3117 1485 3174 ostendant
1529 3117 1655 3187 quia
1685 3129 1789 3170 nec
1827 3113 2164 3168 adorandum

2261 1897 2289 1936 ιι
2320 1897 2580 1952 Dominus
2604 1911 2635 1950 a
2665 1893 2887 1948 famulis
2917 1889 3196 1946 aduratur.

2333 1994 2424 2052 ει.
2471 1994 2633 2050 Multa
2659 2008 2790 2064 ergo
2809 1987 3113 2048 secundum
3138 1982 3532 2041 incarnationis
3554 1979 3750 2052 legimus
3765 1987 3804 2034 et

2262 2090 2538 2148 credimus
2583 2095 2984 2144 sacramentum
3008 2125 3024 2149 ,
3064 2081 3160 2138 sed
3191 2081 3246 2135 in
3277 2077 3396 2149 ipsa
3450 2076 3607 2150 εει
3646 2081 3804 2130 natura

2265 2184 2515 2240 humana:
2542 2180 2830 2236 aﬂ‘ectioue
2859 2177 3198 2248 maiestatem
3257 2173 3388 2229 licet
3439 2180 3674 2237 spectare
3707 2163 3807 2222 divi-

2266 2292 2411 2332 nam.
2431 2275 2716 2344 Fatigatur
2741 2285 2812 2328 ex
2838 2271 3032 2326 itinere
3057 2267 3240 2330 Jesus,
3263 2273 3325 2322 ut
3345 2263 3556 2320 reficiat
3577 2259 3804 2331 fatigatos:

2269 2379 2290 2408 ο
2314 2369 2450 2442 petit
2473 2366 2690 2432 bibere,
2722 2363 3039 2420 sitientibus
3065 2370 3251 2432 potum
3273 2355 3576 2430 spiritalem
3597 2353 3806 2408 daturus:

2263 2463 2442 2522 esurit
2462 2505 2476 2526 ,
2497 2461 2678 2518 cibum
2710 2459 2902 2516 salutis
2923 2455 3295 2513 esurientibus
3323 2451 3620 2508 traditurus
3647 2465 3660 2502 :
3691 2443 3809 2500 mori

2268 2569 2376 2625 tur,
2399 2556 2775 2612 viviticaturus
2799 2571 2812 2606 :
2845 2550 3132 2623 sepelitur,
3159 2555 3612 2605 resurrecturus:
3633 2538 3810 2598 tremulo

2265 2649 2470 2722 pendet
2499 2648 2551 2702 iu
2583 2647 2760 2718 ligno,
2816 2644 3241 2700 conﬁrmaturus
3291 2649 3589 2695 trementes
3619 2654 3632 2689 :
3661 2633 3810 2690 cmlutn

2267 2743 2496 2814 caligine
2515 2741 2782 2807 obducit,
2810 2748 2871 2795 ut
2895 2737 3198 2795 illuminet:
3227 2745 3404 2795 terras
3433 2729 3746 2796 tremefecit,
3773 2735 3814 2782 at

2265 2835 2466 2890 solidet
2489 2854 2504 2888 ι
2531 2833 2703 2890 maria
2729 2831 3038 2897 conturbat,
3067 2838 3125 2886 ut
3143 2827 3386 2898 mitiget:
3409 2832 3619 2882 reserat
3630 2818 3814 2878 tumulos

2269 2937 2643 2992 mortuorum,
2705 2933 2766 2980 ut
2810 2922 3068 2980 ostendat
3121 2915 3810 2976 tlomieiliaesaevivorun:

2267 3032 2487 3079 creatur
2511 3033 2579 3076 et
2613 3020 2858 3090 Virgine,
2907 3027 2966 3072 ut
2985 3031 3055 3072 ex
3089 3017 3202 3070 Deo
3231 3025 3394 3070 natas
3413 3023 3546 3068 esse
3567 3007 3781 3066 credatur
3802 3020 3812 3056 :
3833 2993 3852 3018 '

2269 3117 2486 3170 nescire
2517 3129 2578 3170 se
2591 3114 2834 3179 simulat,
2861 3120 2917 3166 ut
2935 3113 3078 3167 scire
3101 3109 3260 3165 faciat
3277 3107 3620 3164 nescientes:
3639 3101 3815 3158 adorare

565 3231 690 3274 eum
713 3257 728 3282 ,
761 3229 861 3272 nec
887 3213 1238 3270 serviendum
1266 3209 1321 3268 ei
1345 3209 1599 3282 judicent
1625 3225 1638 3264 ε
1683 3222 1751 3264 an
1783 3223 1912 3263 vero
1941 3221 2165 3262 consor-
2190 3204 2239 3268 C
2267 3207 2425 3280 quasi
2455 3207 2671 3262 .ludzens
2723 3201 2942 3271 dicitur,
2997 3214 3055 3258 nt
3103 3203 3256 3273 quasi
3305 3211 3474 3256 verus
3521 3193 3657 3255 Deus
3695 3187 3816 3249 ΐὶῑὶιιί

539 3295 697 3364 tium
724 3307 913 3364 malint
943 3305 1150 3362 habere
1177 3320 1303 3360 cum
1333 3302 1526 3371 Paulo,
1553 3303 1644 3373 qui
1680 3299 1973 3356 serviendo
1997 3309 2164 3370 atque

565 3401 847 3460 adurando
871 3401 1034 3458 etiam
1056 3399 1359 3464 Christum,
1389 3397 1571 3468 utique
1593 3395 1769 3452 solum
1786 3409 1972 3452 verum
1999 3394 2170 3450 Deum

570 3510 705 3550 voce
727 3495 1036 3568 alientuque
1075 3509 1180 3552 non
1217 3491 1572 3557 dil’litebatur,
1617 3504 1778 3561 quem
1823 3489 1912 3558 pio
1939 3487 2170 3546 servitio

570 3587 868 3646 fatebatur.

1182 3655 1414 3714 CAPUT
1457 3657 1542 3714 IV.

576 3753 927 3827 Objiciebalur
967 3753 1028 3808 ab
1056 3752 1308 3812 Ita’rcticis
1334 3750 1594 3808 Christum
1621 3751 1770 3806 Patri
1816 3752 2172 3808 adorationem

648 3848 954 3908 exhibuisse.
976 3850 1042 3904 At
1063 3851 1326 3920 reponitur
1349 3858 1398 3904 et
1427 3849 1523 3902 hoc
1546 3848 1871 3920 referendum
1903 3849 1972 3902 ad
1989 3847 2175 3904 huma-

648 3944 875 4012 nitatem,
901 3953 956 3997 ut
976 3959 1041 4002 ex
1062 3943 1161 3999 loci
1180 3945 1416 3999 examine
1433 3942 1799 4012 manifestatur
1824 3957 1842 3996 :
1876 3941 1984 3996 illic
2003 3951 2174 3994 tamen

644 4039 824 4094 addita
853 4055 960 4094 esse
987 4038 1268 4094 divinitatis
1298 4035 1764 4108 testimonia,quod
1791 4037 1846 4092 in
1875 4036 1996 4092 aliis
2020 4036 2173 4092 etiam

647 4137 838 4192 Christi
858 4135 1094 4206 operibus
1121 4135 1311 4208 factum
1342 4133 1590 4190 videmus.

646 4249 740 4306 49.
781 4247 965 4320 [Alias
991 4264 1110 4318 cap.
1143 4244 1232 4320 IL]
1285 4245 1442 4316 Quod
1498 4245 1542 4302 si
1567 4245 1690 4316 quis
1719 4244 1868 4302 dicat
1915 4245 2172 4314 quoniam

578 4343 746 4399 Deum
777 4342 992 4398 Patrem
1023 4341 1212 4400 adorat
1238 4349 1295 4398 et
1341 4337 1544 4405 Filius,
1595 4338 1722 4408 quia
1751 4336 2016 4407 scriptum
2045 4346 2130 4394 est
2157 4355 2171 4392 :

2275 3303 2552 3359 adoretur.

2892 3389 3123 3449 CAPUT
3167 3389 3227 3446 ν.

2273 3531 2527 3584 Dominica
2549 3531 2614 3581 ad
2641 3529 2870 3582 Zebedan'
2890 3525 3107 3586 ﬁliorum
3126 3531 3332 3576 matrem
3368 3523 3523 3576 verba
3557 3515 3820 3584 suam

2335 3612 2616 3666 Awrosius
2637 3611 2894 3676 respondet
2909 3651 2924 3676 ,
2949 3609 3079 3674 quod
3103 3607 3325 3660 Christus
3354 3603 3588 3658 nouitio
3608 3601 3732 3656 illam
3745 3594 3819 3662 sni-

2335 3713 2449 3752 ccre
2469 3694 2704 3759 noluerit,
2728 3695 2994 3749 uenientia:
3025 3694 3192 3760 fuisse.
3215 3693 3436 3757 Amrtur
3475 3689 3673 3756 hqiw
3699 3681 3818 3736 istd-

2334 3779 2508 3850 gentia:
2531 3794 2678 3832 causa
2694 3777 2968 3843 multiplex.
2988 3776 3217 3829 uoluisse
3241 3773 3393 3840 igitur

2335 3862 2412 3916 nis
2466 3860 2599 3915 illius
2643 3863 2994 3914 concessionem
3038 3861 3104 3910 ad
3150 3861 3353 3910 Patrem
3397 3855 3680 3914 remittere,
3717 3857 3819 3914 om

2337 3946 2557 3998 eamdem
2592 3943 2933 4010 impossibilem
2973 3940 3290 4008 pronuntiare
3307 3953 3326 3992 :
3360 3951 3450 3989 nec
3496 3946 3652 3989 tamen
3681 3929 3820 3983 Christo

2336 4029 2695 4082 incommodare
2731 4042 2871 4080 suum
2904 4039 3218 4090 responsum,
3262 4029 3366 4074 tum
3408 4035 3476 4072 ea:
3511 4017 3629 4086 ipsis
3659 4011 3818 4078 eiusdem

2337 4111 2515 4177 verbis,
2542 4119 2641 4164 tum
2659 4125 2724 4164 ea:
2745 4109 2953 4163 aliorum
2975 4107 3188 4160 locorum
3208 4101 3572 4170 comparatione
3591 4093 3818 4154 ostendito.

2347 4245 2436 4300 55.
2478 4241 2797 4312 Quomodo,
2841 4239 3122 4310 inquiunt,
3149 4234 3342 4291 -Filius
3387 4235 3484 4290 Dei
3520 4232 3663 4287 solus
3701 4235 3815 4281 verus

2277 4339 2422 4396 Deus
2455 4348 2634 4409 potest
2659 4352 2784 4393 esse
2809 4335 3004 4392 similis
3033 4333 3216 4399 Patri,
3239 4345 3366 4386 cum
3385 4329 3508 4401 ipse
3529 4325 3714 4384 dixerit
3735 4319 3820 4374 [iliis

586 4434 690 4494 Vos
708 4436 934 4494 adoratis
959 4435 1095 4504 quod
1121 4435 1352 4499 nescitis,
1375 4449 1468 4491 nos
1500 4431 1780 4488 adoramus
1818 4429 1960 4502 quod
1987 4431 2177 4490 scimus
2279 4433 2529 4490 zebedmi
2559 4450 2574 4489 ε
2605 4429 2830 4488 calicem
2857 4429 3063 4500 quidem
3083 4441 3252 4482 meum
3279 4425 3484 4491 ιίικιες,
3507 4422 3678 4479 κάετε
3696 4424 3818 4472 σκιε-

579 4529 766 4601 (Joan.
796 4525 1010 4599 11,22);
1039 4527 1353 4584 consideret
1381 4523 1618 4596 quando,
1643 4531 1700 4580 et
1727 4522 1869 4594 apud
1889 4538 2051 4594 quem
2072 4561 2088 4587 ,
2119 4532 2176 4580 et

575 4623 731 4696 cujus
755 4631 1011 4694 suscepto
1035 4621 1282 4696 loquatur
1307 4619 1527 4678 aﬂ'ectu.

647 4717 739 4775 50.
763 4717 1010 4788 Denique
1037 4725 1091 4772 et
1121 4716 1173 4772 in
1204 4712 1578 4784 superioribus
1597 4724 1706 4768 non
1734 4709 2011 4768 immerito
2038 4726 2174 4778 prte-

581 4811 810 4868 missutu
839 4818 946 4878 est,
981 4809 1106 4880 quis
1134 4807 1294 4864 Jesus
1323 4805 1578 4877 fatigatus
1607 4817 1675 4862 ex
1703 4805 1904 4860 itinere
1925 4801 2174 4869 sedebat,

575 4917 681 4964 ets
709 4905 1051 4964 Samaritana
1089 4901 1278 4962 bibere
1331 4899 1674 4969 postulabat;
1722 4897 1850 4968 quia
1872 4897 2174 4956 secundum

573 5017 795 5058 carnem
826 4997 1062 5056 hominis
1089 4993 1413 5066 tonuehuur
1440 5012 1456 5048 :
1494 5008 1619 5052 nam
1647 4992 1951 5050 secundum
1973 4992 2175 5048 divini-

575 5104 740 5151 tatem
771 5107 874 5149 nec
893 5089 1112 5161 fatigari
1137 5096 1370 5159 poterat,
1396 5101 1496 5142 nec
1520 5085 1675 5145 sitire
1695 5083 1860 5155 (Ibid.
1884 5097 1960 5152 VI,
1985 5082 2064 5156 7).

646 5189 738 5246 tit.
781 5185 992 5244 Deinde
1017 5199 1142 5240 enm
1163 5184 1504 5240 Samaritana
1535 5181 1690 5252 quasi
1717 5181 1966 5238 .ludatum
1992 5182 2177 5254 appel-

571 5282 729 5348 laret,
760 5291 815 5337 et
837 5276 1160 5350 prophetam
1191 5281 1434 5346 putaret;
1462 5274 1615 5344 quasi
1652 5272 1873 5332 budaeus
1900 5274 1990 5344 qui
2011 5274 2177 5345 spiri-

645 5429 672 5458 η
711 5419 873 5474 Rom.
909 5415 1067 5481 edit.,
1092 5411 1319 5469 nominis
1340 5410 1600 5478 aﬂ'ectum.
1751 5480 1754 5481 ν
2030 5462 2037 5469 ,

643 5489 676 5529 δ
712 5489 860 5545 Edit.
889 5480 1139 5549 Amerb..
1179 5481 1336 5538 Eras.
1362 5493 1416 5537 et
1437 5483 1592 5546 Glll.,
1619 5482 1714 5536 sed
1745 5480 1944 5554 hmcjn
1973 5497 2168 5554 mat-3.,

579 5561 830 5618 Domitius
875 5568 924 5615 et
972 5557 1180 5621 Filius;
1228 5554 1359 5611 thl.
1405 5554 1462 5608 in
1487 5568 1740 5623 corpore,
1770 5568 1833 5608 ac
1862 5553 2020 5608 Rom.
2045 5553 2170 5611 eum

576 5635 794 5702 scriptis
819 5633 967 5696 cod.,
1023 5627 1344 5702 Domitiana
1375 5623 1606 5696 famulis.
1641 5623 1868 5702 Rursus
1897 5641 2024 5682 vero
2053 5636 2170 5702 post

577 5695 874 5758 tria—verba
902 5695 1035 5757 mss.
1062 5699 1270 5764 aliquot
1295 5695 1500 5766 legunt,
1524 5695 1800 5750 secundum
1851 5695 2169 5751 incarnatio-

575 5790 686 5828 nem
714 5773 932 5842 legimus
955 5781 1006 5826 et
1025 5767 1286 5842 credimus
1313 5776 1669 5842 sacramenta;
1688 5767 1794 5842 _s_ed
1821 5779 2009 5825 contra
2035 5769 2170 5824 alio-

567 5858 707 5917 rum,
737 5839 801 5898 ac
827 5843 960 5900 edit.
989 5839 1234 5896 omnium
1259 5839 1660 5896 auctoritatem.
1687 5839 1875 5920 Neque
1897 5842 2057 5898 etiam
2087 5841 2172 5900 hic

2279 4525 2348 4582 ad
2391 4525 2657 4580 dexteram
2687 4539 2852 4578 meam
2909 4522 2987 4577 vel
3028 4521 3098 4576 ad
3132 4519 3398 4575 sinistram
3445 4533 3549 4572 non
3593 4526 3665 4570 est
3699 4521 3820 4566 nell

2199 4609 2252 4670 D
2277 4617 2406 4672 dare
2462 4615 2627 4682 nobis,
2665 4617 2754 4670 sed
2809 4615 2996 4686 quibus
3047 4621 3290 4682 paratum
3329 4620 3405 4666 est
3467 4627 3501 4663 a
3545 4609 3698 4664 Patre
3742 4613 3818 4656 aut

2273 4712 2509 4782 (Matth.
2541 4729 2636 4780 xx,
2685 4709 2835 4782 23)?
2887 4709 3003 4766 Hoc
3049 4709 3211 4778 igitur
3256 4715 3498 4762 vestrum
3535 4703 3752 4764 divinae,
3783 4701 3822 4749 ιιι

2278 4808 2462 4872 vultis,
2491 4803 2517 4844 (ι
2546 4804 2935 4877 intequalitatis
2980 4800 3066 4858 est
3104 4809 3487 4872 argumentum
3517 4817 3534 4868 ς
3563 4811 3681 4854 cum
3702 4795 3746 4848 in
3773 4799 3820 4841 (ιο

2275 4903 2448 4975 magis
2478 4901 2728 4960 venerari
2759 4899 2968 4956 Domini
2996 4897 3367 4962 clementiam,
3397 4895 3624 4951 adorare
3641 4887 3820 4962 gratim

2277 4997 2596 5056 deberetis:
2643 4997 2688 5052 si
2741 5003 2925 5052 tamen
2969 4994 3197 5049 ‘virtutis
3244 5001 3410 5061 atque
3451 4986 3722 5060 sapientiai
3754 4975 3818 5034 Dei

2283 5091 2546 5164 profunda
2577 5097 2785 5146 secreta
2815 5088 3051 5160 possetis
3071 5085 3378 5144 advertere.

2353 5183 2444 5242 56.
2472 5182 2826 5240 Conslderate
2858 5181 3000 5237 enim
3033 5190 3056 5220 ο
3086 5195 3208 5252 qua:
3227 5191 3351 5236 cum
3386 5177 3512 5233 filiis
3536 5184 3591 5230 et
3629 5183 3717 5243 pro
3733 5161 3822 5219 ﬁlii

2287 5288 2459 5349 petat.
2493 5277 2669 5334 Mater
2713 5285 2800 5333 est
2839 5276 3062 5344 utique,
3113 5275 3204 5329 cui
3251 5288 3354 5344 pro
3399 5270 3638 5328 ﬁliorum
3659 5264 3822 5320 honoro

2279 5413 2346 5470 de
2376 5411 2736 5498 sacramentis
2778 5411 3108 5480 disputatur,
3137 5401 3236 5465 sed
3267 5401 3336 5464 de
3375 5407 3662 5478 Scriptura:
3707 5391 3819 5454 testi-

2281 5487 2502 5611 mzni't:
2521 5569 2709 5610 omnes
2731 5553 2893 5618 edit.,
2911 5563 2962 5609 at
2991 5568 3022 5608 e
3050 5549 3520 5609 contrarioeuneti
3547 5559 3707 5618 prope
3723 5538 3816 5596 αὖ·

2279 5645 2440 5684 manu
2473 5626 2705 5692 exarati,
2730 5628 2858 5696 petit
2885 5626 3071 5689 bibere,
3100 5625 3339 5696 daturus.

2349 5695 2376 5738 ά
2419 5683 2543 5754 Mss.
2597 5683 2885 5765 nonnulli,
2943 5683 3307 5766 inmortalitatis
3353 5706 3428 5750 est
3479 5683 3818 5750 sacramenti!!-

2277 5771 2394 5827 Non
2427 5772 2561 5827 satis
2589 5779 2760 5828 recte.

2351 5853 2374 5880 ο
2417 5843 2582 5935 fidem
2628 5859 2786 5937 mss,
2817 5851 3146 5936 quiscumque
3349 5851 3403 5934 et
3428 5855 3522 5916 pro
3557 5835 3680 5914 ﬁt“!
3711 5829 3817 5916 βίαι
