4016 6292
221 293 314 350 661

1569 294 1658 350 DB
1699 293 1860 352 που
1897 293 2030 352 LIB.
2077 297 2141 352 ν.

3419 301 3527 358 662

218 409 462 466 sollicitae
484 410 896 466 immoderatior
917 409 1162 480 quidem,
1206 408 1303 464 sed
1337 418 1518 463 tamen
1546 409 1828 477 ignoscen-
1854 410 1906 469 Α
2002 409 2092 464 62.
2133 409 2251 466 Non
2281 410 2468 466 debuit
2497 411 2658 482 igitur
2679 410 2922 467 medicus
2943 411 3190 468 omnium
3207 413 3527 469 destitutam

219 505 282 560 da
307 521 564 561 mensura
593 515 845 561 votorum
861 504 1152 573 est.Atque
1175 511 1350 558 mater
1363 511 1526 558 aetate
1555 501 1822 570 longaeva,

218 599 397 653 studio
423 598 703 669 religiosa,
729 598 930 653 solatio
945 597 1202 652 destituta
1224 615 1242 651 ι
1262 609 1384 666 quae
1415 604 1540 650 tunc
1563 595 1823 663 temporis

219 689 438 761 quando
463 691 546 746 vel
573 690 813 761 juvattda
861 688 946 744 vel
992 689 1190 744 alenda
1225 688 1369 743 foret
1416 688 1608 742 valida:
1652 687 1824 758 prolis

217 783 446 850 auxilio,
490 785 687 841 abesse
741 784 845 840 sibi
897 782 1100 837 liberos
1126 782 1462 852 patiebatur,
1495 789 1520 817 ⁸
1561 789 1618 835 et
1668 779 1821 834 voluo

219 877 348 948 ptati
371 892 486 932 sua:
510 877 821 934 mercedem
844 877 1192 947 sequentium
1213 875 1488 931 Christum
1505 874 1822 944 praetulerat

216 969 446 1026 ﬁliorum
468 985 484 1025 :
505 972 598 1042 qui
624 972 796 1042 prima
814 987 952 1027 voce
968 971 1145 1026 vocati
1172 985 1203 1025 a
1227 969 1484 1034 Domino,
1506 980 1564 1024 ut
1588 967 1821 1039 legimus

217 1065 451 1136 (lauit.
499 1065 755 1137 mai),
799 1065 1008 1122 relictis
1056 1063 1265 1120 retibus
1295 1072 1351 1119 et
1399 1073 1587 1133 patre,
1639 1060 1818 1120 secuti

214 1167 335 1213 Slllll
365 1174 514 1214 eum.

282 1251 375 1304 57.
420 1251 546 1306 Haec
593 1250 758 1321 igitur
782 1251 964 1306 studio
1007 1258 1270 1306 materna:
1300 1248 1611 1306 sedulitatis
1639 1247 1818 1303 indulo

211 1345 458 1412 gentior,
509 1342 836 1400 obsecrabat
881 1343 1254 1408 Salvatorem,
1323 1341 1558 1396 dicens:
1609 1338 1711 1394 Die
1761 1348 1819 1394 ut

207 1435 420 1490 sedeant
463 1435 519 1489 hi
559 1437 664 1490 duo
695 1435 796 1505 ﬁlii
837 1437 956 1502 mei,
985 1451 1120 1489 unus
1161 1434 1230 1489 ad
1261 1434 1526 1488 dexteram
1571 1442 1738 1497 tuam,
1771 1441 1824 1488 et

207 1528 337 1582 alter
364 1528 433 1580 ad
459 1529 723 1582 sinistth
767 1529 824 1582 in
865 1543 1026 1598 regno
1053 1537 1140 1582 tuo
1183 1526 1245 1598 (Ι
1256 1527 1364 1580 bid.
1393 1525 1493 1591 9.0,
1527 1525 1591 1582 ει
1622 1525 1668 1596 ).
1702 1525 1818 1580 Etsi

205 1635 387 1684 error,
416 1621 636 1691 pietatis
667 1633 848 1677 tamen
881 1636 1039 1677 error
1067 1633 1186 1686 est;
1237 1620 1490 1675 nesciunt
1522 1617 1670 1675 enim
1704 1634 1818 1674 ma-

206 1721 362 1768 terna
415 1713 626 1769 viscera
664 1713 982 1784 patientiam
1014 1730 1028 1768 :
1060 1711 1087 1751 δ
1116 1713 1216 1768 etsi
1269 1710 1379 1766 voti
1408 1726 1597 1776 avara,
1635 1719 1818 1766 tamen

1927 517 2180 573 matrem,
2213 515 2272 563 et
2299 522 2499 576 nigram
2529 506 2708 561 adhuc
2735 516 2971 561 mentem
3021 506 3248 577 pudoris
3281 511 3529 564 convicio

1925 601 2198 665 sauciare;
2222 615 2288 654 ne
2312 599 2586 670 postulato
2608 599 2709 654 sibi
2739 599 3034 669 superbius
3055 599 3348 672 denegata,
3370 604 3528 672 quasi

1925 693 2298 748 immoderata:
2323 691 2604 762 petitionis
2629 693 2883 747 damnata
2915 702 3195 749 maereret.

1997 785 2084 840 65.
2133 787 2372 858 Denique
2424 787 2689 842 Dominus
2735 797 2757 824 θ
2794 787 2884 858 qui
2933 789 3306 844 Itonorandam
3357 791 3526 846 sciret

1923 893 2048 934 esse
2076 880 2349 948 pietatem,
2377 896 2486 935 non
2518 879 2770 945 mulieri,
2800 880 2897 936 sed
2925 881 3048 935 (iliis
3087 882 3204 951 ejus
3241 885 3525 952 respondit

1922 969 2111 1025 dicens
2130 989 2140 1023 :
2162 970 2388 1026 Potestis
2406 973 2573 1026 bibere
2584 972 2820 1038 calicem,
2833 989 2982 1042 quem
3002 990 3094 1046 ego
3117 975 3364 1030 bibiturus
3377 977 3522 1030 sunt?

1922 1064 2231 1120 Dicentibus
2261 1078 2442 1121 autem
2499 1067 2652 1121 illis:
2687 1066 3010 1132 Possumus,-
3057 1069 3130 1121 ait
3170 1069 3278 1122 illis
3321 1068 3520 1130 Jesus:

1921 1157 2149 1214 Calicem
2177 1160 2382 1228 quidem
2408 1176 2578 1213 meum
2625 1159 2801 1214 bibetis
2817 1178 2836 1224 ,'
2860 1161 3036 1215 sedere
3062 1173 3230 1216 autem
3252 1162 3319 1214 ad
3348 1162 3525 1216 dexte-

1925 1267 2033 1304 ram
2059 1267 2221 1305 meam
2237 1251 2402 1305 velati
2432 1253 2696 1306 sinistram
2737 1269 2843 1307 non
2883 1263 2959 1308 est
3000 1270 3166 1307 nicum
3206 1255 3328 1309 dare
3356 1255 3519 1320 vobis,

1922 1343 2011 1397 sed
2045 1343 2224 1413 quibus
2272 1353 2509 1414 paratum
2565 1353 2640 1398 est
2681 1361 2712 1397 a
2759 1342 2922 1398 Patre
2963 1361 3074 1398 meo
3121 1344 3356 1417 (Matth.
3417 1364 3519 1412 xx,

1921 1435 2009 1502 aa,
2053 1436 2170 1505 25).

1993 1530 2081 1584 64.
2124 1531 2295 1599 Quam
2324 1530 2535 1601 patiens
2562 1537 2618 1584 et
2643 1531 2885 1586 clemens
2919 1531 3198 1600 Dominus,
3228 1549 3389 1603 quam
3418 1535 3526 1589 alta

1921 1621 2184 1694 sapientia
2218 1634 2273 1677 et
2305 1623 2443 1676 bona
2477 1622 2751 1677 t-ltaritas!
2812 1621 3010 1679 Voleos
3045 1624 3189 1680 enim
3229 1623 3522 1680 ostendere

1920 1719 2044 1789 quia
2099 1733 2203 1771 non
2236 1713 2660 1786 perluucloriam
2709 1731 2821 1771 rem
2857 1717 3093 1787 aliquam
3122 1717 3374 1789 discipuli
3427 1735 3520 1789 po—

204 1807 491 1862 veniabilis
535 1806 834 1877 cupiditas,
885 1821 1010 1878 quae
1059 1821 1166 1860 non
1198 1803 1446 1876 pecunia:
1502 1812 1587 1858 est
1616 1803 1812 1871 avida,
1844 1802 1893 1862 B
1919 1811 2214 1875 sudarent,
2248 1810 2343 1865 sed
2384 1825 2502 1864 eam
2555 1826 2714 1881 quam
2774 1811 3066 1881 impetrare
3123 1827 3227 1866 non
3266 1826 3516 1882 possent,

201 1900 296 1956 sed
350 1899 573 1971 gratiae:
627 1915 727 1956 nec
755 1899 1123 1956 inverecunda
1151 1899 1365 1970 petitio.
1393 1913 1512 1966 qua:
1539 1913 1645 1952 non
1665 1898 1811 1967 sibi,

202 1992 295 2048 sed
319 1992 514 2048 liberis
546 1993 891 2049 consulebat.
934 1993 1161 2048 Matrem
1188 1990 1552 2056 considerate,
1583 1999 1811 2046 matrem

200 2088 460 2158 cogitate.

269 2177 370 2234 58.
411 2177 520 2235 Sed
557 2178 692 2234 nihil
731 2179 928 2234 mirum
979 2179 1026 2234 si
1061 2179 1181 2234 vilis
1213 2177 1366 2233 vobis
1404 2177 1624 2232 videtur
1664 2178 1812 2233 circa

201 2269 344 2326 lilioa
376 2269 542 2342 563
587 2271 812 2328 allectus
856 2283 1166 2340 parentum,
1227 2274 1317 2341 qui
1363 2270 1528 2325 etiam
1560 2270 1813 2341 omnipo-

201 2365 368 2418 tentis
400 2363 577 2419 Patris
617 2365 778 2420 vilem
813 2365 1015 2434 putatis
1037 2379 1160 2420 esse
1187 2365 1330 2418 circa
1360 2364 1691 2434 unigenitum
1724 2363 1812 2419 Fi-

198 2459 328 2513 lium
351 2458 697 2513 charitatetn.
726 2459 983 2514 Dominus
1008 2459 1134 2514 coni
1171 2469 1334 2528 atque
1364 2468 1630 2512 terrarum
1657 2474 1806 2515 vere-

206 2553 554 2607 cundabatnr
585 2551 677 2624 (ut
706 2552 1002 2608 secundum
1051 2555 1479 2622 assumptionem
1527 2553 1708 2607 carnis
1755 2561 1812 2606 et

199 2647 431 2701 virtutes
446 2647 642 2701 anima:
669 2645 926 2716 loquar),
955 2646 1452 2715 verecundabutur,
1485 2649 1730 2720 inquam,
1753 2657 1810 2704 et

202 2752 254 2796 ιιι
303 2742 482 2811 ipsius
525 2741 692 2796 verbo
721 2751 860 2805 utar,
893 2741 1328 2796 confundebatur
1356 2745 1514 2798 matri
1545 2760 1646 2812 pro
1681 2743 1810 2798 [iliis

201 2836 498 2903 postulanti
527 2837 689 2891 etiam
711 2849 823 2890 sua:
851 2836 1001 2890 sedis
1029 2836 1366 2890 consortium
1389 2835 1692 2906 denegare:
1711 2850 1807 2890 vos

199 2930 386 2984 aeterni
419 2929 514 2984 Dei
544 2929 738 2983 Filium
774 2928 1049 2997 pr0prium
1080 2929 1351 2983 interdum
1374 2945 1476 3000 pro
1503 2929 1805 2986 ministerio

115 3011 134 3032 ⁹
198 3033 341 3079 stare
371 3022 747 3090 contenditis,
782 3033 805 3061 ε
873 3021 1146 3077 interdum
1206 3023 1651 3091 latuulatorium,
1699 3026 1805 3080 hoc

200 3126 302 3182 est,
343 3131 454 3172 non
481 3131 546 3171 ex
594 3115 899 3186 majestatis
925 3117 1150 3182 unitate,
1198 3117 1294 3172 sed
1337 3133 1403 3172 ex
1450 3119 1625 3173 Patris
1666 3135 1802 3188 pree-

201 3209 452 3277 ceptione
481 3210 642 3265 vultis
666 3209 788 3278 ejus
812 3223 942 3264 esse
966 3223 1320 3274 consessum;
1370 3221 1426 3265 et
1456 3187 1676 3281 negatis
1695 3211 1800 3268 hoc
1829 3187 1872 3248 C

204 3300 315 3355 Deo
336 3309 464 3357 vero
495 3303 587 3357 Dei
608 3301 776 3367 Filio,
800 3302 946 3372 quod
971 3303 1061 3358 ille
1090 3302 1400 3358 hominibus
1418 3315 1607 3374 aperte
1631 3305 1806 3360 noluit

201 3396 493 3468 denegare.

265 3492 357 3546 59.
399 3490 796 3546 Considerabat
839 3490 983 3545 enim
1021 3490 1212 3545 matris
1239 3489 1590 3546 dilectionem
1614 3531 1631 3559 ,
1682 3507 1802 3561 quin

197 3586 431 3640 liliorum
459 3583 708 3640 mercede
738 3583 1082 3656 grandaevam
1107 3585 1390 3641 solabatur
1411 3597 1689 3640 senectam
1706 3627 1721 3652 ,
1748 3596 1802 3642 et

194 3678 484 3734 desideriis
504 3677 632 3734 licet
654 3677 793 3732 fessa
818 3677 1104 3743 maternis,
1131 3677 1584 3733 charissimorum
1612 3678 1800 3749 pigno—

191 3787 314 3825 rum
344 3770 616 3826 tolerabat
643 3770 972 3826 absentiam.

260 3865 351 3920 60.
393 3864 756 3920 Considerate
785 3864 951 3920 etiam
981 3863 1264 3930 feminam,
1320 3865 1423 3921 hoc
1461 3876 1576 3932 est,
1609 3883 1800 3923 sexum

190 3959 548 4029 fragiliorem,
580 3973 742 4028 quem
782 3958 1046 4014 Dominus
1080 3960 1298 4028 propria
1333 3959 1572 4014 nondum
1599 3962 1800 4016 contir-

189 4059 442 4108 ntaverat
474 4052 747 4119 passione.
780 4050 1157 4118 Considerate,
1203 4051 1424 4122 inquam
1451 4092 1466 4119 ,
1499 4053 1621 4107 Eva
1655 4053 1799 4109 illius

191 4145 383 4211 prima:
418 4143 667 4198 mulieris
696 4142 968 4198 heredem
999 4144 1265 4199 transfusa
1297 4143 1354 4198 in
1383 4157 1574 4199 omnes
1607 4145 1800 4200 immo-

188 4235 393 4290 derane
425 4233 744 4305 cupiditatis
785 4235 1131 4291 successione
1171 4235 1468 4302 labentem,
1499 4252 1662 4306 quam
1697 4237 1800 4294 Do-

189 4331 367 4386 minus
397 4329 582 4386 adbuc
613 4329 830 4400 proprio
856 4313 1124 4400 sanguine
1152 4345 1258 4386 non
1288 4331 1614 4399 redemerat,
1659 4345 1796 4389 non-

187 4423 316 4478 dum
347 4423 601 4479 inclitam
625 4421 1165 4478 all‘eetibusomnium
1193 4425 1469 4479 immodici
1499 4434 1689 4481 contra
1717 4427 1797 4483 ias

189 4514 417 4572 honoris
447 4516 816 4585 appetentiam
842 4529 944 4570 suo
968 4531 1167 4571 cruore
1195 4516 1452 4573 diluerat.
1491 4517 1790 4574 [heredita-

190 4608 270 4662 rio
297 4608 474 4678 igitur
507 4608 706 4664 mulier
731 4609 1084 4681 delinquebat
1111 4625 1320 4666 errore.

254 4704 348 4761 61.
378 4704 448 4760 Et
481 4703 612 4775 quid
651 4706 848 4760 mirum
876 4706 919 4759 si
949 4713 1124 4760 mater
1155 4719 1253 4773 pro
1284 4704 1517 4760 liliorum
1547 4721 1789 4774 suorum,

185 4795 210 4834 ά
239 4800 390 4869 quod
437 4807 526 4853 est
565 4798 896 4853 tolerabilius
923 4813 1086 4868 quant
1125 4812 1222 4865 pro
1247 4812 1341 4860 se;
1374 4798 1593 4865 quando
1626 4801 1794 4855 etiam

185 4895 425 4964 apostoli
461 4894 560 4964 ipsi
589 4893 733 4949 inter
759 4909 842 4958 se,
873 4895 1013 4948 sicut
1040 4892 1269 4963 legimus
1297 4891 1453 4965 (Luc.
1488 4911 1628 4963 uti,
1660 4897 1730 4953 9.4
1752 4900 1792 4967 ),

184 4985 251 5040 de
272 4989 362 5043 sui
396 4987 724 5057 [tralatione
751 4987 1075 5043 certabant?

186 5140 369 5200 mater.
405 5111 498 5181 Est
526 5127 696 5200 utique
721 5144 812 5200 pro
844 5127 1068 5196 ﬁliorum
1088 5127 1282 5180 honore
1312 5127 1556 5182 sollicita.
1595 5127 1796 5184 Immo-

188 5197 424 5252 deratior
456 5197 685 5266 quidem,
709 5197 815 5254 etc.

259 5280 285 5308 ει
326 5271 464 5326 Mss.
502 5271 742 5339 aliquot,
796 5280 844 5324 ct
882 5271 1132 5324 voluntati
1159 5286 1268 5324 aut!
1292 5271 1590 5325 utereedem.
1651 5273 1797 5330 Infra

186 5342 381 5407 etiam,
409 5343 522 5397 Itth
547 5343 707 5411 igitur
733 5341 904 5396 studio
935 5350 1189 5406 materno,
1216 5340 1304 5396 sed
1346 5342 1585 5398 utilitatis
1617 5345 1793 5401 indul-

187 5415 418 5464 aentior.
455 5415 650 5464 Parum
684 5414 988 5464 cormnode.

404 5453 418 5465 .
456 5431 650 5465 rarum
684 5431 988 5465 C0l|lllllltll,‘.

186 5415 418 5482 gentior.
455 5415 650 5467 Parum
684 5415 988 5468 cotmnode.

259 5484 288 5523 δ
332 5483 468 5539 Mss.
497 5483 722 5554 aliquot,
754 5493 801 5538 et
833 5486 876 5539 si
917 5484 1008 5538 tibi
1037 5499 1228 5548 avara;
1276 5481 1520 5554 quidam,
1555 5493 1603 5540 et
1640 5489 1684 5541 si
1725 5489 1800 5544 ibi

190 5573 375 5610 avara.

247 5641 287 5701 γε
338 5628 505 5701 Pauci
536 5643 694 5691 mss.,
720 5628 978 5683 interdum
999 5627 1286 5697 famulari:
1316 5628 1498 5695 aptius
1522 5629 1719 5701 reliqui
1748 5640 1804 5688 et

193 5700 325 5756 edit.
366 5710 428 5753 ut
451 5700 508 5753 in
539 5707 707 5755 textu.

267 5770 294 5809 ά
337 5771 484 5826 Tres
507 5789 639 5827 ntss.
668 5781 784 5841 post
813 5781 976 5826 voces
1016 5773 1153 5841 quod
1180 5782 1254 5826 est
1278 5772 1625 5836 tolerabilius,
1648 5773 1810 5827 omit-

201 5852 347 5914 tunt,
378 5859 537 5925 quam
561 5859 656 5916 pro
685 5860 738 5899 se
757 5845 932 5916 ,cujus
976 5843 1098 5900 loco
1147 5859 1285 5901 unus
1315 5843 1580 5912 exhibet,
1619 5846 1811 5899 honore

1924 1905 1941 1944 ι
1973 1907 2389 1977 praerogativam
2415 1905 2792 1976 ejuspaternze
2825 1906 3250 1960 honoriﬁcentia:
3276 1921 3522 1960 reserva-

1918 1999 1993 2053 vit
2027 2017 2038 2052 :
2073 2014 2181 2052 non
2210 2010 2459 2053 metuens
2486 2041 2501 2063 ,
2538 2014 2605 2052 ne
2633 1997 2760 2068 quid
2785 1997 2893 2068 juri
2924 1997 3142 2068 proprio
3189 1998 3477 2069 derogarct
3505 2039 3520 2062 ,

1914 2092 2000 2162 qui
2033 2108 2132 2144 non
2185 2091 2422 2160 rapinam
2451 2090 2736 2154 arbitratus
2778 2101 2851 2144 est
2902 2107 3008 2143 esse
3039 2107 3090 2145 se
3130 2092 3376 2159 tequidem
3411 2090 3520 2144 Deo

1917 2181 2153 2255 (Philip.
2183 2200 2240 2249 tt,
2267 2183 2355 2255 6);
2384 2183 2542 2237 simul
2573 2182 2800 2254 diligens
2831 2181 3149 2252 discipulos,
3182 2183 3308 2254 quia
3333 2227 3346 2250 ,
3379 2185 3521 2238 sicut

1916 2276 2104 2340 trabes,
2128 2293 2286 2347 usque
2313 2277 2364 2330 in
2383 2277 2538 2343 ﬁnem
2559 2273 2736 2328 dilexit
2765 2291 2851 2328 eos
2880 2273 3062 2344 (Joan.
3098 2291 3215 2341 xm,
3239 2276 3313 2346 1),
3347 2275 3522 2330 noluit

1914 2370 1977 2424 iis
2018 2383 2154 2440 quos
2182 2367 2452 2438 diligeret,
2485 2367 2660 2422 videri
2706 2363 2848 2438 quod
2889 2377 3136 2436 peterent
3165 2368 3465 2438 denegasse
3502 2385 3513 2419 :

1912 2474 2130 2516 sanctus
2161 2472 2214 2517 et
2244 2462 2415 2517 bonus
2447 2459 2708 2514 Dominus
2732 2501 2746 2524 ,
2789 2460 2878 2529 qui
2912 2457 3103 2513 mallet
3129 2458 3330 2529 aliquid
3359 2458 3521 2512 dissi-

1913 2557 2118 2612 mulare
2149 2558 2216 2611 de
2239 2557 2382 2626 jure,
2406 2571 2566 2626 quant
2589 2554 2657 2609 de
2689 2553 2958 2609 charitnte
2979 2553 3256 2623 deponere
3287 2572 3299 2606 :
3336 2553 3522 2609 Chari-

1909 2659 1990 2703 tas
2008 2650 2142 2703 em'm
2163 2650 2364 2720 patiens
2390 2658 2485 2712 est,
2520 2646 2736 2719 benigna
2780 2655 2877 2711 est,
2924 2662 3027 2699 non
3065 2646 3344 2700 tumulatur
3368 2689 3381 2712 ,
3415 2665 3516 2700 non

1907 2743 2143 2812 inﬂatur,
2175 2757 2276 2795 non
2299 2741 2478 2810 quatrit
2500 2755 2615 2809 quia
2645 2755 2740 2793 sua
2766 2749 2885 2792 sunt
2921 2738 2967 2807 (l
3004 2735 3125 2793 Cor.
3161 2754 3279 2804 xm,
3305 2737 3385 2809 4).

1980 2835 2141 2908 563
2174 2832 2265 2888 65.
2300 2833 2546 2902 Denique
2579 2843 2635 2886 ut
2680 2832 2987 2902 agnoscatis
3019 2847 3125 2887 non
3158 2832 3513 2900 infirmitatis,

1906 2929 2000 2984 sed
2033 2927 2378 2997 indulgentia:
2401 2941 2539 2990 esse,
2568 2926 2691 2995 quia
2723 2924 2892 2978 dixit:
2933 2923 3051 2978 Non
3099 2934 3173 2978 est
3199 2942 3366 2977 mcum
3389 2927 3514 2978 dare

1905 3022 2082 3085 vobis;
2121 3021 2208 3075 ubi
2240 3021 2357 3074 sine
2390 3030 2565 3074 matre
2595 3017 2691 3073 lilii
2730 3017 2982 3072 Zebeda'i
3017 3027 3205 3087 rogant
3233 3058 3247 3082 ,
3281 3017 3415 3071 nihil
3445 3017 3516 3072 de

1907 3114 2064 3168 Patre
2112 3113 2247 3167 dixit
2283 3131 2296 3177 ;
2356 3111 2434 3167 sic
2462 3113 2608 3166 enim
2662 3110 2830 3165 habes
2857 3128 2869 3164 :
2901 3109 3027 3163 Non
3069 3120 3141 3167 est
3182 3127 3347 3163 meum
3387 3110 3515 3164 dare

1906 3210 2079 3271 vobis,
2129 3208 2218 3261 sed
2245 3207 2429 3277 quibus
2484 3215 2724 3275 paratum
2773 3217 2844 3260 est
2893 3203 3126 3278 (Matth.
3163 3221 3221 3270 tt,
3254 3205 3322 3260 40
3435 3206 3513 3261 lla

1907 3304 2118 3357 Marcus
2147 3302 2483 3372 evangelista
2511 3302 2712 3370 posuit.
2739 3299 2839 3357 Ubi
2874 3316 3003 3355 vero
3034 3308 3210 3356 mater
3239 3317 3338 3370 pro
3381 3301 3509 3356 (iliis

1905 3406 2096 3467 rogat,
2150 3397 2253 3451 hoc
2296 3406 2415 3459 est,
2449 3395 2750 3451 secundum
2797 3395 3154 3450 Mattlneum:
3211 3395 3336 3450 Non
3390 3407 3509 3463 est,

1905 3491 2078 3559 inquit
2105 3533 2116 3552 ,
2152 3506 2320 3544 meum
2345 3489 2472 3544 dare
2500 3489 2642 3545 vobis
2670 3531 2683 3554 ,
2749 3490 2840 3544 sed
2869 3490 3054 3560 quibus
3091 3502 3328 3560 paratum
3369 3501 3446 3546 est
3474 3509 3509 3545 a

1904 3583 2070 3640 Patre
2099 3601 2210 3638 meo
2257 3582 2482 3655 (Matth.
2530 3600 2627 3651 xx,
2659 3583 2794 3654 25),
2845 3585 2931 3639 hic
2975 3585 3182 3640 addidit
3218 3603 3232 3639 :
3275 3588 3316 3640 A
3349 3586 3510 3642 Putre

1901 3694 2058 3744 meo;
2121 3676 2248 3748 quia
2296 3676 2561 3747 majorem
2621 3677 3014 3747 indulgentiam
3075 3689 3359 3734 maternus
3407 3696 3506 3748 po-

1902 3772 2088 3827 scebat
2116 3770 2362 3826 allectus.

1972 3863 2063 3919 66.
2093 3863 2244 3930 Quod
2281 3865 2326 3919 si
2358 3872 2586 3934 putant,
2621 3863 2851 3918 dicendo
2884 3881 2897 3917 :
2933 3864 3134 3932 Quibus
3165 3876 3405 3934 paratum
3434 3877 3513 3922 est

1900 3977 1932 4012 a
1968 3956 2131 4013 Patre
2161 3974 2274 4010 meo
2298 3997 2312 4021 ,
2346 3959 2472 4027 quia
2500 3998 2514 4021 ,
2558 3969 2674 4023 aut,
2707 3957 2853 4012 Patri
2884 3958 3001 4027 plus
3035 3959 3247 4022 tribuit,
3280 3969 3371 4012 aut
3403 3960 3507 4015 sibi

1900 4051 2106 4122 aliquid
2179 4052 2505 4122 derogavit;
2558 4050 2744 4105 dicant
2802 4059 2982 4105 utrum
3036 4061 3092 4105 et
3143 4051 3254 4105 illic
3311 4062 3506 4120 putent

1903 4145 2052 4200 Patri
2099 4144 2302 4214 aliquid
2340 4143 2660 4214 derogatum
2694 4186 2710 4210 ,
2743 4143 2868 4213 quia
2924 4143 3064 4198 dixit
3103 4142 3158 4198 in
3211 4143 3507 4214 Evangelio

1901 4240 2076 4295 Filius
2097 4240 2166 4296 de
2204 4238 2363 4296 Patre
2389 4258 2402 4294 :
2445 4238 2603 4293 Pater
2632 4254 2734 4292 non
2752 4238 2962 4308 judicat
2987 4254 3290 4308 quemquam
3320 4236 3502 4311 (Joatt.

1898 4331 2134 4403 v,9.2).

1969 4428 2061 4484 67.
2103 4425 2259 4494 Quod
2309 4424 2404 4481 si!
2452 4423 2776 4494 sacrilegum
2810 4430 3062 4493 putamus
3091 4422 3321 4479 credere
3375 4423 3504 4494 quia

1899 4520 2061 4576 Pater
2091 4520 2162 4573 ita
2183 4515 2449 4587 judicium
2477 4515 2670 4572 detulit
2696 4513 2876 4580 Filio,
2904 4514 3106 4584 utipse
3135 4531 3242 4570 non
3273 4515 3502 4581 habeat;

1820 4581 1874 4640 Β
1901 4614 2061 4670 habet
2090 4615 2262 4680 enim,
2315 4626 2412 4666 nec
2457 4621 2633 4680 potest
2662 4609 2918 4666 amittere
2964 4609 3112 4680 quod
3145 4609 3301 4664 liabet
3339 4619 3499 4663 natu-

1899 4710 2085 4763 raliter
2115 4706 2297 4762 divina
2328 4707 2584 4774 majestas
2615 4721 2629 4757 :
2659 4704 2984 4774 sacrilegum
3011 4706 3196 4773 utique
3226 4705 3502 4759 {ESIlIIlal‘e

1897 4805 2164 4858 debemus
2195 4801 2319 4870 quia
2362 4815 2470 4855 non
2523 4809 2704 4869 potest
2736 4798 2906 4854 Filius
2946 4798 3078 4853 dare
3119 4797 3377 4869 quidquid
3408 4808 3502 4852 aut

1900 4895 2148 4950 homines
2175 4891 2372 4948 mereri
2407 4899 2674 4962 possunt,
2705 4899 2800 4944 aut
2835 4891 3041 4959 quaevis
3071 4891 3321 4960 accipere
3348 4904 3505 4941 crea-
3543 4909 3546 4914 -

1901 5001 2061 5056 tura;
2110 4985 2410 5058 praesertim
2441 5000 2564 5040 cum
2609 4986 2728 5055 ipse
2759 4983 2998 5040 dixerit:
3051 4983 3163 5056 Ego
3193 4983 3259 5036 ad
3292 4980 3506 5036 Patrem

1902 5130 2124 5185 sollicita
2146 5125 2243 5198 fuit
2274 5141 2291 5178 .'
2321 5121 2546 5198 Amerb.
2572 5135 2636 5174 ac
2656 5118 2836 5198 Eram,
2861 5135 3013 5198 quam
3035 5120 3081 5172 si
3095 5119 3214 5190 ipsi.
3383 5187 3416 5198 Π

1975 5212 1996 5237 θ
2039 5188 2167 5254 Mss.
2191 5197 2322 5262 duo,
2353 5210 2452 5265 quo
2479 5191 2838 5248 honorantium
2866 5191 3068 5244 doceret
3110 5188 3126 5242 ὲ
3155 5202 3315 5252 unus,
3360 5188 3502 5240 dice-

1901 5284 2009 5382 re“,
2041 5280 2181 5398 fildcit.
2216 5339 2343 5395 Gill.
2375 5353 2438 5392 ac
2466 5337 2651 5404 Rom.,
2675 5334 3074 5406 prwrogativtint
3095 5333 3201 5396 eis;
3231 5329 3349 5384 alia:
3379 5343 3506 5406 cum

1901 5432 2058 5480 mss.,
2094 5407 2486 5486 prtei'Ogativam
2511 5400 2784 5486 φιβ’,ἰοί
2817 5400 3026 5457 sI-ilicet
3063 5400 3507 5486 quampostula-

1901 5473 2217 5542 bantiiilem
2249 5473 2500 5552 avpostoli.
2529 5473 2737 5552 Rursus
2768 5486 2948 5552 autem
3003 5490 3100 5542 pro
3141 5473 3256 5544 jmi
3292 5473 3508 5544 proprio

1905 5546 2376 5630 derogtiret._quttd
2406 5553 2566 5630 estin
2599 5549 2731 5630 edit.
2782 5546 3076 5630 munibus,
3123 5558 3508 5630 ortus-sanun-

1910 5615 2094 5695 ttttllis,
2131 5615 2223 5682 alii
2253 5615 2386 5680 inss.
2423 5623 2609 5693 tnajori
2644 5632 2872 5674 numero
2895 5615 3197 5685 praeferunt
3218 5615 3363 5689 ,juri
3383 5632 3509 5687 pro-

1910 5703 2023 5774 prio
2051 5701 2344 5774 denegaret.
2575 5763 2606 5774 η
2679 5762 2690 5772 .
2901 5767 2914 5774 _
2958 5759 2990 5774 __

1985 5783 2008 5820 ε
2062 5760 2222 5826 Pauci
2259 5783 2415 5832 mss.,
2451 5762 2778 5832 sacrilegium
2823 5760 3016 5828 putatis
3044 5760 3269 5817 credere.
