4016 6292
443 291 450 296 ’
504 288 609 348 663

1825 286 2070 346 SANCTI
2110 287 2430 346 AMBROSII

3673 291 3753 348 (illi

501 409 632 463 uado
659 448 674 474 ,
720 415 768 462 et
797 410 1155 480 quodcumque
1179 411 1244 464 ab
1281 427 1340 466 eo
1370 409 1620 480 petieritis
1647 410 1700 464 in
1727 409 1934 464 nomine
1952 424 2062 464 meo
2081 451 2095 475 ,
2128 408 2180 470 A
2202 421 2307 478 que
2351 415 2407 464 et
2437 407 2651 463 Patrem
2681 448 2695 472 ,
2746 415 2802 462 ut
2845 406 3089 462 humano
3121 419 3220 462 usu
3278 406 3590 478 loquamur,
3621 407 3762 464 Filius

503 502 599 556 hoc
653 501 845 573 faciam
893 499 1091 574 (Joan.
1139 519 1276 569 xiv,
1327 505 1416 568 12,
1469 503 1600 573 13).
1657 502 1713 559 Si
1759 502 1902 558 enim
1952 501 2096 573 quod

502 593 664 650 Pater
693 595 825 652 dare
869 604 1045 668 potest
1075 637 1090 663 ,
1125 595 1292 652 Filius
1341 611 1446 652 non
1503 604 1725 667 potest,
1758 595 1981 652 mentita
2015 604 2099 652 est

505 702 638 758 ergo
666 689 870 746 veritas
893 731 908 756 ,
957 701 1014 747 et
1062 707 1166 745 non
1197 699 1375 762 potest
1403 689 1583 745 facere
1629 689 1888 760 quidquid
1923 691 1974 744 in
2001 705 2100 745 uo-

504 783 651 837 mine
681 781 800 853 cjus
853 782 1016 839 Pater
1054 783 1220 839 fuerit
1249 783 1584 838 obsecratus.
1624 781 1735 838 Nec
1787 783 1934 840 etiim
1977 781 2099 839 ideo

503 875 640 930 dixit
671 893 684 929 :
719 875 916 944 Quibus
941 885 1176 948 paratum
1203 887 1279 932 est
1326 892 1358 929 a
1380 875 1542 932 Patre
1569 891 1680 932 meo
1702 919 1718 945 ,
1763 885 1822 932 ut
1865 885 2101 933 tantum-

504 967 672 1023 modo
700 982 730 1022 a
755 967 918 1026 Patre
959 977 1212 1040 poscatur
1243 987 1254 1023 :
1291 983 1414 1024 nam
1457 969 1638 1024 omnia
1681 984 2039 1040 quaecumque
2069 986 2096 1024 a

506 1059 668 1116 Patre
714 1059 912 1116 fuerint
942 1061 1210 1130 postulata
1233 1100 1249 1128 ,
1283 1077 1344 1117 se
1371 1059 1576 1116 donare
1623 1063 1966 1117 memoravit.
1998 1063 2101 1118 De-

506 1153 669 1220 nique
702 1169 806 1208 non
837 1153 972 1208 dixit
999 1171 1012 1205 :
1035 1152 1430 1224 Quodcumque
1457 1167 1486 1207 a
1515 1168 1603 1208 me
1632 1153 1917 1223 petieritis,
1943 1163 1968 1191 ει
1999 1153 2100 1209 hoc

507 1245 696 1300 faciam
721 1263 736 1310 ;
764 1245 858 1300 sed
889 1261 903 1302 :
939 1244 1305 1317 Quodcumque
1331 1245 1394 1299 ab
1438 1261 1498 1300 eo
1525 1246 1774 1314 petieritis
1799 1247 1852 1300 in
1899 1248 2102 1301 nomine

507 1355 617 1393 meo
643 1381 656 1406 ,
692 1338 788 1394 Itoc
814 1339 1025 1410 faciant.

1118 1433 1347 1490 CAPUT
1409 1433 1495 1490 VI.

503 1550 807 1607 Accuratius
833 1552 1152 1624 propositam
1172 1553 1435 1608 soluturus
1457 1553 1815 1626 objectionem,
1845 1556 2103 1610 contendit

577 1653 912 1698 memoratam
941 1645 1240 1716 petitionem
1276 1686 1290 1710 ,
1338 1645 1382 1700 si
1428 1648 1582 1700 modo
1610 1647 1662 1700 in
1690 1663 1743 1700 se
1769 1646 2102 1718 impossibilis

573 1739 846 1810 nonfuit,
901 1739 1198 1812 possibilem
1245 1739 1408 1811 fuisse
1434 1737 1681 1806 Christo;
1730 1742 1955 1796 maxime
1989 1757 2102 1795 cum

573 1833 676 1902 ipsi
704 1848 854 1887 omne
863 1833 1134 1902 judicium
1177 1833 1335 1888 Pater
1360 1833 1558 1888 dederit
1585 1875 1601 1902 ,
1655 1835 1791 1905 quod
1839 1836 1948 1888 sine
1995 1835 2104 1888 ulla

574 1927 985 1996 imperfectionis
1034 1934 1159 1980 nota
1209 1927 1621 1997 intelligendum.
1675 1929 1911 1980 Attamen
1967 1926 2103 1980 ident

575 2020 891 2092 postulatum
945 2019 1080 2074 inter
1146 2018 1493 2088 impossibilia
1538 2019 1851 2073 censendum
1899 2018 2099 2086 probat.

577 2111 729 2176 Quod
787 2123 842 2166 ut
886 2111 1096 2166 omnino
1125 2119 1255 2166 esset
1306 2108 1585 2179 possibile,
1635 2121 1757 2164 tunc
1803 2126 2104 2182 responsum

573 2203 767 2258 Christi
797 2203 1079 2258 secundum
1131 2214 1372 2259 naturam
1418 2204 1696 2257 humanam
1745 2201 2104 2272 accipiendum

581 2296 738 2349 tradit
766 2337 782 2362 ,
806 2310 866 2348 ac
889 2296 990 2350 loci
1015 2295 1362 2362 explicatione
1388 2293 1638 2348 declarat.
1663 2291 1900 2361 Denique
1918 2293 2104 2346 iterum

580 2404 728 2442 suam
771 2388 1045 2458 conﬁrmat
1090 2387 1154 2440 de
1197 2387 1440 2442 sessionis
1487 2385 1649 2460 hujus
1693 2383 2106 2456 impossibilitate

581 2481 985 2551 responsionem.

581 2637 671 2693 68.
721 2637 916 2706 Quaero
948 2652 1091 2694 nunc
1115 2645 1296 2693 utrum
1331 2637 1594 2707 possibile
1620 2635 1820 2707 aliquid
1852 2634 2103 2691 humanae

506 2731 852 2802 conditioni,
917 2740 1010 2788 aut
1055 2733 1216 2790 alicui
1279 2739 1590 2801 creaturae,
1645 2748 1718 2789 an
1766 2731 2105 2802 impossibile

507 2832 702 2895 putent
745 2841 773 2880 a
815 2825 1064 2883 Zebedasi
1105 2826 1335 2899 conjuge
1363 2837 1419 2882 et
1465 2825 1590 2882 ﬁliis
1635 2825 2015 2898 postulatum?
2045 2825 2102 2882 Si

505 2920 771 2991 possibile
819 2964 834 2987 ,
890 2922 1166 2994 quomodo
1219 2923 1287 2978 ad
1341 2921 1618 2978 sinistram
1672 2935 1825 2976 suam
1896 2921 1984 2977 vel
2034 2923 2130 2978 ad‘

505 3012 789 3071 dexteram
841 3016 1218 3088 impertienda:
1267 3015 1532 3088 apostolis
1573 3014 1717 3070 sedis
1763 3029 1870 3069 non
1918 3014 2104 3072 habuit

509 3118 834 3180 potestatem
861 3151 876 3177 ,
904 3110 998 3181 qui
1033 3111 1218 3166 omnia
1257 3110 1394 3167 lecit
1436 3124 1558 3166 esse
1579 3150 1595 3176 ,
1629 3125 1748 3180 quae
1779 3123 1884 3176 non
1916 3109 2105 3165 erant?

2201 497 2414 554 medius
2445 499 2734 569 reperitur.

2273 593 2362 648 72.
2389 593 2506 650 Non
2545 609 2678 666 ergo
2716 593 2978 665 possibile
3004 594 3213 650 homini
3241 593 3446 666 aliquid
3475 593 3728 666 petebatur
3748 637 3762 664 ,

2199 684 2294 741 sed
2325 686 2502 741 noluit
2552 685 2737 741 dicere
2776 685 2918 757 quod
2948 683 3199 742 homines
3228 685 3424 741 sedere
3458 701 3628 742 secum
3674 703 3766 742 non

2201 781 2450 848 possint;
2497 778 2542 833 si
2593 778 2814 850 quidem
2845 778 3088 834 divinam
3135 795 3294 834 suam
3325 779 3552 850 gloriam
3587 781 3765 847 celari,

2201 873 2518 943 priusquam
2551 883 2858 944 resurgeret
2885 913 2901 938 ,
2933 887 3042 927 non
3073 873 3342 944 divulgari
3366 875 3627 942 cupiebat.
3653 873 3769 930 Nam

2201 974 2256 1019 et
2281 979 2440 1034 supra
2465 979 2586 1021 cum
2609 965 2756 1020 inter
2781 963 3020 1020 famulos
3038 980 3165 1021 suos
3188 965 3412 1038 Moysen
3437 974 3494 1022 et
3512 965 3667 1022 Eliam
3687 982 3772 1038 ap-

2203 1055 2475 1127 paruisset
2506 1056 2557 1110 in
2600 1057 2804 1128 gloria,
2837 1068 3122 1113 monuerat
3149 1057 3480 1128 discipulos,
3511 1075 3576 1115 ne
3601 1061 3674 1115 cui
3700 1060 3768 1116 dio

2201 1161 2389 1207 cerent
2411 1194 2427 1218 ,
2471 1151 2614 1222 quod
2640 1150 2906 1208 vidissent
2934 1151 2954 1224 (
2983 1150 3175 1208 Matth.
3203 1168 3318 1208 xvu
3345 1193 3362 1219 ,
3397 1151 3496 1225 9).

2274 1245 2362 1301 73.
2394 1244 2581 1316 Itaque
2609 1245 2653 1299 si
2706 1245 2969 1314 possibile
3021 1259 3134 1301 non
3178 1257 3299 1302 erat
3352 1245 3650 1302 hominibus
3692 1248 3774 1302 vel

2203 1341 2474 1396 creaturis
2527 1340 2741 1396 caeteris
2789 1339 2892 1396 hoc
2946 1341 3194 1409 mereri,
3247 1356 3357 1396 non
3420 1339 3577 1396 debet
3623 1341 3774 1396 videri

2205 1433 2374 1491 Filius
2399 1435 2574 1490 minus
2597 1449 2760 1506 posse
2789 1477 2805 1501 ,
2847 1438 2972 1506 quia
3013 1451 3121 1490 non
3147 1434 3299 1491 dedit
3327 1435 3586 1504 apostolis
3605 1478 3620 1500 ,
3649 1435 3776 1506 quod

2205 1543 2307 1584 nec
2345 1528 2506 1584 Pater
2549 1527 2859 1584 hominibus
2904 1528 2992 1584 vel
3038 1526 3309 1584 creaturis
3359 1529 3574 1584 cmteris
3625 1527 3774 1583 dedit.

2205 1625 2311 1678 Aut
2357 1623 2539 1678 dicant
2585 1623 2673 1680 cui
2731 1624 2924 1678 horum
2983 1621 3195 1678 dederit
3235 1622 3421 1678 Pater.
3470 1619 3585 1676 Non
3617 1621 3780 1691 utique

2203 1713 2434 1785 angelis,
2467 1712 2538 1768 de
2565 1713 2760 1783 quibus
2787 1712 3066 1782 Scriptura
3097 1709 3230 1766 dicit
3254 1711 3381 1780 quia
3410 1724 3598 1766 omnes
3625 1709 3779 1779 angeli

2137 1813 2184 1872 B
2211 1807 2426 1862 stabant
2450 1809 2502 1861 in
2535 1807 2762 1862 circuitu
2791 1804 2939 1862 sedis
2977 1805 3180 1878 (Apoc.
3234 1820 3307 1859 vn
3336 1845 3353 1870 ,
3398 1803 3460 1858 Η
3491 1804 3534 1876 ).
3563 1803 3782 1871 Denique

2208 1900 2426 1957 Gabriel
2457 1916 2517 1956 se
2546 1909 2692 1956 stare
2717 1899 2879 1966 dixit,
2906 1901 3048 1954 sicut
3079 1897 3278 1954 habes:
3304 1895 3420 1970 Ego
3441 1913 3555 1951 sum
3575 1894 3778 1959 Gabriel,

2205 1998 2296 2066 qui
2317 2005 2430 2051 asto
2467 2004 2588 2050 ante
2606 1994 2886 2049 Dominum
2909 1997 2927 2066 (
2949 1993 3080 2048 Luc.
3113 2009 3166 2062 ι,
3197 1992 3264 2048 19
3289 1992 3332 2064 ).

2281 2089 2370 2144 74.
2409 2089 2526 2144 Νοη
2551 2105 2683 2161 ergo
2709 2089 2922 2161 angelis
2945 2130 2960 2156 ,
2988 2103 3097 2144 non
3128 2085 3442 2144 senioribus
3468 2083 3560 2154 qui
3581 2081 3785 2138 adorant

2205 2183 2538 2250 sedentem;
2591 2183 2669 2238 illi
2700 2183 2846 2239 enim
2902 2196 3008 2238 non
3061 2195 3228 2251 super
3265 2178 3455 2236 sedem
3509 2177 3784 2248 majestatis

2206 2275 2434 2331 sedent:
2476 2276 2573 2331 sed
2599 2317 2614 2341 ,
2661 2285 2719 2330 ut
2768 2274 3205 2345 dixitScriptura
3230 2313 3246 2341 ,
3273 2271 3328 2328 in
3359 2271 3591 2328 circuitu
3613 2268 3780 2334 sedis;

2206 2370 2364 2426 sedes
2390 2371 2537 2426 enim
2565 2369 2686 2426 aliae
2709 2370 2901 2442 viginti
2929 2379 2987 2426 et
3009 2381 3241 2441 quatuor
3270 2378 3398 2424 sunt
3423 2408 3440 2434 ,
3471 2376 3530 2422 ut
3558 2365 3709 2420 habes
3732 2365 3781 2419 in

2207 2464 2532 2536 Apocalypsi
2573 2463 2840 2520 Joannis:
2875 2461 2944 2517 Et
2965 2479 3126 2536 supra
3165 2461 3336 2518 sedem
3380 2459 3562 2532 uiginti
3585 2466 3782 2524 quatuor

2207 2559 2432 2614 seniores
2455 2559 2690 2614 sedentes
2717 2559 2736 2631 (
2759 2559 2921 2629 Apoc.
2950 2572 3031 2623 tv,
3054 2557 3090 2611 4
3113 2556 3151 2628 ).
3183 2555 3240 2611 1η
3273 2553 3566 2626 Evangelio
3590 2565 3785 2624 quoque

2207 2651 2324 2720 ipse
2361 2651 2620 2707 Dominus
2647 2651 2782 2706 dicit
2837 2667 2852 2704 :
2902 2648 3032 2705 Cum
3071 2648 3261 2704 sederit
3287 2647 3464 2704 Filius
3509 2645 3692 2700 bomnis
3731 2645 3783 2698 in

2203 2746 2325 2798 sede
2348 2743 2634 2816 majestatis
2660 2759 2801 2809 suae,
2829 2743 3070 2798 sedebitis
3095 2751 3147 2798 et
3172 2743 3275 2810 ipsi
3303 2757 3462 2809 super
3494 2740 3632 2797 sedes
3664 2738 3784 2792 duo-

2207 2837 2390 2904 decim,
2409 2837 2708 2906 judicantes
2731 2837 3007 2892 duodecim
3034 2835 3197 2890 tribus
3218 2833 3390 2891 Israel
3415 2834 3436 2906 (
3459 2831 3636 2887 lauit.
3676 2844 3778 2894 xtx,

2207 2930 2279 2984 28
2303 2930 2342 3000 ).
2373 2929 2490 2985 Non
2525 2945 2656 3002 ergo
2679 2930 2828 2986 sedis
2869 2945 2984 2985 sure
3013 2930 3150 2985 dixit
3189 2928 3453 3000 apostolis
3487 2926 3596 2983 dari
3637 2938 3781 2996 posse

2207 3021 2578 3091 consortium,
2631 3023 2728 3078 sed
2774 3022 2912 3078 alias
2942 3021 3063 3078 illas
3107 3021 3268 3079 sedes
3311 3035 3435 3077 esse
3477 3018 3776 3080 duodecim;

2207 3127 2344 3184 quas
2389 3123 2570 3170 tamen
2612 3130 2718 3170 non
2772 3130 2872 3186 pro
2923 3115 3200 3187 corporali
3229 3128 3489 3171 consessu
3521 3154 3536 3178 ,
3572 3111 3658 3168 sed
3688 3123 3778 3182 pro

503 3206 614 3261 Aut
651 3206 929 3276 quomodo
958 3221 1064 3262 non
1115 3214 1330 3278 poterat
1350 3205 1600 3276 judicare
1640 3204 1709 3260 de
1757 3205 1967 3260 meritis
2007 3203 2104 3258 ho-
2132 3206 2178 3268 C
2211 3219 2469 3262 successu
2509 3205 2770 3278 spiritalis
2808 3207 2997 3278 gratia:
3027 3206 3300 3262 aestimare
3343 3205 3618 3260 debemus.

505 3299 714 3354 minum
743 3339 758 3362 .
793 3299 883 3356 cui
932 3299 1091 3356 Pater
1121 3298 1271 3355 dedit
1301 3313 1462 3355 omne
1479 3298 1746 3370 judicium
1776 3299 1800 3352 ’ἓ

576 3391 667 3448 69.
699 3391 895 3448 Notum
921 3402 1006 3448 est
1047 3393 1503 3462 quemadmodum
1559 3391 1772 3448 dederit
1803 3389 2001 3466 (Joan.
2047 3407 2102 3455 v,

506 3482 620 3556 22)
653 3503 667 3540 :
700 3499 824 3540 nam
852 3485 1127 3556 quomodo
1175 3487 1330 3556 quasi
1361 3485 1612 3556 indigens
1642 3488 1855 3556 accepit
1883 3485 2056 3541 Filius
2083 3526 2100 3552 ,

507 3576 601 3647 qui
625 3577 808 3632 omnia
836 3578 1043 3633 creavit
1069 3593 1135 3634 ex
1165 3577 1336 3633 nihilo
1364 3578 1388 3632 ?
1413 3577 1653 3648 Quorum
1683 3578 1848 3650 igitur
1885 3586 2105 3634 naturas

505 3673 716 3727 fecerat
740 3713 757 3741 ,
785 3686 973 3728 eorum
996 3673 1260 3744 judicium
1291 3687 1397 3729 non
1428 3673 1706 3730 habebat?
1737 3672 1893 3729 Dedit
1922 3681 2102 3728 autem

507 3765 676 3822 Pater
722 3765 864 3822 Filio
915 3781 1078 3822 omne
1121 3767 1430 3838 judicium;
1487 3767 1556 3824 Ut
1618 3784 1830 3830 omnes,
1883 3769 2101 3839 inquit,

507 3859 846 3931 honori/iacnt
877 3859 1094 3926 Filium,
1123 3861 1256 3915 sicut
1281 3860 1623 3930 honoriﬁcam
1651 3859 1862 3914 Patrem
1891 3860 1909 3931 (
1933 3859 2100 3930 Ibid.,

507 3953 582 4010 25
599 3955 643 4025 ).
675 3953 790 4010 Non
823 3954 989 4026 igitur
1032 3954 1268 4025 potentia
1300 3953 1423 4009 Filii
1454 3995 1470 4020 ,
1509 3953 1604 4010 sed
1648 3955 1884 4024 cognitio
1920 3963 2103 4010 nostra

506 4048 760 4119 prolicit:
795 4063 968 4120 neque
997 4048 1202 4120 aliquid
1233 4047 1302 4104 ad
1329 4048 1854 4122 substantiales“
1876 4050 1993 4120 ejus
2016 4064 2106 4105 ac-

506 4143 672 4212 cedit,
707 4143 800 4200 sed
815 4144 882 4199 ad
905 4151 1146 4199 nostram
1167 4143 1476 4212 utilitatem,
1500 4143 1646 4214 quod
1666 4159 1694 4197 a
1723 4145 1882 4200 nobis
1903 4159 2105 4218 cogno-

506 4237 708 4300 scitur;
742 4245 802 4291 ut
825 4237 1206 4308 cognoscendo
1232 4235 1330 4293 Dei
1357 4235 1578 4304 Filium,
1611 4236 1775 4292 vitam
1807 4235 2105 4294 habeamus

509 4338 772 4385 aeternam
815 4327 1015 4401 (Joan.
1049 4345 1183 4398 xvn,
1215 4331 1248 4385 3
1271 4330 1314 4400 ).

580 4423 668 4480 70.
697 4421 833 4478 Cum
859 4431 1037 4479 autem
1065 4423 1120 4479 in
1141 4423 1454 4496 cognitione
1475 4424 1597 4481 Filii
1621 4425 1717 4480 Dei
1740 4426 1914 4482 honor
1935 4427 2100 4494 illius,

507 4525 698 4574 noster
737 4526 919 4573 autem
945 4529 1053 4573 non
1084 4517 1228 4573 illius
1252 4519 1328 4574 sit
1363 4517 1640 4590 profectus
1665 4559 1680 4586 ,
1723 4518 1769 4574 si
1800 4519 1924 4590 quis
1951 4528 2103 4589 putat

2278 3299 2368 3356 75.
2417 3299 2663 3372 Denique
2732 3301 2784 3354 in
2813 3299 2956 3356 libro
3011 3298 3322 3370 Regnorum
3367 3296 3504 3357 dixit
3553 3291 3778 3352 Michseas

2207 3393 2468 3465 propheta
2491 3412 2504 3447 :
2534 3393 2658 3448 Vidi
2688 3393 2967 3449 Dominum
2993 3392 3155 3448 Deum
3183 3391 3352 3448 Israel
3373 3391 3622 3448 sedentem
3636 3403 3776 3455 super

2207 3489 2448 3542 thronum
2473 3504 2644 3555 suum,
2669 3496 2718 3543 et
2743 3489 2910 3544 omnis
2934 3487 3122 3544 militia
3147 3488 3262 3544 caeli
3287 3487 3457 3542 stabat
3481 3486 3612 3540 circa
3648 3497 3772 3546 eum,

2205 3581 2276 3635 ad
2297 3582 2560 3636 dexteram
2584 3582 2698 3652 ejus
2728 3591 2776 3636 et
2801 3583 2870 3636 ad
2899 3581 3163 3636 sinistram
3189 3581 3208 3652 (
3238 3579 3307 3637 Ill
3338 3578 3472 3650 Reg.
3501 3592 3625 3644 χιιι,
3645 3573 3702 3631 l9
3731 3574 3768 3643 ).

2206 3673 2490 3742 Quomodo
2535 3674 2701 3743 igitur
2727 3675 3000 3731 stantibus
3041 3673 3250 3744 angelis
3276 3673 3345 3728 ad
3392 3671 3654 3728 dexteram
3689 3667 3771 3723 vel

2204 3765 2274 3820 ad
2297 3766 2572 3822 sinistram
2599 3767 2808 3822 Domini
2838 3766 2959 3832 Dei,
2983 3774 3166 3822 stante
3185 3765 3333 3820 omni
3363 3765 3548 3820 militia
3566 3759 3769 3825 celesti,

2205 3857 2470 3914 sedebunt
2495 3859 2744 3914 homines
2757 3857 2824 3914 ad
2847 3857 3128 3914 dexteram
3157 3857 3278 3925 Dei,
3304 3857 3389 3914 vel
3413 3857 3481 3912 ad
3503 3855 3766 3916 sinistram,

2207 3951 2404 4022 quibus
2460 3967 2557 4020 pro
2606 3953 2821 4006 virtutis
2871 3951 3098 4022 praemio
3135 3949 3454 4020 angelorum
3504 3943 3769 4004 similitudo

2209 4045 2546 4113 promittitur
2571 4086 2586 4111 ,
2633 4046 2779 4100 sicut
2819 4043 3081 4100 Dominus
3127 4041 3260 4099 dicit
3293 4059 3309 4096 :
3359 4039 3523 4096 Eritis
3549 4039 3767 4094 sicstan-

2207 4139 2309 4210 geli
2331 4139 2385 4192 in
2411 4139 2537 4194 coelo
2564 4137 2583 4206 (
2608 4137 2804 4194 Matth.
2859 4153 2974 4192 xxn
2998 4178 3015 4204 ,
3045 4135 3152 4208 50)
3179 4138 3202 4190 ?
3231 4137 3382 4194 Sicut
3409 4135 3575 4208 angeli
3595 4173 3609 4200 ,
3632 4130 3763 4195 dicit,

2208 4245 2318 4286 non
2351 4233 2470 4302 plus
2497 4247 2656 4302 quam
2686 4232 2891 4303 angeli.

2281 4323 2370 4380 76.
2427 4324 2483 4381 Si
2531 4339 2663 4396 ergo
2695 4315 2828 4380 nihil
2861 4325 2980 4396 plus
3020 4325 3170 4382 dedit
3193 4324 3356 4381 Pater
3396 4339 3553 4398 quam
3581 4319 3762 4384 Filius,

2207 4419 2340 4474 nihil
2371 4419 2558 4488 utique
2603 4419 2784 4474 minus
2807 4417 2963 4474 dedit
3004 4418 3176 4476 Filius
3221 4433 3382 4490 quam
3430 4417 3582 4473 Pater
3609 4434 3622 4469 :
3649 4411 3762 4467 nihil

2207 4512 2374 4582 igitur
2417 4512 2600 4568 minus
2628 4511 2800 4568 Filius
2837 4521 3018 4584 potest
3055 4529 3218 4580 quam
3264 4511 3448 4568 Pater.

504 4610 628 4683 quia
661 4609 758 4666 Dei
787 4610 959 4668 virtus
985 4611 1079 4668 illo
1105 4611 1312 4669 honore
1338 4612 1647 4668 cumulatur
1679 4653 1694 4676 ,
1755 4627 1983 4670 necesse
2017 4623 2104 4670 est
2129 4600 2181 4661 D
2276 4607 2366 4662 77.
2417 4607 2606 4664 Ponite
2651 4617 2828 4664 tamen
2880 4607 3140 4680 possibile
3179 4608 3468 4678 impetratu
3496 4601 3761 4660 hominibus

501 4705 672 4762 etiam
703 4703 875 4760 Deum
903 4703 1118 4761 Patrem
1159 4704 1344 4761 credat
1371 4720 1533 4777 posse
1561 4704 1861 4772 cumulari;
1891 4707 2015 4777 quia
2045 4717 2102 4762 et

499 4798 620 4869 ipse
667 4813 762 4868 per
802 4797 1162 4869 cognitionem
1193 4807 1430 4854 nostram
1468 4797 1799 4854 clariﬁcatur
1836 4797 1976 4854 sicut
2005 4800 2099 4854 Fi-

497 4893 606 4949 lius
628 4936 644 4960 ,
673 4893 826 4962 juxta
855 4892 996 4963 quod
1025 4891 1286 4962 scriptum
1316 4902 1401 4947 est
1423 4933 1438 4957 ,
1499 4892 1714 4948 dicente
1751 4892 1888 4948 Filio
1920 4912 1932 4946 :
1983 4891 2100 4966 Ego

495 4995 546 5040 te
569 4985 856 5057 clariﬁcaui
881 5001 1035 5058 super
1071 4995 1262 5040 terram
1291 4984 1310 5055 (
1332 4983 1472 5040 Ibid.
1498 5027 1513 5051 ,
1539 4984 1630 5057 4).
1678 4985 1822 5056 Ergo
1849 4987 1893 5041 si
1923 4988 2097 5056 possi-

491 5075 609 5134 bile
634 5077 839 5150 aliquid
865 5086 986 5134 erat
1012 5077 1158 5150 quod
1185 5077 1488 5149 petebatur,
1523 5079 1576 5134 in
1608 5086 1876 5148 potestate
1913 5081 2100 5152 utique

495 5165 620 5224 Filii
674 5167 796 5224 fuit.

567 5260 657 5316 7t.
691 5259 802 5317 Sed
835 5270 1014 5316 tamen
1037 5261 1347 5327 ostendam,
1381 5263 1425 5318 si
1455 5263 1716 5333 possibile
1747 5273 1937 5334 putant
1961 5307 1976 5332 ,
2005 5266 2099 5338 qui

485 5353 556 5409 de
579 5353 896 5410 hominibus
915 5363 1010 5409 aut
1031 5356 1242 5410 czeteris
1263 5357 1551 5424 creaturis,
1578 5365 1672 5413 aut
1691 5357 1756 5412 ad
1783 5358 2096 5426 dexteram,

487 5454 584 5501 aut
633 5447 702 5501 ad
754 5445 1032 5502 sinistram
1081 5447 1178 5502 Dei
1234 5448 1473 5515 sedeat;
1537 5451 1698 5506 Pater
1766 5451 1908 5506 enim
1959 5451 2092 5508 dicit

485 5533 632 5593 Filio
667 5555 680 5591 :
715 5537 856 5592 Sede
895 5538 962 5593 ad
986 5538 1252 5594 dexteram
1277 5555 1445 5594 meam
1475 5540 1664 5612 (Psal.
1693 5557 1780 5598 cu
1807 5585 1822 5611 ,
1857 5546 1880 5600 1
1909 5545 1950 5616 ).
1980 5544 2087 5601 Ita-

488 5625 594 5696 que
625 5632 669 5684 si
703 5629 826 5702 quis
851 5631 917 5684 ad
939 5633 1215 5688 dexteram
1239 5633 1378 5688 Filio
1399 5634 1570 5702 sedet,
1595 5635 1739 5692 inter
1764 5637 1940 5708 ipsum
1979 5641 2084 5695 uti.

493 5774 520 5820 ί.
549 5742 747 5820 rpiss.
775 5741 987 5820 aliquot
1008 5784 1022 5808 ,
1056 5744 1152 5810 hoc
1176 5746 1332 5812 faciet
1358 5765 1376 5814 ς
1407 5765 1582 5812 unus.
1625 5724 2084 5820 bacfaciathlie-

481 5809 642 5885 liqui,
669 5825 735 5865 ac
780 5809 913 5865 edit.
957 5809 1300 5880 omnes,'nec
1345 5809 1450 5874 non
1478 5809 1600 5875 cod.
1632 5809 1774 5878 sacri
1825 5809 2084 5895 quorum-

2205 4702 2366 4776 565
2393 4702 2538 4772 quod
2567 4712 2880 4773 posceretur
2906 4743 2922 4768 ,
2969 4701 3099 4772 quid
3145 4709 3232 4758 est
3256 4701 3401 4772 quod
3456 4700 3530 4756 ait
3557 4716 3570 4754 :
3600 4695 3760 4752 Sedere

2200 4807 2370 4851 autem
2409 4795 2478 4849 ad
2502 4794 2766 4850 dexteram
2812 4811 2980 4850 meam
3027 4795 3106 4848 uel
3149 4793 3221 4848 ad
3268 4794 3530 4849 sinistram
3569 4805 3656 4844 non
3691 4793 3759 4839 σι

2199 4907 2370 4947 meum
2391 4889 2516 4944 dare
2534 4889 2674 4944 vobis
2699 4885 2916 4959 (Matth.
2944 4903 3007 4942 xx
3019 4929 3034 4953 ,
3049 4886 3143 4959 23)
3161 4886 3186 4942 Ἰ
3204 4885 3342 4954 Quid
3368 4895 3451 4943 est
3471 4899 3622 4941 meum
3635 4881 3658 4934 .’
3671 4876 3759 4968 Sus

2201 5002 2296 5058 pra
2325 4985 2462 5040 dixit
2487 5000 2502 5038 :
2531 4980 2756 5038 Calicem
2785 4981 2992 5046 quidem
3005 4995 3174 5036 meum
3197 4979 3400 5046 bibetis;
3421 4979 3550 5035 inira
3574 4973 3754 5048 posuit:

2207 5079 2332 5135 Non
2380 5088 2454 5136 est
2483 5093 2650 5132 meum
2674 5076 2803 5130 dare
2822 5075 2966 5130 vobis
2998 5090 3020 5140 ,°
3065 5083 3124 5130 et
3149 5088 3311 5142 supra
3339 5089 3501 5128 meum
3528 5113 3543 5139 ,
3568 5077 3618 5126 et
3640 5063 3753 5122 infra

2201 5187 2371 5226 meum
2399 5169 2578 5236 dixit,
2615 5183 2716 5224 nec
2759 5167 3083 5222 immutavit.
3116 5166 3260 5237 Ergo
3285 5165 3563 5237 superiora
3589 5160 3753 5218 docent

2201 5271 2426 5334 propter
2451 5260 2581 5332 quid
2608 5259 2809 5315 dixerit
2835 5274 3028 5313 meum.

2273 5357 2361 5412 78.
2439 5353 2682 5425 Rogatus
2728 5345 2874 5408 enim
2924 5369 2952 5406 a
3007 5351 3234 5407 muliere
3285 5351 3440 5423 quasi
3502 5349 3753 5408 homo,ut

2201 5449 2268 5506 ad
2291 5449 2571 5507 dexteram
2595 5448 2677 5503 vel
2719 5447 2784 5502 ad
2815 5447 3092 5502 sinistram
3119 5460 3271 5501 suam
3297 5445 3440 5502 ﬁlios
3463 5444 3573 5516 ejus
3595 5437 3752 5497 sedere

2198 5553 2474 5616 pateretur
2511 5543 2678 5610 ;quia
2727 5541 2815 5596 illa
2861 5541 3012 5611 quasi
3066 5539 3343 5596 hominem
3386 5544 3673 5609 rogaverat,
3705 5536 3752 5582 ei

2200 5639 2461 5696 Dominus
2511 5636 2663 5704 quasi
2694 5633 3076 5690 tantummodo
3112 5633 3276 5690 homo
3305 5635 3376 5690 de
3401 5649 3494 5690 sua
3536 5628 3750 5704 passione

2195 5762 2426 5824 etintque
2450 5746 2768 5808 idimuutum
2797 5783 2812 5818 φ
2839 5751 2936 5807 hoc
2966 5753 3178 5822 facium.
