4016 6292
202 311 310 369 865

1588 316 1679 373 DE
1719 316 1879 375 FIDE
1919 318 2047 375 LIB.
2092 320 2155 376 V.

3410 324 3516 380 666

198 427 534 498 respondit:
589 427 812 484 Potestis
842 426 1007 483 bibere
1054 427 1266 483 calicem
1296 469 1311 495 ,
1342 445 1488 499 quem
1536 445 1632 500 ego
1679 430 1804 484 bibi-
1837 436 1889 493 Λ
1913 431 2136 504 legerim
2195 432 2479 505 Seraphim
2534 437 2717 505 starel
2939 452 3029 505 vt,
3081 437 3156 509 ἓ)
3191 480 3204 503 .
3241 439 3517 510 quomodo

197 530 348 575 turus
372 538 487 576 sum
517 523 535 590 (
560 519 726 587 lbid.,
759 522 869 593 22)
896 522 919 575 ?

268 614 360 669 79.
410 614 594 685 Itaque
631 616 758 686 quia
805 614 1102 670 secundum
1160 629 1383 671 carnem
1434 614 1504 671 de
1555 617 1806 687 passione

198 708 285 764 sui
311 709 566 780 corporis
617 709 977 779 loquebatur,
1007 709 1382 765 demonstrare
1433 709 1606 764 voluit
1658 710 1804 781 quod

198 803 504 859 secundum
532 817 757 858 carnem
787 802 1005 874 quidem
1026 803 1324 860 subeunda:
1352 804 1620 873 passionis
1650 803 1804 860 nobis

198 895 512 967 exemplum
543 911 608 951 ac
662 895 1075 952 similitudinem
1104 895 1551 967 derelinqueret,
1608 911 1805 951 secun-

196 992 329 1047 dum
382 992 673 1046 humanam
719 1001 902 1046 autem
946 990 1317 1046 conditionem
1363 1005 1471 1045 non
1513 990 1660 1046 sedis
1714 1005 1806 1046 su-

198 1098 387 1155 pernae
417 1085 697 1139 consortia
727 1082 976 1140 donaret.
1009 1084 1123 1140 Hoc
1160 1092 1246 1141 est
1275 1084 1424 1139 enim
1456 1083 1599 1155 quod
1627 1083 1800 1140 dixit:

199 1175 326 1232 Non
350 1186 425 1232 est
449 1194 650 1244 meum;
681 1178 821 1233 sicut
851 1178 981 1234 alibi
1012 1194 1026 1234 :
1061 1176 1185 1232 Mea
1205 1177 1441 1232 doctrina
1461 1194 1563 1232 non
1586 1188 1658 1232 est
1689 1193 1804 1231 utea

197 1272 382 1343 (Joan.
413 1287 510 1336 vn,
541 1272 605 1327 l6
630 1271 649 1344 )
675 1288 690 1338 ;
735 1286 842 1328 non
869 1281 956 1328 est
998 1271 1142 1327 enim
1168 1312 1183 1338 ,
1213 1272 1423 1342 inquit,
1450 1281 1475 1308 α
1503 1271 1802 1327 secundum

202 1381 432 1423 carnem
483 1381 602 1422 mea
645 1384 661 1421 :
715 1367 841 1439 quia
887 1382 1008 1439 quae
1060 1366 1239 1421 divina
1286 1375 1457 1431 sunt,
1517 1381 1622 1422 non
1676 1375 1806 1421 sunt

191 1459 380 1514 carnis
400 1458 615 1529 eloquia
628 1501 641 1513 .

265 1550 798 1622 80.1ndulgentiam
854 1562 1038 1608 autem
1096 1566 1252 1607 suam
1308 1552 1454 1608 circa
1504 1551 1803 1623 discipulos

186 1659 333 1715 quos
353 1645 601 1716 diligeret
630 1687 645 1713 ,
676 1661 839 1713 quam
887 1659 1148 1715 expresse
1198 1645 1502 1712 revelavit,
1560 1647 1802 1715 praemit-

189 1746 318 1792 tens
360 1755 373 1792 :
408 1736 632 1792 Calicem
659 1739 868 1809 quidem
922 1755 1089 1793 meum
1136 1738 1355 1793 bibetis?
1413 1738 1629 1795 Etenim
1676 1741 1799 1810 quia

1913 540 2131 595 possum
2156 526 2295 597 quod
2323 527 2569 582 homines
2600 528 2667 583 ad
2685 527 2967 583 dexteram
2999 530 3086 586 vel
3140 531 3207 584 ad
3235 530 3512 587 sinistram

1913 618 2052 674 Filio
2082 620 2178 675 Dei
2228 620 2495 685 sedeant,
2542 619 2794 675 arbitrari
2824 620 2848 674 ἲ
2874 620 3049 692 Supra
3078 618 3376 677 Cherubim
3410 622 3518 676 Do-

1910 716 2092 769 minus
2121 715 2291 780 sedet,
2319 715 2459 770 sicut
2492 714 2660 770 habes
2687 733 2700 768 :
2732 714 2834 781 Qui
2859 715 3005 770 sedes
3037 731 3193 788 super
3218 715 3515 781 Chembim,

1908 824 2101 877 appare
2131 810 2147 879 (
2180 807 2325 861 Bsal.
2359 822 2530 862 Lxxtx
2553 848 2568 870 ,
2600 806 2659 877 2)
2691 823 2706 872 ;
2754 806 3033 877 quomodo
3074 808 3308 878 apostoli
3353 821 3519 878 super

1906 896 2205 953 Cherubin]
2236 899 2540 954 sedebunt?

1980 994 2070 1049 86.
2127 994 2196 1048 Et
2246 994 2351 1048 hoc
2378 1004 2557 1050 tamen
2587 994 2784 1065 colligo
2811 1008 2917 1049 non
2958 1009 3027 1050 ex
3069 1008 3193 1050 meo
3247 994 3468 1064 ingenio
3496 1032 3513 1059 ,

1906 1086 2000 1143 sed
2024 1103 2089 1141 ex
2121 1087 2419 1143 Dominicaa
2449 1089 2600 1145 vocis
2624 1088 2884 1155 oraculo;
2922 1088 3036 1159 ipse
3066 1088 3212 1144 enim
3255 1087 3515 1143 Dominus

1906 1180 1961 1234 itt
1991 1179 2384 1250 posterioribus
2412 1181 2689 1250 apostolos
2715 1180 3112 1237 commendans
3155 1180 3299 1235 Patri
3330 1220 3345 1246 ,
3387 1180 3464 1235 ait
3494 1195 3510 1232 :

1908 1271 2088 1339 Pater,
2116 1288 2245 1344 quos
2281 1273 2471 1328 dedisti
2499 1274 2656 1341 mitti,
2682 1274 2797 1328 volo
2824 1284 2879 1328 ut
2904 1274 2992 1328 ubi
3025 1290 3120 1345 ego
3163 1289 3279 1328 sum
3304 1313 3320 1338 ,
3359 1282 3407 1328 et
3435 1272 3515 1327 illi

1903 1366 2008 1420 sint
2037 1382 2231 1420 mecum
2256 1366 2277 1437 (
2302 1364 2460 1420 Joau.
2522 1382 2628 1420 xvtt
2657 1406 2671 1427 ,
2702 1365 2775 1420 θαι
2805 1366 2845 1437 ).
2896 1365 3098 1437 Utique
3140 1367 3189 1420 si
3211 1365 3517 1436 judicasset

1904 1459 2026 1528 quia
2058 1457 2296 1512 divinam
2327 1456 2515 1513 sedem
2560 1457 2722 1513 Pater
2768 1459 3084 1514 hominibus
3110 1457 3303 1522 daret,
3348 1457 3518 1514 dixis-

1905 1560 1989 1606 set
2019 1570 2033 1605 :
2086 1551 2223 1607 Volo
2255 1560 2314 1606 ut
2345 1552 2433 1605 ubi
2460 1566 2562 1619 ego
2589 1551 2781 1618 sedeo,
2813 1560 2871 1607 et
2905 1552 2983 1606 illi
3009 1551 3240 1608 sedeant
3263 1564 3511 1615 mecum;

1905 1646 2014 1701 Sed
2045 1647 2179 1713 volo,
2213 1646 2422 1717 inquit,
2451 1656 2504 1700 ut
2531 1647 2633 1700 sint
2662 1662 2888 1715 mecum,
2924 1662 3032 1702 non
3063 1655 3121 1701 ut
3147 1644 3377 1701 sedeant
3400 1659 3511 1699 me-

1905 1754 2025 1793 cum
2058 1756 2073 1805 ;
2122 1750 2175 1795 et
2208 1741 2293 1794 ubi
2321 1756 2444 1811 ego,
2486 1755 2592 1794 non
2621 1739 2899 1809 quomodo
2920 1754 3044 1811 ego.

186 1848 303 1888 non
336 1831 572 1889 debebat
595 1832 646 1887 id
674 1833 806 1889 dare
831 1833 975 1903 quod
1002 1834 1294 1904 petierant,
1326 1833 1468 1888 aliud
1500 1834 1798 1905 proposuit;
1833 1847 1881 1905 Β
1976 1835 2066 1888 87.
2113 1835 2319 1890 Deinde
2344 1837 2593 1905 sequitur
2622 1852 2634 1887 :
2669 1833 2739 1889 Ut
2758 1834 2963 1890 videant
2994 1833 3284 1888 claritatem
3325 1849 3513 1888 meam.

187 1934 251 1980 ut
279 1926 434 1996 prius
455 1938 913 1984 commemoraret
935 1929 1061 1998 quid
1086 1929 1151 1982 iis
1182 1927 1468 1995 tribueret,
1496 1944 1656 1998 quam
1676 1928 1803 1998 quid

187 2029 426 2090 negaret
449 2037 478 2091 ε,
497 2036 605 2090 quo
635 2020 806 2092 magis
832 2022 1142 2091 aequitatem
1171 2022 1272 2076 sibi
1301 2021 1577 2091 petitionis
1597 2061 1613 2086 ,
1641 2036 1802 2091 quam

182 2113 435 2168 studium
469 2113 765 2171 Dominicze
794 2116 1133 2171 liberalitatis
1155 2116 1523 2186 intelligerent
1540 2116 1802 2171 defuisse.

260 2206 353 2262 81.
401 2203 630 2263 Calicem
654 2208 900 2279 quidem,
958 2210 1176 2279 inquit,
1222 2226 1388 2263 meum
1432 2209 1613 2263 bibetis
1643 2251 1657 2275 ,
1700 2208 1804 2263 hoc

182 2312 296 2367 est,
340 2303 653 2372 passionem
697 2303 918 2374 quidem
948 2320 1068 2374 qua:
1116 2304 1481 2359 carnis-mete
1524 2313 1641 2368 est,
1695 2319 1802 2357 non

184 2394 407 2465 negabo
439 2410 454 2459 ;
494 2394 636 2464 quod
683 2396 830 2450 enim
861 2398 1108 2452 humanae
1159 2396 1551 2465 assumptionis
1592 2396 1801 2461 habeo,

183 2486 424 2558 potestis
461 2486 664 2541 imitari
694 2503 707 2541 :
745 2486 945 2542 donavi
978 2488 1134 2543 vobis
1183 2487 1471 2542 victoriam
1507 2488 1801 2556 passionis,

185 2578 569 2635 beereditatem
626 2580 806 2635 crucis
857 2597 871 2633 :
932 2580 1123 2636 Sedere
1187 2591 1360 2635 autem
1415 2581 1486 2634 ad
1542 2580 1806 2635 dexteram

183 2688 381 2737 meam,
410 2674 490 2727 uel
520 2674 590 2725 ad
612 2674 896 2740 sinistram,
924 2689 1027 2727 non
1052 2682 1130 2728 est
1154 2690 1325 2729 meum
1350 2673 1478 2727 dare
1503 2674 1662 2728 vobis.
1686 2672 1803 2728 Non

183 2765 372 2820 dixit:
415 2764 540 2825 Non
597 2775 684 2821 est
730 2782 911 2821 meum
961 2766 1131 2833 dare,
1188 2768 1284 2823 sed
1317 2807 1332 2827 .
1382 2784 1484 2822 non
1522 2778 1596 2822 est
1640 2784 1806 2823 meum

185 2858 321 2913 dare
366 2858 532 2925 vobis,
563 2857 667 2913 hoc
701 2870 784 2914 est
807 2901 823 2924 ,
855 2875 962 2914 non
991 2860 1095 2914 sibi
1129 2868 1462 2931 potestatem
1482 2862 1688 2933 odeesse
1714 2876 1805 2915 as-

194 2964 398 3005 serens
422 2991 439 3014 .
488 2950 586 3006 sed
619 2951 870 3007 meritum
903 2953 1190 3007 creaturis.

261 3045 355 3101 82.
415 3045 619 3117 Accipe
676 3046 840 3102 aliter
883 3062 899 3103 :
951 3046 1074 3102 Non
1128 3057 1201 3102 est
1247 3063 1416 3102 meum
1468 3048 1593 3101 dare
1643 3046 1804 3103 vobis.

193 3138 357 3208 Quod
390 3149 475 3195 est
504 3180 520 3204 ,
554 3155 659 3194 non
700 3149 775 3194 est
824 3156 992 3194 meum
1017 3182 1031 3206 ,
1074 3140 1168 3212 qui
1195 3142 1316 3197 veni
1368 3140 1395 3178 ιι
1445 3140 1805 3198 humilitatem

1908 1928 2018 1983 Nec
2067 1928 2154 1984 hic
2198 1931 2379 1985 dixit:
2428 1931 2496 1987 Ut
2527 1930 2762 1985 haheant
2809 1930 3115 1985 claritatem
3166 1942 3343 1983 meam
3370 1969 3384 1994 ,
3419 1926 3515 1983 sed

1908 2030 1963 2075 ut
1996 2021 2199 2075 videant
2229 2039 2250 2087 ;
2289 2036 2480 2076 servus
2522 2024 2668 2076 enim
2702 2021 2888 2087 videt,
2941 2021 3207 2075 Dominus
3235 2018 3515 2090 possidet;

1906 2114 2049 2168 sicut
2077 2126 2134 2170 et
2164 2114 2330 2169 David
2355 2114 2541 2169 docuit
2566 2114 2798 2169 dicens:
2829 2113 2897 2169 Ut
2919 2113 3123 2169 uideam
3156 2123 3178 2150 ε
3204 2113 3515 2182 uoluptatem

1908 2206 2120 2263 Domini
2151 2207 2338 2280 (Psal.
2368 2224 2494 2264 xxvr
2522 2250 2537 2274 ,
2579 2211 2611 2263 4
2636 2206 2677 2279 ).
2714 2208 2780 2264 Ει
2822 2210 2937 2278 ipse
2968 2207 3230 2262 Dominus
3254 2207 3306 2261 in
3337 2205 3518 2261 Evan-

1906 2301 2052 2372 gelio
2097 2302 2360 2357 revelavit
2408 2317 2705 2357 asserens:
2753 2301 2900 2357 Beati
2951 2301 3136 2356 mundi
3170 2301 3361 2365 corde,
3413 2301 3518 2370 ipsi

1906 2396 2041 2448 enim
2072 2395 2236 2450 Deum
2263 2396 2500 2450 videbunt
2535 2395 2750 2466 (Matth.
2784 2411 2838 2463 γ,
2870 2395 2951 2466 8).
2987 2394 3281 2459 Videbunt,
3317 2394 3515 2465 inquit,

1909 2506 2018 2544 non
2066 2506 2233 2559 super
2258 2490 2552 2546 Cberubun
2584 2506 2708 2545 cum
2744 2491 2854 2545 Deo
2882 2489 3172 2546 sedebunt.

1979 2584 2068 2639 88.
2121 2585 2383 2639 Desinant
2431 2599 2562 2652 ergo
2613 2584 2801 2638 viliora
2844 2582 3143 2640 secundum
3172 2580 3515 2638 divinitatem

1908 2678 2181 2734 :rsnimare
2229 2678 2297 2732 de
2342 2677 2435 2733 Dei
2466 2677 2624 2742 Filio,
2676 2692 2743 2732 ne
2789 2676 2983 2731 viliora
3012 2690 3229 2747 quoque
3256 2674 3324 2729 de
3354 2673 3518 2729 Patre

1908 2772 2199 2828 teSIiment.
2230 2771 2331 2838 Qui
2363 2771 2507 2825 enim
2556 2769 2695 2825 male
2722 2769 3021 2825 crediderit
3068 2767 3136 2823 de
3189 2766 3357 2832 Filio,
3405 2783 3513 2822 ttott

1908 2875 2086 2936 potest
2130 2866 2269 2921 bene
2317 2865 2521 2920 sentire
2572 2864 2639 2918 de
2692 2864 2896 2919 Patre:
2941 2862 2969 2900 ά
3015 2862 3107 2933 qui
3161 2862 3305 2915 male
3339 2860 3519 2916 credi-

1911 2962 2053 3041 derit
2098 2961 2166 3015 de
2197 2961 2403 3031 Spiritu
2432 3002 2447 3024 ,
2478 2975 2584 3014 non
2633 2967 2811 3030 potest
2844 2958 2983 3013 bene
3008 2958 3218 3013 sentire
3245 2955 3314 3010 de
3353 2955 3511 3010 Filio.

1913 3050 2014 3107 Ubi
2056 3050 2199 3106 enim
2229 3066 2332 3105 una
2385 3050 2643 3119 dignitas,
2689 3065 2792 3103 una
2823 3048 3019 3119 gloria,
3075 3060 3179 3101 una
3224 3044 3464 3099 charitas
3495 3086 3512 3108 ,

1913 3160 2019 3199 una
2044 3144 2303 3213 maiestas
2321 3152 2403 3197 est
2429 3158 2444 3207 ;
2478 3144 2529 3197 in
2553 3156 2842 3197 commune
2868 3140 3160 3210 derogatur
3193 3178 3207 3203 ,
3253 3136 3515 3208 quidquid

189 3232 400 3289 docere
427 3251 440 3285 :
473 3249 576 3287 non
618 3242 693 3286 est
742 3249 910 3288 meum
934 3274 947 3296 ,
1002 3234 1092 3304 qui
1144 3235 1265 3288 veni
1324 3250 1430 3287 non
1462 3235 1762 3289 ministrari
1793 3277 1807 3301 ,
1837 3240 1884 3302 (ζ
1918 3239 1968 3291 in
1999 3237 2183 3307 aliquo
2209 3237 2486 3306 putaveris
2511 3234 2883 3305 derogandum
2920 3252 2933 3288 :
2952 3233 3065 3303 jam
3096 3232 3242 3287 enim
3271 3246 3379 3285 non
3410 3232 3517 3285 erit

192 3322 295 3378 sed
328 3323 679 3379 ministrare:
723 3340 825 3379 non
867 3335 940 3379 est
967 3325 1279 3395 nteant,:qui
1318 3326 1585 3394 justitiam
1619 3340 1801 3391 servo,

194 3429 317 3471 non
346 3416 594 3486 gratiam.

264 3511 359 3567 83.
393 3510 639 3582 Denique
669 3509 737 3566 ad
767 3511 982 3567 Patrem
1010 3511 1255 3568 referens
1275 3553 1290 3577 ,
1318 3510 1532 3566 addidit
1562 3528 1576 3567 :
1611 3510 1808 3579 Quibus

186 3612 443 3674 paratum
500 3613 611 3671 est;
685 3616 744 3658 ut
790 3606 1108 3661 ostenderet
1159 3606 1372 3660 Patrem
1424 3621 1641 3677 quoque
1696 3621 1805 3661 non

186 3694 554 3766 petitionibus
578 3695 796 3752 deferre
830 3697 1009 3755 solere
1034 3740 1049 3763 ,
1082 3698 1178 3753 sed
1230 3698 1441 3753 meritis
1461 3740 1477 3764 ,
1511 3698 1636 3768 quia
1668 3699 1808 3753 Deus

187 3802 558 3859 personarum
586 3799 843 3860 acceptor
871 3806 978 3844 non
1007 3799 1091 3845 est
1120 3792 1260 3858 (Act.
1296 3807 1347 3854 x,
1394 3790 1464 3845 54
1488 3791 1531 3859 ).
1566 3789 1722 3845 Unde
1753 3800 1807 3846 et

186 3881 502 3953 Apostolus
521 3881 598 3936 ait
624 3899 636 3935 :
670 3880 810 3947 Quos
834 3883 1106 3953 pra’scivit,
1140 3892 1188 3936 et
1212 3881 1591 3952 prwdestiuavit
1620 3881 1803 3953 (Rom.

193 3991 294 4031 vnt
324 4017 339 4041 ,
394 3974 550 4046 29);
603 3990 711 4030 non
761 3976 906 4029 enim
961 3986 1089 4030 ante
1137 3973 1545 4046 praadestinatit
1577 4015 1591 4039 ,
1642 3989 1806 4045 quam

184 4068 530 4140 prmsciret:
587 4067 683 4123 sed
728 4082 959 4136 quorum
1015 4068 1205 4122 merita
1245 4066 1517 4136 prmscivit
1546 4108 1560 4130 ,
1615 4080 1806 4120 eorum

183 4161 421 4234 praemia
457 4161 884 4232 praedestinavit.

257 4258 357 4312 84.
393 4254 527 4311 lure
557 4255 720 4327 igitur
748 4254 1169 4325 reprehenditur
1197 4254 1397 4310 mulier
1420 4296 1436 4319 ,
1467 4269 1589 4325 quae
1614 4262 1670 4308 et
1704 4254 1803 4308 im-

182 4347 485 4419 possibilia
507 4355 565 4402 et
593 4346 813 4415 speciali
838 4347 1072 4417 quodam
1092 4346 1377 4417 privilegio
1398 4346 1466 4400 ab
1487 4361 1553 4401 co
1576 4346 1808 4401 Domino

180 4438 503 4512 postulavit
532 4480 546 4503 ,
599 4439 690 4510 qui
720 4454 783 4494 ea
835 4456 956 4509 qum
985 4438 1191 4494 sanctis
1235 4439 1497 4508 judicavit
1537 4453 1658 4494 esse
1711 4438 1804 4493 do.

195 4534 394 4589 nanda
420 4574 436 4597 ,
488 4546 594 4588 non
623 4531 838 4587 duobus
868 4533 1128 4601 apostolis
1162 4573 1175 4597 ,
1216 4533 1312 4587 sed
1361 4532 1613 4588 omnibus
1640 4532 1804 4587 disci-

1909 3329 2189 3400 pleuitndo
2217 3344 2379 3397 quant
2428 3327 2712 3383 discemus
2738 3335 2792 3382 et
2826 3325 3043 3381 dividas
3070 3326 3121 3380 in
3147 3324 3359 3393 aliquas
3384 3338 3512 3393 por-

1909 3422 2106 3478 tiones.

2516 3511 2747 3568 CAPUT
2786 3512 2899 3569 VII.

1912 3605 2142 3681 Objectio
2173 3606 2331 3677 petita
2357 3621 2421 3660 ea:
2470 3605 2568 3660 hoc
2597 3606 2710 3659 loco
2746 3622 2762 3659 :
2809 3603 3052 3661 Dilcxisli
3099 3618 3219 3669 eos,
3276 3603 3419 3659 sicut
3462 3612 3537 3665 eL

1981 3715 2070 3755 me
2099 3698 2378 3767 dilexisti,
2412 3708 2466 3752 ut
2496 3698 2730 3753 diluatur
2756 3740 2769 3765 ,
2800 3699 2968 3770 primo
2997 3696 3311 3751 Arianorum
3357 3711 3519 3765 expo-

1979 3793 2180 3848 sitionis
2209 3794 2447 3859 impietas
2477 3793 2882 3857 demonstvrtur,
2915 3792 3102 3846 deinde
3155 3797 3518 3859 comparantur
3586 3839 3605 3854 ,

1980 3889 2161 3942 eadem
2189 3888 2341 3941 verba
2384 3902 2502 3940 cum
2532 3886 2790 3939 similibus
2815 3926 2830 3949 ,
2863 3901 2924 3937 ac
2952 3886 3157 3937 demum
3190 3894 3328 3936 totus
3375 3883 3518 3935 locus

1981 3983 2357 4037 consideratur.
2393 3979 2533 4035 Hinc
2560 3979 2831 4034 deducitur
2863 3976 3055 4032 Christi
3081 3978 3375 4030 missionem
3403 4016 3417 4041 ,
3447 3986 3520 4030 et-

1981 4078 2026 4131 si
2067 4075 2352 4130 secundum
2404 4089 2611 4126 carnem
2653 4070 2958 4141 accipienda
3003 4078 3116 4135 est,
3158 4069 3238 4122 illi
3268 4084 3369 4122 non
3409 4068 3519 4139 olli-

1981 4187 2113 4225 cere.
2184 4168 2299 4233 Quo
2350 4168 2569 4238 probato
2603 4207 2618 4234 ,
2671 4166 2760 4236 qui
2812 4164 2903 4234 ﬁat
2958 4163 3135 4217 divina
3194 4161 3372 4216 missio
3427 4162 3519 4215 de-

1981 4263 2246 4318 scribitur.

1981 4358 2075 4415 89.
2108 4356 2285 4429 [Alias
2325 4372 2441 4426 cap.
2474 4354 2597 4427 lll.]
2649 4354 2932 4409 Exsistunt
2977 4361 3180 4416 tamen,
3220 4349 3524 4420 Imperator

1910 4462 2141 4524 auguste
2167 4493 2182 4517 ,
2212 4451 2302 4522 qui
2359 4450 2502 4505 hanc
2541 4449 2738 4503 divina:
2770 4446 3036 4501 unitatem
3070 4442 3392 4499 substantia:
3425 4458 3520 4496 nc—

1909 4563 2039 4619 gare
2078 4547 2365 4617 cupientes
2390 4585 2404 4609 ,
2456 4552 2763 4598 extenuare
2806 4538 3059 4596 studeant
3108 4537 3284 4593 Patris
3313 4543 3370 4591 et
3398 4532 3522 4591 Filii

188 4627 350 4697 pulis
376 4666 395 4693 ,
423 4625 588 4681 etiam
615 4624 737 4680 sine
765 4625 1086 4694 cujusquam
1119 4626 1431 4696 precatione
1458 4667 1472 4691 ,
1505 4625 1805 4680 voluntaria

1927 4643 2269 4707 :baritatem;
2302 4642 2426 4712 quia
2459 4641 2723 4710 scriptum
2739 4651 2824 4695 est
2854 4656 2866 4692 :
2903 4637 2969 4692 Et
2998 4637 3225 4693 dilexisti
3254 4652 3360 4699 eos,
3391 4635 3524 4689 sicut

185 4721 277 4775 sui
306 4719 569 4789 largitate
591 4718 909 4784 contulerit,
934 4718 1077 4774 sicut
1102 4719 1364 4789 scriptum
1382 4729 1494 4774 cst:
1522 4717 1808 4771 Duodecim

176 4831 275 4869 vos
317 4811 565 4868 sedebitis
615 4828 771 4880 super
796 4811 973 4881 sedesf,
1009 4812 1308 4885 judicantes
1338 4812 1612 4866 duodecim
1647 4811 1809 4865 tribus

179 4906 371 4961 Israel
401 4904 625 4974 (Matth.
656 4920 776 4971 xtx,
821 4904 949 4976 28).

258 4997 439 5072 566
485 4997 576 5053 85.
632 4995 776 5068 Ergo
800 4997 1016 5052 etiamsi
1045 4996 1306 5067 possibile
1338 5006 1587 5067 putemus
1620 5007 1809 5065 postu-

180 5097 376 5152 latum
432 5091 599 5148 fuisse
622 5132 639 5159 ,
684 5091 971 5147 calumniae
1002 5092 1154 5147 locus
1178 5106 1287 5151 non
1307 5100 1430 5155 est;
1465 5101 1648 5146 tamen
1689 5106 1811 5146 cum

260 5286 291 5314 ⁸
326 5275 481 5332 Edit.
513 5278 737 5333 Amerb.
778 5275 935 5332 Erus.
968 5285 1022 5332 et
1057 5275 1261 5331 ultima:
1291 5273 1493 5341 Paris.,
1534 5275 1814 5330 secundum

176 5365 409 5404 carnem
438 5364 636 5403 meam:
666 5348 877 5416 Optime
902 5347 1031 5404 Gill.
1062 5347 1219 5403 Rom.
1271 5359 1325 5401 et
1347 5363 1504 5414 mss.,
1533 5349 1814 5403 secundum

179 5436 413 5476 carnem
443 5435 586 5484 mea,
647 5435 843 5489 nempe
869 5421 1127 5474 doctrina.

260 5491 290 5529 ιι
358 5491 492 5546 Mss.
516 5492 741 5564 aliquot,
773 5493 826 5547 in
846 5491 1137 5546 humilitate
1164 5491 1366 5547 docere.
1401 5532 1416 5546 .
1452 5530 1465 5545 .
1504 5532 1517 5545 .
1541 5492 1629 5563 qui
1646 5494 1811 5564 justi-

177 5566 324 5619 tiam
356 5579 526 5635 seruo.
555 5562 696 5635 Nam
742 5566 965 5634 gratiam
989 5565 1230 5635 denique.
1258 5603 1272 5617 .
1308 5605 1319 5617 .
1352 5604 1363 5616 .
1398 5563 1600 5635 deferre
1622 5562 1811 5632 solere,

179 5653 300 5691 non
338 5634 561 5688 meritis.
595 5634 858 5690 Pessime.

217 5764 227 5777 ε
265 5718 289 5746 ε
324 5704 452 5760 Νοη
478 5707 638 5777 pauci
672 5721 825 5777 tnss..
860 5706 1171 5773 voluntatem
1195 5705 1452 5770 Domini:
1485 5706 1582 5763 sed
1617 5707 1809 5777 volun-

175 5776 375 5837 tatem
404 5774 817 5849 etfvoluptatern
848 5778 1159 5849 frequenter
1192 5778 1246 5833 in
1279 5794 1410 5835 mss.
1444 5774 1767 5834 ~commutari
1795 5821 1808 5839 .

177 5836 411 5922 Samius
437 5836 591 5904 licuit
612 5836 918 5906 advertere.

1915 4748 1962 4792 et
1990 4754 2070 4791 me
2096 4736 2326 4792 dilexisti
2354 4733 2560 4807 ('Joan.
2596 4748 2704 4787 xvtt
2732 4774 2748 4799 ,
2777 4732 2848 4785 25
2876 4734 2916 4800 ).
2950 4730 3103 4797 Quod
3133 4743 3257 4783 cum
3288 4726 3478 4782 dicunt
3506 4769 3524 4791 ,

1914 4832 2005 4901 qtti
2045 4829 2191 4885 aliud
2244 4838 2448 4899 agunt,
2495 4827 2600 4882 nisi
2631 4828 2771 4880 inter
2795 4824 2890 4880 Dei
2938 4822 3136 4877 Filium
3187 4831 3242 4874 et
3272 4820 3522 4874 homines

1918 4925 2278 4995 aequalitatem
2307 4922 2596 4993 quamdam
2636 4919 3063 4990 comparationis
3101 4914 3415 4973 inducunt?

1987 5017 2077 5073 90.
2139 5014 2409 5084 Numquid
2464 5015 2543 5066 sic
2594 5012 2739 5083 diligi
2772 5021 3000 5081 possunt
3042 5024 3072 5064 a
3112 5009 3225 5063 Deo
3276 5004 3522 5059 homines

1918 5109 2377 5184 quemadmodum
2408 5107 2601 5172 Filius,
2630 5106 2682 5160 in
2714 5121 2821 5177 quo
2841 5103 3171 5175 complacuit
3193 5097 3396 5155 Pater?
3427 5095 3523 5151 lllc

1990 5272 2017 5311 ἀ
2051 5274 2156 5341 Qui
2196 5274 2329 5328 male
2367 5272 2647 5327 crediderit
2692 5274 2756 5326 de
2784 5270 2990 5341 Spiritu
3018 5308 3033 5333 ,
3061 5283 3178 5341 non
3209 5275 3389 5341 potest
3399 5265 3523 5319 bene

1918 5335 2108 5402 sentire
2129 5346 2194 5401 de
2218 5345 2376 5404 Filio.
2412 5347 2462 5399 in
2495 5359 2627 5398 mss.
2659 5335 2929 5412 plerisque
2958 5338 3323 5412 desideratur.
3350 5335 3520 5412 (Σίνις-

1918 5435 2039 5473 rum
2094 5418 2238 5488 quod
2293 5418 2344 5471 in
2388 5432 2449 5471 ea
2495 5409 2817 5488 refellenda
2844 5409 3151 5482 obiectione
3185 5409 3522 5488 longiuscule

1918 5480 2142 5545 haaseri't
2196 5488 2510 5543 Ambrosius
2535 5530 2549 5549 ,
2585 5486 2718 5541 nihil
2752 5480 2945 5538 mirum
2978 5492 3057 5534 est
3085 5498 3098 5546 ;
3133 5495 3250 5533 eam
3281 5482 3423 5533 enim
3455 5480 3524 5533 ah

1919 5562 2142 5617 Arianis
2165 5561 2360 5631 jactari
2384 5559 2605 5631 solitam
2650 5573 2723 5631 ex
2762 5556 2827 5631 iis
2867 5554 3043 5631 discas
3074 5594 3088 5615 ,
3136 5551 3523 5631 qna-“Basilius

1918 5634 2015 5689 lib.
2050 5650 2101 5687 tv
2127 5675 2142 5696 .
2165 5621 2327 5686 'c0ttt.
2360 5630 2590 5685 Ettnnttt.
2620 5645 2671 5695 p.
2705 5627 2837 5687 Hi7.
2891 5621 3221 5696 Epiphanius
3253 5623 3392 5678 liter.
3429 5623 3519 5687 G9,

1917 5722 2070 5761 num.
2116 5694 2223 5770 58,
2276 5713 2329 5757 et
2382 5694 2627 5772 Cyrillns
2677 5696 2835 5752 Alex.
2888 5695 3094 5749 Asscrt.
3153 5694 3222 5748 26
3254 5739 3268 5764 ,
3323 5696 3524 5768 aliique

1918 5777 2139 5848 scriptis
2172 5774 2513 5829 mandarunt.
