4016 6292
258 304 369 362 669

1618 309 1710 366 DE
1751 308 1915 365 FIDE
1957 309 2088 364 LIB.
2134 306 2200 364 ν.

3458 306 3564 365 070

259 436 423 492 quem
453 420 678 478 Patrem
709 423 883 488 novit;
911 423 988 477 ait
1018 423 1163 479 enim
1188 440 1204 477 :
1231 420 1489 493 Conﬁteor
1512 425 1631 487 tibi,
1662 422 1851 493 Pater;
1884 429 1936 490 Α
1960 433 2076 490 est;
2124 422 2385 494 scriptum
2410 432 2495 479 est
2525 423 2673 480 enim
2703 441 2715 478 :
2749 422 3031 479 Dominum
3056 422 3223 479 Deum
3252 436 3396 479 tuum
3432 426 3565 480 ado-

262 514 486 570 Domitte
520 515 637 584 ειειὶ
669 526 717 571 et
758 526 908 571 terra
936 515 1161 589 (Matth.
1204 532 1289 585 ιι,
1318 514 1439 588 25).
1476 519 1615 572 Ante
1643 516 1857 573 Patrem

260 609 396 665 dixit
447 609 734 682 Sapientia
780 627 976 678 suum,
1026 620 1211 683 postea
1258 617 1523 667 creatura:
1568 610 1858 667 Dominum

261 707 619 774 nuncupavit.
670 705 857 778 itaque
900 705 1236 763 dominatum
1284 722 1392 759 non
1438 720 1564 761 esse
1590 705 1680 760 ubi
1734 720 1858 761 vera

260 796 557 868 progenies
588 805 702 862 est,
737 799 855 869 ipse
901 799 1161 856 Dominus
1187 798 1425 855 ostendit
1462 798 1517 854 in
1563 798 1861 869 Evangelia

261 905 364 943 suo
383 930 399 956 ,
423 891 613 946 dicens
643 909 656 945 :
688 891 828 958 Quid
849 894 985 949 vobis
1010 893 1207 949 videtur
1230 895 1293 948 de
1323 890 1564 949 Christo?
1589 896 1738 966 cujus
1768 892 1861 949 Fi-

262 979 363 1037 lius
392 984 510 1038 est?
538 981 730 1039 Dicunt
754 986 802 1039 ei
828 1001 847 1040 :
877 984 1066 1040 David.
1109 987 1196 1041 Ait
1222 988 1328 1042 illis
1354 986 1507 1043 Iesus
1536 1004 1555 1043 :
1589 987 1861 1056 Quomodo

259 1090 385 1148 ergo
412 1072 588 1130 David
615 1077 670 1131 in
708 1077 897 1146 spiritu
935 1088 1076 1133 vocat
1117 1094 1235 1134 eum
1286 1078 1602 1147 Dominum,
1645 1080 1859 1135 dicens:

261 1165 411 1222 Dixit
441 1167 695 1226 Dominus
719 1165 944 1226 Domino
966 1186 1116 1227 meo:
1147 1171 1283 1227 Sede
1315 1189 1346 1225 a
1375 1172 1570 1227 dextris
1597 1173 1720 1227 meis
1739 1173 1766 1228 i’
1799 1172 1862 1229 Et

258 1259 474 1316 addidit
499 1278 513 1314 :
541 1262 605 1317 Si
626 1279 746 1335 ergo
772 1262 939 1317 David
959 1265 1012 1318 in
1037 1264 1225 1333 spiritu
1246 1275 1392 1320 vocat
1411 1281 1527 1320 eum
1546 1261 1826 1320 Dominum
1841 1304 1859 1332 ,

258 1354 515 1422 quonwdo
530 1354 674 1424 ﬁlius
699 1359 815 1430 ejus
842 1358 956 1412 est?
976 1355 1045 1412 Et
1072 1374 1219 1413 nemo
1249 1368 1447 1431 poterat
1476 1360 1524 1415 ei
1554 1359 1863 1429 respondere

257 1446 469 1503 verbum
499 1447 718 1518 (Matth.
749 1466 892 1518 ιλιι,
925 1451 998 1508 62
1023 1463 1074 1509 et
1098 1469 1204 1524 seq.
1226 1451 1272 1524 ).

332 1540 457 1598 101.
489 1540 535 1597 0
557 1557 718 1613 quam
746 1553 904 1600 caute
943 1556 1166 1616 propter
1203 1545 1434 1602 Arianos
1461 1546 1628 1602 etiam
1672 1546 1728 1603 in
1760 1546 1863 1603 hoc

257 1634 574 1690 tessiuionio
603 1635 861 1693 Dominus
885 1636 1010 1694 iidei
1040 1641 1349 1710 prospexit!
1375 1640 1493 1696 Non
1517 1643 1663 1697 enim
1685 1641 1859 1697 dixit:

260 1724 433 1782 Vocat
457 1744 581 1783 eum
606 1728 831 1800 Spiritus
845 1729 1125 1787 dominum
1148 1750 1161 1787 :
1189 1732 1285 1788 sed
1311 1735 1435 1802 quia
1468 1735 1633 1790 David
1655 1734 1861 1791 disitiu

1962 517 2121 583 rubis,
2141 526 2192 573 et
2212 517 2293 572 illi
2313 517 2410 572 soli
2432 518 2617 572 servies
2646 516 2822 586 (Deut.
2851 532 2922 583 Vl.
2951 517 3063 589 15).
3086 516 3354 586 Numquid
3376 528 3566 573 contra

1961 610 2161 682 Legem
2185 611 2447 681 propheta
2471 611 2719 677 sentiret,
2737 612 2826 681 qui
2855 611 2957 667 sub
2978 611 3122 679 Lege
3138 612 3426 681 regnaret?
3458 610 3569 666 Ex-

1959 704 2199 762 cluditur
2219 704 2402 770 Arius.
2430 707 2524 776 qui
2553 704 2745 761 Filium
2791 704 2986 761 sedere
3014 705 3158 760 audit
3184 705 3251 759 ad
3281 710 3566 761 dexteram

1961 798 2175 866 Patris;
2206 810 2266 856 ut
2295 800 2339 856 si
2375 815 2440 856 ex
2469 816 2569 857 usu
2612 813 3022 871 argumentatur
3047 800 3284 855 humano
3305 839 3320 864 ,
3352 799 3467 869 ipse
3507 812 3569 855 se

1963 892 2194 962 perimat
2218 932 2234 958 ,
2261 901 2314 948 et
2343 908 2610 948 venenum
2637 893 2919 964 sacrilega:
2949 892 3340 962 tliSputationis
3367 905 3482 946 sua:
3511 890 3567 945 in

1960 999 2022 1040 se
2051 984 2328 1053 reiundat,
2364 995 2387 1024 °
2422 995 2479 1041 ut
2524 986 2653 1041 dum
2694 986 3123 1056 inaequalitatem
3152 984 3328 1040 Patris
3358 995 3412 1038 et
3444 978 3571 1038 Filii

1962 1093 2029 1133 ex
2060 1079 2458 1135 consuetudine
2487 1078 2769 1136 hominum
2803 1080 3221 1151 interpretatur,
3255 1079 3308 1133 in
3339 1086 3569 1147 utroque

1963 1187 1994 1227 a
2022 1188 2152 1229 vero
2179 1173 2369 1231 devius
2389 1214 2406 1242 ,
2435 1191 2561 1231 eum
2594 1177 2844 1247 praeferat
2871 1176 2957 1231 cui
2998 1174 3260 1246 derogat,
3290 1173 3569 1230 conieSsu-

1962 1282 2056 1322 rus
2100 1268 2337 1338 priorem
2387 1284 2551 1339 quem
2599 1269 2753 1324 audit
2785 1269 2853 1323 ad
2893 1268 3196 1325 dexteram.
3248 1268 3571 1323 Excluditur

1961 1360 2127 1414 etiam
2174 1344 2538 1416 Manicliwus:
2586 1376 2694 1415 non
2736 1360 2884 1416 enim
2925 1369 3088 1431 negat
3133 1372 3256 1417 esse
3296 1376 3357 1415 se
3404 1360 3569 1415 David

1963 1451 2131 1508 illium
2175 1452 2477 1509 secundum
2508 1467 2759 1521 caruerit;
2797 1465 2850 1508 ut
2902 1464 3028 1524 pote
3071 1455 3162 1524 qui
3208 1453 3571 1510 clamantibus

1961 1546 2124 1602 caecis
2149 1563 2162 1600 :
2184 1544 2335 1612 Iesu,
2353 1548 2432 1616 illi
2450 1544 2642 1614 Dauid,
2672 1549 2911 1603 miserere
2929 1547 3074 1602 nobis
3101 1545 3318 1619 (Matth.
3347 1546 3569 1619 11,50);

1962 1637 2343 1695 etdelectatus
2382 1649 2466 1695 est
2498 1638 2634 1707 tide,
2658 1648 2714 1694 et
2758 1640 2913 1695 stetit
2938 1648 2996 1695 et
3036 1640 3252 1695 curavit
3293 1654 3428 1694 eos:
3472 1637 3569 1694 sed

1967 1744 2128 1803 negat
2155 1732 2260 1789 hoc
2289 1749 2403 1788 suae
2427 1748 2550 1789 esse
2576 1733 2926 1799 azternitatis,
2958 1734 3004 1789 si
3035 1732 3202 1788 David
3231 1732 3404 1788 solius
3430 1732 3572 1789 titius

255 1819 491 1890 ερίτῑιιιι
526 1829 581 1876 ιιι
612 1821 769 1894 cujus
793 1823 1092 1880 secundum
1117 1840 1338 1883 carnem
1362 1828 1529 1901 539
1556 1828 1723 1885 Filius
1747 1836 1861 1896 est,
1894 1830 1943 1892 Β
1967 1840 1998 1882 a
2028 1826 2247 1897 perlldis
2276 1826 2611 1881 nominetur.

258 1913 428 1970 David
468 1916 709 1983 scilicet,
747 1917 865 1988 ejus
896 1920 1059 1975 etiam
1101 1922 1403 1978 secundum
1433 1923 1773 1981 divinitatem
1805 1934 1862 1982 et

256 2006 524 2064 Dominus
551 2021 604 2066 et
628 2009 771 2066 Deus
794 2011 1304 2071 crederetur.Vides
1329 2016 1494 2088 igitur
1513 2017 1637 2087 quia
1661 2030 1859 2074 nomen

257 2109 286 2137 ⁸
318 2102 541 2173 pictatis
570 2112 627 2159 et
646 2103 873 2160 dominii
904 2106 1201 2164 discretum
1229 2118 1335 2163 est.

330 2197 458 2253 102.
494 2197 557 2252 Ει
592 2197 729 2255 bene
760 2200 1022 2256 Dominus
1048 2215 1207 2257 suum
1235 2202 1454 2273 quidem
1486 2203 1704 2259 Patrem
1735 2202 1863 2259 cmli

253 2300 440 2347 autem
464 2299 520 2347 et
547 2302 710 2348 terra:
731 2292 1016 2349 Dominum
1042 2294 1388 2366 pradicavit;
1410 2305 1472 2352 ut
1495 2306 1552 2352 tu
1573 2312 1700 2353 cum
1726 2297 1863 2367 legis

253 2393 312 2441 et
338 2384 560 2441 Patrem
597 2392 655 2440 ct
686 2385 1008 2454 Dominum,
1046 2386 1323 2459 intelligas
1353 2388 1570 2445 Patrem
1610 2388 1731 2444 Filii
1760 2428 1775 2455 ,
1805 2399 1862 2445 et

255 2479 550 2535 Dominum
588 2489 869 2536 creaturis.
900 2479 957 2535 In
988 2482 1097 2537 alio
1127 2483 1485 2554 praerogativa
1519 2494 1726 2538 natura:
1755 2490 1860 2551 est,

257 2573 314 2626 in
346 2571 455 2627 alio
482 2574 779 2628 auctoritas
824 2576 1149 2644 potestatis;
1177 2572 1405 2632 formam
1428 2561 1573 2635 enim
1602 2577 1744 2633 servi
1773 2590 1862 2633 ac-

255 2666 491 2738 cipiens,
533 2683 599 2723 eo
622 2669 806 2739 utique
852 2668 1143 2726 Dominum
1175 2681 1363 2738 vocat,
1393 2688 1502 2741 quo
1539 2674 1860 2730 servitutem

255 2761 540 2833 suscepit,
572 2762 800 2833 aequalis
827 2762 881 2819 in
909 2762 1003 2819 Dei
1034 2765 1232 2831 forma,
1269 2781 1459 2821 servus
1485 2767 1538 2821 in
1568 2768 1858 2838 corporis:

255 2855 498 2912 servitus
545 2855 691 2911 enim
736 2857 948 2922 carnis,
989 2856 1304 2914 dominatus
1345 2869 1525 2915 autem
1566 2859 1863 2918 divinitatis

255 2957 364 3004 est.
394 2946 553 3004 Unde
578 2956 632 3004 et
667 2949 963 3019 Apostolus
992 2948 1065 3003 ait
1092 2966 1106 3002 :
1139 2948 1283 3005 Deus
1310 2950 1520 3006 [taurini
1547 2950 1862 3019 nostrilesu

9 3026 88 3103 ι..
109 3024 151 3097 ί.
172 3039 241 3160 t7
255 3039 489 3107 Christi,
516 3050 677 3160 paterl
707 3040 885 3113 glorise
926 3039 1376 3114 (W,
1406 3043 1509 3100 hoc
1550 3053 1656 3109 est,
1694 3044 1861 3101 Deum

258 3134 652 3205 assumptionis
666 3134 913 3189 humanae
930 3148 1209 3199 asserens,
1224 3135 1438 3191 Patrem
1452 3147 1633 3192 autem
1649 3137 1858 3207 gloriae.

2037 1919 2159 1975 105.
2182 1917 2319 1974 Nam
2347 1918 2522 1975 Filius
2546 1918 2642 1974 Dei
2670 1928 2756 1975 est
2786 1930 2975 1973 contra
2998 1914 3026 1954 δ
3052 1917 3375 1981 Iiebionem,
3401 1916 3573 1971 Filius

1967 2012 2133 2070 David
2178 2023 2264 2069 est
2306 2022 2497 2069 contra
2525 2012 2853 2069 Manicitaos
2880 2033 2892 2068 :
2925 2013 2963 2068 F
2968 2010 3094 2068 ilius
3126 2010 3219 2068 Dei
3250 2021 3333 2066 est
3380 2018 3571 2066 contra

1966 2105 2278 2175 Pitotinum,
2302 2104 2657 2174 FiliusDavid
2687 2115 2771 2162 est
2791 2115 2977 2161 contra
3002 2106 3327 2160 Marcionem
3362 2122 3375 2158 :
3402 2104 3572 2160 Filius

1969 2199 2064 2256 Dei
2096 2210 2179 2256 est
2215 2209 2408 2255 contra
2452 2199 2674 2254 Paulum
2710 2199 3125 2255 Samosateuum
3172 2215 3185 2249 :
3218 2198 3381 2272 57o
3402 2197 3573 2253 Filius

1966 2294 2134 2351 David
2165 2305 2249 2350 est
2288 2305 2478 2351 contra
2517 2294 2861 2350 Valentinum
2899 2313 2912 2350 :
2942 2293 3113 2349 Filios
3146 2292 3241 2348 Dei
3272 2304 3355 2347 est
3380 2302 3574 2347 contra

1966 2389 2151 2443 Arium
2197 2398 2359 2458 atque
2405 2387 2700 2443 Sabeiiium
2746 2386 2968 2457 gentilis
3008 2385 3219 2440 cruoris
3285 2382 3570 2438 ltmredes:

1964 2481 2225 2537 Dominus
2256 2482 2423 2537 David
2467 2492 2549 2537 est
2591 2491 2780 2537 contra
2810 2479 3033 2536 Iudaeos
3055 2521 3070 2545 ,
3100 2480 3189 2550 qui
3228 2479 3321 2533 Dei
3372 2477 3570 2533 Filium

1964 2575 2018 2630 in
2046 2590 2212 2631 carne
2238 2584 2549 2642 cernentes,
2585 2574 2860 2631 hominem
2886 2570 3264 2629 tantummodo
3292 2571 3460 2643 impio
3491 2570 3571 2625 iu-

1964 2686 2088 2727 rore
2113 2670 2430 2727 credebant.

2038 2765 2163 2823 106.
2209 2764 2317 2821 Sed
2350 2763 2738 2821 Ecclesiastica
2772 2762 2878 2819 ﬁde
2905 2771 2960 2819 et
2995 2762 3087 2816 Dei
3120 2761 3295 2816 Patris
3323 2769 3377 2815 et
3404 2759 3574 2815 David

1967 2858 2110 2916 idem
2137 2866 2302 2930 atque
2344 2874 2483 2914 unus
2525 2868 2609 2914 est
2640 2857 2849 2922 Filius;
2880 2858 3004 2928 quia
3052 2855 3446 2911 incarnationis
3478 2854 3572 2911 Dei

1964 2950 2282 3023 mysterium
2326 2952 2594 3006 universae
2634 2953 2782 3006 salus
2817 2959 2901 3005 est
2926 2956 3231 3015 creatura;
3272 2947 3571 3003 secundum

1964 3050 2108 3120 quod
2129 3049 2390 3118 scriptum
2419 3059 2540 3104 est:
2579 3047 2649 3105 Ut
2694 3049 2805 3103 sine
2828 3046 2939 3102 Dco
2966 3064 3059 3118 pro
3086 3047 3322 3101 omnibus
3348 3055 3574 3116 gustaret

1965 3152 2182 3197 mortem
2205 3140 2224 3211 (
2248 3139 2407 3195 Hebr.
2441 3155 2513 3206 ιι,
2538 3139 2643 3211 9),
2674 3139 2723 3195 id
2773 3149 2857 3194 est
2884 3176 2898 3205 ,
2940 3139 3084 3209 quod
3110 3146 3359 3194 creatura
3389 3136 3571 3191 omnis

263 3225 403 3281 Num
429 3230 573 3282 enim
604 3226 742 3303 duos
775 3226 915 3282 ﬁlios
948 3226 1128 3281 habuit
1172 3227 1317 3284 Deus
1344 3226 1618 3285 Christum
1647 3238 1703 3286 ct
1738 3230 1861 3300 glu-
1891 3226 1936 3289 C
1968 3234 2086 3290 sine
2123 3234 2378 3305 passione
2408 3234 2583 3298 aliqua
2632 3232 2933 3287 divinitatis
2986 3232 3251 3286 Dominici
3290 3229 3570 3299 sanguinis

267 3318 447 3374 riam?
483 3319 721 3375 Minime.
768 3318 910 3390 Ergo
948 3322 995 3374 si
1029 3334 1168 3375 unus
1209 3320 1305 3376 Dei
1352 3319 1525 3378 Filius
1571 3321 1858 3391 Christus,

264 3415 459 3486 utique
483 3412 731 3472 Christus
770 3424 853 3471 est
881 3415 1071 3487 gloria.
1106 3411 1248 3485 Quid
1290 3420 1472 3472 aiitem
1504 3417 1553 3473 ei
1594 3419 1859 3490 derogas,

260 3508 355 3582 qui
388 3506 562 3563 Patris
587 3504 757 3580 gloria
786 3509 909 3564 est?

337 3596 460 3657 105.
494 3599 550 3656 Si
581 3614 712 3671 ergo
739 3610 788 3656 et
822 3596 995 3656 Filius
1023 3601 1195 3673 gloria
1224 3608 1341 3669 est,
1375 3612 1429 3659 et
1463 3596 1623 3658 Pater
1654 3596 1860 3673 gloria;

258 3692 386 3763 quia
418 3690 579 3746 Pater
599 3692 786 3762 gloriae
810 3704 914 3745 non
936 3701 1114 3761 potest
1134 3686 1278 3749 aliud
1323 3702 1445 3749 esse
1467 3702 1627 3765 quam
1651 3692 1822 3765 gloria
1847 3716 1859 3750 :

260 3803 371 3841 non
402 3784 600 3840 divisio
631 3783 925 3856 gloriarum
945 3828 959 3851 ,
988 3784 1081 3840 sed
1113 3801 1213 3841 uua
1244 3797 1326 3844 εει
1358 3786 1550 3860 gloria.
1580 3789 1766 3860 itaque
1795 3791 1862 3847 ad

258 3880 654 3950 proprietatem
684 3887 888 3933 naturm
916 3876 1087 3950 gloria
1120 3878 1354 3936 reiirrtur
1376 3919 1391 3945 ,
1421 3880 1733 3936 dominatus
1763 3895 1863 3936 su-

258 3985 373 4029 tent
403 3972 471 4027 ad
506 3972 761 4040 suscepti
799 3972 1045 4041 corporis
1083 3972 1422 4028 servitutem.
1463 3972 1518 4030 Si
1549 3974 1692 4029 enim
1735 3986 1865 4031 caro

256 4069 429 4123 etiam
456 4065 590 4137 justi
638 4066 833 4122 anima
862 4065 1076 4121 subdita
1113 4075 1229 4132 est,
1259 4068 1401 4124 sicut
1428 4069 1691 4140 scriptum
1736 4079 1818 4126 est
1846 4085 1861 4125 ι

257 4161 474 4232 Castigo
498 4175 688 4230 corpus
725 4176 923 4224 means,
950 4168 999 4215 et
1025 4162 1255 4217 servituti
1294 4162 1471 4235 redigo
1494 4162 1558 4235 (Ι
1603 4162 1725 4220 Cor.
1769 4180 1861 4232 tn

256 4252 390 4326 ιιι-ι).
421 4262 629 4323 quanto
658 4253 829 4325 magis
859 4252 1105 4324 subjecta
1133 4264 1190 4311 et
1216 4255 1519 4325 divinitati,
1552 4258 1622 4313 de
1640 4273 1746 4329 qua
1776 4259 1866 4314 di-

257 4350 437 4408 citur:
458 4347 714 4417 Quoniam
730 4347 961 4404 uniuersa
977 4350 1207 4405 serviunt
1224 4350 1315 4405 tibi
1334 4333 1508 4423 (Petti.
1523 4365 1684 4409 οινιιι
1705 4394 1721 4421 ,
1744 4352 1866 4425 9i)?

337 4441 467 4499 104.
499 4440 616 4496 Una
641 4449 825 4497 autem
853 4439 1153 4511 quastione
1182 4453 1237 4498 et
1266 4444 1610 4501 Sabellianos
1632 4455 1686 4501 et
1716 4445 1863 4501 Pltob

262 4539 504 4594 tinianos
530 4546 586 4591 et
627 4535 859 4590 Arianos
886 4534 1147 4593 Dominus
1170 4537 1424 4595 exclusit.
1451 4538 1587 4595 Nam
1607 4552 1728 4596 eum
1759 4541 1866 4597 Do.

1967 3325 2283 3381 redimenda
2310 3327 2382 3381 sit
2418 3328 2623 3395 pretio,
2655 3335 2712 3381 ut
2739 3326 2865 3381 alibi
2896 3326 3057 3381 habet
3081 3324 3304 3395 :.0n:nis
3334 3334 3570 3378 creatura

1966 3417 2262 3473 liberabitur
2282 3434 2314 3472 a
2336 3419 2576 3475 servitute
2604 3420 2953 3490 corruptionis
2983 3418 3171 3490 (Itoni.
3202 3434 3294 3474 vut
3317 3459 3331 3484 ,
3358 3418 3423 3472 21
3451 3418 3493 3488 ).

2039 3511 2162 3567 107.
2189 3508 2348 3565 Aliud
2378 3519 2462 3565 est
2501 3511 2662 3581 igitur
2708 3512 3012 3567 secundum
3044 3511 3284 3565 divinam
3317 3510 3568 3565 substan-

1968 3607 2136 3671 tiam,
2167 3605 2311 3661 aliud
2357 3606 2658 3662 secundum
2704 3606 3105 3675 susceptionem
3144 3607 3326 3660 carnis
3372 3604 3565 3660 Filiqu

1966 3699 2235 3754 nominari
2276 3718 2290 3753 :
2347 3712 2472 3754 nam
2522 3698 2818 3755 secundum
2865 3699 3272 3770 generationem
3323 3696 3564 3751 divinam

1967 3791 2077 3845 Deo
2108 3791 2253 3846 Patri
2286 3791 2514 3862 mqualil
2550 3801 2635 3846 est.
2665 3791 2838 3846 Filius
2862 3832 2877 3856 ,
2919 3801 2976 3846 et
3011 3791 3308 3847 secundum
3342 3800 3566 3859 δυαρυμ-

1967 3885 2168 3940 tionem
2195 3884 2445 3954 corporis
2477 3884 2587 3939 Deo
2625 3882 2770 3939 Patri
2802 3896 2993 3937 servus
3025 3892 3139 3947 est;
3172 3883 3294 3951 quia
3330 3881 3561 3936 i‘urtnam

1967 3977 2150 4044 servi.
2199 3977 2373 4049 inquit
2420 3975 2590 4048 (Phil.
2628 3993 2687 4042 tt,
2741 3977 2844 4046 7),
2896 3975 3152 4044 accepit:
3196 3988 3334 4028 unus
3387 3984 3566 4028 tamen

1966 4079 2131 4140 atque
2160 4069 2305 4126 idem
2334 4078 2418 4125 est
2447 4069 2638 4124 Filius.
2672 4065 2870 4124 Contra
2901 4075 3081 4121 autem
3112 4073 3304 4121 sancto
3335 4075 3442 4133 pall
3460 4064 3568 4117 iar-

1966 4164 2082 4222 cha:
2114 4164 2284 4221 David
2327 4164 2627 4222 secundum
2668 4162 2895 4233 gloriam
2937 4172 3089 4215 suam
3146 4160 3406 4214 Dominus
3452 4165 3568 4224 est,

1967 4259 2267 4315 secundum
2311 4257 2617 4329 corporalis
2637 4258 3009 4313 SUOCBSSiUIIiS
3048 4256 3246 4310 seriem
3271 4254 3417 4307 illius
3460 4261 3568 4318 est,

1971 4364 1995 4393 α
2024 4368 2133 4409 non
2158 4351 2421 4408 deﬁciens
2458 4366 2487 4405 a
2510 4366 2569 4407 se
2589 4390 2604 4419 ,
2635 4350 2732 4406 sed
2757 4353 2960 4404 nostra:
2989 4350 3080 4419 jus
3110 4346 3214 4403 sibi
3259 4344 3569 4431 adoptionis

1967 4447 2281 4517 acquireus.

2044 4541 2168 4598 108.
2198 4541 2311 4597 Nec
2339 4540 2517 4596 solum
2563 4556 2629 4596 es
2666 4552 2870 4611 genere
2900 4536 3075 4615 David.
3111 4534 3431 4590 servitutem
3478 4546 3571 4585 su-

263 4630 475 4687 minum
504 4627 709 4683 dixisse
736 4627 971 4684 Domino
1008 4628 1144 4685 dicit
1165 4667 1182 4697 ,
1212 4630 1482 4687 Sabeliius
1521 4632 1856 4702 excluditur,
1885 4626 1941 4689 Ι)
1964 4634 2140 4706 sceplt
2166 4636 2220 4690 in
2251 4648 2483 4704 persona
2527 4633 2792 4696 hominis;
2827 4630 2844 4669 ί
2877 4631 2974 4687 sed
3021 4629 3185 4685 etiam
3218 4640 3281 4684 ex
3313 4627 3572 4688 nomine.

260 4723 355 4795 qui
385 4720 640 4777 eumdem
670 4719 887 4776 Patrem
918 4720 1039 4776 vult
1066 4735 1189 4776 esse
1217 4737 1376 4792 quem
1407 4722 1626 4779 Filiumi
1661 4724 1865 4780 Exclu-

262 4814 414 4872 ditur
439 4813 724 4881 Photinus,
745 4811 773 4852 δ
794 4813 887 4885 qui
912 4814 1213 4871 secundum
1237 4828 1457 4871 carnem
1473 4815 1715 4883 judieat;
1737 4818 1864 4887 quia

262 4910 522 4967 dominus
547 4909 719 4966 David
744 4910 889 4981 regis
914 4926 1023 4966 non
1053 4918 1271 4979 poterat
1296 4925 1439 4977 esse,
1466 4912 1569 4968 nisi
1597 4913 1690 4983 qui
1720 4912 1865 4970 Deus

247 5139 253 5143 .
340 5082 367 5143 fl
400 5070 629 5143 Quidam
662 5086 819 5143 mss,,
848 5064 1025 5127 Patris
1054 5084 1100 5127 et
1129 5070 1361 5129 Domini.

338 5136 367 5216 ἡ
399 5136 459 5216 id
487 5154 564 5199 eet
586 5186 599 5210 ,
631 5143 719 5214 qui
748 5136 1024 5200 Christum
1043 5142 1341 5216 antequam
1370 5161 1591 5201 carnem
1616 5146 1865 5216 suscipe-

268 5212 389 5283 ret'.
422 5215 593 5271 fuisse
621 5212 778 5286 negat
801 5259 815 5279 ,
846 5222 903 5272 ut
930 5212 1058 5272 alibi
1088 5232 1117 5271 a
1148 5212 1306 5272 nobis
1343 5220 1691 5273 observatum
1723 5212 1825 5275 est.

345 5299 368 5327 ο
398 5286 528 5363 ῌεε.
561 5287 796 5357 aliqum,
827 5298 882 5344 ut
916 5288 1028 5343 Deo
1054 5290 1573 5358 inmortalitatem“...
1608 5293 1865 5363 interpreo

267 5370 383 5429 tans
407 5359 463 5412 in
485 5369 699 5429 utraque
715 5400 730 5426 ,
760 5369 864 5413 etc.

341 5428 369 5468 δ
415 5430 713 5505 Hehionem
745 5430 1205 5505 in_C_hristoinihil
1235 5433 1552 5501 agitavisse.
1583 5434 1725 5505 quod
1754 5448 1866 5492 non

266 5513 415 5558 esset
451 5502 655 5569 puriac
682 5501 811 5556 ttudi
853 5503 1129 5570 hominis,
1164 5505 1327 5558 tradit
1365 5501 1735 5562 Tertulliauus
1758 5508 1864 5564 libs

264 5575 339 5631 de
357 5572 704 5647 Cornelium,
730 5588 830 5642 cap
860 5575 955 5647 i8}
987 5573 1255 5647 Eusebius
1275 5576 1367 5629 lih.
1385 5593 1441 5631 ιιι
1465 5576 1626 5641 Hist,
1658 5579 1861 5647 cap.“

264 5657 323 5704 et
370 5644 482 5718 27;
514 5644 851 5718 Epiphanius
891 5645 1034 5718 liter.
1077 5646 1191 5714 50,
1221 5647 1555 5718 Augustinus
1601 5651 1669 5705 de
1718 5644 1863 5706 Hier.

262 5732 394 5787 esp.
430 5717 534 5782 It);
561 5727 616 5772 et
640 5717 755 5773 alii.
790 5716 941 5771 Pauli
969 5728 1189 5788 quoque
1224 5716 1436 5779 Samos.
1468 5722 1512 5777 is
1546 5736 1703 5776 error
1742 5722 1865 5787 fuit;

262 5789 818 5864 qiteiiiadinodunt_ex
850 5789 1068 5846 Eusebii
1099 5792 1189 5846 lib.
1222 5808 1277 5854 ν,
1297 5796 1421 5864 cap.
1442 5792 1542 5856 28.
1566 5802 1624 5850 et
1644 5794 1740 5848 lib.
1766 5809 1864 5862 vni

268 5860 393 5947 P‘P-
421 5860 519 5934 27:
543 5861 613 5919 29
642 5870 697 5923 οι
725 5861 796 5919 ⁵ο
822 5902 835 5929 ι
867 5877 1195 5949 θοδῐιΩθΟθῑε
1223 5873 1308 5949 est
1328 5906 1343 5937 ,
1367 5860 1436 5923 ut
1463 5882 1655 5945 purum
1686 5860 1864 5925 homi-

1968 4729 2109 4783 sicut
2150 4727 2318 4782 habes
2352 4744 2367 4779 ι
2417 4725 2596 4781 Inueni
2635 4724 2804 4779 David
2824 4739 3023 4780 seruum
3065 4738 3267 4786 meum;
3300 4732 3353 4774 et
3392 4718 3519 4773 alibi
3554 4735 3568 4773 :

1974 4820 2106 4877 Ecce
2132 4831 2226 4892 ego
2254 4820 2453 4875 mittam
2479 4820 2547 4872 ad
2576 4834 2661 4873 vos
2688 4835 2891 4872 servum
2923 4833 3095 4871 meum
3127 4815 3325 4885 (Zach.
3361 4828 3443 4876 ut,
3472 4810 3569 4881 8);

1973 4912 2163 4970 Oriens
2202 4924 2385 4968 nomen
2415 4921 2489 4967 est
2520 4913 2567 4966 ei
2617 4910 2798 4984 (Ibid.
2839 4927 2926 4979 vt,
2961 4909 3087 4977 {3).
3127 4911 3196 4965 Et
3244 4911 3358 4979 ipse
3400 4904 3579 4960 Filius

1970 5093 2093 5132 nem
2142 5074 2418 5135 Christum
2464 5075 2693 5132 diceret.
2736 5075 2985 5132 Addebat
3040 5084 3215 5130 tamen
3262 5073 3498 5128 Verbum
3541 5085 3572 5126 e

1970 5144 2114 5204 casio
2142 5138 2420 5210 delapsum
2455 5147 2505 5201 in
2546 5147 2674 5204 Jesu
2716 5146 3020 5206 habitasse.
3064 5146 3137 5200 uti
3182 5154 3407 5199 testatur
3439 5140 3568 5210 Epi-

1974 5164 2114 5204 caan
2142 5164 2260 5202 aeta
2303 5164 2420 5201 sum
2456 5165 2505 5201 Ill
2546 5164 2674 5204 Jesu
2716 5164 3020 5206 uanitasse.
3064 5164 3137 5200 uu
3182 5164 3407 5199 ιεδιιιιιιγ
3439 5164 3568 5210 npt-

1974 5219 2206 5291 pitattius
2259 5164 2402 5273 iimr.
2460 5219 2550 5274 65.
2609 5218 2861 5291 Ejusdem
2930 5215 3191 5291 hmretiei
3235 5215 3572 5291 AuguStilttts

1969 5285 2189 5363 quoque
2220 5290 2470 5346 metuinit
2496 5292 2589 5347 lib.
2621 5285 2692 5363 de
2721 5293 2927 5363 lla-res;
2978 5304 3096 5355 cap.
3218 5298 3425 5363 Latque
3454 5285 3568 5338 alii.

2045 5374 2066 5402 ε
2097 5362 2333 5418 Hilarius
2359 5364 2451 5416 lib.
2476 5378 2512 5417 ιι
2539 5363 2606 5417 de
2626 5362 2820 5417 Triuit.
2848 5379 2860 5414 :
2890 5359 3171 5413 Potestatis
3197 5360 3438 5426 diginims
3466 5372 3571 5409 non

1968 5435 2222 5490 amittitur
2250 5435 2374 5488 dum
2413 5437 2583 5489 carnis
2616 5435 2881 5487 humilitas
2918 5435 3218 5495 adnitatur,
3243 5429 3292 5481 iii
3330 5433 3444 5491 est,
3482 5428 3570 5481 ln-

1969 5510 2288 5563 csrnatione
2331 5504 2643 5574 suscipitur.
2687 5508 2816 5570 ρων
2860 5502 2967 5574 duo
3005 5502 3245 5574 membra
3292 5509 3399 5574 tam
3444 5510 3572 5569 apte

1969 5578 2301 5648 respondent
2337 5572 2551 5631 (ilicibus
2593 5577 2741 5629 hisce
2784 5573 3192 5648 AIII‘DHISiuIIiS,
3220 5580 3275 5624 ut
3319 5572 3382 5624 lis
3421 5578 3571 5625 com-

1970 5645 2222 5706 ntcntarii
2254 5651 2425 5703 vicem
2460 5657 2717 5718 praestare
2747 5645 2975 5718 possint;

2046 5718 2065 5760 ί
2109 5722 2358 5776 Nonnulli
2388 5709 2517 5775 mss.
2532 5761 2546 5785 ,
2572 5719 2661 5772 sed
2683 5709 2834 5771 etiam
2863 5726 2926 5767 ea:
2944 5709 3190 5767 Domino.
3219 5712 3415 5769 Parum
3440 5724 3571 5769 tam

1968 5798 2121 5864 grue.
