4016 6292
493 305 598 364 Dii

1847 298 2090 357 SANCTI
2130 297 2453 358 MIBROSII
3651 282 3729 355 in

491 422 568 478 ait
598 438 613 477 :
641 422 733 476 Sic
768 420 893 477 dicit
925 419 1175 477 Dominus
1194 463 1209 489 ,
1239 422 1327 493 qui
1353 418 1503 490 finxit
1535 433 1615 474 me
1642 433 1706 473 ea:
1729 425 1877 473 utero
1902 431 2104 471 servum
2131 422 2186 481 Α
2209 414 2345 487 55),
2378 424 2432 470 et
2457 432 2471 468 :
2498 413 2649 469 Vada
2673 415 2742 469 ad
2765 431 2883 469 eum
2911 417 3000 487 qui
3024 414 3164 470 misit
3184 431 3267 470 me
3300 415 3320 485 (
3337 413 3500 485 Ibid.)
3519 459 3533 483 ,
3555 416 3737 473 entita-

490 513 626 579 sibi,
660 522 709 567 et
752 513 885 568 dixit
905 514 1033 567 mihi
1060 529 1079 568 :
1126 512 1381 584 Magnum
1423 510 1514 565 tibi
1558 519 1633 565 est
1676 510 1847 564 uocari
1894 525 2113 581 puerum

493 622 687 662 meum.
721 606 859 661 Ecce
886 607 1036 678 posui
1081 608 1202 661 tein
1248 613 1610 660 testamentum
1648 604 1849 675 generis
1878 603 2021 668 mei,
2057 604 2111 659 in

493 702 661 757 lucem
707 701 967 772 gentium;
996 708 1053 755 ut
1076 699 1147 755 sis
1187 700 1243 753 in
1268 699 1486 753 salutem
1516 713 1677 767 usque
1715 697 1784 752 ad
1826 705 2113 752 extremum

492 801 644 848 terra:
683 790 837 866 (Esai
871 807 1034 856 xuii,
1075 791 1108 847 6
1154 801 1200 845 et
1247 789 1404 862 seq.).
1446 787 1544 846 Cui
1579 789 1683 845 hoc
1732 790 1957 856 dicitur,
2008 790 2111 846 nisi

494 883 755 941 Christo?
787 885 882 957 qui
909 900 1032 941 cum
1061 885 1115 941 in
1148 884 1319 941 forma
1356 884 1447 939 Dei
1472 894 1652 950 esset,
1685 882 1992 938 exiuanivit
2019 896 2111 948 se,

493 988 551 1034 et
589 978 819 1034 formam
865 979 1011 1036 servi
1052 975 1474 1051 accepit(Phit.
1528 993 1597 1044 ιι,
1629 976 1717 1049 6).
1762 976 1903 1046 Quid
1948 975 2112 1032 estin

494 1068 594 1127 Dei
627 1073 835 1138 forma,
870 1071 973 1126 nisi
1015 1072 1067 1126 in
1099 1070 1397 1126 divinitatis
1436 1069 1810 1140 plenitudine?

570 1162 696 1220 109.
734 1164 893 1220 Disce
919 1165 1081 1235 igitur
1108 1163 1238 1234 quid
1266 1165 1338 1219 sit
1366 1182 1379 1220 :
1414 1164 1669 1220 Formam
1701 1165 1847 1221 servi
1878 1165 2110 1237 accepit,

496 1254 554 1311 id
583 1264 697 1319 est,
725 1255 1121 1325 plenitudinem
1156 1256 1512 1327 perfectionis
1551 1257 1802 1313 humanm
1825 1297 1842 1324 ,
1872 1258 2115 1329 plenitu-

493 1346 679 1402 dinem
694 1346 1044 1403 obedientias.
1065 1348 1304 1419 Ideoque
1324 1350 1458 1405 dicit
1478 1350 1529 1404 in
1554 1350 1770 1422 psalmo
1795 1350 2109 1423 trigesimo:

495 1437 741 1493 Statuisti
782 1438 835 1492 in
882 1438 997 1493 loco
1041 1440 1274 1506 spatioso
1311 1439 1469 1512 pedes
1506 1456 1665 1496 meos.
1720 1441 1893 1512 Super
1939 1458 2113 1497 omnes

490 1531 732 1585 inimicos
764 1547 905 1587 meos
936 1535 1104 1604 factus
1134 1549 1250 1587 sum
1276 1534 1632 1605 opprobrium.
1671 1533 1889 1591 Illustrn
1927 1538 2115 1606 [aciein

495 1634 641 1680 tuam
686 1641 846 1696 super
872 1635 898 1663 ⁸
925 1643 1126 1682 seruum
1156 1637 1301 1705 tuum
1332 1627 1520 1701 (Psal.
1552 1646 1679 1698 xxx,
1711 1632 1776 1698 9,
1813 1631 1879 1687 1?.
1905 1641 1955 1687 et
1982 1633 2114 1705 17).

493 1718 700 1775 Servus
738 1717 921 1775 dictus
958 1728 1046 1777 est
1087 1720 1283 1787 homo,
1313 1723 1369 1778 in
1412 1739 1520 1794 quo
1563 1724 1939 1781 Sanctificatus
1987 1735 2111 1781 est:

2214 510 2451 579 riﬁcatus
2474 520 2551 565 est
2577 508 2753 565 Filius
2781 511 3002 565 hominis
3029 508 3204 582 (Ibid.
3225 552 3239 575 ,
3275 508 3406 581 51),
3448 510 3509 565 ad
3545 510 3740 567 incarna-

2217 605 2381 660 tionis
2417 614 2823 661 sacramentum
2873 603 3077 661 referre
3119 604 3403 662 debemus.
3444 604 3565 660 Cum
3601 615 3742 663 autem

2216 698 2447 769 legimus
2471 718 2486 755 :
2521 698 2587 753 Et
2604 697 2744 755 Deus
2769 699 3086 770 clariﬁculus
3107 700 3262 755 estin
3281 715 3360 767 eo,
3385 710 3429 753 et
3450 696 3577 753 Deus
3593 699 3745 770 clariﬁ-

2215 795 2349 848 cavit
2368 811 2482 849 eum
2503 792 2719 867 (Ibid.);
2749 793 2877 865 quid
2909 794 2979 848 ibi
3008 804 3094 849 cst
3122 791 3435 862 quaestionis
3456 833 3471 855 ,
3505 792 3584 847 ιὼί
3610 800 3657 849 et
3680 790 3746 848 Fi-

2218 887 2320 943 lius
2361 887 2692 943 clariﬁcatur
2727 901 2757 941 a
2799 886 2960 943 Patre
2982 929 2995 953 ,
3029 896 3085 943 et
3116 885 3278 943 Pater
3304 884 3612 941 clariﬁcatur
3634 900 3658 939 ι
3682 885 3748 941 Fi-

2215 978 2324 1034 lio?

2287 1071 2411 1127 114.
2464 1070 2710 1143 Denique
2738 1082 2794 1127 ut
2825 1071 2986 1128 tidem
3011 1071 3233 1127 unitatis
3259 1080 3316 1127 et
3344 1070 3582 1142 copulam
3610 1069 3751 1126 Trini-

2214 1164 2342 1219 tatis
2358 1165 2632 1235 aperiret,
2657 1165 2822 1221 etiam
2847 1167 2915 1222 ab
2940 1164 3148 1237 Spiritu
3169 1165 3566 1222 clariﬁcandum
3590 1180 3691 1223 esse
3708 1181 3753 1223 se

2214 1258 2354 1313 dixit
2372 1299 2388 1326 ,
2421 1259 2560 1314 sicut
2588 1258 2755 1314 habes
2779 1276 2795 1316 :
2829 1257 2933 1314 Ille
2959 1259 3024 1315 de
3053 1276 3165 1314 meo
3189 1260 3446 1331 accipiet,
3476 1268 3522 1314 et
3549 1260 3756 1329 clariﬁca-

2215 1350 2286 1404 bit
2311 1350 2618 1423 me(Joan.
2662 1368 2786 1419 xvr,
2820 1351 2943 1423 lt).
2984 1350 3260 1408 Clariﬂcat
3308 1366 3439 1424 ergo
3465 1352 3554 1408 Dei
3599 1351 3753 1407 Filium

2214 1440 2376 1495 etiam
2405 1441 2638 1511 Spiritus
2664 1454 2905 1499 sanctus.
2935 1441 3225 1510 Quomodo
3269 1441 3436 1514 igitur
3476 1444 3583 1514 ipse
3619 1443 3756 1497 dixit:

2217 1533 2280 1589 Si
2301 1550 2394 1607 ego
2432 1534 2785 1604 clariﬁcavero
2830 1552 2910 1590 me
2955 1536 3149 1607 ipsum,
3195 1535 3409 1591 claritas
3449 1552 3558 1590 mea
3583 1534 3759 1589 nihilum

2217 1636 2289 1682 est
2349 1625 2542 1698 (Joan.
2595 1644 2720 1696 vut,
2752 1628 2823 1687 54
2846 1630 2912 1701 )l
2958 1630 3099 1701 Ergo
3130 1629 3262 1686 nihil
3293 1638 3379 1685 est
3406 1630 3612 1686 claritas
3638 1629 3761 1684 Filii?

2219 1719 2552 1791 Sacrilegum
2580 1731 2663 1777 est
2691 1721 2895 1788 dicere,
2933 1720 3035 1777 nisi
3068 1720 3281 1777 releras
3306 1721 3374 1777 ad
3403 1736 3643 1787 carnem;
3669 1721 3761 1792 quis

493 1826 691 1868 servus
732 1813 933 1878 homo,
970 1815 1023 1869 in
1059 1830 1167 1886 quo
1210 1825 1407 1872 unctus
1432 1827 1518 1873 est
1548 1835 1562 1871 :
1598 1832 1790 1873 servus
1834 1818 2029 1885 homo,
2058 1821 2111 1875 in
2146 1818 2192 1877 B
2219 1829 2288 1868 ex
2312 1828 2541 1882 persona
2569 1814 2804 1870 hominis
2833 1814 3002 1870 Filius
3029 1814 3356 1886 loquebatur
3376 1855 3391 1879 ,
3413 1829 3481 1869 eo
3502 1812 3633 1885 quod
3652 1827 3766 1869 com-

493 1922 606 1981 quo
639 1908 813 1965 lactus
861 1909 964 1965 sub
1007 1909 1184 1981 Lege,
1220 1909 1395 1967 lactus
1444 1926 1508 1967 ex
1546 1912 1769 1983 Virgine
1813 1921 1930 1980 est;
1960 1924 2015 1969 et
2057 1924 2115 1970 ut

496 2003 826 2076 compendio
854 2005 1057 2072 dicam,
1090 2020 1288 2062 servus
1317 2006 1495 2062 dictus
1519 2015 1634 2073 est,
1668 2007 1723 2063 in
1750 2023 1859 2079 quo
1884 2017 2112 2064 matrem

500 2095 692 2163 habet,
721 2098 1142 2168 sicutscriptum
1163 2108 1249 2155 est
1272 2117 1285 2153 :
1319 2098 1365 2153 0
1397 2098 1634 2164 Domine,
1658 2117 1751 2171 ego
1771 2117 1947 2156 servus
1969 2110 2112 2169 tuus,

499 2205 593 2261 ego
615 2206 791 2245 servus
824 2200 941 2246 tuus
958 2233 971 2259 ,
995 2201 1043 2246 et
1076 2192 1218 2261 [ilius
1257 2192 1465 2247 ancillis
1493 2202 1596 2248 tua:
1621 2194 1640 2268 (
1666 2192 1813 2248 Psal.
1839 2209 1949 2249 cxv
1970 2237 1985 2260 ,
2011 2193 2110 2265 7);

501 2288 559 2334 et
582 2280 708 2335 alibi
745 2299 758 2335 :
792 2282 1040 2354 Afﬂictus
1068 2299 1183 2337 sum
1206 2292 1257 2338 et
1278 2283 1585 2340 humiliatus
1606 2302 1720 2339 sum
1751 2286 1906 2340 nimis
1938 2284 2111 2358 (Psal.

505 2387 691 2428 xxxvn
714 2414 729 2439 ,
753 2373 843 2444 9).

579 2465 705 2519 110.
737 2466 873 2533 Quis
904 2467 1066 2524 nimis
1088 2467 1410 2526 humiliatus
1436 2481 1552 2536 est,
1579 2471 1683 2527 nisi
1710 2470 1993 2540 Christus,
2022 2476 2115 2546 qui

505 2558 661 2613 venit
707 2568 767 2614 ut
810 2575 1003 2617 omnes
1043 2561 1304 2620 liberaret
1349 2579 1450 2636 per
1502 2565 1914 2622 obedientiam?
1965 2567 2116 2625 Sicut

504 2649 651 2704 enim
683 2667 776 2720 per
803 2652 1203 2709 inobedientiam
1230 2657 1382 2709 unius
1411 2656 1635 2711 hominis
1656 2668 1949 2728 peccatores
1992 2676 2117 2715 con-

505 2745 672 2798 stituti
702 2756 820 2800 sunt
849 2746 1093 2819 plurimi,
1117 2749 1191 2802 ita
1220 2758 1267 2803 et
1294 2764 1385 2821 per
1423 2750 1575 2805 unius
1613 2750 1955 2808 obedientiam
1985 2754 2117 2823 justi

504 2837 884 2893 constituentur
907 2839 1058 2894 multi
1083 2841 1101 2909 (
1123 2840 1275 2895 Rom.
1303 2858 1357 2908 ν,
1391 2841 1516 2913 19).
1548 2842 1679 2911 Quis
1699 2844 1924 2900 calicem
1953 2844 2113 2920 57],

505 2931 805 2987 salutarem
847 2931 1033 3005 (Psal.
1074 2949 1199 3001 cxv,
1238 2934 1339 3004 15)
1384 2936 1632 3006 accepit,
1675 2935 1924 2993 Christus
1965 2937 2117 3008 prin-

506 3041 638 3097 ceps
667 3027 1044 3097 sacerdotum,
1075 3045 1143 3084 an
1181 3028 1384 3095 David,
1416 3030 1508 3099 qui
1544 3045 1721 3101 neque
1750 3030 2117 3088 sacerdOtium

510 3123 740 3189 habuit,
794 3138 971 3194 ineque
1012 3124 1323 3193 passionem
1365 3123 1573 3181 subiit?
1614 3123 1749 3192 Quis
1789 3125 2121 3182 sacriﬁcavit

512 3217 747 3272 hostiam
781 3216 998 3273 laudis?
1798 3227 1804 3234 ‘

579 3308 704 3369 111.
737 3308 845 3366 Sed
868 3310 913 3365 si
940 3311 1038 3366 hoc
1069 3326 1256 3380 parum
1292 3320 1408 3377 est,
1447 3310 1635 3382 accipe
1680 3311 1867 3367 aliud:
1901 3311 2117 3369 Custodi

506 3402 735 3457 animum
748 3419 913 3457 meam
927 3446 943 3471 ,
960 3405 1203 3475 quoniam
1230 3421 1323 3475 ego
1337 3413 1548 3459 sanctus
1568 3420 1686 3458 sum
1704 3404 1724 3474 (
1742 3403 1885 3459 Psal.
1902 3421 2081 3462 Lxxxv
2096 3449 2112 3473 ,

506 3495 542 3548 2
561 3495 607 3567 ).
647 3494 911 3565 Numquid
936 3496 1003 3551 de
1029 3511 1090 3551 se
1121 3497 1224 3551 hoc
1246 3496 1453 3553 diceret
1480 3497 1688 3553 David?
1710 3498 1817 3554 Sed
1842 3498 1935 3555 ille
1959 3499 2112 3567 dicit,

513 3584 605 3654 qui
635 3585 711 3639 ait
738 3603 750 3638 :
783 3584 909 3641 Non
947 3586 1270 3657 derelinques
1315 3590 1545 3643 animam
1576 3606 1744 3645 meam
1787 3592 1843 3646 in
1872 3592 2108 3663 inferno,

516 3692 611 3730 nec
637 3677 784 3732 dabis
814 3689 1050 3733 sanctum
1089 3689 1236 3734 tuum
1271 3681 1446 3737 videre
1489 3686 1872 3754 corruptionem
1917 3684 1937 3757 (
1966 3682 2112 3739 Psal.

515 3784 619 3835 xv,
654 3770 721 3823 l0
744 3772 782 3838 ).
820 3770 962 3825 Idem
994 3787 1126 3843 ergo
1155 3784 1445 3846 utrumque
1472 3774 1625 3831 dicit.

590 3864 713 3918 H2.
748 3863 971 3920 Addidit
997 3881 1165 3922 vero:
1197 3867 1413 3923 Salvum
1438 3868 1524 3938 [ac
1551 3885 1748 3923 servum
1772 3868 2110 3942 tuum(Psal.

516 3974 719 4028 Lxxxv,
752 3957 857 4030 2);
893 3971 947 4016 ct
995 3960 1172 4016 infra:
1218 3960 1302 4017 Da
1348 3972 1679 4035 postestatem
1724 3980 1882 4034 puero
1922 3974 2041 4029 tuo,
2071 3973 2118 4017 et

512 4053 625 4123 [ilio
650 4053 860 4108 ancilla:
887 4063 990 4109 tum
1015 4053 1193 4126 (Ibid.
1230 4055 1297 4109 16
1317 4060 1367 4123 );
1396 4065 1452 4110 et
1478 4055 1638 4120 alibi,
1673 4054 1725 4110 id
1755 4065 1870 4122 est,
1899 4057 1952 4111 in
1981 4056 2118 4111 Eze-

514 4146 733 4201 chiele:
770 4146 836 4201 Et
883 4148 1145 4202 suscitabo
1190 4164 1350 4221 super
1395 4165 1485 4204 eos
1523 4160 1784 4220 pastorem
1825 4166 2025 4217 unum,
2071 4160 2116 4206 et

514 4245 652 4308 reget
692 4254 778 4292 eos
818 4254 1003 4295 servus.
1026 4256 1169 4293 meus
1207 4238 1399 4294 David.
1432 4237 1557 4309 Ipse
1595 4250 1772 4312 pascet
1799 4257 1919 4307 eos,
1950 4252 1997 4295 et
2023 4243 2119 4297 erit

519 4346 697 4385 eorum
721 4340 901 4403 pastor
925 4347 943 4387 :
972 4341 1019 4386 et
1060 4348 1153 4404 ego
1182 4332 1439 4388 Dominus
1469 4349 1556 4387 ero
1592 4332 1700 4387 illis
1747 4334 1802 4387 in
1829 4332 2030 4401 Deum,
2070 4345 2118 4390 et

519 4439 699 4477 servus
732 4441 876 4478 meus
908 4423 1076 4478 David
1116 4427 1169 4479 in
1210 4428 1377 4483 medio
1404 4443 1581 4482 eorum
1611 4427 1855 4499 princeps
1884 4428 1905 4501 (
1923 4428 2116 4484 Ezech.

521 4529 678 4582 xxiv,
703 4515 796 4579 25,
826 4515 947 4588 24).
969 4516 1165 4587 Utique
1182 4519 1351 4575 David
1376 4520 1485 4590 jam
1508 4519 1951 4591 delunctuserat,
1976 4521 2119 4578 illius

2218 1904 2499 1975 paratione
2525 1904 2830 1961 divinitatis
2860 1906 3009 1962 nulla
3038 1915 3125 1963 est
3153 1906 3338 1962 carnis
3360 1907 3593 1963 claritas.

2290 1994 2413 2051 “5.
2456 1996 2897 2069 Dcsinautigitur
2920 1997 3086 2069 impie
3112 1997 3384 2069 objicerc,
3410 1998 3553 2070 quod
3580 1998 3628 2054 in
3645 2013 3763 2053 suam

2218 2089 2497 2159 perﬁdiam
2545 2098 2911 2162 retorquetur.
2949 2091 3142 2148 Dicunt
3170 2092 3317 2147 enim
3341 2110 3354 2146 :
3378 2092 3639 2164 Scriptum
3673 2102 3764 2147 est:

2219 2185 2379 2243 Nunc
2405 2187 2724 2260 clariﬁcatus
2746 2200 2820 2244 est
2853 2188 3023 2245 It‘ilius
3046 2190 3267 2245 hominis
3295 2189 3498 2265 (Joan.
3527 2206 3636 2256 snt,
3660 2191 3711 2246 51
3735 2190 3765 2262 ).

2217 2278 2244 2318 ι’
2273 2279 2390 2336 Non
2415 2296 2554 2352 nego
2580 2281 2843 2352 scriptum
2870 2300 2883 2335 :
2908 2280 3238 2353 Clariﬁeatus
3266 2292 3343 2337 est
3370 2282 3544 2338 Filius
3570 2282 3769 2343 hominis;

2216 2372 2311 2429 sed
2336 2373 2554 2429 videant
2581 2375 2710 2446 quid
2739 2382 3035 2446 sequatur:
3063 2374 3134 2431 Et
3169 2375 3307 2431 Deus
3325 2377 3632 2445 clariﬁcatus
3653 2385 3714 2431 est
3729 2375 3769 2427 iii

2216 2485 2300 2525 eo.
2342 2468 2455 2541 Ego
2480 2470 2891 2526 excusationem
2931 2471 3106 2526 habeo
3134 2472 3202 2527 de
3232 2470 3374 2527 Filio
3417 2470 3677 2539 hominis,
3703 2468 3771 2523 ille

2218 2560 2287 2616 de
2315 2560 2473 2617 Patre
2502 2576 2609 2617 non
2628 2560 2822 2627 habet;
2847 2562 2970 2634 quia
2995 2562 3156 2619 Pater
3178 2578 3284 2620 non
3304 2564 3547 2636 suscepit
3571 2577 3768 2618 carnem.

2218 2654 2641 2711 Excusatiouem
2674 2654 2882 2719 habeo,
2915 2662 2971 2711 et
2997 2670 3104 2711 non
3133 2667 3294 2711 utor:
3328 2655 3423 2711 ille
3470 2670 3576 2711 non
3612 2654 3771 2717 habet,

2218 2757 2274 2805 et
2319 2748 2699 2804 calumniatur.
2730 2748 2837 2806 Aut
2857 2748 3178 2818 simpliciter
3219 2764 3306 2805 me
3330 2749 3570 2821 patiatur
3609 2744 3774 2803 intelli-

2219 2856 2386 2913 gere,
2419 2848 2512 2896 aut
2542 2842 2607 2895 ad
2633 2855 2853 2897 carnem
2899 2840 3110 2897 referre
3136 2856 3261 2911 quae
3305 2843 3492 2898 carnis
3535 2849 3668 2897 sunt.
3702 2837 3773 2893 Pis

2222 2950 2407 3003 mens,
2434 2951 2555 3006 qua:
2587 2934 2840 3005 leguntur
2865 2934 3167 2991 secundum
3196 2949 3416 2991 carnem
3445 2933 3774 2991 divinitatem-

2221 3043 2363 3100 que,
2394 3027 2717 3101 distinguit:
2749 3028 3012 3100 sacrilega
3044 3028 3360 3096 confundit,
3389 3037 3446 3083 et
3474 3028 3541 3082 ad
3567 3024 3777 3082 divinita-

2224 3123 2292 3178 tis
2323 3122 2614 3195 detorquet
2649 3124 2901 3195 iujuriam
2927 3165 2942 3189 ,
2973 3121 3235 3194 quidquid
3266 3121 3565 3179 secundum
3602 3117 3777 3176 humili-

2147 3218 2192 3279 C
2226 3227 2390 3274 tatem
2411 3218 2590 3275 carnis
2612 3227 2698 3275 est
2722 3218 2954 3274 dictum.

2720 3332 2882 3406 572
2933 3330 3163 3388 CAPUT
3218 3329 3315 3386 ιχ.

2219 3449 2447 3504 Iudaico
2469 3464 2614 3503 more
2635 3448 2868 3503 ordinem
2894 3447 3161 3502 verborum
3186 3461 3204 3500 :
3233 3444 3291 3499 In
3323 3445 3547 3499 nomine
3576 3440 3731 3499 Patris
3743 3446 3782 3492 et

2292 3540 2412 3597 Filii
2452 3550 2506 3597 et
2545 3540 2781 3611 Spiritus
2831 3538 3039 3605 sancti,
3085 3537 3481 3611 objicientibus,
3513 3543 3691 3605 prieter
3726 3546 3783 3585 re-

2290 3652 2535 3705 sponsum
2557 3634 2697 3706 quod
2736 3635 2813 3688 vir
2841 3642 3051 3689 sanctus
3077 3632 3274 3687 indicat
3314 3647 3346 3685 a
3374 3647 3430 3686 se
3459 3633 3580 3703 jam
3619 3628 3782 3688 datum,

2291 3730 2477 3803 regerit
2534 3729 2689 3783 etiam
2715 3727 2918 3783 Filium
2936 3736 3055 3783 ante
3085 3726 3299 3782 Patrem
3325 3740 3465 3795 siepe
3489 3724 3671 3780 locari.

2296 3868 2420 3924 116.
2453 3868 2634 3941 [Alias
2666 3884 2782 3940 cap.
2819 3864 2944 3939 lV.]
2996 3864 3136 3933 Quid
3162 3863 3310 3935 quod
3336 3862 3502 3917 etiam
3549 3871 3693 3915 more
3714 3852 3785 3909 Iu-

2222 3960 2379 4017 daico
2407 3959 2529 4016 falsi
2570 3968 2623 4015 et
2652 3958 2994 4028 impudentes
3040 3958 3372 4026 interpretes
3417 3953 3602 4009 Ariani
3631 3948 3787 4004 verbo-

2223 4068 2342 4108 rum
2390 4062 2517 4108 sunt
2565 4052 2905 4117 divinorum,
2960 4051 3206 4105 dicentes
3257 4061 3431 4118 usque
3472 4044 3607 4101 adeo
3658 4041 3784 4096 aliam

2223 4145 2398 4202 Patris
2413 4187 2428 4213 ,
2452 4145 2614 4199 aliam
2635 4145 2788 4210 Filii,
2810 4142 2969 4198 aliam
2983 4140 3220 4213 Spiritus
3246 4140 3420 4195 sancti
3448 4152 3570 4193 esse
3589 4141 3787 4207 potesta-

2225 4252 2333 4295 tem
2355 4283 2371 4309 ,
2400 4250 2460 4295 ut
2485 4241 2748 4311 scriptum
2778 4241 2851 4294 sit
2876 4256 2890 4294 :
2916 4237 2942 4292 l
2952 4248 3018 4306 te,
3046 4237 3221 4293 docete
3239 4252 3419 4292 omnes
3441 4243 3634 4307 gentes,
3654 4227 3786 4299 bapti-

2224 4344 2397 4390 zantes
2423 4353 2512 4390 eos
2541 4335 2595 4389 in
2625 4334 2832 4388 nomine
2860 4331 3037 4387 Patris
3061 4342 3115 4387 et
3145 4329 3276 4386 Filii
3316 4339 3363 4385 et
3396 4330 3618 4399 Spiritus
3653 4320 3788 4380 sancti

2224 4425 2454 4499 (Matth.
2481 4441 2671 4492 xxvtu,
2698 4424 2795 4498 19)
2822 4442 2837 4491 ;
2861 4432 2919 4480 et
2944 4438 3012 4480 ex
3043 4424 3334 4480 verborum
3357 4421 3551 4479 ordine
3567 4416 3787 4475 diﬂeren-

2225 4518 2353 4574 tiam
2381 4517 2580 4573 divinae
2620 4517 2825 4573 iaciunt
2857 4515 3189 4588 potestatis?

522 4608 700 4665 Iesse.
726 4610 803 4666 D3
820 4612 1038 4668 Christo
1071 4613 1252 4684 itaque
1280 4614 1410 4669 dicit
1431 4655 1447 4681 ,
1480 4616 1571 4685 qui
1599 4625 1822 4686 propter
1851 4631 1950 4673 nos
1974 4615 2113 4673 lilius
2142 4618 2195 4679 Ι)
2292 4613 2418 4669 117.
2469 4613 2581 4685 Ego
2623 4620 2806 4668 autem
2836 4613 2962 4668 licet
2991 4610 3095 4666 hoc
3126 4610 3300 4682 ipsum
3351 4607 3702 4665 testimonium
3739 4601 3780 4656 in

520 4706 731 4760 ancilla:
759 4704 933 4762 factus
955 4718 1069 4772 est,
1099 4709 1396 4765 secundum
1429 4709 1660 4765 formam
1682 4710 1951 4777 hominis;
1992 4727 2114 4766 nam

521 4798 819 4855 secundum
841 4798 1077 4856 divinam
1105 4802 1514 4872 generationem
1546 4817 1652 4858 non
1671 4811 1901 4858 matrem
1932 4802 2115 4868 habet,

516 4895 618 4950 sed
643 4893 866 4951 Patrem
893 4914 905 4949 :
937 4911 1036 4952 nec
1063 4896 1364 4967 corporalis
1390 4897 1597 4954 ventris
1627 4907 1713 4953 est
1745 4896 1954 4953 fructus
1974 4938 1990 4963 ,
2023 4894 2116 4951 sed

524 4988 859 5056 sempiterna
882 4985 976 5043 Dei
1009 4988 1201 5044 virtus.

597 5081 721 5136 115.
764 5079 907 5153 Ergo
927 5080 1089 5136 etiam
1119 5081 1251 5136 illud
1292 5096 1413 5137 cum
1443 5082 1677 5154 legimus
1702 5084 1828 5155 quia
1856 5082 1993 5139 dixit
2015 5080 2123 5136 Do-

526 5175 738 5230 minus:
771 5172 999 5246 Tempus
1043 5192 1209 5230 meum
1240 5175 1475 5229 nandum
1506 5177 1777 5246 impletum
1810 5186 1883 5231 est
1927 5173 2120 5248 (Joan.

526 5280 620 5332 vn,
643 5264 735 5337 8),
764 5275 821 5323 et
844 5284 857 5320 :
883 5265 1070 5321 Adhuc
1086 5266 1343 5321 modicum
1367 5265 1629 5322 vobiscum
1653 5284 1768 5321 sum
1789 5268 1805 5335 (
1826 5266 1984 5322 Joan.
2008 5281 2122 5330 xm,

600 5416 626 5443 “
668 5406 793 5461 Mss.
824 5406 1061 5476 aliquot,
1091 5422 1291 5460 servum
1339 5417 1503 5459 tuum.
1557 5404 1747 5461 Servus
1789 5414 1895 5471 est,
1924 5406 2001 5460 'iit
2019 5422 2123 5476 quo

527 5487 712 5533 unctus
740 5486 815 5530 est
847 5493 864 5531 :
894 5492 1069 5531 servus
1099 5485 1175 5530 est
1201 5477 1256 5530 in
1292 5492 1395 5547 quo
1424 5477 1774 5547 sanctiﬁcatus
1795 5487 1867 5530 est
1894 5494 1912 5532 :
1951 5494 2124 5533 seruus

526 5557 637 5620 est,
666 5549 721 5620 in
745 5564 844 5618 quo
873 5556 1074 5620 creatus
1100 5559 1208 5614 est,
1241 5556 1286 5602 et
1308 5546 1369 5602 ut
1394 5546 1698 5620 compendio
1727 5546 1929 5616 dicam,
1954 5558 2061 5605 etc.

600 5618 627 5656 ι)
659 5618 883 5688 Veteres
902 5619 1039 5688 edit.
1067 5634 1129 5674 ac
1162 5621 1343 5687 plures
1379 5617 1517 5675 mss;
1546 5617 1808 5686 Scriptum
1834 5630 1907 5673 est
1950 5622 2084 5675 enim
2107 5664 2122 5688 ,

531 5704 637 5762 non
661 5706 788 5762 nego
811 5703 831 5743 :
863 5687 1401 5762 Nunc..clariﬁcatus_
1425 5701 1504 5747 est
1534 5688 1702 5744 Filius
1740 5691 1981 5762 liminis.
2020 5687 2125 5747 Sed

530 5759 740 5843 uideant
765 5759 899 5885 guid
938 5759 1335 5846 adjectum'sit:
1366 5760 1705 5843 clari/iectus.
1727 5770 1799 5815 est
1834 5759 2003 5844 Ifilius
2026 5762 2125 5818 lto-

531 5847 705 5885 muns.
812 5830 985 5884 tdeant
1006 5840 1160 5885 etiam
1190 5834 1311 5885 auid
1341 5843 1603 5885 seattalm‘.
1641 5842 1744 5885 etc.
1776 5831 1918 5885 Edtt.
1966 5834 2123 5885 Ilum.

531 5830 705 5886 minis.
765 5830 985 5885 Videant
1003 5830 1160 5887 etiam
1190 5830 1311 5903 quid
1341 5830 1603 5906 sariuntur.
1641 5830 1744 5889 etc.
1776 5831 1918 5890 Edit.
1966 5834 2123 5889 llum.

2220 4706 2599 4775 superioribus
2622 4705 2777 4761 libris
2807 4720 2908 4777 pro
2928 4706 3138 4762 unitate
3161 4704 3496 4761 asseruerim
3528 4693 3789 4769 majesutis

2223 4812 2288 4854 ac
2309 4800 2577 4866 nominis,
2606 4808 2786 4855 tamen
2815 4799 2859 4854 si
2885 4799 3014 4855 hinc
3042 4799 3244 4856 iaciunt
3270 4798 3654 4871 quaestionem,
3683 4804 3787 4864 pos-

2224 4906 2342 4947 sum
2378 4893 2702 4948 testimoniis
2730 4906 2983 4948 asserere
3009 4872 3416 4962 Scripturarum
3462 4891 3514 4946 in
3545 4885 3790 4961 plerisque

2226 4984 2362 5041 locis
2398 4987 2547 5056 prius
2593 4983 2790 5041 Filium
2845 4984 3221 5051 nominatum,
3270 4992 3462 5053 postea
3490 4981 3689 5037 Patrem
3723 4972 3789 5027 di-

2228 5089 2397 5135 ctum.
2418 5078 2689 5151 Numquid
2713 5078 2879 5150 igitur
2894 5080 3020 5151 quia
3050 5077 3171 5134 Filii
3192 5076 3516 5149 signiﬁcatio
3536 5084 3651 5130 ante
3673 5079 3789 5140 pm

2231 5172 2396 5228 missa
2424 5181 2538 5239 est,
2566 5172 2890 5237 verborum,
2924 5181 2983 5229 ut
3031 5171 3218 5228 Ariani
3250 5170 3468 5235 volunt,
3507 5161 3786 5241 prejudicio

2236 5266 2398 5324 Pater
2425 5266 2698 5323 secundus
2735 5283 2765 5322 a
2794 5266 2936 5323 Filio
2976 5267 3106 5323 est?
3138 5265 3326 5333 Absit,
3372 5265 3612 5335 inquam,
3646 5251 3789 5311 absit.

2228 5421 2352 5463 cum
2396 5418 2527 5460 mss.
2577 5402 2882 5475 nonnullis,
2931 5411 2989 5458 ut
3034 5401 3086 5475 in
3117 5410 3287 5457 testu.
3319 5399 3471 5475 Licet
3495 5405 3660 5475 mutent
3696 5403 3784 5475 uoti

2229 5477 2462 5534 absurda
2492 5477 2563 5532 sit
2585 5476 2703 5545 ejus
2728 5474 2895 5530 lectio
2913 5515 2929 5541 ,
2963 5473 3119 5545 nobis
3145 5484 3322 5527 tamen
3349 5472 3513 5545 altera
3542 5472 3690 5545 magis
3713 5473 3788 5543 ξι·-

2229 5550 2463 5611 rideret,
2498 5549 2542 5602 si
2591 5538 2689 5616 pro
2733 5545 2786 5600 Ν
2792 5562 2894 5600 unc
2916 5538 3241 5616 clariﬁcatus
3268 5553 3343 5598 est
3374 5540 3537 5616 Filius
3561 5538 3784 5616 hominis,

2230 5622 2406 5692 primo
2455 5612 2855 5692 locojpositum
2901 5612 3080 5692 esset,
3133 5615 3198 5671 Si
3240 5631 3336 5692 ego
3362 5612 3787 5692 clariﬁccwfﬂf

2231 5682 2426 5763 ipsum,
2448 5700 2554 5747 etc.
2587 5682 2697 5744 ll'uc
2726 5688 2927 5763 quippe
2941 5688 3105 5745 modo
3129 5682 3445 5743 concinnior
3460 5689 3598 5741 esset
3619 5682 3789 5733 oratam

2233 5761 2319 5820 nis
2357 5770 2536 5820 textus
2566 5772 2622 5817 et
2643 5761 2834 5818 series.
