4016 6292
218 344 325 398 (1⁸15

1592 344 1678 398 DE
1722 342 1880 399 FIDE
1923 341 2052 397 LIB.
2097 343 2160 397 V.

3422 348 3528 403 674

213 457 403 515 Nescit
427 460 573 516 hunc
594 460 839 515 ordinem
858 459 1020 526 fides,
1050 460 1222 517 nescit
1243 459 1536 515 discretum
1561 458 1735 514 Patris
1758 467 1813 513 et
1842 459 1891 517 Α
1916 456 2050 525 28);
2105 466 2158 511 ct
2209 455 2335 510 alibi
2362 475 2374 508 :
2410 456 2520 526 Ego
2567 471 2682 510 sum
2732 456 3043 528 principium
3088 459 3230 526 quod
3255 469 3302 513 et
3341 460 3526 528 loquor

216 550 339 606 Filii
391 552 680 609 honorem.
715 552 831 608 Non
867 553 968 623 legi
1000 594 1014 618 ,
1047 567 1155 608 non
1197 551 1410 617 audivi,
1441 566 1541 607 nec
1578 551 1812 622 aliquem

215 646 268 700 in
319 645 435 702 Deo
481 646 660 702 inveni
703 644 948 716 gradum.
1000 643 1272 716 Nusquam
1316 643 1648 709 secundum,
1689 657 1815 697 nus-

214 753 378 808 quam
412 739 632 794 tertium
661 738 828 793 Deum
863 737 966 807 legi
995 756 1008 792 :
1056 737 1287 807 primum
1322 737 1457 808 legi,
1494 736 1725 807 primum
1752 750 1816 792 ac

214 830 392 886 solum
430 829 611 886 audivi
642 829 801 901 (Esai
833 845 979 895 xuv,
1009 828 1098 898 6).

288 925 412 980 118.
450 925 507 981 Si
554 924 762 980 ordinis
792 922 1065 995 exigimus
1107 922 1550 994 superstitionem
1572 964 1587 988 ,
1619 937 1720 978 nec
1747 921 1814 977 ad

214 1017 496 1074 dexteram
519 1017 697 1073 Patris
724 1017 920 1073 sedere
949 1017 1120 1072 Filius
1147 1017 1340 1083 debet,
1369 1032 1470 1072 nec
1493 1016 1726 1086 primum
1754 1030 1815 1072 se

214 1122 267 1167 ct
305 1111 630 1182 principium
663 1110 850 1167 debuit
890 1110 1095 1166 dicere.
1139 1111 1276 1166 Male
1306 1124 1438 1181 ergo
1469 1109 1814 1181 Evangelista

215 1205 367 1274 prius
393 1221 424 1260 a
448 1203 660 1271 Verbo,
691 1219 850 1274 quam
883 1219 914 1258 a
943 1203 1053 1260 Deo
1073 1204 1240 1274 ccepit
1260 1245 1273 1268 ,
1310 1203 1497 1259 dicens
1524 1221 1537 1256 :
1567 1202 1635 1256 In
1671 1204 1815 1274 prin-

213 1300 353 1369 cipio
380 1308 486 1354 erat
514 1297 764 1363 Verbum,
794 1309 842 1353 et
870 1298 1099 1352 Verbum
1124 1308 1234 1352 erat
1260 1298 1401 1370 apud
1431 1295 1595 1350 Deum
1617 1297 1810 1368 (Joan.

212 1407 254 1457 ι,
295 1392 312 1444 1
338 1390 602 1461 ).Elenim
623 1390 775 1460 juxta
809 1389 1028 1446 humani
1060 1391 1197 1445 ritus
1219 1388 1463 1446 ordinem
1489 1431 1502 1455 ,
1533 1390 1680 1458 prius
1710 1389 1814 1444 Pa-

212 1495 354 1541 trem
383 1484 571 1540 debuit
597 1484 899 1540 nominar‘e.
930 1483 1169 1540 Nescivit
1199 1484 1363 1539 etiam
1407 1483 1700 1553 Apostolus
1727 1497 1817 1537 or-

211 1576 399 1632 dinem
426 1617 442 1643 ,
484 1576 574 1647 qui
605 1575 682 1630 ait
707 1593 720 1628 :
757 1574 958 1631 Paulus
987 1593 1163 1631 seruus
1189 1576 1380 1630 Christi
1420 1575 1581 1639 Jesu,
1609 1584 1816 1629 uocatus

212 1671 485 1741 apostolus
503 1710 518 1733 ,
547 1681 842 1741 segregatus
868 1671 922 1723 itt
951 1668 1284 1741 Evangelium
1311 1668 1407 1722 Dei
1438 1671 1454 1740 (
1478 1668 1630 1722 Rom.
1662 1685 1701 1735 ι,
1728 1671 1752 1723 1
1775 1671 1812 1739 );

209 1774 268 1819 et
295 1763 429 1819 alibi
456 1782 468 1816 :
501 1761 681 1818 Gratia
702 1761 914 1817 Domini
947 1764 1108 1817 nostri
1127 1762 1252 1816 Jesu
1279 1762 1487 1827 Christi,
1515 1773 1562 1816 et
1590 1762 1818 1816 charitas

1922 550 2067 604 vobis
2099 549 2293 621 (.loan.
2323 566 2436 615 vttt,
2467 549 2604 618 25).
2645 549 2810 617 Quasi
2843 550 3038 618 homo,
3069 567 3097 604 a
3125 567 3312 607 senon
3345 556 3524 609 venit:

1919 644 2073 712 quasi
2106 643 2200 698 Dei
2235 642 2411 698 Filius
2455 659 2563 700 non
2591 659 2657 701 ex
2691 644 2912 700 homine
2936 646 3265 717 principium
3320 647 3485 704 habet
3513 666 3527 702 :

1919 741 2014 794 sed
2045 756 2189 805 sum,
2220 739 2413 810 inquit,
2451 740 2570 810 ipse
2598 740 2911 812 principium
2941 741 3079 811 quod
3107 750 3153 794 et
3175 741 3358 809 loquor
3389 742 3530 797 vobis

1923 833 2114 903 (Joan.
2146 849 2240 901 xu,
2275 835 2426 904 46):
2459 849 2636 906 neque
2679 834 2950 901 humana,
3000 834 3095 890 sed
3144 834 3327 891 divina
3370 845 3527 904 sunt,

1917 938 2039 993 qua:
2073 925 2291 980 locutus
2340 940 2480 981 sum.

1991 1017 2114 1071 122.
2149 1016 2334 1088 Neque
2377 1021 2523 1073 enim
2557 1019 2640 1074 fas
2683 1031 2767 1075 est
2803 1019 3030 1075 credere
3061 1019 3204 1090 quod
3240 1021 3525 1092 negaverit

1918 1109 1971 1164 in
2004 1127 2064 1166 se
2088 1126 2212 1166 esse
2243 1111 2580 1166 credundum
2604 1153 2619 1177 ,
2671 1127 2792 1168 cum
2841 1113 2958 1182 ipse
2987 1112 3222 1169 dixerit:
3260 1113 3329 1169 Ut
3360 1115 3527 1170 omnis

1919 1207 2004 1274 qui
2031 1207 2196 1261 credit
2216 1207 2269 1260 in
2293 1223 2393 1273 me,
2410 1207 2463 1261 in
2493 1206 2712 1262 tenebris
2733 1225 2834 1261 non
2861 1218 3062 1262 maneat
3087 1207 3267 1279 (Joan.
3295 1225 3375 1274 ιιι,
3401 1209 3522 1279 16);

1919 1308 1974 1353 ct
2001 1299 2130 1354 alibi
2158 1316 2171 1353 :
2208 1297 2332 1353 Htec
2355 1309 2432 1354 est
2461 1301 2596 1355 enim
2623 1301 2860 1354 uoluntas
2892 1299 3066 1354 Patris
3091 1302 3188 1354 mei
3214 1302 3301 1370 qui
3328 1318 3405 1355 me
3435 1302 3534 1355 mi-

1919 1394 2015 1458 sit,
2050 1401 2103 1446 ut
2135 1393 2302 1447 omnis
2321 1393 2410 1463 qui
2436 1394 2570 1448 videt
2594 1392 2794 1448 Filium
2821 1403 2867 1448 et
2897 1393 3058 1448 credit
3082 1394 3137 1448 in
3162 1411 3280 1450 eum
3305 1435 3318 1456 .
3347 1395 3530 1450 [rubeat

1918 1487 2075 1540 vitam
2120 1496 2365 1540 cateruam
2414 1485 2572 1556 (loan
2606 1503 2678 1551 vt,
2709 1487 2816 1555 40)
2849 1504 2863 1553 ;
2916 1497 2968 1542 et
2999 1487 3126 1543 alibi
3160 1505 3172 1540 :
3207 1487 3428 1542 Creditis
3476 1489 3531 1543 in

1926 1578 2125 1647 Deum,
2159 1591 2208 1635 et
2238 1581 2292 1635 in
2322 1597 2402 1636 me
2427 1581 2624 1636 credite
2649 1579 2842 1651 (Joan.
2882 1597 2991 1648 le,
3027 1584 3051 1637 1
3083 1583 3124 1652 ).

1996 1673 2119 1728 125.
2152 1673 2323 1729 Nemo
2350 1689 2481 1744 ergo
2514 1673 2711 1729 Filium
2757 1674 2875 1730 sine
2908 1675 3068 1730 Patre
3097 1675 3368 1746 accipiat,
3401 1670 3528 1748 quia

1923 1766 2117 1821 Filium
2146 1768 2394 1838 legimus.
2430 1768 2604 1824 liabet
2642 1768 2859 1824 Patrem
2893 1769 3093 1836 Filius,
3127 1769 3222 1826 sed
3256 1785 3365 1826 non
3394 1778 3525 1826 tem-

213 1858 338 1925 Dei,
368 1867 416 1912 et
440 1858 832 1912 communicatio
850 1857 1084 1925 Spiritus
1109 1857 1272 1911 sancti
1299 1856 1364 1926 (ll
1393 1854 1511 1908 Cor.
1549 1871 1666 1918 xm,
1701 1853 1811 1926 15).
1847 1855 1897 1916 B
1929 1860 2168 1929 poralem
2193 1902 2205 1924 ,
2249 1876 2355 1915 non
2405 1877 2474 1916 ex
2529 1861 2815 1930 passione,
2870 1877 2974 1918 non
3017 1879 3082 1918 ex
3131 1864 3526 1934 conceptione,

212 1953 273 2008 Si
295 1951 586 2007 verborum
607 1965 1001 2022 persequamur
1017 1950 1288 2014 ordinem,
1306 1957 1330 1984 ει
1352 1948 1403 2002 in
1430 1948 1604 2016 primo
1616 1947 1813 2002 Filium

215 2045 397 2114 posuit
415 2085 430 2108 ,
461 2043 513 2098 in
543 2041 785 2098 secundo
805 2041 1043 2097 Patrem.
1070 2040 1179 2097 Sed
1201 2041 1492 2096 verborum
1517 2039 1651 2094 ordo
1669 2054 1816 2109 sat-pe

213 2146 492 2198 mutatur;
541 2147 596 2191 et
641 2135 764 2190 ideo
797 2150 901 2189 non
933 2133 1104 2189 debes
1149 2134 1232 2189 vel
1275 2134 1342 2188 de
1379 2132 1603 2198 ordine,
1636 2133 1717 2187 vel
1749 2133 1816 2188 de

212 2231 387 2302 gradu
434 2230 580 2285 Patri
633 2229 742 2286 Deo
785 2238 841 2283 et
887 2228 1026 2284 Filio
1065 2228 1183 2298 ejus
1216 2228 1395 2284 facere
1422 2227 1812 2298 quaestionem,

211 2339 340 2380 cum
368 2322 668 2379 secundum
695 2322 1041 2378 divinitatem
1069 2321 1266 2377 divisio
1294 2321 1439 2377 nulla
1472 2321 1542 2376 sit
1570 2321 1812 2376 unitatis.

844 2435 1074 2491 CAPUT
1103 2435 1172 2490 Χ.

212 2554 443 2607 εινιιιιιοι
470 2551 539 2604 ad
571 2550 786 2622 gentiles
811 2547 985 2618 palam
1015 2548 1255 2614 transire,
1291 2547 1413 2600 dum
1453 2547 1699 2620 objiciunt
1725 2547 1817 2601 illa

288 2645 442 2698 verba
465 2658 484 2697 :
511 2642 615 2710 Qui
660 2642 710 2695 in
742 2655 828 2696 me
857 2639 1049 2705 credit,
1081 2654 1188 2693 non
1236 2639 1287 2692 iu
1326 2654 1413 2693 me
1459 2637 1668 2701 credit,
1708 2649 1812 2691 etc.

300 2737 464 2790 Verus
487 2735 585 2789 loci
606 2750 781 2788 sensus
803 2733 1117 2804 explicatur,
1145 2741 1191 2784 et
1222 2746 1281 2784 ne
1308 2730 1543 2785 credatur
1565 2727 1818 2784 Dominus

299 2840 535 2886 nostram
562 2831 614 2883 in
642 2830 809 2900 ipsum
840 2826 993 2896 ﬁdem
1025 2824 1349 2895 prohibuisse
1367 2866 1382 2890 ,
1410 2824 1542 2877 alias
1571 2834 1627 2877 ut
1653 2821 1814 2890 Deus,

287 2928 423 2982 alias
470 2934 525 2980 ut
570 2925 722 2978 homo
762 2923 962 2977 locutus
990 2920 1294 2975 ostenditur.
1321 2918 1448 2974 Mox
1487 2921 1640 2973 variis
1681 2921 1821 2992 ejus-

287 3023 407 3076 dem
437 3019 563 3090 ﬁdei
593 3017 854 3086 eﬁectibus
883 3016 1102 3088 prolatis
1128 3017 1181 3069 in
1227 3015 1449 3068 medium
1476 3055 1490 3080 ,
1525 3015 1657 3067 alios
1694 3030 1820 3080 quo-

287 3131 386 3187 que
413 3113 690 3168 nonnullos
731 3113 870 3166 locos
901 3111 1075 3165 eodem
1119 3109 1270 3164 modo
1313 3108 1587 3163 sumendos
1614 3107 1809 3177 probat.

1921 1971 2027 2010 non
2058 1971 2124 2011 ex
2151 1957 2345 2027 gratia.
2377 1957 2799 2014 Generationem
2849 1957 2986 2029 legi,
3016 1975 3122 2013 non
3174 1959 3277 2030 legi
3327 1975 3528 2016 conce-

1920 2050 2180 2118 ptionem.
2231 2050 2295 2104 Et
2340 2049 2506 2105 Pater
2550 2050 2714 2116 dicit,
2747 2051 2903 2122 genui
2944 2050 3135 2124 (Psal.
3168 2067 3225 2118 ιι,
3259 2052 3314 2122 7)
3345 2069 3358 2114 ;
3420 2067 3528 2107 non

1918 2141 2081 2209 dicit,
2114 2142 2334 2197 creavi:
2368 2150 2424 2197 et
2453 2142 2626 2198 Filius
2669 2157 2776 2197 non
2823 2151 3128 2200 creatorem
3163 2160 3319 2199 suum
3357 2145 3526 2200 Deum

1918 2234 2220 2290 secundum
2254 2235 2612 2290 mteruitatem
2637 2235 2838 2291 divina:
2861 2237 3262 2306 generationis,
3295 2237 3389 2292 sed
3428 2236 3528 2290 Pa-

1921 2335 2058 2382 trem
2083 2327 2348 2381 nominat.

1993 2419 2118 2475 124.
2161 2420 2233 2476 Se
2271 2436 2488 2491 quoque
2516 2437 2662 2477 nunc
2689 2437 2757 2478 ex
2790 2437 3020 2492 persona
3063 2423 3335 2491 hominis,
3381 2440 3525 2481 nunc

1921 2513 1974 2567 in
2007 2509 2101 2569 Dei
2135 2513 2420 2583 majestate
2461 2514 2775 2585 signifiestt:
2808 2530 2952 2570 nunc
2981 2513 3266 2572 'unitatem
3299 2517 3400 2572 sibi
3443 2517 3528 2573 di-

1920 2608 2160 2663 vinitatis
2182 2625 2305 2663 eum
2332 2609 2443 2662 Deo
2468 2608 2627 2664 Patre
2658 2609 2969 2676 vindicans,
3001 2625 3146 2666 nunc
3177 2610 3526 2681 fragilitatem

1921 2700 2172 2755 humana:
2205 2701 2386 2756 carnis
2416 2715 2734 2757 assumens:
2767 2718 2908 2758 nunc
2933 2703 3240 2758 doctrinam
3273 2719 3427 2760 suam
3460 2720 3525 2762 se

1923 2809 2028 2849 non
2058 2794 2263 2851 habere
2281 2837 2295 2860 ,
2324 2809 2469 2850 nunc
2484 2795 2820 2851 voluntatem
2845 2811 2997 2851 suam
3023 2811 3081 2851 se
3110 2812 3217 2850 non
3243 2812 3526 2867 quaerere:

1922 2902 2064 2942 nunc
2095 2887 2466 2943 testimonium
2513 2903 2668 2943 suum
2705 2903 2893 2943 verum
2932 2903 3039 2944 non
3064 2904 3187 2945 esse
3210 2931 3224 2954 ,
3258 2904 3400 2945 nunc
3431 2906 3527 2946 ve-

1921 2996 2038 3034 rum
2073 2995 2197 3036 esse
2241 2981 2578 3051 significans.
2629 2981 2763 3036 Nam
2812 2982 2926 3054 ipse
2970 2981 3143 3036 dixit:
3179 2982 3240 3037 Si
3270 2998 3362 3053 ego
3393 2985 3534 3037 testi-

1921 3073 2151 3126 monium
2181 3073 2420 3142 per/tibeo
2452 3072 2515 3126 de
2544 3089 2622 3126 me
2657 3074 2793 3142 ipso,
2827 3073 3179 3128 testimonium
3224 3090 3393 3128 meum
3424 3091 3530 3129 non

1921 3176 1992 3221 est
2014 3183 2184 3220 verum
2205 3165 2402 3238 (loan.
2425 3181 2479 3232 v,
2508 3167 2571 3221 51
2601 3164 2640 3234 ).
2677 3165 2744 3220 Ει
2775 3167 2891 3236 ipse
2918 3167 2969 3220 in
2990 3167 3388 3238 posterioribus
3411 3169 3521 3222 ait;

297 3255 422 3312 H9.
455 3255 538 3311 Ad
562 3264 864 3310 extremum
899 3238 957 3307 ut
986 3250 1318 3307 christianos
1346 3265 1406 3305 se
1429 3264 1533 3303 non
1566 3261 1686 3303 esse
1709 3262 1817 3300 ma-

1935 3257 1991 3312 Et
2031 3260 2076 3313 si
2105 3276 2196 3331 ego
2226 3261 2569 3314 testimonium
2601 3259 2842 3329 perhibeo
2871 3259 2935 3314 de
2962 3275 3042 3314 me
3066 3301 3080 3327 ,
3134 3275 3306 3313 verum
3349 3269 3421 3314 est
3451 3267 3528 3314 te-

219 3349 519 3415 nifestent,
553 3358 752 3419 negant
787 3347 842 3401 in
869 3345 1145 3401 Christum
1195 3358 1316 3399 esse
1345 3341 1707 3404 credendum,
1739 3339 1819 3393 di-

213 3451 415 3498 centes
440 3439 700 3508 scriptum
725 3453 849 3494 esse
875 3455 888 3492 :
919 3438 1022 3506 Qui
1052 3438 1105 3490 in
1130 3452 1208 3489 me
1229 3434 1393 3490 credit
1415 3475 1428 3499 ,
1459 3451 1557 3487 non
1585 3432 1744 3486 credit
1766 3432 1820 3485 in

213 3553 330 3601 me,
365 3535 456 3589 sed
485 3535 537 3588 in
565 3551 677 3589 eum
707 3534 792 3604 qui
834 3549 914 3586 me
953 3513 1097 3585 misit
1135 3527 1322 3601 (Joan.
1359 3543 1453 3594 xtt,
1509 3525 1577 3580 44
1599 3527 1638 3594 ).
1672 3524 1820 3580 llauc

208 3647 318 3704 ego
352 3629 737 3701 exspectabam
773 3627 1211 3691 confessionem,
1243 3623 1370 3696 quid
1393 3637 1479 3678 me
1497 3620 1818 3693 quibusdam

207 3723 544 3795 ambagibus
572 3721 888 3777 ludebatis?
929 3719 1180 3776 Sciebam
1227 3717 1358 3771 mihi
1389 3715 1673 3771 adversum
1691 3729 1821 3784 gen-

206 3821 344 3876 tiles
363 3833 488 3874 esse
515 3801 923 3872 contentionem
953 3831 966 3866 :
999 3813 1158 3886 573
1187 3810 1281 3867 sed
1310 3810 1384 3865 illi
1407 3815 1816 3869 convertuntur,

204 3928 312 3967 vos
344 3926 454 3967 non
487 3907 891 3965 convertimini.
921 3905 1005 3960 Illi
1037 3906 1081 3959 si
1109 3903 1363 3968 credant,
1395 3901 1603 3957 salvum
1629 3910 1711 3956 est
1736 3915 1815 3955 sa-

201 4012 562 4061 cramentum
606 4020 618 4054 :
653 4014 753 4055 vos
794 3996 1109 4070 perdidistis
1150 4003 1465 4066 acceptum;
1497 4003 1553 4049 et
1585 4007 1683 4048 nec
1711 4006 1823 4047 coc-

205 4108 373 4170 ptum
411 4096 680 4162 fortasse,
709 4091 806 4149 sed
850 4095 1055 4148 fictum.

284 4193 419 4248 120.
463 4189 738 4260 Scriptum
789 4195 898 4252 est,
954 4185 1208 4257 inquiunt
1236 4202 1247 4238 :
1280 4184 1380 4251 Qui
1419 4184 1471 4237 in
1514 4199 1592 4237 me
1617 4183 1818 4247 credit,

201 4307 313 4343 mm
348 4289 406 4342 in
435 4303 515 4340 me
535 4284 734 4352 credit,
761 4283 851 4338 sed
881 4285 933 4337 in
959 4298 1072 4336 eum
1093 4281 1183 4352 qui
1213 4266 1292 4333 me
1318 4280 1475 4334 misit.
1506 4277 1612 4335 Sed
1641 4277 1822 4332 videte

197 4380 343 4453 quid
380 4390 670 4449 sequatur,
703 4384 759 4432 et
785 4376 966 4431 videte
1016 4374 1095 4430 sic
1139 4371 1594 4444 quemadmodum
1632 4386 1692 4426 se
1727 4369 1822 4425 Dei

198 4475 392 4530 Filius
419 4472 536 4529 vult
565 4470 768 4535 videri;
801 4468 1050 4540 sequitur
1075 4468 1255 4523 enim:
1291 4465 1358 4520 Et
1397 4466 1484 4535 qui
1524 4465 1655 4518 videt
1704 4479 1781 4516 me
1806 4503 1819 4528 ,

198 4572 347 4626 videt
399 4585 514 4623 eum
557 4567 646 4638 qui
677 4582 756 4620 me
803 4565 940 4618 misit
993 4561 1190 4634 (Joan.
1220 4577 1310 4627 xu,
1348 4559 1495 4630 45),
1547 4558 1649 4614 ltoc
1701 4566 1820 4624 est,

1924 3352 2220 3406 stimont’um
2245 3369 2410 3406 meum
2443 3351 2644 3424 (Joatt.
2677 3367 2792 3416 vm,
2831 3350 2950 3422 14).

1999 3443 2122 3498 125.
2165 3444 2448 3512 Quomodo
2474 3444 2640 3516 igitur
2665 3461 2770 3500 non
2803 3455 2888 3500 est
2919 3460 3105 3501 verum
3149 3445 3524 3502 testimonium

1927 3547 2108 3604 tuum,
2146 3537 2370 3593 Domine
2399 3537 2561 3604 Jesu,
2593 3539 2679 3594 cui
2709 3538 2802 3608 qui
2829 3538 3084 3604 credidit,
3121 3539 3172 3594 in
3204 3553 3369 3595 cruce
3401 3539 3530 3596 licet

1926 3631 2157 3701 positus,
2187 3640 2243 3685 et
2273 3631 2412 3686 inter
2441 3630 2679 3688 confessi
2718 3631 2943 3688 sceleris
2965 3633 3229 3703 supplicia
3258 3633 3526 3688 constitu-

1928 3733 2044 3790 ttts,
2092 3724 2286 3779 merita
2307 3723 2540 3778 latronis
2569 3724 2748 3788 exuit,
2786 3725 3005 3794 prtemia
3041 3724 3348 3781 innocentis
3378 3740 3527 3782 emc-

1925 3819 2035 3878 ruit
2065 3818 2236 3881 (Luc.
2282 3834 2438 3883 χχιιι,
2480 3819 2542 3873 41
2586 3826 2633 3872 et
2673 3816 2852 3889 seq.)?

2000 3912 2122 3967 126.
2168 3911 2433 3981 Deceptus
2460 3919 2698 3982 estergo
2738 3910 2972 3977 Paulus,
3016 3911 3105 3980 qui
3154 3911 3274 3967 ideo
3316 3911 3526 3982 recepit

1925 4005 2147 4072 oculos,
2199 4004 2322 4074 quia
2375 4003 2645 4065 credidit,
2697 4019 2836 4075 quos
2893 4005 3186 4070 amiserat,
3238 4015 3528 4076 antequam

1926 4097 2178 4154 crederet
2207 4097 2362 4168 (Act.
2412 4111 2487 4160 ιιι,
2530 4095 2680 4167 18)“1

2000 4190 2123 4246 127.
2170 4189 2458 4245 Erravitne
2485 4188 2650 4244 etiam
2681 4188 2842 4244 lesus
2868 4188 3015 4245 Nave
3036 4231 3050 4256 ,
3080 4192 3170 4260 qui
3201 4189 3394 4246 ducem
3425 4191 3530 4245 nti-

1929 4284 2060 4339 litizn
2105 4283 2346 4339 cmlestis
2383 4283 2648 4354 agnovit?
2693 4283 2800 4338 Sed
2851 4292 3204 4354 posteaquam
3252 4282 3526 4351 credidit,

1927 4375 2091 4450 574
2132 4377 2312 4431 statim
2341 4374 2506 4443 vicit,
2539 4375 2736 4447 dignus
2781 4376 2874 4447 qui
2924 4375 3052 4430 lidei
3103 4374 3294 4446 prazlio
3341 4375 3533 4429 trium~

1926 4472 2139 4541 pharet.
2177 4470 2414 4542 Denique
2446 4485 2551 4526 non
2584 4477 2778 4525 aeratas
2810 4469 2954 4525 acies
2992 4473 3044 4524 In
3077 4469 3215 4524 bella
3247 4468 3526 4540 produxit,

1928 4579 2030 4619 nec
2057 4563 2257 4630 ariete,
2287 4562 2610 4632 ueterisque
2641 4570 3038 4619 tormentorum
3083 4561 3348 4616 machinis
3368 4603 3383 4629 ,
3430 4561 3529 4617 sed

195 4668 334 4737 quia
372 4665 536 4719 Pater
561 4661 776 4717 videtur
820 4659 872 4714 in
903 4657 1060 4712 Filio.
1095 4656 1360 4727 Exposuit
1391 4655 1551 4726 igitur
1591 4653 1644 4709 id
1673 4651 1816 4724 quod
1846 4643 1897 4703 Ι)
1926 4656 2176 4710 ιιι1ι.ιιιιιιι
2206 4665 2414 4724 septem
2445 4653 2868 4710 sacerdotalium
2903 4669 3070 4719 sono,
3102 4669 3380 4709 murorum
3433 4653 3531 4709 ho-

194 4767 336 4813 ante
372 4754 672 4825 praemisit,
700 4750 828 4823 quia
860 4750 950 4806 ille
979 4748 1157 4804 credit
1185 4749 1236 4804 in
1270 4747 1500 4812 Filium,
1531 4746 1624 4816 qui
1653 4746 1826 4802 conli-

198 4860 367 4905 tetur
399 4856 454 4902 et
480 4845 721 4901 Patrem.
755 4843 887 4898 Nam
915 4842 1007 4914 qui
1032 4840 1230 4896 Filium
1263 4839 1463 4904 nescit,
1497 4852 1595 4893 nec
1609 4837 1821 4892 Patrem

193 4943 405 5005 novit;
448 4939 628 4994 omnis
656 4935 800 4993 enim
849 4935 941 5006 qui
991 4944 1152 5006 negat
1195 4933 1420 4999 Filium,
1467 4947 1568 4987 nee
1605 4931 1820 4987 Patrem

192 5037 387 5094 habet
417 5053 430 5091 :
456 5035 547 5106 qtti
575 5032 866 5090 confitetur
891 5030 1089 5086 Filium
1121 5073 1135 5097 ,
1165 5040 1220 5087 et
1251 5029 1447 5084 Filium
1474 5070 1490 5096 ,
1515 5037 1569 5084 et
1606 5028 1821 5084 Patrem

192 5132 412 5190 habet.

277 5226 424 5282 121.
455 5223 597 5292 Quid
625 5233 708 5280 est
733 5239 901 5296 ergo:
941 5220 1064 5276 Non
1096 5221 1254 5275 credit
1293 5221 1346 5274 in
1377 5223 1496 5274 me?
1534 5219 1652 5274 Non
1685 5219 1738 5273 in
1773 5217 1824 5272 id

190 5317 360 5393 quod
397 5315 756 5387 corporaliter
780 5314 1024 5380 cernitis,
1063 5313 1253 5368 nonin
1285 5311 1556 5366 hominem
1592 5319 1824 5365 tantum-

190 5412 385 5470 modo
411 5453 428 5477 ,
459 5425 621 5481 quem
669 5408 903 5465 videtis:
938 5424 1045 5463 non
1095 5408 1240 5464 enim
1274 5406 1327 5461 in
1377 5405 1649 5461 hominem
1702 5415 1822 5460 tan-

192 5501 508 5562 tummodo
549 5499 883 5556 eredendum
931 5501 1198 5563 asseruit,
1237 5498 1333 5554 sed
1363 5507 1419 5553 ut
1463 5497 1658 5553 credas
1698 5498 1823 5567 quia

189 5599 379 5656 Jesus
434 5593 682 5650 Christus
711 5593 828 5664 ipse
853 5602 937 5649 est
967 5593 1060 5648 Dei
1090 5591 1260 5648 Filius
1286 5602 1342 5647 et
1375 5591 1561 5647 homo.
1597 5590 1823 5660 Propter

189 5690 360 5766 quod
403 5699 465 5744 ct
495 5697 782 5758 utrumque
807 5687 918 5741 ait:
947 5686 992 5740 A
1018 5688 1214 5756 meipso
1245 5702 1346 5740 non
1376 5685 1488 5739 ueni
1517 5684 1697 5755 (Joan.
1727 5700 1820 5750 vn,

278 5817 308 5843 ει
344 5805 491 5860 Mss.
520 5802 790 5864 nonnulli,
813 5803 862 5855 iu
889 5802 1141 5873 principio
1169 5799 1384 5873 lj‘ilium.

277 5877 310 5918 ι’
348 5876 498 5935 Mss.
547 5875 820 5942 nonnulli,
854 5875 938 5928 Ita
968 5871 1131 5945 futuri
1173 5871 1299 5928 Jesu
1343 5889 1557 5938 nomen,
1591 5880 1694 5926 etc.
1741 5871 1835 5926 Mi-

1925 4747 2128 4802 stilium
2163 4755 2314 4817 septa
2347 4746 2624 4816 deposuit.
2657 4745 2737 4802 Ita
2785 4747 2987 4802 bellum
3035 4747 3272 4803 immane
3298 4748 3533 4803 confecit

1929 4841 2072 4895 tuba:
2104 4841 2357 4911 clangor,
2387 4847 2444 4895 et
2473 4839 2645 4895 infula
2674 4840 2979 4896 sacerdotis
3022 4839 3222 4912 (Josue
3247 4857 3297 4895 vt
3321 4839 3362 4912 ).

2006 4933 2125 4989 128.
2173 4932 2318 4988 Vidit
2346 4933 2448 4988 hoc
2477 4933 2771 5003 meretrix,
2805 4944 2859 4990 et
2902 4949 3022 5006 qua:
3067 4935 3118 4990 in
3153 4933 3366 4990 excidio
3392 4934 3530 4989 civi-

1930 5027 2055 5081 tatis
2083 5026 2322 5081 remedia
2365 5026 2683 5097 desperaret
2705 5028 2932 5094 salutis,
2976 5029 3098 5099 quia
3133 5029 3269 5083 fides
3308 5029 3530 5095 vicerat,

1930 5121 2080 5192 signa
2134 5119 2259 5176 lldei
2289 5130 2452 5192 atque
2482 5123 2677 5177 vexilla
2710 5122 3009 5179 Dominicm
3053 5121 3323 5193 passionis
3364 5123 3534 5177 attol-

1931 5212 2084 5278 lens,
2116 5227 2337 5268 coccum
2369 5213 2421 5268 in
2455 5211 2691 5268 fenestra
2721 5214 2942 5286 ligavit;
2976 5223 3034 5268 ut
3073 5215 3285 5286 species
3324 5214 3536 5270 cruoris

1932 5304 2143 5376 mystici
2191 5320 2311 5376 qua:
2359 5304 2498 5361 foret
2526 5304 2786 5360 mundum
2832 5304 3220 5374 redemptura,
3275 5314 3530 5362 vernaret

1931 5398 2138 5470 (Iosue
2167 5400 2268 5469 ιι).
2304 5398 2330 5438 b
2360 5399 2435 5454 lla
2472 5400 2602 5456 foris
2633 5401 2762 5458 Jesu
2792 5415 2989 5456 nomen
3021 5399 3119 5454 fuit
3157 5401 3533 5470 praeliantibus

1929 5492 1996 5548 ad
2031 5493 2316 5548 victoriam
2337 5532 2355 5558 ,
2386 5493 2528 5548 intus
2558 5494 2767 5564 species
2811 5491 3108 5547 Dominiea:
3140 5493 3406 5562 passionis
3433 5511 3534 5566 pe-

1930 5585 2296 5642 riclitantibus
2326 5586 2391 5642 ad
2424 5588 2676 5644 salutem.
2703 5586 2857 5642 Unde
2878 5586 3001 5656 quia
3035 5585 3312 5643 intellexit
3337 5587 3528 5649 llahab
3591 5587 3598 5594 ’

1931 5684 2156 5740 cteleste
2189 5681 2544 5754 mysterium,
2569 5679 2700 5735 dicit
2739 5677 3002 5735 Dominus
3045 5680 3098 5736 in
3143 5680 3389 5752 psalmo.
3424 5682 3576 5744 Μαο-

1928 5814 2028 5854 nus
2060 5798 2323 5869 apposite.
