4016 6292
544 321 649 378 670

1913 317 2160 375 ssnon
2198 319 2522 376 Attenes"
2855 299 2865 311 '
3693 328 3768 387 tu

535 436 657 492 cba:
683 445 810 491 sunt
831 443 888 492 et
914 436 1218 508 prophetat,
1241 433 1311 492 de
1335 435 1532 504 quibus
1557 435 1818 504 scriptum
1845 444 1932 488 83'.
1965 453 1976 489 :
2003 435 2132 490 Cant
2160 441 2214 500 Α
2237 439 2514 509 subjectus
2534 449 2621 496 est
2651 440 2845 506 Filius,
2879 441 3005 512 quia
3039 455 3181 496 uitus
3203 449 3293 497 est
3313 439 3563 502 Christus.
3582 447 3771 516 Quorum

535 531 768 586 videritis
795 530 1078 597 Abraham,
1108 529 1262 586 Isaac
1287 539 1335 584 et
1358 527 1546 596 Jacob,
1581 540 1626 584 et
1657 547 1832 585 omnes
1860 530 2138 602 prophetas

534 624 591 678 in
621 641 780 695 regno
811 623 910 679 Dei
944 623 1097 696 (Luc.
1127 639 1243 691 xm,
1266 623 1394 697 28);
1422 629 1483 678 ut
1498 622 1609 692 jam
1645 623 1891 693 pleniore
1921 623 2020 679 Dei
2045 639 2139 678 co-

537 717 784 788 gnitione
811 716 1101 788 patiamur.

614 811 740 867 155.
774 810 883 866 Sed
915 810 968 864 in
1002 809 1124 864 Filii
1155 823 1322 880 regno
1354 817 1409 864 et
1439 807 1599 863 Pater
1629 819 1838 879 regnat,
1871 819 1927 864 et
1966 810 2020 864 in
2050 823 2139 864 re-

537 919 644 977 gno
675 901 853 958 Patris
887 900 1057 958 Filius
1089 909 1302 972 regnat,
1340 900 1465 972 quia
1497 899 1661 956 Pater
1709 901 1761 955 in
1788 899 1950 967 Filio,
1990 911 2046 956 et
2083 900 2136 955 in

538 997 702 1056 Patre
723 997 892 1054 Filius
921 1015 936 1052 :
967 1005 1022 1052 et
1046 996 1098 1050 in
1125 1010 1235 1066 quo
1258 995 1467 1050 habitat
1487 993 1684 1062 Filius,
1717 994 1924 1050 habitat
1950 1005 2004 1050 et
2035 993 2138 1048 Pa-

539 1103 650 1160 ter;
683 1102 739 1150 et
767 1093 818 1148 in
849 1106 958 1164 quo
990 1091 1196 1146 habitat
1221 1089 1405 1156 Pater,
1440 1088 1649 1144 habitat
1678 1096 1735 1145 et
1775 1088 1969 1156 Filius,
2001 1088 2141 1144 sicut

539 1187 655 1257 ipse
679 1185 752 1240 ait
784 1201 798 1238 :
833 1182 946 1254 Ego
975 1191 1022 1237 et
1050 1179 1210 1237 Pater
1239 1181 1308 1235 ad
1323 1198 1440 1236 eum
1466 1181 1744 1248 veniemus,
1778 1192 1830 1236 et
1853 1179 1996 1250 apud
2025 1197 2142 1234 eum

540 1281 851 1336 mansionem
886 1278 1134 1350 faciemus
1163 1275 1345 1348 (Joan.
1391 1291 1500 1340 utv,
1530 1274 1648 1348 25).
1686 1276 1826 1345 Ergo
1854 1273 1990 1329 sicut
2037 1289 2141 1330 una

535 1373 764 1439 domus,
811 1372 881 1426 ita
913 1377 972 1426 et
1000 1384 1165 1425 unum
1195 1383 1447 1439 regnmn.
1485 1367 1735 1438 Eousque
1763 1375 1944 1422 autem
1975 1381 2141 1421 unum

533 1467 714 1524 Patris
738 1475 792 1522 et
823 1463 943 1520 Filii
975 1478 1202 1534 regnum
1230 1470 1336 1529 est,
1367 1471 1426 1516 ut
1451 1460 1598 1533 quod
1623 1459 1789 1515 Filius
1823 1459 2006 1528 tradit,
2040 1458 2141 1513 Pa-

535 1569 621 1616 ter
637 1557 853 1630 accipit,
877 1565 930 1613 et
951 1555 1097 1627 quod
1123 1555 1287 1611 Pater
1314 1553 1568 1625 accipiat,
1595 1553 1764 1609 Filius
1781 1567 1888 1608 non
1907 1556 2140 1606 amittat.

535 1652 684 1725 Ergo
713 1652 767 1707 in
796 1666 906 1706 uno
935 1665 1105 1721 regno
1137 1649 1315 1704 unitas
1333 1647 1620 1719 potestatis
1649 1656 1752 1702 est.
1785 1645 1954 1701 Nemo
1979 1644 2145 1716 igitur

535 1745 703 1818 578
729 1743 1070 1800 divinitatem
1105 1741 1249 1797 inter
1290 1741 1509 1796 Patrem
1533 1737 1838 1810 Filiumque
1867 1745 2141 1794 secernat.

540 1919 663 1980 Qua:
688 1913 868 1967 Christi
889 1911 1123 1976 subiectio
1145 1911 1228 1975 sit,
1269 1911 1580 1978 quazsiturus,
1605 1909 1686 1962 ubi
1719 1908 2038 1975 subjectiones
2060 1921 2146 1960 va-

599 1999 703 2054 rias
724 1999 972 2066 proposuit
993 2011 1052 2049 ac
1075 1995 1268 2062 rejecit,
1293 1996 1622 2061 Apostolicum
1664 2002 1849 2048 textum
1866 1995 2145 2058 percurrit;

601 2085 733 2137 unde
751 2081 953 2150 impiam
970 2079 1190 2147 explodit
1211 2078 1554 2132 htereticorum
1576 2078 1668 2129 hac
1695 2079 1757 2130 de
1777 2092 1832 2129 re
1853 2076 2143 2142 Opinionem.

601 2167 956 2237 Subjectionem
979 2179 1092 2234 qute
1112 2166 1280 2232 futura
1299 2165 1622 2231 signiﬁcatur,
1640 2163 1906 2217 divinitatis
1926 2177 2030 2216 esse
2051 2178 2147 2216 non

603 2255 775 2320 posse";
821 2266 934 2305 cum
966 2249 1094 2302 inter
1118 2253 1320 2302 Patrem
1362 2256 1408 2300 et
1446 2247 1632 2299 Filium
1667 2247 1922 2300 voluntatis
1958 2261 2150 2298 summa

601 2351 792 2404 semper
817 2335 966 2401 fuerit
988 2333 1271 2387 concordia.
1316 2331 1476 2384 Etiam
1519 2331 1682 2382 eidem
1721 2329 1854 2382 Filio
1875 2330 2148 2383 secundum

605 2420 906 2475 divinitatem
928 2433 1042 2473 vere
1057 2417 1220 2471 omnia
1243 2415 1459 2483 subjecta
1481 2430 1604 2480 esse,
1623 2423 1673 2468 at
1694 2416 1910 2468 nondum
1929 2413 2148 2480 subiecta

602 2507 692 2560 hoc
715 2519 857 2559 sensu
879 2504 1001 2568 dici,
1023 2502 1152 2569 quod
1169 2502 1274 2566 ejus
1313 2499 1560 2554 mandatis
1597 2515 1692 2554 non
1739 2505 1944 2566 pareant
1983 2513 2148 2552 anates

599 2591 815 2646 homines
843 2604 860 2642 :
881 2588 966 2658 qui
987 2595 1238 2654 postquam
1255 2587 1354 2639 illis
1372 2583 1554 2652 fuerint
1577 2583 1778 2646 subditi,
1795 2593 1899 2636 tum
1923 2582 2148 2636 Christus

603 2674 654 2730 in
671 2673 750 2729 his
764 2672 1065 2742 subjicietur,
1092 2679 1137 2724 et
1159 2669 1327 2724 Patris
1347 2683 1468 2735 Opus
1487 2669 1755 2736 perfectura
1777 2670 1888 2720 erit.

617 2759 740 2816 154.
786 2757 952 2832 [Alias
987 2773 1102 2829 cap.
1148 2753 1267 2828 VL]
1294 2754 1449 2824 Quod
1481 2754 1526 2808 si
1553 2753 1700 2808 Patri
1728 2764 1782 2809 et
1809 2753 1947 2808 Filio
1977 2768 2144 2808 unum

540 2852 636 2910 Dei
667 2866 864 2908 nomen
896 2857 954 2907 et
977 2849 1068 2920 jus
1095 2856 1202 2914 est,
1234 2862 1356 2904 cum
1389 2846 1534 2901 Deus
1565 2860 1747 2912 verus,
1779 2853 1834 2900 et
1865 2859 1957 2900 rex
2002 2861 2144 2900 sem-

539 2946 790 3020 piternus
815 2944 888 2998 sit
917 2942 1083 3000 etiam
1117 2939 1210 2996 Dei
1243 2937 1448 3006 Filius;
1489 2954 1598 2994 non
1625 2938 1816 3009 utique
1845 2937 2142 2995 secundum

539 3038 881 3096 divinitatem
913 3035 1190 3115 subjectus
1217 3042 1302 3088 est
1332 3031 1432 3088 Dei
1472 3031 1664 3087 Filius.
1697 3031 2010 3101 Subjectum
2045 3032 2146 3086 ita-

538 3147 670 3205 que,
723 3130 1028 3202 Imperator
1055 3136 1307 3200 auguste,
1351 3125 1808 3198 quemadmodum
1850 3125 2143 3182 debeamus

541 3226 815 3296 accipere,
843 3223 1277 3281 consideremus.

615 3316 739 3374 155.
771 3317 1059 3386 Quomodo
1080 3316 1225 3372 enim
1249 3313 1528 3384 subjectus
1549 3314 1647 3370 Dei
1668 3314 1878 3370 Filius?
1901 3314 1970 3371 Ut
1991 3329 2146 3370 crea-

541 3421 660 3468 tura
682 3410 951 3467 vanitati?
973 3409 1082 3470 Sed
1115 3411 1340 3482 impium
1365 3421 1451 3469 est
1477 3409 1546 3466 de
1569 3409 1873 3465 divinitatis
1893 3408 2146 3464 substan-

542 3503 614 3560 tia
649 3503 756 3560 tale
781 3503 984 3574 aliquid
1019 3505 1318 3559 :estimare.

620 3592 744 3650 156.
776 3595 858 3650 An
889 3593 1348 3666 quemadmodum
1377 3602 1626 3652 creatura
1654 3594 1833 3650 omnis
1855 3592 1953 3649 Dei
1979 3591 2142 3659 Filio,

542 3688 669 3761 quia
703 3701 858 3759 teque
894 3687 1158 3758 scriptum
1190 3697 1310 3744 est:
1349 3685 1535 3742 Omnia
1565 3687 1828 3760 subjecisti
1865 3686 1958 3741 sub
2003 3687 2146 3756 pedi-

545 3781 640 3840 bus
666 3785 779 3856 ejus
820 3779 997 3856 (Psal.
1029 3796 1145 3849 Vlll,
1172 3778 1270 3852 8)?
1309 3776 1419 3838 Sed
1464 3797 1573 3837 non
1601 3779 1851 3838 Christus
1894 3779 1995 3836 sibi
2028 3781 2146 3850 ipse

547 3873 828 3945 subjectus
859 3883 966 3932 est.

615 3966 743 4024 157.
767 3973 849 4023 An
871 3965 1334 4046 quemadmodum
1359 3965 1554 4023 mulier
1567 3967 1706 4033 viro,
1722 3965 1864 4023 sicut
1881 3965 2142 4037 legimus:

545 4058 788 4117 Mulieres
816 4062 939 4118 viris
976 4062 1085 4117 suis
1123 4058 1372 4132 subjecta:
1400 4061 1503 4114 sint
1549 4057 1768 4132 (Ephes.
1823 4075 1878 4124 v,
1910 4058 2044 4131 22);
2092 4067 2148 4113 et

540 4156 670 4212 alibi
702 4174 716 4212 :
750 4155 944 4213 Mulier
968 4157 1023 4212 in
1065 4156 1270 4211 silentio
1295 4155 1460 4210 discat
1491 4172 1607 4210 cum
1651 4155 1792 4210 omni
1833 4154 2148 4228 subjectione

541 4248 584 4322 (Ι
611 4249 750 4304 Tim.
784 4267 844 4316 ιι,
888 4248 1016 4322 1|)?
1041 4248 1147 4306 Sed
1177 4249 1507 4320 sacrilegum
1537 4258 1621 4304 est
1647 4247 1732 4304 vel
1761 4244 1908 4303 Patri
1941 4248 2144 4312 virum,

541 4343 628 4397 vel
663 4342 756 4398 Dei
788 4340 925 4398 Filio
953 4341 1235 4399 mulierem
1265 4356 1607 4413 comparare.

619 4437 745 4495 158.
797 4438 880 4494 An
922 4438 1383 4510 quemadmodum
1433 4439 1626 4494 Petrus
1671 4436 1806 4492 dixit
1855 4456 1867 4490 :
1917 4435 2150 4507 Subjecti

545 4542 704 4588 estote
745 4533 884 4588 omni
917 4542 944 4570 ει
969 4531 1212 4590 humana:
1239 4543 1490 4590 creatures
1518 4531 1563 4604 (ι
1595 4531 1740 4588 Petr.
1774 4548 1834 4600 ιι,
1869 4532 1957 4601 15)
1984 4531 2008 4584 ?
2039 4530 2149 4587 Nec

543 4628 624 4686 sic
649 4629 834 4700 utique
857 4627 1128 4686 Christus.

617 4723 740 4780 159.
782 4723 880 4780 Vel
906 4723 1368 4795 quemadmodum
1416 4721 1616 4778 Paulus
1657 4721 1874 4792 scripsit
1907 4719 2061 4776 τι)εο
2103 4731 2148 4775 et

545 4815 698 4873 Patri
720 4816 942 4892 subjecti
964 4817 1184 4872 invicem
1201 4818 1255 4872 in
1285 4817 1470 4872 timore
1489 4815 1681 4871 Christi
1705 4814 1922 4885 (Ep/tes.
1948 4829 2004 4879 v,
2025 4810 2145 4885 Si)?

542 4909 651 4969 Sed
695 4926 870 4982 neque
914 4910 968 4966 in
997 4925 1118 4978 suo,
1153 4924 1332 4981 neque
1361 4909 1414 4964 in
1443 4907 1672 4964 alterius
1703 4905 1904 4962 Christi
1951 4907 2144 4962 timore

616 5038 644 5068 ⁸
683 5028 774 5087 Sic
802 5043 997 5086 omnes
1019 5027 1191 5093 edit.;
1221 5035 1278 5082 at
1303 5042 1334 5082 e
1364 5027 1642 5082 contrario
1689 5023 1820 5082 ιιιεέ
1871 5041 2042 5098 prope
2069 5025 2158 5087 ad.

542 5116 735 5165 unum,
763 5101 903 5156 omni
931 5099 1173 5156 humana:
1196 5098 1536 5153 ordinationi.

615 5171 643 5212 ι’
683 5171 938 5228 Nonnulli
969 5187 1130 5240 mss.,
1157 5169 1452 5242 obreptione
1482 5171 1856 5242 prtescriptum.

620 5256 642 5284 ο
683 5243 912 5316 Quidam
934 5258 1091 5308 mss.,
1119 5241 1401 5316 subjectio,
1432 5252 1493 5316 ut
1538 5240 1835 5316 resolvam:
1849 5244 1904 5296 in
1930 5240 2138 5316 Pairettt

538 5312 965 5390 Deus.__Verbum
991 5331 1136 5390 ergo;
1162 5312 1683 5390 no_nnulli_etiam,...
1715 5315 1769 5368 in
1798 5312 1976 5390 Patre.
2005 5312 2140 5390 Dens

539 5403 660 5460 ergo
696 5385 950 5460 Verbum:
989 5384 1328 5460 commodius
1367 5385 1482 5460 alii.
1514 5395 1570 5441 et
1613 5399 1808 5460 omnes
1831 5384 2058 5460 editam
2082 5385 2133 5438 in

539 5455 714 5514 te'xtu.
762 5457 1034 5514 Caeterum
1059 5472 1182 5528 quae
1233 5455 1319 5510 hic
1366 5455 1679 5513 referuntur
1707 5457 1777 5511 de
1825 5455 2131 5528 Sabelliana

535 5529 812 5585 refusione
837 5529 999 5585 Verbi
1023 5525 1314 5585 in'Patrem
1345 5545 1452 5582 non
1484 5527 1768 5583 absurdam
1801 5527 1943 5581 viam
1971 5525 2128 5580 nobis

533 5599 884 5671 suppeditant
909 5599 1200 5671 Epiphanii
1229 5609 1390 5669 atque
1421 5597 1708 5671 Augustini
1729 5598 1881 5671 inter
1909 5611 1968 5651 se
1996 5611 2129 5671 con-

532 5667 915 5728 ciliandorum.
957 5667 1218 5727 Diximus
1263 5667 1408 5724 enim
1465 5667 1628 5736 supra
1688 5667 1784 5724 lib.
1809 5684 1868 5733 ιι,
1913 5682 2033 5735 cap.
2068 5668 2122 5733 9,

534 5743 771 5812 priorem
799 5744 866 5798 ab
897 5745 1005 5800 alio
1035 5743 1424 5810 reprehensum
1474 5741 1660 5806 fuisse,
1694 5738 1838 5812 quod
1877 5755 1904 5792 a
1935 5739 2118 5812 Sabel-

531 5809 695 5884 lianis
719 5811 932 5872 Patrem
955 5809 1137 5884 negari
1169 5827 1383 5884 passum
1422 5811 1776 5874 asseverarit,
1800 5827 1923 5884 cum
1971 5809 2122 5866 scili-

544 5892 630 5951 cet
661 5883 909 5954 Patrem,
947 5883 1139 5940 Filium
1174 5898 1238 5938 ac
1279 5883 1540 5957 Spiritum
1585 5890 1832 5940 sanctum
1855 5883 1908 5939 in
1965 5896 2127 5940 unam

2243 533 2534 588 verborum
2581 533 2690 589 vim
2739 533 3108 599 considerate,
3141 535 3269 606 quia
3309 534 3448 592 Patri
3484 539 3679 610 subjecti
3701 559 3772 598 su-

2240 641 2384 688 mus.
2414 625 2542 680 dum
2571 627 2737 682 etiam
2762 625 3043 684 Christum
3071 641 3345 684 veremur.

2315 718 2438 776 160.
2481 719 2767 787 Quomodo
2794 737 2926 794 ergo
2961 721 3273 793 subjectum
3316 722 3670 797 intelligimus?
3699 729 3778 785 Το-

2243 822 2355 868 tum
2380 815 2748 884 Apostolicum
2777 830 2940 887 caput
2966 831 3386 883 recenseamus;
3414 826 3474 872 ut
3499 818 3617 874 nihil
3639 820 3781 879 videa-

2240 915 2329 962 tur
2352 907 2540 965 fraude
2565 909 2928 976 subtractum,
2943 908 2972 949 δ
2986 919 3079 966 aut
3100 909 3430 980 obreptione
3451 913 3780 984 praestrictum:

2243 1001 2306 1058 Si
2331 1004 2385 1057 in
2420 1002 2517 1059 hac
2545 1003 2747 1074 inquit,
2777 1007 2884 1062 vita
2915 1016 3112 1062 tantum
3140 1009 3196 1063 in
3219 1008 3426 1065 Christo
3464 1023 3695 1082 sperantes
3713 1029 3781 1069 tu-

2241 1112 2383 1162 mus,
2415 1098 2827 1156 miserabiliores
2855 1118 3038 1158 sumus
3063 1103 3304 1158 omnibus
3328 1103 3622 1160 hominibus.
3647 1106 3698 1162 Si
3717 1121 3785 1160 ltu-

2244 1198 2349 1244 tem
2369 1189 2608 1247 Christus
2627 1197 2911 1248 resurrexit
2933 1211 2964 1248 a
2985 1197 3203 1251 mortuis
3219 1196 3464 1268 primitiae
3482 1195 3786 1252 dormientium

2248 1281 2291 1353 (l
2315 1281 2547 1350 (ἔσται,
2567 1284 2654 1352 19,
2672 1285 2797 1355 20)?
2825 1286 3320 1360 Videtisfquoaiam
3357 1291 3428 1346 de
3453 1291 3790 1348 resurrectione

2246 1376 2458 1433 Christi
2493 1389 2720 1434 tractata
2755 1393 2842 1437 est
2867 1381 3192 1455 disputatio.

2320 1472 2446 1526 161.
2491 1473 2758 1541 Quoniam
2801 1476 2934 1530 sicut
2983 1493 3076 1546 per
3123 1493 3286 1531 unum
3321 1474 3598 1544 hominem,
3634 1475 3788 1546 inquit,

2245 1580 2406 1630 mors,
2449 1575 2499 1619 et
2529 1582 2620 1636 per
2663 1567 2924 1624 hominem
2965 1570 3276 1625 resurrectio
3318 1580 3648 1624 mortuorum.
3679 1569 3792 1625 Sicut

2247 1657 2386 1712 enim
2405 1659 2460 1712 in
2485 1658 2655 1713 Adam
2671 1676 2847 1716 omnes
2869 1662 3182 1729 moriuntur,
3215 1663 3292 1716 ita
3313 1671 3363 1716 et
3384 1663 3441 1716 in
3461 1661 3649 1718 Christo
3661 1677 3794 1716 omnes

2245 1750 2660 1820 viviﬁcabuntur.
2693 1751 3056 1825 Unusquisque
3096 1763 3273 1809 autem
3298 1755 3354 1809 in
3384 1771 3482 1809 suo
3516 1754 3694 1819 ordine,
3716 1754 3796 1826 pti-

2173 1837 2223 1898 B
2249 1845 2408 1899 mitia:
2436 1844 2668 1902 Christus
2698 1863 2717 1902 :
2745 1847 2932 1902 deinde
2960 1848 3017 1902 hi
3041 1849 3130 1917 qui
3166 1857 3289 1903 sunt
3318 1847 3536 1913 Christi,
3561 1848 3642 1920 qui
3662 1849 3707 1902 in
3723 1849 3794 1900 ad-

2251 1945 2456 1991 ventum
2485 1941 2598 2011 ejns
2622 1939 2972 1994 crediderunt.
3003 1938 3207 1996 Deinde
3236 1939 3382 2010 ﬁnis,
3423 1957 3540 1996 cum
3574 1936 3795 1994 trodideri‘

2249 2045 2462 2102 regnum
2491 2029 2602 2087 Deo
2630 2040 2681 2088 et
2713 2031 2884 2099 Patri,
2915 2050 3034 2088 cum
3063 2034 3388 2089 evacuaverit
3427 2049 3621 2088 omnem
3649 2033 3796 2105 princi-

2251 2131 2452 2193 patum,
2492 2132 2538 2178 et
2569 2133 2872 2193 potestatem
2912 2133 2961 2179 et
2989 2125 3249 2179 virtutem.
3281 2124 3452 2198 579
3478 2125 3674 2196 Oportet
3697 2125 3797 2178 enim

2249 2215 2402 2270 illum
2430 2234 2668 2287 regnare,
2695 2219 2859 2274 donec
2881 2230 3044 2289 ponat
3072 2237 3249 2275 omnes
3273 2221 3513 2276 inimicos
3534 2221 3621 2276 sub
3639 2220 3802 2292 pedibus

2250 2311 2383 2382 ejus.
2421 2308 2716 2365 Novissime
2741 2321 2914 2366 autem
2939 2313 3150 2366 inimica
3171 2314 3472 2368 destruetur
3493 2329 3651 2380 mors;
3668 2312 3801 2368 omnia

2250 2400 2386 2455 enim
2407 2399 2622 2465 subiecit
2649 2401 2743 2456 sub
2772 2403 2990 2474 pedibus
3017 2403 3151 2474 ejus.
3176 2403 3303 2458 Cum
3324 2415 3501 2459 autem
3529 2405 3689 2459 dicat:
3710 2403 3803 2458 0m-

2250 2491 2340 2544 nia
2367 2491 2606 2565 subjecta
2627 2503 2746 2548 sunt
2783 2495 2850 2561 ei,
2882 2495 2995 2549 sine
3023 2496 3180 2550 dubio
3211 2506 3401 2565 praeter
3431 2513 3543 2552 eum
3567 2496 3647 2568 qui
3670 2495 3802 2568 subje-

2249 2581 2316 2634 cit
2337 2581 2382 2635 ei
2401 2582 2597 2636 omnia.
2621 2580 2753 2637 Cum
2771 2595 2948 2638 autem
2967 2584 3196 2656 subjecta
3205 2582 3295 2640 illi
3306 2587 3505 2662 fuerint
3521 2588 3696 2654 omnia,
3716 2595 3804 2639 tunc

2248 2681 2298 2728 et
2323 2675 2433 2744 ipse
2453 2673 2626 2730 Filius
2647 2676 2908 2749 subjectus
2929 2679 3024 2731 erit
3047 2676 3148 2747 illi,
3168 2679 3262 2748 qui
3283 2677 3388 2732 sibi
3409 2678 3622 2752 subjecit
3640 2677 3802 2740 omnia;

2250 2774 2307 2818 ut
2329 2765 2394 2818 sit
2422 2763 2566 2820 Deus
2589 2767 2764 2820 omnia
2785 2766 2840 2821 in
2862 2767 3096 2823 omnibus
3123 2767 3167 2840 (Ι
3193 2766 3314 2822 Cor.
3343 2785 3440 2836 xv,
3469 2767 3670 2838 20-28).
3689 2765 3804 2835 Quod

2247 2857 2413 2912 etiam
2437 2856 2504 2912 ad
2531 2857 2790 2914 Hebraaos
2807 2858 2953 2916 idem
2976 2859 3274 2930 Apostolus
3297 2859 3446 2916 dixit
3470 2879 3484 2914 :
3513 2860 3660 2916 Nunc
3677 2869 3804 2914 autem

2251 2949 2480 3004 nandum
2501 2949 2733 3005 videmus
2759 2953 2936 3007 omnia
2959 2952 3040 3007 illi
3069 2969 3181 3008 esse
3203 2953 3445 3026 subjecta
3473 2954 3650 3028 (Hebr.
3676 2971 3724 3021 ιι,
3749 2954 3804 3023 8).

2245 3043 2579 3115 Accepimus
2616 3043 2948 3114 Apostolicae
2985 3045 3182 3101 seriem
3219 3045 3504 3103 lectionis.

2323 3137 2445 3192 162.
2477 3137 2758 3204 Quomodo
2781 3137 2942 3209 igitur
2961 3138 3265 3210 subjectum
3286 3139 3566 3198 dit-imus?
3591 3139 3807 3198 Sabellis-

2171 3224 2216 3285 C
2247 3231 2301 3286 ni
2329 3241 2384 3289 et
2411 3231 2738 3287 Marcionita:
2766 3231 2956 3288 dicunt
2997 3231 3144 3304 quod
3189 3232 3310 3289 haec
3339 3233 3528 3290 futura
3562 3235 3630 3290 sit
3651 3230 3806 3288 Christi

2249 3323 2318 3380 ad
2358 3325 2528 3381 Deum
2561 3324 2778 3381 Patrem
2812 3335 2834 3362 ο
2865 3324 3162 3395 subjectio,
3209 3337 3270 3381 ut
3321 3326 3378 3381 in
3425 3327 3635 3384 Patrem
3677 3323 3806 3382 Filius

2249 3417 2592 3474 retundatur.
2621 3416 2679 3474 Si
2705 3432 2836 3489 ergo
2858 3433 2922 3473 ea
2953 3417 3058 3473 erit
3092 3416 3254 3473 Verbi
3280 3419 3578 3490 subjectio,
3603 3429 3654 3474 ut
3674 3416 3806 3474 resol-

2249 3518 2410 3565 vatur
2435 3509 2488 3564 in
2521 3509 2737 3565 Patrem
2783 3509 2930 3566 Deus
2959 3509 3197 3566 Verbum
3222 3527 3237 3565 :
3270 3527 3408 3584 ergo
3435 3521 3492 3569 et
3513 3523 3810 3584 quacumque

2249 3600 2396 3657 Patri
2441 3600 2686 3672 Filioque
2736 3600 2980 3672 subjecta
3025 3613 3184 3669 sunt,
3219 3603 3273 3658 in
3306 3603 3534 3662 Patrem
3565 3613 3618 3660 et
3655 3603 3806 3660 Filium

2248 3695 2592 3752 resolventur
2610 3711 2626 3762 ;
2647 3704 2704 3750 ut
2737 3695 2807 3752 sit
2835 3695 2977 3752 Deus
2996 3698 3182 3752 omnia
3206 3707 3264 3754 et
3285 3698 3339 3754 in
3371 3700 3626 3756 omnibus
3647 3706 3809 3755 creatu-

2248 3791 2343 3845 ris.
2372 3789 2479 3846 Sed
2505 3788 2798 3845 absurdum
2823 3799 2908 3846 est
2935 3789 3144 3846 dicere:
3177 3806 3284 3847 non
3314 3791 3490 3863 igitur
3513 3809 3606 3866 per
3631 3791 3810 3849 refusio-

2249 3898 2372 3939 nem
2399 3882 2690 3953 subjectio.
2729 3882 2848 3938 Alia
2897 3891 3025 3940 sunt
3050 3883 3194 3940 enim
3233 3871 3358 3956 quas
3381 3887 3742 3959 subjiciuntur,
3760 3897 3804 3939 ea

2249 3976 2436 4046 utique
2484 3992 2604 4048 qua:
2633 3983 2817 4032 creata
2869 3987 3024 4033 sunt:
3059 3985 3116 4032 et
3160 3976 3323 4044 alius,
3358 3981 3452 4036 cui
3511 3979 3570 4035 tit
3614 3979 3694 4034 illa
3717 3976 3808 4034 sub-

2237 4069 2435 4142 jectio.
2485 4070 2870 4128 Conticescant
2917 4071 3100 4142 itaque
3155 4084 3315 4126 satvte
3359 4073 3652 4138 relusionis
3681 4069 3807 4127 inter-

2251 4173 2435 4234 pretes
2447 4205 2459 4216 .

2328 4254 2452 4310 165.
2503 4257 2679 4326 Atque
2714 4253 2915 4310 utinam
2947 4262 3002 4310 et
3044 4251 3122 4310 illi
3155 4263 3402 4313 tacerent
3423 4299 3438 4326 ,
3470 4258 3568 4332 qui
3609 4254 3808 4330 quoniam

2254 4345 2548 4403 resolubile
2597 4346 2691 4403 Dei
2722 4343 2958 4402 Verbum
2985 4387 2999 4411 ,
3035 4345 3238 4419 Deique
3275 4349 3608 4419 sapientiam
3631 4350 3808 4420 probare

2255 4455 2363 4495 non
2421 4446 2684 4510 possunt,
2753 4438 3124 4494 inﬁrmitatem
3183 4439 3464 4498 divinitati
3512 4437 3810 4512 subjectionis

2255 4532 2569 4599 ascribunt,
2607 4531 2854 4588 dicentes
2881 4532 3004 4603 quia
3031 4531 3322 4604 scriptum
3352 4545 3436 4590 est
3469 4552 3484 4592 :
3519 4535 3644 4590 Cum
3683 4534 3810 4587 autem

2177 4621 2230 4681 D
2257 4623 2490 4696 subjecta
2517 4623 2598 4678 illi
2625 4624 2818 4697 fuerint
2863 4623 3056 4690 omnia,
3083 4631 3208 4678 tunc
3256 4635 3304 4679 et
3337 4625 3456 4697 ipse
3481 4623 3652 4680 Filius
3681 4622 3810 4688 subje-

2251 4729 2361 4774 ctus
2389 4717 2483 4772 erit
2511 4717 2593 4772 illi
2616 4717 2664 4788 (Ι
2689 4716 2811 4772 Cor.
2842 4732 2931 4788 xv,
2962 4716 3078 4786 28).

2329 4811 2452 4869 164.
2488 4810 2752 4868 Videmus
2775 4809 2940 4882 igitur
2965 4812 3092 4882 quia
3123 4809 3366 4868 nondum
3399 4812 3719 4885 subjectum,
3743 4805 3810 4862 sed

2251 4903 2646 4976 subjiciendum
2720 4917 2844 4959 esse
2891 4901 3176 4975 Scriptura
3226 4914 3675 4963 commemorat:
3719 4913 3814 4971 ergo

2248 5039 2535 5096 personam
2569 5022 2658 5096 isti
2703 5021 3126 5096 confunderent.
3181 5023 3455 5096 Attamen
3483 5022 3724 5096 credibile
3752 5025 3812 5096 est

2248 5090 2397 5161 illos,
2449 5095 2594 5166 quod
2643 5109 2788 5168 saape
2837 5109 2936 5150 usu
2986 5093 3140 5168 venii
3183 5095 3397 5168 cunctis
3447 5095 3732 5168 hatreticis:
3773 5090 3811 5168 in

2249 5162 2509 5238 Opinione
2541 5162 2930 5238 responsisque
2955 5167 3073 5222 suis
3103 5165 3403 5238 titubasse;
3438 5176 3606 5238 atque
3627 5175 3679 5238 ut
3703 5162 3811 5219 Patri

2247 5235 2904 5310 passianorum'eluerent
2933 5236 3382 5310 appellationem,
3409 5235 3812 5310 aliquando_pro-

2247 5306 2428 5367 l'essos
2454 5310 2690 5366 Verbum
2712 5309 2930 5378 quidem
2949 5319 3077 5363 ante
3101 5306 3536 5365 incarnationem
3565 5306 3811 5366 cumPatrc

2248 5382 2392 5437 idem
2419 5381 2717 5444 exstitisse.
2739 5395 2835 5450 per
2857 5381 3292 5455 incarnationem
3314 5395 3448 5436 vero
3474 5392 3743 5455 emanasse
3761 5389 3807 5455 et

2238 5454 2424 5513 Patre.
2455 5455 2508 5506 in
2539 5467 2702 5524 quem
2731 5447 3106 5524 consummata
3133 5451 3352 5524 demum
3384 5447 3646 5524 passione
3689 5447 3813 5524 fuerit

2241 5519 2646 5582 resolutumild
2670 5539 2802 5579 sane
2831 5538 2940 5580 non
2971 5523 3148 5578 solum
3170 5538 3295 5576 cum
3343 5519 3450 5578 huc
3469 5519 3809 5588 :Ambrosiano

2235 5596 2388 5661 loco,
2420 5595 2518 5652 sed
2563 5596 2731 5650 etiam
2761 5611 2885 5650 cum
2913 5593 3024 5650 alio
3053 5594 3148 5649 lib.
3195 5607 3254 5655 ll,
3286 5591 3355 5648 de
3407 5592 3624 5659 Spiritu
3661 5596 3808 5643 sancto

2234 5681 2353 5733 cap.
2387 5671 2436 5731 7,
2465 5668 2698 5738 pulchre
2721 5668 2994 5738 concinit;
3029 5665 3311 5738 potuitque
3326 5663 3488 5738 ﬁeri,
3515 5661 3810 5738 nt_Angusti-

2235 5755 2355 5804 nus,
2388 5733 2510 5794 cum
2541 5749 2795 5809 argueret
2821 5733 3294 5810 Epiphaniuin,atl
3326 5733 3472 5790 hanc
3511 5734 3809 5810 salte-iliauo-

2235 5826 2355 5866 rum
2405 5812 2543 5866 forte
2570 5805 3412 5879 paucorumo'bscurtiorumque
3441 5805 3806 5862 cavillationem

2177 5892 2186 5899 ’
2235 5883 2477 5938 animum
2499 5897 2608 5938 non
2637 5881 2966 5939 adverteret.
