4016 6292
217 261 316 320 681

1585 276 1674 335 DE
1718 271 1874 338 FIDE
1913 273 2039 338 LIB.
2088 276 2150 337 V.

3418 297 3526 354 682

216 395 363 436 nunc
395 395 504 438 non
535 390 621 438 est
648 382 927 457 subjectus
965 385 1077 442 Deo
1105 387 1244 444 Patri
1278 389 1470 448 Filius.
1505 394 1558 449 ln
1591 413 1697 466 quo
1721 397 1817 468 igi-
1845 406 1889 460 Α
1922 403 2247 468 conﬁteatur,
2276 404 2395 471 quia
2419 400 2669 459 Dominus
2691 403 2845 460 Jesus
2872 407 2924 461 in
2941 409 3111 480 gloria
3128 418 3199 466 est
3231 411 3328 469 Dei
3358 415 3535 471 Patris

215 482 306 528 tur
328 473 526 530 Filium
571 477 875 547 subjectum
920 478 1034 535 fore
1059 479 1277 536 dicitis?
1303 483 1360 538 Si
1390 484 1443 539 iu
1497 486 1810 555 divinitate;

217 580 320 621 nec
350 566 672 624 inobediens
713 579 830 635 est,
863 573 988 642 quia
1028 589 1132 628 non
1168 584 1252 630 est
1279 591 1307 628 a
1367 577 1526 634 Patre
1573 582 1813 638 discors:

217 678 321 719 nec
350 663 649 736 subjectus,
678 667 800 738 quia
823 683 929 723 non
965 677 1046 724 est
1068 685 1281 738 servus,
1329 674 1422 728 sed
1471 677 1664 732 unicus
1695 695 1818 748 pro—

214 759 338 828 prio
365 757 510 813 Patri
539 758 729 814 Filius.
763 761 998 834 Denique
1028 777 1149 817 cum
1197 765 1393 819 ccelum
1424 778 1636 824 crearet
1658 812 1672 833 ,
1709 779 1818 826 ter-

215 867 334 908 ram
369 853 652 921 conderet,
699 865 752 910 et
792 864 1117 928 potestatem
1149 861 1440 915 exercebat
1495 871 1550 918 et
1580 863 1817 920 Charita-

217 957 347 1004 lem.
371 947 526 1004 Nulla
557 950 720 1022 igitur
763 951 982 1009 servilis
1030 953 1084 1009 in
1113 954 1316 1012 Christi
1361 957 1642 1016 divinitate
1691 962 1817 1017 sub-

210 1041 402 1113 jectio.
431 1043 489 1100 Si
517 1055 697 1102 autem
722 1048 868 1103 nulla
898 1049 1189 1120 subjectio,
1213 1053 1461 1110 voluntas
1487 1055 1659 1111 libera
1677 1065 1778 1112 est.

289 1135 413 1192 165.
461 1137 612 1206 Quod
636 1140 680 1194 si
709 1155 828 1196 eam
856 1141 1254 1213 subjectionem
1282 1154 1470 1217 putant
1517 1147 1662 1214 Filii,
1693 1150 1817 1220 quia

215 1246 340 1288 cum
369 1231 488 1303 ejus
514 1233 794 1290 voluntate
827 1236 1010 1291 omnia
1042 1237 1204 1294 iaciat
1236 1241 1411 1307 Pater,
1458 1241 1669 1298 discant
1713 1243 1818 1299 hoc

215 1325 398 1396 ipsum
429 1341 550 1382 esse
578 1326 876 1384 individuze
917 1331 1206 1400 potestatis
1237 1344 1650 1404 argumentum;
1693 1340 1814 1407 quia

215 1422 400 1476 unitas
425 1422 716 1478 voluntatis
746 1434 860 1490 est,
915 1441 1033 1496 qua:
1066 1443 1172 1484 non
1215 1430 1384 1500 erepit
1427 1447 1493 1486 ex
1549 1445 1814 1503 tempore,

215 1516 311 1571 sed
343 1525 462 1572 erat
487 1532 722 1586 semper.
750 1517 852 1574 Ubi
882 1528 1063 1576 autem
1095 1523 1275 1578 unitas
1325 1534 1582 1596 perpetua
1627 1528 1818 1583 volun-

215 1610 378 1674 tatis,
407 1624 513 1663 non
547 1609 728 1681 utique
771 1613 1087 1682 temporalis
1117 1615 1473 1685 subjectionis
1505 1617 1813 1675 infirmitas.

212 1703 276 1759 Si
296 1702 445 1758 enim
476 1717 572 1773 per
594 1712 841 1758 naturam
885 1705 1268 1776 subjiceretur,
1299 1725 1515 1781 semper
1541 1711 1818 1782 subjectus

1922 491 2148 562 (Philip.
2187 509 2243 560 ll,
2279 494 2382 562 10,
2414 495 2524 565 ιι).
2553 495 2681 551 Ideo
2718 510 2898 554 autem
2953 510 3078 556 ante
3127 503 3368 572 subjecta
3420 524 3529 563 non

1921 598 2076 641 erant
2121 587 2333 653 omnia,
2365 589 2487 659 quia
2531 589 2773 645 nondum
2827 604 3151 663 receperant
3201 597 3526 665 sapientiam

1923 680 2014 735 Dei
2040 723 2055 746 ,
2088 692 2109 719 ο
2139 681 2376 737 nondum
2406 683 2586 738 habile
2612 684 2805 756 jugum
2831 685 2994 742 Verbi
3046 689 3246 744 mentis
3294 691 3526 761 quadarn

1919 775 2137 830 cervice
2187 777 2498 845 portabant.
2535 777 2796 846 Quotquot
2827 790 3025 847 autem,
3069 782 3211 836 sicut
3263 784 3527 854 scripttun

1921 877 2038 930 est.
2089 857 2386 942 receperunt
2417 887 2564 937 eum,
2612 871 2755 925 dedit
2793 873 2865 927 eis
2917 883 3217 943 potestatem
3245 875 3383 944 ﬁlios
3427 875 3528 932 Dei

1921 959 2036 1029 ﬁeri
2060 957 2241 1029 (Joan.
2271 976 2309 1026 ι,
2340 959 2449 1031 ιι).

1994 1054 2116 1111 169.
2159 1055 2311 1112 Dicet
2338 1056 2568 1127 aliquis:
2601 1057 2743 1130 Ergo
2780 1059 2890 1129 jam
2919 1060 3199 1128 subiectus
3229 1074 3312 1118 est
3361 1063 3526 1121 Chri—

1921 1153 2068 1211 stus;
2107 1147 2230 1216 quia
2280 1147 2496 1217 plurimi
2527 1149 2919 1205 crediderunt?
2971 1153 3227 1221 Minime;
3257 1157 3385 1225 quia
3416 1173 3523 1212 non

1923 1240 1974 1293 in
2008 1241 2191 1308 paucis
2221 1249 2306 1295 est
2332 1240 2534 1297 Christi
2563 1242 2832 1312 subjectio
2852 1287 2864 1310 ,
2889 1245 2984 1301 sed
3011 1247 3063 1300 in
3096 1248 3372 1303 omnibus.
3402 1251 3529 1307 Sic-

1923 1343 1980 1387 ut
2023 1333 2168 1388 enim
2200 1335 2246 1389 si
2271 1335 2321 1388 in
2367 1351 2453 1391 me
2478 1337 2830 1408 concupiscat
2883 1339 3058 1395 adhuc
3095 1356 3224 1395 caro
3263 1342 3528 1399 adversus

1921 1425 2208 1494 Spiritum,
2240 1427 2465 1496 spiritus
2489 1440 2670 1484 autem
2695 1429 2960 1486 adversus
3010 1448 3251 1499 carnem,
3298 1452 3402 1490 non
3451 1438 3527 1492 vi-

1921 1516 2056 1572 deor
2084 1533 2205 1573 esse
2229 1519 2532 1589 subjectus,
2561 1521 2662 1575 etsi
2699 1537 2764 1576 ex
2794 1534 2948 1592 parte
2995 1525 3095 1580 sim
3125 1527 3375 1583 subditus
3409 1546 3420 1582 :
3457 1531 3528 1584 ita

1923 1612 2048 1682 quia
2079 1614 2255 1668 omnis
2286 1613 2526 1668 Ecclesia
2559 1631 2726 1669 unum
2757 1631 2955 1690 corpus
2982 1629 3064 1672 est
3091 1616 3318 1686 Christi,
3339 1637 3530 1692 quam-

1922 1703 2011 1758 diu
2041 1721 2210 1776 genus
2237 1706 2496 1762 dissentit
2542 1708 2871 1777 humanum,
2908 1711 3180 1767 Cbrismm
3214 1713 3527 1771 dividimus.

212 1803 464 1850 maneret
492 1812 505 1849 :
535 1810 659 1850 cum
685 1811 817 1851 vero
846 1797 1217 1868 subjiciendus
1242 1800 1520 1856 dicaturin
1553 1813 1816 1872 tempore,
1850 1799 1897 1859 B
1923 1795 2170 1852 Nondum
2201 1815 2332 1871 ergo
2363 1800 2642 1871 subjectus
2670 1813 2753 1857 est
2781 1802 3052 1871 Christus,
3083 1807 3238 1876 cujus
3273 1822 3382 1863 non
3406 1819 3532 1864 sunt

211 1887 644 1959 dispensationis
674 1903 806 1960 ergo
860 1901 1128 1962 susceptae
1151 1933 1166 1957 ,
1199 1906 1305 1947 non
1364 1904 1639 1964 perpetuze
1670 1896 1819 1950 inﬁr-

212 1983 423 2038 mitatis
447 1982 554 2038 erit
574 1983 664 2039 illa
701 1984 1000 2054 subjectio;
1037 1987 1272 2043 maxime
1309 2002 1433 2044 cum
1487 1991 1816 2060 sempiterna

213 2079 313 2134 Dei
351 2079 526 2134 virtus
551 2094 660 2136 non
691 2081 864 2152 possit
911 2089 1113 2138 statum
1164 2091 1372 2140 mutare
1405 2101 1501 2155 pro
1548 2095 1814 2158 tempore,

211 2187 316 2228 nec
349 2172 460 2228 Deo
487 2173 630 2228 Patri
681 2189 748 2230 ex
805 2176 1490 2249 temporejus-potcstatis
1543 2179 1810 2236 accidere.

209 2265 348 2321 Nam
373 2266 416 2320 si
449 2265 612 2322 Filius
635 2268 928 2339 aliquando
966 2269 1279 2338 mutabitur,
1312 2282 1368 2326 ut
1412 2273 1711 2328 secundum
1735 2275 1815 2329 di-

211 2362 497 2418 vinitatem
531 2363 883 2435 subjiciatur:
917 2380 1047 2438 ergo
1089 2375 1145 2422 et
1170 2367 1311 2422 Deus
1350 2367 1531 2433 Pater,
1576 2370 1620 2424 si
1654 2371 1818 2444 580

206 2455 505 2527 aliquando
529 2456 648 2527 plus
675 2458 899 2528 poterit,
933 2467 994 2512 ut
1023 2459 1324 2530 subjectum
1356 2461 1650 2516 secundum
1677 2463 1815 2518 divi-

206 2549 440 2605 nitatem
466 2549 661 2607 habeat
698 2551 928 2623 Filium,
980 2568 1125 2608 nunc
1158 2554 1373 2610 interim
1423 2555 1601 2610 minus
1653 2571 1814 2626 posse

203 2645 516 2700 secundum
536 2646 1042 2716 interpretationem
1066 2657 1304 2704 vestram
1335 2664 1559 2706 necesse
1572 2661 1652 2706 est
1667 2653 1813 2707 :esti-

203 2747 412 2794 Illellll'.

282 2831 411 2887 I66.
462 2831 600 2901 Quid
655 2842 836 2888 autem
901 2833 1076 2905 culpa:
1119 2836 1446 2892 commeruit
1497 2835 1694 2905 Filius,
1755 2845 1812 2892 ut

87 3001 102 3007 τ
204 2937 400 2998 postea
430 2928 726 2984 secundum
753 2928 1100 2984 divinitatem
1125 2931 1316 3001 subjici
1335 2947 1495 3000 posse
1520 2931 1813 2988 credatur?

203 3022 534 3092 Numquid"
575 3023 877 3080 secundum
919 3038 1139 3080 carnem
1187 3024 1253 3079 ad
1301 3025 1583 3080 dexteram
1636 3025 1812 3081 Patris

203 3114 408 3169 sedere
429 3115 733 3186 prmripuit,
754 3124 828 3182 et,
858 3115 1036 3171 invito
1058 3116 1237 3184 Patre,
1265 3117 1365 3172 sibi
1397 3118 1811 3188 praerogativam

1922 1888 2099 1946 adhuc
2126 1893 2369 1948 membra
2402 1893 2670 1963 subjecta.
2704 1893 2843 1950 Cum
2890 1905 3070 1952 atttem
3105 1896 3372 1955 fuerimus
3419 1918 3530 1958 non

1923 1983 2089 2039 multa
2120 1985 2359 2041 membra
2381 2026 2395 2051 ,
2425 1985 2520 2042 sed
2549 2001 2690 2042 unus
2713 1987 2938 2058 spiritus
2966 2005 2980 2044 :
3011 1999 3137 2045 tunc
3169 2000 3221 2046 et
3253 1992 3371 2061 ipse
3401 1992 3530 2047 sub-

1916 2080 2096 2148 jectus
2123 2079 2257 2143 erit;
2290 2088 2346 2133 ut
2369 2095 2463 2149 per
2496 2080 2664 2150 ipsius
2693 2081 3087 2152 subjectionetn
3115 2084 3182 2152 sit
3197 2083 3334 2139 Deus
3355 2085 3530 2139 omnia

1918 2178 1966 2224 et
1987 2171 2041 2223 in
2068 2171 2323 2224 omnibus.

1994 2262 2116 2317 170.
2158 2261 2508 2319 Sicutautem
2543 2265 2783 2340 nondum
2814 2265 3093 2337 subjectus
3122 2277 3207 2323 est
3246 2267 3526 2336 Christus,

1920 2355 1993 2409 ita
2031 2354 2271 2409 nondum
2316 2357 2614 2426 perfectum
2653 2367 2737 2412 est
2780 2373 2917 2426 Opus
2949 2357 3161 2425 Patris;
3210 2363 3333 2431 quia
3387 2362 3531 2417 dixit

1919 2446 2088 2502 Filius
2111 2449 2203 2503 Dei
2234 2464 2251 2503 :
2281 2446 2434 2503 Meus
2457 2451 2599 2503 cibus
2624 2459 2694 2504 est
2718 2460 2772 2503 ut
2802 2451 2994 2519 faciant
3028 2453 3189 2525 581
3218 2453 3529 2509 voluntatem

1919 2533 2096 2597 Patiis
2124 2543 2220 2596 mei
2250 2543 2335 2612 qui
2365 2559 2443 2596 me
2472 2543 2632 2608 misit,
2667 2553 2715 2597 et
2737 2545 3002 2613 perﬁciam
3037 2563 3168 2611 opus
3218 2548 3352 2617 ejus.
3387 2548 3529 2615 Quid

1917 2635 2081 2708 igitur
2101 2636 2418 2707 quaestionis
2449 2643 2554 2702 est,
2586 2637 2710 2706 quia
2743 2635 2906 2693 inme
2938 2639 3043 2692 erit
3068 2637 3185 2694 Filii
3231 2640 3527 2709 subjectio,

1916 2731 1969 2786 in
1996 2745 2103 2802 quo
2126 2729 2501 2799 imperfectum
2533 2739 2774 2800 estopus
2805 2731 3017 2797 Patris;
3055 2733 3179 2803 quia
3243 2749 3353 2788 non
3406 2750 3526 2789 SUIII

1917 2824 2033 2894 ipse
2071 2823 2383 2894 perfectus?
2435 2824 2574 2894 Ergo
2629 2823 2720 2893 qui
2774 2824 3154 2893 imperfectum
3203 2840 3340 2896 opus
3387 2825 3529 2881 facio

1917 2916 2115 2984 Patris,
2151 2919 2267 2988 ipse
2299 2915 2494 2971 Filium
2531 2915 2673 2970 iacio
2723 2930 2844 2970 esse
2893 2917 3244 2987 subjectum?
3276 2917 3381 2973 Sed
3417 2934 3524 2973 non

1917 3021 2003 3068 est
2041 3011 2232 3082 injuria
2260 3011 2385 3076 ista,
2416 3010 2511 3066 sed
2539 3010 2736 3081 gratia;
2757 3012 2880 3081 quia
2915 3013 2966 3065 in
2999 3027 3064 3066 eo
3114 3012 3259 3082 quod
3303 3013 3528 3082 subjici-

1920 3123 2062 3171 llllll',
2095 3113 2279 3160 noster
2311 3105 2518 3176 utique,
2544 3119 2650 3159 non
2676 3105 2980 3158 divinitatis
3003 3115 3083 3160 est
3111 3107 3419 3176 proiectus;
3470 3117 3529 3161 ut

209 3204 436 3261 Pater-ni
480 3207 604 3263 solii
636 3206 968 3263 vindicavit?
1015 3206 1124 3263 Sed
1155 3209 1268 3278 ipse
1315 3209 1423 3263 ait:
1459 3208 1650 3263 Omnia
1702 3225 1816 3279 qua:
1842 3198 1887 3260 C
1920 3201 2276 3268 subjiciamur
2299 3199 2449 3270 Legi.
2473 3200 2830 3269 subjiciamur
2851 3200 3064 3270 gratiae.
3085 3201 3350 3268 Quoniam
3373 3210 3524 3265 ante,

215 3297 417 3366 placita
442 3308 557 3353 sunt
582 3299 651 3368 ei,
684 3301 824 3371 facio
853 3316 1056 3372 semper
1082 3299 1267 3373 (Joan.
1300 3317 1416 3368 vut,
1446 3301 1563 3373 29).
1600 3303 1742 3374 Ergo
1769 3305 1815 3359 si

209 3391 272 3446 in
305 3391 555 3448 omnibus
601 3392 751 3448 Patri
797 3393 1104 3464 complacet
1137 3395 1327 3461 Filius,
1367 3410 1465 3451 cur
1493 3396 1817 3468 subjiciatur

205 3484 304 3557 qui
330 3491 458 3540 ante
478 3485 756 3556 subjectus
784 3502 890 3542 non
918 3488 1068 3542 erat?

284 3577 416 3633 167.
467 3578 756 3635 Videamus
784 3580 968 3650 itaque
1006 3594 1074 3635 ne
1104 3593 1210 3635 non
1241 3579 1544 3635 divinitatis
1574 3580 1687 3647 illa,
1717 3581 1814 3638 sed

204 3677 406 3726 nostra
439 3668 532 3726 ﬁat
570 3671 622 3726 in
645 3671 847 3727 Christi
871 3673 1068 3728 timore
1099 3671 1388 3742 subjectio,
1421 3673 1576 3744 plena
1603 3675 1814 3746 gratiae,

202 3777 264 3823 et
299 3767 462 3838 plena
506 3769 775 3839 mystcrii.
823 3768 1011 3840 Itaque
1052 3786 1241 3828 rursus
1288 3771 1602 3843 Apostolica
1651 3775 1816 3831 verba

203 3859 540 3933 pendamus.
585 3857 716 3916 Cum
745 3871 916 3916 autem
969 3864 1200 3930 subiecta
1221 3907 1235 3930 ,
1288 3866 1485 3935 inquit,
1515 3867 1595 3921 illi
1623 3868 1819 3937 fuerint

201 3956 412 4022 omnia,
443 3965 566 4009 tunc
592 3967 638 4010 et
667 3957 777 4027 ipse
819 3957 1079 4031 subjectus
1123 3961 1222 4014 erit
1250 3961 1316 4026 ei,
1341 3961 1430 4031 qui
1455 3961 1552 4016 sibi
1603 3963 1818 4032 subjecit

204 4049 431 4116 omnia;
464 4061 519 4104 ut
545 4050 611 4106 sit
638 4048 780 4106 Deus
821 4053 995 4107 omnia
1020 4062 1066 4108 et
1111 4053 1167 4109 in
1193 4055 1449 4110 omnibus.
1494 4056 1634 4127 Ergo
1689 4059 1816 4126 quid

200 4143 391 4199 dicis?
419 4142 573 4200 Nunc
602 4144 846 4215 subjecta
889 4160 996 4201 non
1026 4156 1154 4202 sunt
1203 4147 1253 4204 ei
1291 4148 1511 4203 omnia?
1553 4165 1660 4204 non
1690 4149 1819 4205 sub-

195 4235 344 4306 jecti
375 4246 685 4292 sanctorum
714 4237 902 4293 chori?
935 4255 1039 4293 non
1073 4239 1288 4310 Angeli,
1322 4240 1413 4310 qui
1440 4239 1494 4296 in
1528 4242 1686 4297 terris
1719 4257 1816 4312 po-

201 4331 324 4386 sito
369 4330 756 4385 ministrabant
787 4329 1002 4400 (Matth.
1034 4347 1108 4398 tv,
1141 4330 1268 4404 ll)?
1316 4348 1424 4388 non
1469 4333 1817 4405 Arcltangeli,

199 4421 308 4494 qui
342 4422 509 4476 etiam
551 4421 617 4476 ad
663 4422 885 4477 Mariam
932 4423 1197 4479 adventus
1229 4424 1489 4480 Dominici
1533 4427 1819 4496 pracnuntii

203 4511 578 4567 mittebantur
613 4511 766 4584 (Luc.
798 4529 838 4583 ι,
864 4513 994 4586 26)?
1026 4530 1133 4571 non
1181 4517 1359 4572 omnis
1397 4517 1588 4573 militia
1621 4519 1821 4575 cmles-

1919 3295 2060 3349 sicut
2111 3293 2228 3364 ipse
2269 3291 2406 3346 dixit
2428 3292 2755 3362 Apostolus,
2783 3291 3052 3362 sapientia
3091 3293 3274 3346 carnis
3307 3293 3526 3348 inimica

1919 3397 2038 3442 erat
2065 3386 2120 3440 in
2145 3385 2338 3449 Deum;
2368 3381 2493 3453 Legi
2512 3385 2647 3438 enim
2677 3401 2778 3438 non
2809 3394 2918 3438 erat
2949 3384 3155 3438 subdita
3198 3384 3378 3457 (Rom.
3408 3401 3524 3453 vm,

1920 3479 1977 3554 7)
2006 3499 2019 3536 :
2049 3493 2194 3535 nunc
2230 3487 2411 3534 autern
2438 3476 2549 3547 jatn
2583 3492 2682 3548 per
2724 3477 2930 3533 Christi
2962 3487 3046 3534 est
3073 3477 3292 3534 subdita
3315 3481 3526 3550 passio-

1919 3589 2067 3630 nem.

2499 3661 2732 3719 CAPUT
2786 3660 2927 3718 XIV.

1925 3804 2257 3874 Prosequitur
2308 3811 2524 3872 cwptam
2570 3800 2966 3872 difﬁcultatem,
3019 3809 3068 3854 et
3104 3800 3366 3856 Christum
3420 3821 3520 3858 non

1991 3898 2092 3952 nisi
2119 3895 2401 3951 secundum
2444 3910 2652 3948 carnem
2689 3893 2979 3965 subjectum
3007 3893 3195 3946 docet:
3236 3895 3326 3947 sed
3352 3897 3523 3964 ipsum

1992 3990 2116 4043 dum
2142 4003 2296 4042 carne
2316 3986 2680 4060 subjiceretur,
2705 3985 2986 4056 prcebuisse
3016 3994 3185 4039 tamen
3208 3986 3358 4055 signa
3383 3987 3522 4041 divi-

1993 4083 2190 4137 nitatis.
2227 4079 2539 4150 Repugnare
2579 4089 2637 4132 ut
2683 4077 2965 4132 secundum
3013 4085 3144 4132 hanc
3167 4077 3477 4149 subjiciatur
3505 4098 3524 4135 :

1996 4177 2372 4232 humanitatem
2396 4189 2515 4229 vero
2545 4190 2698 4244 quam
2723 4173 2988 4240 adoptauit
3011 4214 3024 4237 ,
3054 4173 3128 4226 ita
3158 4174 3210 4227 in
3240 4173 3385 4229 nobis
3406 4175 3528 4229 sub-

1993 4271 2154 4325 ditam
2176 4286 2304 4337 esse,
2330 4284 2429 4338 quo
2450 4278 2598 4339 pacto
2628 4268 2683 4321 in
2709 4266 2885 4320 eadem
2907 4266 3018 4336 ejus
3039 4265 3359 4321 humanitate
3383 4269 3529 4322 exal-

1996 4375 2136 4421 tatur
2175 4373 2222 4418 et
2263 4372 2457 4419 nostra.
2491 4361 2724 4432 Denique
2770 4361 2978 4431 quando
3010 4361 3191 4431 futura
3231 4363 3298 4415 sit
3348 4363 3529 4418 eadem

1994 4460 2088 4515 illa
2115 4457 2306 4514 Christi
2335 4455 2607 4528 subjectio,
2639 4454 2950 4525 explicatur.

203 4608 322 4663 tis?
355 4623 464 4662 non
486 4605 780 4664 Cherubim
804 4609 1176 4681 etSerapliim,
1196 4627 1300 4666 non
1323 4611 1531 4668 Tltroni
1558 4623 1612 4669 et
1640 4615 1818 4670 Domi-

1999 4601 2121 4656 171.
2156 4599 2223 4655 Et
2246 4606 2424 4653 tamen
2457 4611 2525 4651 ne
2555 4594 2676 4666 quis
2720 4595 3118 4664 calumnietur,
3169 4597 3351 4654 videte
3399 4601 3530 4670 quid

203 4700 471 4754 nationes
498 4707 554 4754 et
586 4698 916 4766 Polcslates,
945 4718 1066 4773 qua:
1108 4713 1435 4759 venerantur
1465 4714 1521 4761 et
1564 4706 1823 4763 laudant?
1924 4695 2183 4753 divinitus
2236 4692 2508 4764 inspirans
2558 4691 2838 4760 Scriptura
2889 4691 3241 4762 pra'caverit;
3292 4694 3534 4750 ostendit

289 4789 417 4845 168.
459 4789 742 4858 Quomodo
792 4808 924 4864 ergo
977 4794 1220 4865 subjecta
1266 4798 1465 4852 erunt?
1521 4797 1613 4855 Sic
1638 4800 1824 4870 utique

1927 4791 2068 4847 enim
2095 4789 2250 4844 nobis
2272 4788 2326 4843 in
2349 4802 2456 4859 quo
2493 4785 2772 4855 subjectus
2802 4786 2906 4840 erit
2937 4786 3048 4840 Deo
3077 4784 3358 4853 Christus,
3402 4787 3532 4844 dum

200 4885 681 4956 quemadmodum
735 4887 852 4958 ipse
893 4887 1158 4944 Dominus
1209 4887 1346 4944 dixit
1379 4908 1392 4944 :
1429 4890 1620 4947 Tollite
1638 4897 1826 4966 jugum
1929 4885 2088 4940 docet
2118 4883 2171 4938 in
2198 4896 2305 4953 quo
2332 4880 2433 4936 sibi
2461 4879 2712 4935 universa
2741 4878 3054 4947 subjecerit.
3089 4879 3324 4950 Ideoque
3368 4880 3531 4934 dicit:

203 4995 389 5033 meum
422 4994 577 5050 super
628 4995 714 5033 vos
747 4979 966 5051 (Matth.
1000 4995 1076 5045 ιι,
1104 4979 1219 5053 ‘29);
1250 4997 1356 5036 non
1407 4984 1548 5038 enim
1580 4983 1829 5041 indomiti

197 5071 408 5144 jugum
442 5079 681 5141 portant,
709 5073 806 5127 sed
853 5071 1086 5127 humiles
1131 5083 1293 5144 atque
1319 5075 1610 5130 mansueti.
1644 5075 1671 5114 ι’
1702 5076 1830 5132 Ilzec

202 5172 304 5220 est
337 5161 502 5232 plane
552 5178 652 5218 nec
702 5164 831 5234 ipsis
887 5164 1205 5221 hominibus
1255 5166 1415 5235 vilis,
1457 5167 1553 5222 sed
1595 5168 1830 5240 gloriosa

200 5257 527 5329 subiectio;
549 5266 605 5311 ut
635 5257 689 5312 in
718 5260 927 5314 nomine
951 5259 1084 5315 Jesu
1115 5277 1266 5316 autne
1291 5277 1425 5333 genu
1454 5275 1702 5318 curvetur
1731 5279 1833 5320 cae-

205 5351 454 5415 lestium,
480 5360 525 5404 et
549 5352 888 5419 terrestrium,
922 5362 970 5408 et
998 5354 1361 5424 inferuerunt:
1385 5365 1432 5410 et
1466 5357 1632 5412 omnis
1655 5356 1834 5428 lingua

294 5495 325 5523 α
365 5485 572 5561 omnes
593 5485 752 5553 edit.,
778 5488 1062 5561 secundum
1088 5490 1432 5557 divinitatem;
1453 5507 1643 5548 omnes
1672 5507 1833 5561 mss.,

203 5559 511 5616 secundum
539 5575 765 5614 carnem.
810 5559 1221 5630 Consequenter
1255 5572 1437 5619 autem
1493 5564 1652 5620 Rom.
1700 5559 1835 5620 edit.

206 5646 352 5688 cum
409 5631 784 5705 paucis_ntss.,
815 5641 869 5686 ut
900 5633 1060 5688 invito
1094 5633 1368 5690 Patre.....
1413 5635 1720 5705 vindicaret,
1747 5635 1841 5694 ubi

205 5711 451 5760 caetera:
479 5716 543 5756 ac
570 5703 757 5772 plures
785 5718 918 5759 mss.
949 5715 1009 5759 ut
1040 5706 1092 5759 in
1117 5714 1290 5762 testu.

1929 4979 1980 5034 Ν
1989 4996 2086 5033 unc
2106 4987 2278 5033 autem
2292 4993 2395 5030 non
2411 4976 2642 5031 videmus
2663 4974 2836 5029 omnia
2852 4975 2897 5028 ei
2918 4973 3145 5046 subjecta
3159 4974 3351 5048 (Hebr.
3376 4989 3433 5037 ιι,
3450 4972 3531 5045 8).

1933 5073 2063 5129 Nam
2095 5071 2255 5143 paulo
2282 5069 2462 5126 minus
2483 5085 2644 5140 quam
2672 5069 2912 5138 Angelos
2939 5069 3271 5122 minoratum
3301 5066 3541 5123 vidimus

1934 5166 2118 5224 Jesum
2180 5171 2400 5235 propter
2453 5161 2763 5232 passionem
2822 5160 3034 5214 mortis.
3063 5158 3316 5214 Ostendit
3355 5159 3540 5228 itaque

1937 5262 2203 5316 minorem
2246 5259 2444 5312 factum
2486 5257 2542 5311 in
2580 5254 2763 5310 carnis
2791 5254 3163 5324 susceptione.
3194 5251 3333 5320 Quid
3379 5250 3544 5321 igitur

1938 5353 2166 5424 impedit
2194 5351 2325 5422 quin
2354 5350 2518 5406 etiam
2549 5346 2950 5417 subjecdonem
2997 5346 3048 5400 in
3092 5345 3273 5400 carnis
3317 5358 3545 5416 suscep-

1939 5504 2052 5562 prat
2083 5503 2144 5544 se
2174 5483 2504 5554 l‘erunt,Nec
2527 5493 2603 5540 est
2625 5484 2780 5554 plane
2808 5482 3024 5554 angelis,
3054 5499 3147 5538 nec
3176 5482 3305 5552 ipsis
3324 5483 3549 5540 homini-

1943 5563 2318 5688 Μῖίῗδῗιὶιυιιι
2340 5643 2498 5689 mss.,
2516 5643 2619 5682 non
2641 5623 3031 5697 domabilijugo
3049 5623 3227 5693 Verbi,
3246 5633 3379 5694 etc.;
3394 5628 3556 5687 mini-

1945 5719 2037 5762 me
2067 5704 2244 5767 male,
2283 5701 2329 5756 si
2361 5699 2610 5754 domabili
2648 5712 2773 5752 cum
2799 5699 3010 5766 cervice,
3057 5713 3165 5754 non
3215 5710 3394 5757 autem
3429 5717 3556 5762 cum

300 5772 332 5812 b
373 5772 451 5828 Ita
477 5787 607 5852 mss.
631 5775 816 5852 plures
842 5784 899 5852 et
945 5782 1206 5852 potiores,
1229 5777 1338 5852 nisi
1363 5778 1506 5850 quod
1535 5794 1636 5850 pro
1664 5780 1842 5852 plane,
1941 5781 2077 5851 jugo
2111 5781 2481 5833 construatur.

209 5848 281 5907 in
318 5844 601 5902 nonnullis
630 5845 826 5918 legitur
842 5844 1026 5919 plena:
1046 5849 1241 5921 reliqui
1270 5844 1401 5908 νει-ὀ
1421 5862 1476 5908 et
1500 5844 1632 5909 edit.
1652 5844 1849 5909 omnes

693 5940 971 6006 ΡΑτιιοι..
1016 5942 1190 6006 XVI.

2883 5931 2964 5995 22
