4016 6292
507 321 616 382 685

1845 311 2092 372 SANCTI
2131 311 2460 371 AIBROSII

3675 312 3770 368 εει

508 446 658 503 tione
698 439 989 514 signiticet,
1022 453 1119 510 per
1143 451 1305 510 quam
1337 436 1587 508 subjiciat
1609 435 1710 492 sibi
1736 433 1939 502 omnia,
1970 432 2100 490 dum
2131 432 2184 495 Α
2211 445 2331 488 mus
2363 445 2380 489 :
2406 430 2557 496 iram,
2588 427 2984 494 animositatem,
3013 424 3404 498 blasphemiam,
3435 426 3779 494 turpiloquiunt

511 541 565 594 in
590 539 707 608 ipsa
735 535 881 592 Patri
912 534 1024 590 Deo
1046 539 1132 590 est
1160 532 1275 602 ipse
1306 530 1585 602 subjectus
1609 529 1634 582 ?

586 629 710 686 172.
769 625 1192 684 Consideremns
1244 622 1428 694 itaque
1495 621 1610 692 ejus
1665 620 2110 692 subjectionem:

522 722 710 787 Pater,
747 719 942 792 inquit,
983 733 1153 785 meus,
1201 717 1247 772 si
1285 715 1388 780 vis,
1420 718 1645 787 transfer
1669 715 1883 770 calicem
1923 717 2060 768 hunc
2083 731 2115 768 a

514 827 594 870 me
621 829 640 868 :
670 825 848 867 verum
870 825 974 864 non
994 823 1105 864 mea
1125 806 1409 870 voluntate,
1441 804 1528 859 sed
1555 814 1641 859 tua
1671 803 1763 874 ﬁat
1786 801 1939 874 (Luc.
1977 817 2112 871 xxn,

515 903 629 982 42).
663 903 810 979 Ergo
837 902 1134 962 secundum
1173 899 1424 956 humanae
1452 908 1658 954 natura:
1685 898 2115 968 assumptionem

517 1001 616 1058 erit
645 999 744 1054 illa
771 997 1064 1068 subjectio;
1093 993 1216 1064 quia
1245 993 1382 1048 sicut
1415 992 1645 1062 legimus
1674 1007 1688 1046 :
1725 990 1911 1064 Specie
1940 991 2118 1045 inven-

517 1103 600 1150 tus
624 1101 678 1146 ut
707 1092 859 1146 homo
882 1131 898 1156 ,
941 1086 1228 1143 humiliavit
1273 1083 1602 1158 semetipsum
1629 1125 1646 1153 ,
1679 1088 1851 1157 [actus
1879 1081 2120 1140 obedienc

516 1198 676 1256 usque
697 1184 766 1240 ad
797 1191 1011 1238 mortem
1044 1178 1219 1255 (Phil.
1250 1193 1310 1244 ιι,
1341 1177 1395 1250 8)
1434 1193 1448 1232 :
1479 1177 1748 1248 subjectio
1783 1179 1971 1248 utique
1992 1176 2122 1231 obe-

517 1277 738 1335 dientia:
759 1283 842 1332 est
869 1271 1220 1341 ,obedientia
1261 1270 1481 1336 mortis,
1532 1285 1680 1326 mors
1725 1267 2122 1340 assumptionis

519 1373 800 1436 humanae;
851 1368 1248 1440 assumptionis
1274 1379 1404 1438 ergo
1428 1365 1678 1422 humana:
1725 1366 1829 1422 erit
1871 1365 1961 1420 illa
1995 1363 2124 1420 sub—

2216 521 2437 596 (Coloss.
2467 537 2545 580 ttt.
2575 519 2666 592 8);
2697 531 2751 576 et
2781 520 2922 576 sicut
2948 517 3087 574 infra
3119 519 3322 576 dictum
3354 528 3438 574 est
3459 537 3474 574 :
3499 517 3786 593 Exspatiata-

2215 627 2289 672 tes
2317 633 2410 672 nos
2438 624 2648 671 veterem
2692 615 2950 669 hominem
2984 631 3100 670 cum
3143 615 3337 670 actibus
3372 614 3788 680 suis,indttamus

2218 729 2424 780 novum,
2455 714 2545 784 qui
2572 721 2845 766 renouatur
2868 711 2922 765 in
2951 711 3297 782 agnitionem,
3323 707 3601 765 secundum
3623 709 3792 780 imagi-

2219 826 2333 866 nem
2360 812 2493 884 ejus,
2523 811 2612 880 qui
2634 809 2824 864 creauit
2851 825 2967 864 eum
2989 807 3182 880 (loid.,
3206 807 3266 876 9,
3297 806 3413 880 10).

2294 901 2419 959 177.
2461 899 2527 960 Et
2569 912 2630 964 ut
2672 903 2868 968 scires,
2903 902 3027 978 quia
3076 918 3199 962 cum
3247 901 3426 966 dicit:
3462 899 3530 958 Ut
3573 903 3637 964 sit
3671 899 3797 965 Deus

2223 999 2397 1054 omnia
2444 1005 2492 1052 et
2531 997 2584 1052 in
2633 997 2902 1064 omnibus,
2929 1013 2958 1052 a
2989 997 3104 1053 Deo
3146 996 3310 1052 Patre
3355 1011 3466 1060 non
3511 1004 3716 1066 separet
3751 1005 3801 1052 ει

2221 1094 2521 1160 Christum,
2548 1092 2665 1166 ipse
2689 1093 2757 1150 ad
2788 1092 3150 1154 Colossenscs
3174 1092 3342 1148 dicit:
3371 1090 3412 1147 U
3423 1090 3474 1146 bi
3501 1108 3599 1151 non
3619 1108 3804 1147 mascu-

2225 1188 2338 1256 lus,
2373 1187 2577 1258 inquit,
2610 1197 2659 1244 et
2699 1188 2928 1261 femina,
2965 1185 3186 1243 Judteus
3214 1196 3261 1242 et
3288 1185 3540 1259 arcens,
3561 1184 3805 1242 Barbarus

2226 1291 2273 1336 et
2324 1279 2520 1353 Scytha
2542 1322 2558 1348 ,
2589 1297 2763 1336 servus
2809 1290 2859 1336 et
2900 1280 3030 1338 liber
3059 1297 3079 1336 :
3108 1281 3200 1338 sed
3232 1281 3407 1334 omnia
3431 1288 3478 1334 et
3506 1279 3560 1334 in
3587 1278 3808 1334 omnibus

2227 1374 2464 1433 Christus
2486 1373 2708 1448 (Coloss.
2734 1391 2824 1442 ιιι,
2871 1373 2986 1446 il).
3038 1375 3179 1445 Ergo
3223 1374 3389 1430 etiam
3421 1371 3486 1427 ad
3515 1369 3811 1428 Corinthios
3889 1380 3912 1398 ‘

513 1462 698 1535 lectio.
747 1462 1094 1534 Nequaquam
1135 1461 1299 1532 igitur
1342 1455 1640 1514 divinitatis
1683 1457 2125 1524 inﬁrmitas,sed

516 1557 856 1630 dispensatio
881 1557 982 1612 ista
1015 1555 1238 1627 pietatis
1263 1564 1369 1611 est.

2229 1469 2417 1526 dicens
2449 1488 2461 1522 :
2497 1465 2566 1525 Ut
2606 1470 2673 1524 sit
2713 1467 2853 1525 Deus
2881 1469 3054 1524 omnia
3083 1479 3133 1524 et
3163 1469 3218 1524 in
3244 1469 3484 1524 omnibus
3509 1465 3555 1536 (Ι
3583 1466 3692 1524 Cor.
3726 1481 3811 1533 xv,

2228 1559 2364 1633 28),
2413 1565 2470 1619 et
2513 1562 2774 1618 unitatem
2823 1569 2880 1619 et
2923 1561 3290 1632 aequalitatem
3335 1571 3459 1620 cum
3512 1559 3619 1618 Deo
3663 1557 3816 1614 Patre

588 1651 714 1708 175.
783 1649 919 1706 Vide
949 1663 1110 1720 quam
1144 1661 1252 1703 non
1283 1647 1506 1702 timeam
1556 1659 1748 1702 eorum
1799 1644 2128 1716 propositio-

2240 1653 2550 1728 complexns
2574 1663 2659 1710 est
2686 1651 2926 1719 Christi;
2959 1654 3083 1723 quia
3113 1669 3214 1711 nec
3234 1669 3266 1709 a
3288 1652 3453 1711 Patre
3483 1652 3647 1712 Filius
3668 1665 3818 1720 seps-

517 1763 634 1804 nes.
659 1745 744 1802 llli
776 1743 1044 1816 objiciunt
1071 1740 1472 1812 subjiciendum
1506 1738 1654 1795 Patri
1686 1738 1820 1802 Deo.
1873 1751 1975 1810 ego
2008 1737 2129 1810 lego
2235 1761 2406 1806 τουπ,
2441 1750 2506 1805 [ει
2534 1745 2789 1807 similiter
2818 1748 2956 1806 είρυι
2988 1748 3148 1806 pale.-
3183 1749 3371 1807 omnia
3397 1757 3455 1808 ει
3484 1749 3536 1806 in
3561 1747 3818 1812 omnibus,

517 1835 702 1898 Marias
723 1837 1000 1896 subditum
1031 1831 1227 1902 matri;
1256 1829 1382 1906 quia
1429 1833 1692 1904 scriptum
1725 1840 1810 1888 est
1831 1831 1899 1888 de
1925 1829 2126 1918 loseph

2240 1843 2307 1900 ita
2342 1844 2527 1898 omnia
2566 1845 2618 1898 in
2657 1843 2913 1899 omnibus
2953 1844 3114 1898 etiam
3151 1843 3409 1902 Christus
3457 1851 3727 1913 operatur.
3767 1841 3818 1896 Si

515 1944 571 1992 et
595 1935 757 1990 Maria
786 1952 800 1989 :
826 1929 896 1989 Et
917 1940 1028 1988 erat
1048 1931 1284 1987 subditus
1303 1927 1584 1999 illis(Luc.
1612 1945 1670 1996 ll,
1695 1925 1808 1999 5i).
1836 1927 1943 1983 Aut
1962 1926 2006 1981 si
2025 1925 2128 1982 hoc
2231 1952 2366 2008 ergo
2394 1933 2647 1992 Christus
2680 1951 2898 2008 quoque
2942 1936 2995 1991 in
3043 1936 3304 1992 omnibus
3347 1935 3533 1992 omnia
3577 1944 3824 2007 operatur

518 2035 729 2100 putant,
761 2027 938 2084 dicant
965 2027 1087 2098 quia
1112 2021 1424 2080 hominibus
1441 2031 1558 2078 erat
1587 2019 1830 2092 subjecta
1848 2017 2125 2076 divinitas.

2240 2029 2286 2099 [Ι
2314 2027 2436 2084 Cor.
2469 2045 2565 2096 ιιι,
2596 2027 2704 2101 6),
2737 2044 2847 2085 non
2881 2028 3070 2101 utique
3114 2029 3168 2084 in
3209 2027 3514 2093 divinitatis
3553 2026 3825 2098 majestate

590 2119 715 2177 ns.
758 2119 875 2176 Non
907 2121 1070 2191 igitur
1098 2114 1416 2189 prcejudlcet
1437 2115 1560 2187 quia
1585 2115 1867 2185 subjectus
1897 2111 2127 2179 dicitur,
2233 2121 2513 2194 subjectus
2529 2131 2633 2186 εει,
2662 2121 2756 2178 sed
2783 2121 2834 2177 in
2859 2123 3036 2178 ποιήε.
3057 2120 3544 2192 Quomodnautetu
3561 2120 3822 2190 subjectus

515 2217 604 2272 cui
637 2231 744 2270 non
771 2213 1107 2286 praejudicat,
1133 2211 1256 2283 quia
1286 2225 1480 2266 servus
1503 2209 1698 2278 legitur
1728 2249 1742 2273 ,
1789 2205 1915 2279 quia
1949 2201 2129 2262 cruci-

2240 2225 2315 2272 est
2347 2213 2398 2271 in
2431 2215 2610 2284 nobis,
2644 2217 2748 2272 nisi
2781 2232 2848 2272 eo
2875 2217 3041 2274 modo
3070 2232 3178 2288 quo
3207 2217 3387 2274 minor
3423 2217 3628 2290 angelis
3655 2215 3824 2272 factus

521 2307 662 2364 fixus
687 2308 971 2372 asseritur,
1005 2315 1252 2362 mortuus
1284 2303 1630 2376 praedicatur.
1663 2299 1765 2369 Qui
1797 2315 1920 2355 cum
1953 2311 2134 2354 more-

521 2409 696 2467 retur,
758 2399 971 2454 vivebat
999 2413 1014 2466 ;
1041 2409 1162 2453 cum
1217 2396 1601 2467 subjiceretur,
1661 2393 1928 2464 regnabat
1961 2411 1974 2448 :
2005 2409 2128 2450 cum

523 2493 880 2565 sepeliretur,
931 2493 1323 2559 resuscitabat;
1357 2507 1420 2546 ac
1451 2490 1756 2560 subjectum
1785 2504 1846 2546 se
1875 2486 2132 2559 potestati

524 2587 803 2658 praebebat
841 2586 1111 2651 humanas,
1146 2585 1282 2642 alias
1305 2599 1364 2641 se
1396 2583 1680 2639 Dominum
1711 2582 2012 2653 majestatis
2038 2580 2134 2638 de-

524 2674 772 2737 clarabat
797 2688 1037 2735 alt-ternm.
1075 2677 1202 2734 Erat
1247 2675 1347 2732 sub
1387 2677 1572 2749 judice
1600 2719 1615 2742 ,
1667 2687 1723 2734 et
1751 2676 1818 2732 ad
1853 2674 2134 2732 dexteram

525 2768 624 2831 Dei
652 2773 848 2829 solium
863 2772 966 2828 sibi
983 2772 1149 2844 judex
1175 2777 1474 2844 perpetuus
1498 2769 1826 2826 vindicabat.
1855 2767 2135 2839 Scriptum

526 2873 613 2924 est
636 2866 870 2935 denique
899 2884 912 2920 :
947 2861 1146 2920 Amodo
1185 2863 1422 2920 videbitis
1453 2859 1658 2920 Filium
1696 2860 1919 2916 hominis
1947 2859 2133 2915 seden-

527 2972 628 3016 tem
663 2952 732 3016 ad
771 2963 1035 3016 dexteram
1063 2959 1263 3015 virtutis
1303 2957 1424 3024 Dei,
1454 2969 1500 3014 et
1526 2957 1807 3014 venientem
1833 2955 1888 3010 in
1918 2953 2138 3011 nubibus

525 3053 639 3109 mli
672 3049 887 3127 (Matth.
918 3069 1068 3121 xxvi,
1097 3051 1212 3124 64).
1244 3051 1551 3124 Vapulabat
1579 3066 1611 3106 a
1637 3047 1866 3116 Iudaeis,
1899 3045 2137 3120 impera-

524 3142 619 3204 bat
660 3146 868 3218 angelis
913 3164 927 3202 :
967 3153 1126 3202 natus
1165 3145 1328 3220 582
1357 3161 1425 3200 ex
1455 3143 1621 3199 Maria
1671 3143 1773 3199 sub
1801 3141 1947 3214 Lege
1975 3149 2134 3208 erat,

2236 2317 2354 2374 est,
2385 2307 2442 2364 in
2495 2307 2744 2379 corporis
2792 2307 3004 2366 scilicet
3053 2309 3439 2366 sacramento?
3475 2299 3529 2364 In
3572 2323 3639 2366 eo
3684 2306 3826 2365 enim

2236 2402 2478 2458 nondum
2509 2401 2755 2474 subjecta
2781 2401 2832 2460 ei
2859 2401 3043 2458 omnia
3076 2401 3422 2472 videbantur,
3450 2417 3570 2478 qua:
3595 2400 3823 2468 creatori

2236 2505 2338 2552 Suo
2367 2511 2398 2551 a
2433 2494 2704 2567 principio
2730 2495 2812 2552 sui
2843 2497 3029 2567 utique
3049 2495 3381 2552 serviebant.

2313 2587 2435 2646 178.
2479 2589 2634 2660 Quod
2665 2592 2709 2647 si
2741 2590 3026 2662 quaesieris
3051 2587 3511 2662 quemadmodum
3545 2589 3617 2646 sit
3650 2588 3827 2660 subjc.

2238 2692 2359 2739 ctus
2390 2683 2442 2738 in
2474 2682 2654 2746 nobis,
2687 2682 2804 2754 ipse
2832 2681 3071 2738 ostendit
3099 2682 3288 2739 dicens
3314 2700 3327 2735 :
3351 2677 3418 2736 In
3448 2696 3648 2736 carcere
3672 2697 3824 2742 eram,

2237 2787 2286 2831 et
2311 2777 2518 2831 venistis
2538 2777 2608 2831 ad
2630 2792 2745 2831 me:
2766 2776 3003 2848 inﬁrmus
3031 2792 3191 2844 nam,
3212 2785 3258 2830 et
3283 2775 3528 2831 nisitastis
3551 2791 3652 2830 me.
3683 2772 3828 2840 Quod

2239 2870 2375 2924 enim
2424 2869 2518 2924 uni
2571 2869 2756 2924 lterum
2811 2869 3141 2924 minimarum
3191 2869 3420 2942 fecistis.
3470 2869 3596 2922 mihi
3645 2867 3829 2938 fecistis

2242 2957 2459 3034 (Matth.
2491 2973 2636 3026 xxv,
2664 2959 2734 3017 36
2777 2969 2826 3016 et
2870 2958 3026 3034 seq.).
3078 2959 3354 3016 lniirmnm
3401 2957 3590 3027 audis,
3626 2969 3680 3014 et
3725 2974 3828 3014 non

2241 3055 2480 3110 moveris
2515 3071 2529 3111 :
2563 3051 2865 3126 subjectum
2913 3053 3090 3121 audis,
3122 3062 3179 3112 et
3223 3053 3486 3121 moveris;
3516 3069 3636 3109 cum
3677 3051 3732 3108 in
3762 3067 3824 3108 eo

2240 3144 2512 3213 inﬁrmus,
2551 3143 2602 3201 In
2646 3160 2754 3218 quo
2796 3143 3074 3217 subjectus
3097 3187 3113 3214 ,
3145 3147 3198 3200 in
3229 3162 3337 3220 quo
3365 3155 3639 3220 peccatum
3667 3151 3823 3215 atque

525 3245 652 3296 ante
682 3235 958 3294 Abraham
989 3249 1152 3308 supra
1199 3237 1400 3308 Legem
1445 3245 1565 3293 erat
1614 3233 1816 3311 (Colat.
1864 3251 1938 3300 tv,
1967 3234 2047 3307 4).
2077 3232 2138 3291 in
2165 3235 2210 3301 C
2246 3239 2592 3294 maledictum
2627 3253 2725 3309 pro
2753 3235 2909 3295 nobis
2937 3235 3108 3293 lactus
3138 3249 3242 3294 est.

527 3345 688 3388 cruce
714 3329 1060 3387 venerandus
1091 3333 1284 3385 natura
1317 3345 1330 3383 :
1358 3325 1596 3399 denique
1627 3327 1708 3383 sol
1742 3326 1959 3400 refugit,
1990 3335 2138 3382 terra

528 3427 879 3492 contremuit,
907 3425 1290 3482 conticuerunt
1333 3421 1512 3493 angeli
1561 3417 1780 3496 (Matth.
1815 3431 1985 3490 xxvn,
2017 3420 2136 3494 51).

529 3520 697 3588 Cujus
729 3519 893 3590 igitur
923 3517 1230 3590 paSsionem
1279 3519 1551 3574 elementa
1583 3511 1768 3574 videre
1799 3519 2136 3584 timuerunt,

536 3613 696 3681 hujus
744 3612 1158 3684 generationem
1209 3611 1390 3668 videre
1435 3610 1774 3682 potuerunt?
1819 3611 1885 3666 Et
1929 3612 1982 3666 in
2032 3623 2141 3682 quo

537 3707 931 3776 subiectionem
959 3705 1202 3776 corporis
1230 3713 1334 3760 non
1366 3702 1638 3771 tulerunt,
1671 3706 1724 3760 in
1757 3721 1824 3762 eo
1849 3703 2142 3776 subjectio-

537 3813 662 3856 nem
691 3806 900 3854 eautrat
923 3797 1248 3856 venerabilis
1274 3796 1661 3854 sustinebunt?

612 3889 736 3946 175.
775 3889 880 3944 Sed
901 3903 1023 3946 cum
1053 3889 1209 3946 unius
1239 3898 1446 3943 natura:
1483 3887 1595 3944 sint
1620 3889 1776 3945 Pater
1813 3897 1870 3945 et
1893 3887 2060 3944 Filius
2090 3894 2146 3942 et

539 3982 776 4054 Spiritus
803 3981 1260 4054 sanctus,‘utique
1285 3998 1392 4038 non
1422 3982 1526 4036 erit
1549 3981 1711 4039 Pater
1741 3981 1844 4040 sibi
1877 3982 1994 4051 ipsa
2015 3985 2144 4040 sub-

538 4075 732 4143 iectus.
799 4075 868 4131 Et
914 4074 1038 4131 ideo
1091 4090 1199 4130 non
1240 4073 1346 4130 erit
1386 4073 1440 4130 in
1469 4073 1836 4146 eosubjectus
1865 4075 2056 4142 Filius,
2087 4075 2140 4134 itt

539 4184 648 4241 quo
677 4184 800 4224 eum
843 4169 1005 4224 Patre
1047 4182 1212 4224 unum
1237 4177 1352 4234 est;
1378 4184 1448 4224 ne
1473 4183 1571 4239 per
1601 4169 1860 4225 civitatem
1889 4169 2146 4226 divinita-v

543 4265 612 4316 tis
644 4261 894 4320 videatur
915 4271 976 4318 et
990 4260 1152 4317 Pater
1173 4260 1318 4318 Filio
1357 4275 1480 4317 esse
1503 4259 1798 4332 subjtmtus.
1834 4263 1974 4332 Ergo
2003 4263 2147 4318 sicut

544 4354 598 4410 in
631 4356 726 4412 illa
767 4372 936 4414 cruce
987 4371 1095 4412 non
1137 4355 1438 4414 divinitatis
1479 4356 1785 4426 plenitudo.
1835 4357 1930 4412 sed
1961 4367 2144 4415 nostra

545 4448 808 4520 fragilitas
837 4458 954 4504 erat
969 4449 1184 4506 subdita
1210 4467 1224 4504 :
1250 4451 1324 4507 ita
1343 4449 1508 4510 etiam
1531 4457 1719 4518 postea
1739 4449 2018 4520 subjectus
2037 4452 2148 4509 erit

544 4543 715 4599 Filius
740 4543 907 4609 Patri,
933 4545 985 4600 in
1006 4557 1210 4602 nostras
1235 4547 1420 4617 utique
1451 4547 1870 4618 participatione
1903 4557 2150 4617 naturae;

2324 3327 2448 3388 “9.
2484 3329 2638 3388 Sient
2672 3332 2834 3403 igitur
2868 3345 2975 3386 non
3011 3339 3234 3401 propter
3256 3347 3336 3393 se,
3362 3327 3455 3386 sed
3483 3337 3699 3402 propter
3740 3341 3829 3383 nos

2245 3435 2524 3497 peccatum
2547 3433 2708 3497 atque
2722 3419 3067 3481 maledictum
3085 3425 3258 3481 tactus
3285 3435 3370 3480 est
3389 3441 3404 3478 :
3423 3423 3495 3480 ita
3517 3439 3621 3478 non
3645 3437 3826 3493 prose,

2243 3520 2338 3576 sed
2357 3535 2452 3591 pro
2464 3519 2622 3575 nobis
2635 3520 2742 3575 erit
2761 3519 3041 3588 subjectus
3056 3518 3108 3574 in
3127 3517 3306 3586 nobis,
3325 3532 3430 3573 non
3443 3515 3498 3572 in
3517 3525 3696 3572 natura
3710 3515 3828 3570 sub-

2239 3613 2416 3685 jectus
2433 3621 2660 3677 aeterna,
2680 3627 2854 3685 neque
3057 3611 3110 3668 in
3135 3617 3329 3668 natura
3355 3609 3666 3667 maledictus
3685 3621 3829 3664 arter-

2245 3721 2315 3764 Ita
2339 3725 2352 3763 :
2380 3705 2693 3764 Maledictus
2717 3707 2853 3762 enim
2882 3705 3048 3784 omnis
3074 3701 3162 3776 qui
3187 3701 3374 3776 pendet
3402 3703 3456 3758 in
3481 3699 3616 3778 ligno
3637 3698 3824 3774 (Colat.

2243 3797 2324 3866 ιιι,
2357 3801 2465 3873 l3).
2500 3799 2996 3872 Maledictus,.quia
3030 3807 3214 3856 nostra
3246 3797 3531 3856 maledicta
3561 3795 3826 3866 suscepit:

2244 3895 2528 3968 eubjectus
2573 3909 2822 3967 quoque,
2861 3895 2984 3966 quia
3017 3893 3416 3965 subjectionem
3454 3903 3681 3949 no‘tratn
3719 3889 3828 3960 ipse

2245 3993 2510 4063 suscepit,
2541 3991 2637 4047 sed
2677 3989 2731 4046 in
2763 3989 2980 4047 servilis
3007 3987 3198 4045 formae
3227 3983 3620 4062 assumptione,
3648 4000 3750 4040 non
3777 3982 3826 4039 in

2245 4082 2347 4139 Det
2397 4081 2713 4155 majestate;
2761 4091 2820 4137 ut
2866 4081 2994 4138 dum
3045 4079 3138 4138 ille
3185 4091 3388 4145 nostra:
3433 4076 3730 4152 fragilitatis
3771 4090 3827 4132 se

2247 4175 2518 4246 prteberet
2563 4173 2618 4230 in
2663 4189 2828 4231 carne
2875 4181 3227 4240 consortem,
3260 4189 3360 4230 nos
3408 4172 3463 4230 in
3507 4174 3693 4228 virtute
3733 4184 3824 4225 sua

2244 4266 2445 4324 divina:
2475 4267 2679 4324 faceret
2713 4275 2998 4324 conSortes
3037 4277 3252 4327 naturae
3278 4267 3348 4342 (ll
3379 4263 3520 4324 Pelr.
3551 4263 3684 4336 1,4).
3713 4261 3826 4318 Non

2245 4375 2356 4436 quo
2383 4373 2474 4419 aut
2502 4361 2609 4420 hoc
2641 4362 2798 4419 nobis
2824 4376 2948 4418 cum
2977 4377 3214 4436 superna
3253 4362 3458 4420 Christi
3488 4359 3826 4433 generatione

2247 4460 2494 4516 naturale
2533 4459 2896 4528 censortium,
2932 4465 3026 4514 aut
3073 4457 3378 4514 divinitatis
3417 4457 3471 4513 itt
3517 4453 3722 4514 Christo
3761 4451 3824 4508 sit

2248 4549 2338 4606 illa
2374 4549 2800 4621 subjectiozsed
2847 4551 2986 4608 sicut
3031 4550 3086 4605 in
3125 4548 3223 4605 illo
3267 4565 3366 4621 per
3409 4563 3618 4606 carnem
3659 4543 3821 4608 illam,

546 4637 895 4710 ut,subjcctis
921 4641 1096 4697 carnis
1119 4639 1412 4708 illecebris,
1435 4650 1460 4678 δ
1482 4657 1587 4697 non
1616 4639 1815 4696 divitia.-
1837 4635 1946 4697 sint
1970 4643 2145 4711 cordi,
2169 4627 2226 4696 ι)
2251 4653 2371 4714 qua:
2393 4654 2479 4700 est
2503 4644 2699 4714 pignus
2722 4649 2925 4698 noslra‘.
2949 4641 3162 4709 salutis,
3183 4641 3381 4698 sedere
3410 4657 3507 4698 uos
3527 4639 3578 4696 in
3604 4633 3822 4694 coelesti-

543 4743 654 4786 non
687 4729 910 4788 ambitio
933 4778 947 4801 ,
975 4741 1084 4790 non
1137 4728 1384 4805 voluptas
1418 4753 1432 4788 :
1483 4731 1578 4789 sed
1605 4735 1786 4790 omnia
1819 4733 1978 4790 nobis
2002 4733 2145 4792 Deus
2248 4735 2348 4792 bus
2371 4731 2667 4806 Apostolus
2691 4731 2826 4790 dixit
2857 4731 3075 4810 (Epltes.
3109 4749 3172 4800 tt,
3200 4731 3281 4806 6),
3308 4734 3494 4806 utique
3517 4749 3618 4788 non
3639 4727 3820 4784 seden-

545 4823 638 4891 811,
667 4827 710 4880 si
745 4835 842 4895 per
866 4828 1046 4883 otnnia
1075 4835 1332 4899 quantum
1363 4841 1557 4899 capere
1587 4835 1900 4898 possumus,
1929 4827 1996 4884 ad
2027 4829 2145 4900 ejus
2250 4836 2362 4896 tes;
2393 4829 2474 4884 sic
2503 4837 2558 4884 et
2581 4827 2672 4884 illc
2695 4843 2792 4901 per
2833 4836 3032 4884 nostra;
3062 4826 3492 4898 assumptionem
3523 4833 3713 4880 naturae
3745 4819 3822 4876 di-

543 4916 856 4986 ltnaginem,
890 4917 1408 4992 similitudincmque
1435 4919 1700 4976 vivamus.

614 5007 740 5067 176.
783 5010 864 5067 Ad
899 5011 1346 5070 communitatem
1402 5014 1563 5084 igitur
1588 5013 1914 5082 beneli‘cium
1948 5013 2146 5069 transi-

541 5101 672 5157 vita
699 5102 913 5173 Specie;
954 5103 1078 5174 quia
1115 5104 1172 5158 in
1217 5117 1315 5158 sua
1342 5119 1506 5160 carne
1533 5111 1780 5160 naturam
1808 5105 1978 5160 totius
2037 5102 2140 5159 ltu-

545 5205 720 5251 mana:
765 5197 944 5251 carnis
985 5195 1246 5251 edomuit.
1301 5191 1368 5250 Et
1411 5195 1532 5253 ideo
1576 5199 1726 5269 juxta
1776 5201 2144 5273 Apostolum:

546 5285 697 5343 Sicut
728 5290 1039 5358 portavimus
1071 5287 1350 5358 imaginem
1377 5287 1534 5360 hujus
1558 5293 1748 5346 terreni
1764 5333 1780 5358 ,
1813 5301 2074 5363 portemus
2101 5303 2148 5348 et

543 5381 817 5456 imaginem
841 5381 997 5456 hujus
1024 5381 1235 5437 caelestis
1257 5381 1299 5454 (1
1325 5381 1449 5437 Cor.
1482 5393 1557 5438 xv
1585 5427 1600 5449 ,
1630 5379 1743 5456 49).
1775 5383 1927 5452 Quod
1959 5390 2149 5459 utique

549 5476 649 5530 nisi
693 5490 791 5544 per
835 5477 1162 5542 interiorem
1207 5475 1484 5534 hominem
1528 5493 1636 5533 aeu
1684 5490 1860 5547 potest
1901 5483 2146 5537 evenire.

551 5567 893 5636 Deponentes
941 5571 1104 5646 igitur
1133 5569 1381 5625 universa
1403 5611 1418 5638 ,
1450 5569 1553 5625 hoc
1581 5579 1666 5625 est
1687 5612 1701 5635 ,
1734 5571 1821 5625 illa
1852 5582 1973 5636 qua:
2001 5571 2138 5645 legi-

624 5711 650 5738 s
681 5705 889 5786 plu-nes
908 5710 1044 5765 εδει,
1073 5719 1329 5786 quantillo
1353 5707 1598 5786 aliaeve
1621 5702 1914 5786 ιτδξΰ-χηθη
1939 5713 2145 5786 ωρίάί·

556 5781 636 5854 tus
661 5776 940 5854 dominetur
970 5781 1151 5840 cordi;
1173 5777 1263 5830 alii
1293 5793 1423 5834 mss.
1451 5781 1620 5836 multo
1641 5782 1832 5851 Μ
1855 5793 1920 5838 ac
1951 5776 2146 5854 M-

558 5849 744 5910 tiores,
777 5855 832 5901 ut
857 5850 907 5904 in
928 5860 1098 5906 textu.

2244 4921 2386 4976 citur
2410 4919 2689 4992 subjectus
2716 4921 2772 4976 in
2801 4917 2981 4978 nobis.

2319 5013 2443 5072 180.
2483 5013 2618 5084 Quis
2659 5015 2806 5071 enim
2852 5021 2966 5069 tam
2999 5008 3227 5072 demens
3255 5011 3349 5086 qui
3381 5021 3564 5086 putet,
3593 5019 3644 5066 ut
3666 5021 3822 5077 supra

2249 5103 2486 5164 diximus
2518 5107 2672 5182 (Cap.
2703 5107 2736 5164 5
2761 5119 2808 5164 et
2846 5107 3008 5181 seq.),
3039 5107 3182 5179 quod
3212 5109 3278 5164 ad
3309 5109 3582 5165 dexteram
3609 5102 3694 5159 Dei
3721 5096 3818 5154 Pa-

2251 5203 2350 5258 tris
2372 5203 2530 5258 scdcs
2554 5203 2654 5258 sibi
2675 5201 3006 5259 venerabilis
3026 5199 3054 5240 ι)
3073 5199 3370 5268 debeatur;
3393 5217 3513 5258 cum
3536 5197 3650 5255 licet
3665 5197 3822 5249 ctiam

2252 5297 2551 5353 secundum
2583 5309 2816 5352 carnem
2859 5293 3078 5354 Christo
3102 5311 3166 5352 ea
3198 5312 3226 5350 a
3260 5289 3454 5364 Patre,
3480 5284 3821 5366 generationis

2253 5395 2433 5444 tanien
2464 5396 2718 5460 supernae
2753 5399 2810 5445 et
2847 5387 3073 5460 {aqualis
3105 5390 3364 5458 potentia
3391 5379 3686 5444 delentur?
3719 5381 3821 5433 Διιο

2253 5483 2358 5554 geli
2378 5481 2630 5548 adorata,
2647 5491 2710 5538 et
2727 5492 2784 5538 tu
2799 5483 2901 5538 tibi
2919 5483 3352 5554 prun-sptium
3369 5480 3618 5550 sacrilega
3637 5473 3820 5530 solium

2259 5575 2353 5631 Dei
2383 5575 2620 5631 sternis?

2324 5716 2350 5756 δ
2391 5718 2465 5773 ita
2505 5733 2634 5774 mss.
2678 5726 2875 5790 magno
2912 5723 3184 5773 cousensn
3217 5735 3230 5772 :
3260 5715 3396 5774 edit.
3429 5719 3556 5772 vero
3577 5755 3591 5779 ,
3613 5721 3708 5766 non
3731 5705 3816 5760 de.

2251 5787 2450 5858 tentur,
2479 5793 2596 5846 eunt
2630 5787 2824 5845 scilicet
2860 5792 3035 5862 etiam,
3060 5797 3167 5847 etc.
