4016 6292
244 330 352 388 683

1610 336 1696 394 ne
1736 292 1894 393 sine
1932 334 2062 392 LIB.
2107 334 2170 390 v.

3436 347 3542 404 686

323 449 441 508 181.
475 451 750 523 Scriptum
793 463 898 519 est,
934 465 959 493 ι
991 455 1221 527 inquies,
1247 457 1371 529 quia
1396 474 1510 512 cum
1542 460 1729 512 mortui
1761 474 1842 514 es-
1867 462 1923 523 Α
1947 456 2109 526 feras,
2149 455 2291 529 quod
2331 457 2594 528 scriptum
2635 469 2717 516 est
2739 460 2866 532 quia
2891 462 3124 534 subjecit
3152 466 3203 523 ei
3246 467 3388 525 Deus
3417 486 3538 525 om-

241 560 414 598 semus
456 550 679 618 peccatis
708 589 723 616 ,
771 550 1142 620 conoiviﬁcavit
1178 568 1270 606 nos
1308 552 1361 605 in
1402 550 1605 607 Christo
1635 594 1649 619 ,
1689 554 1839 623 cujus

242 638 413 709 gratia
452 641 575 695 estis
612 640 741 695 salvi
775 641 941 714 facti;
980 652 1028 697 et
1064 644 1219 697 simul
1249 644 1540 709 suscitavit,
1586 645 1841 716 simulque

243 732 361 802 fecit
383 732 563 786 sedere
587 732 639 787 in
668 732 953 789 célestibus
979 776 994 801 ,
1024 735 1075 790 in
1104 732 1309 791 Christo
1343 736 1469 792 Jesu
1501 735 1737 809 (Ephes.
1766 752 1835 804 tt,

240 820 298 891 5,
322 822 418 893 6).
460 822 713 898 Agnosco
741 828 1004 899 scriptum
1048 848 1061 883 :
1105 829 1200 885 sed
1237 846 1341 885 nou
1385 840 1439 886 ut
1478 830 1726 886 homines
1751 845 1841 886 se-

239 914 376 973 dere
404 917 471 972 ad
503 918 782 975 dexteram
812 920 914 977 sibi
946 922 1181 995 patiatur
1206 922 1367 991 Deus,
1401 923 1493 979 sed
1525 933 1582 980 ιιι
1607 924 1658 979 in
1682 922 1841 979 Chri-

239 1018 326 1063 sto
366 1010 595 1079 sedere;
631 1013 757 1085 quia
783 1015 895 1085 ipse
927 1026 1009 1073 est
1048 1018 1288 1072 ninnium
1321 1018 1750 1083 fundamentum,
1785 1028 1841 1073 et

240 1100 356 1172 ipse
394 1111 479 1159 est
506 1117 669 1172 caput
699 1105 954 1162 Ecclesia:
985 1105 1205 1182 (Ep/tes.
1243 1124 1298 1175 ν,
1326 1109 1440 1181 25),
1475 1111 1528 1165 in
1555 1124 1663 1180 quo
1691 1124 1839 1166 com-

240 1198 421 1253 munis
445 1198 746 1255 secundum
779 1217 999 1258 carnem
1034 1214 1223 1258 natura
1253 1206 1665 1276 pra-rogativam
1694 1204 1839 1259 sedis

238 1292 481 1350 caelestis
512 1296 747 1352 emeruit
774 1314 787 1352 :
822 1297 875 1354 iu
898 1297 1116 1354 Christo
1139 1300 1283 1355 enim
1300 1300 1411 1356 Deo
1428 1317 1578 1369 caro,
1603 1303 1654 1356 in
1675 1317 1838 1357 Carne

236 1396 420 1444 autem
464 1387 688 1447 humani
736 1401 927 1450 natura
981 1396 1200 1466 generis
1252 1395 1492 1452 omnium
1552 1394 1836 1453 hominum

235 1481 514 1556 particeps
542 1483 861 1542 honoratur.

312 1575 439 1632 182.
472 1577 624 1635 Sicut
653 1594 753 1635 nos
775 1596 906 1652 ergo
932 1580 985 1638 in
1026 1582 1123 1639 illo
1161 1582 1417 1641 sedemus
1441 1581 1469 1622 δ
1512 1599 1608 1655 per
1645 1598 1840 1656 corpo-

238 1686 350 1727 rea:
388 1674 835 1731 communitatem
875 1688 1101 1742 naturae,
1145 1677 1220 1733 ita
1249 1678 1421 1735 etillc
1448 1679 1537 1750 qui
1579 1694 1674 1750 per
1710 1694 1836 1733 sns-

235 1765 553 1835 ceptionem
585 1778 786 1823 nosme
813 1769 995 1824 carnis
1024 1770 1373 1827 maledictum
1409 1788 1505 1841 pro
1533 1770 1689 1827 nobis
1720 1770 1838 1826 fac-

1943 549 2070 615 nia;
2109 549 2259 627 disce
2298 549 2440 621 quod
2481 552 2659 607 omnia
2701 552 2803 609 sibi
2846 555 3007 610 etiam
3049 557 3164 628 ipse
3202 560 3535 628 subiecerit;

1942 640 2202 712 scriptmn
2242 651 2328 699 est
2373 644 2519 699 enim
2572 662 2585 697 :
2640 644 2839 701 Nostra
2893 658 3064 703 autem
3109 653 3429 708 conversatio
3479 655 3536 710 in

1943 734 2082 789 ariis
2109 745 2217 802 est;
2254 737 2394 791 unde
2422 747 2467 791 et
2501 737 2825 794 Salvatorem
2870 752 3224 814 exspectamus
3256 745 3537 802 Dominum

1939 825 2144 895 Issum,
2183 830 2274 900 qui
2311 831 2701 903 transfigurabit
2741 848 2931 905 corpus
2973 834 3278 893 humilitatis
3317 850 3531 908 nostrar,

1943 923 2204 994 conformo
2230 935 2286 980 ut
2314 925 2406 997 fiat
2441 926 2651 998 corpori
2679 927 2859 1001 gloria:
2896 946 3003 986 sua:
3030 933 3313 988 secundum
3340 951 3499 1000 opera
3522 969 3534 979 -

1944 1017 2127 1073 tionem
2148 1060 2162 1077 .
2207 1036 2308 1091 quo
2358 1022 2517 1089 possit
2547 1021 2702 1076 etiam
2731 1020 2983 1099 subjicere
3010 1025 3105 1080 sibi
3146 1027 3317 1082 omnia
3355 1024 3529 1101 (Phil.

1946 1127 2023 1177 ill,
2058 1111 2149 1181 20,
2205 1110 2320 1186 2|).
2355 1112 2605 1172 Didicisti
2645 1132 2774 1189 ergo
2814 1118 2960 1191 quod
2999 1122 3181 1176 omnia
3222 1123 3392 1194 possit
3429 1125 3534 1181 sibi

1945 1208 2061 1276 ipse
2116 1208 2390 1281 subjicere
2416 1251 2431 1277 ,
2470 1211 2769 1270 secundum
2808 1217 3186 1287 operationem
3228 1220 3413 1292 utique
3450 1221 3535 1277 di-

1944 1301 2208 1361 vinitatis.

2016 1396 2143 1453 185.
2184 1396 2344 1457 Disce
2380 1414 2529 1465 nunc
2563 1404 2822 1474 quoniam
2849 1406 3148 1464 secundum
3177 1423 3396 1467 cantem
3418 1426 3538 1467 om—

1945 1488 2031 1542 nia
2072 1489 2317 1559 subjects
2356 1494 2623 1565 accipiat,
2655 1496 2795 1553 sicut
2828 1499 3092 1569 scriptum
3126 1510 3211 1556 est
3239 1518 3254 1556 :
3285 1502 3388 1570 Qui
3414 1520 3541 1573 ope-

1940 1590 2087 1639 ratus
2112 1592 2193 1639 est
2212 1587 2265 1639 in
2293 1583 2529 1651 Christo.
2571 1592 2829 1647 suscitans
2848 1606 2966 1647 um
2993 1606 3025 1647 s
3053 1596 3270 1651 mortuis
3295 1636 3310 1663 ,
3338 1607 3388 1652 et
3417 1614 3542 1653 con-

1943 1675 2160 1731 stituens
2190 1690 2305 1731 eum
2344 1678 2415 1732 ad
2440 1679 2707 1736 desierant
2743 1694 2892 1738 suam
2927 1685 2983 1739 in
3014 1685 3335 1756 caelestibus,
3380 1704 3540 1762 supra

1942 1783 2144 1822 omnem
2173 1770 2547 1843 principatum,
2580 1785 2630 1829 et
2663 1785 2982 1845 potestatem,
3012 1788 3058 1833 et
3087 1780 3347 1851 virtutem,
3371 1793 3419 1839 et
3448 1784 3543 1840 do-

240 1865 327 1912 tus
380 1867 464 1914 εςι
505 1874 519 1924 ;
583 1876 705 1915 cum
756 1858 1105 1918 maledic-uim
1157 1863 1341 1936 utique
1390 1864 1441 1919 in
1491 1862 1838 1920 benedictum
1870 1864 1918 1925 Β
1947 1860 2308 1930 minutionem,
2348 1873 2396 1917 et
2439 1880 2590 1920 omne
2625 1882 2810 1922 nomen
2838 1869 2977 1941 quod
3000 1862 3301 1928 nominatur
3329 1891 3432 1932 non
3456 1893 3533 1931 sov

235 1948 438 2008 Filium
471 1952 567 2009 Dei
600 1971 706 2010 non
737 1955 897 2013 cadat
924 1974 937 2011 :
973 1955 1070 2024 ita,
1102 1958 1353 2030 inquam,
1383 1969 1437 2016 et
1467 1960 1557 2015 ille
1587 1976 1681 2031 per
1709 1959 1841 2018 obe-

234 2046 500 2103 dit-ntiam
530 2049 773 2105 omnium
804 2049 909 2106 erit
945 2051 1222 2122 subjectus
1255 2054 1309 2109 in
1340 2053 1517 2119 nobis;
1548 2069 1670 2110 eum
1697 2052 1842 2110 Gen-

236 2140 349 2197 tilis
371 2142 685 2207 crediderit,
718 2159 839 2199 eum
867 2144 1090 2202 Judteus
1112 2148 1422 2219 agnoverit,
1464 2163 1625 2220 quem
1665 2144 1842 2203 cruci-

237 2228 397 2303 ﬁxit;
442 2253 563 2294 cum
602 2236 931 2295 Manichacus
969 2238 1318 2309 adoraverit,
1367 2257 1527 2312 quem
1573 2241 1626 2296 in
1674 2256 1840 2297 carne

236 2329 460 2383 venisse
479 2345 584 2384 non
605 2329 852 2397 credidit;
874 2347 997 2387 cum
1013 2329 1247 2388 Arianus
1266 2334 1695 2405 omnipotentem
1714 2349 1843 2389 cou-

237 2421 422 2478 fessus
446 2422 630 2490 fuerit,
655 2441 812 2495 quem
855 2428 1088 2495 negavit;
1119 2444 1243 2483 cum
1277 2437 1554 2501 postremo
1583 2428 1634 2483 in
1663 2428 1842 2485 omni-

238 2522 346 2578 bus
378 2522 538 2579 fuerit
568 2524 832 2592 sapientia
877 2522 994 2590 Dei,
1030 2524 1269 2598 justitia,
1314 2542 1438 2596 pax,
1462 2526 1721 2591 eharitas,
1756 2543 1842 2581 re-

237 2617 539 2675 surrectio.
580 2619 684 2675 Per
721 2635 817 2676 sua
859 2621 1021 2692 igitur
1058 2635 1224 2690 Opera
1265 2620 1513 2675 Christus
1548 2630 1601 2676 et
1637 2636 1840 2692 genera

238 2711 462 2768 diversa
503 2714 762 2768 virtutum
802 2716 908 2769 erit
950 2714 1001 2767 iu
1044 2713 1200 2769 uobis
1238 2714 1382 2769 Patri
1414 2713 1683 2780 subditus;
1716 2728 1841 2769 cum

237 2803 397 2860 \itiis
435 2802 717 2873 abdicatis,
742 2818 795 2861 et
818 2805 1050 2863 feriaute
1082 2807 1302 2873 delicto,
1332 2822 1472 2862 unus
1505 2807 1557 2861 in
1588 2806 1844 2862 omnibus

241 2897 360 2953 Deo
386 2898 619 2971 cmperit
649 2898 700 2953 in
728 2914 836 2955 uno
873 2914 1035 2955 sensu
1069 2899 1390 2971 populorum
1414 2899 1651 2954 omnium
1679 2896 1841 2969 spiri-

239 3003 331 3048 tus
360 2990 663 3060 adha-rere,
690 3005 817 3049 tunc
855 2993 960 3049 erit
999 2993 1139 3049 Deus
1179 2994 1360 3049 omnia
1400 3001 1453 3048 et
1493 2994 1547 3048 in
1589 2991 1845 3048 omnibus

241 3082 303 3157 (Ι
323 3082 447 3141 Cor.
476 3101 565 3154 xv,
586 3084 657 3142 28
674 3086 712 3157 ).

852 3178 1086 3237 CAPUT
1125 3180 1242 3236 XV.

245 3313 503 3384 Superius
529 3315 790 3387 disputata
817 3315 1035 3370 strictim
1062 3314 1294 3381 resumit,
1336 3330 1403 3370 ex
1437 3314 1632 3368 unitate
1654 3311 1842 3368 divine

318 3411 580 3479 palantis
603 3411 657 3465 iss
686 3410 849 3465 Patre
871 3427 933 3463 ac
960 3408 1100 3464 Filia
1125 3423 1452 3479 amorisque
1478 3410 1542 3464 de
1569 3407 1696 3463 Filii
1722 3407 1844 3463 sub-

305 3505 542 3574 iectione
568 3506 835 3573 dicuntur,
875 3505 943 3559 ad
968 3505 1137 3562 solam
1173 3504 1443 3573 referenda
1474 3504 1845 3560 humanitatem

310 3601 444 3656 scite
468 3600 713 3674 colligens
737 3616 756 3655 :
794 3600 931 3672 quod
958 3609 1205 3671 prcierea
1226 3613 1289 3653 es:
1314 3597 1589 3666 cher-itote,
1615 3612 1731 3669 qua
1756 3612 1845 3653 ea-

306 3694 432 3749 dem
459 3694 718 3764 utriusque
742 3701 842 3759 est,
869 3693 1163 3761 conﬁrmat.

316 3831 444 3888 185.
472 3828 892 3887 Conelusionem
926 3828 1088 3900 igitur
1119 3830 1281 3883 totius
1319 3827 1684 3885 absolutionis
1715 3826 1842 3882 bre-

234 3926 385 3983 viter
410 3922 755 3995 colligamus.
789 3921 981 3979 [initas
1024 3922 1309 3992 potestatis
1348 3920 1660 3989 Opinionem
1703 3919 1844 3990 inju-

235 4020 409 4074 riosa:
448 4013 801 4086 subjectiouis
832 4012 1074 4073 excludit
1105 4031 1117 4065 :
1160 4014 1444 4068 evacuatio
1474 4009 1639 4085 584
1666 4021 1845 4081 potes-

233 4121 442 4177 tatum,
470 4118 526 4166 et
562 4109 791 4163 victoria
821 4108 886 4163 de
927 4117 1102 4163 morte
1141 4107 1391 4179 qua-sita,
1433 4103 1844 4174 triumphatoris

232 4205 434 4277 utique
467 4220 570 4257 non
606 4203 797 4257 minuit
831 4209 1151 4273 potestatem
1183 4218 1194 4252 :
1225 4198 1618 4268 subjectioucm
1650 4210 1845 4268 opera-

232 4308 332 4354 tur
383 4294 695 4353 obedientia
725 4336 739 4360 ,
791 4293 1155 4349 obedientiam
1203 4290 1449 4347 Christus
1497 4288 1794 4360 :ISSlllllprll
1828 4331 1842 4355 ,

228 4389 557 4447 obedientia
588 4403 756 4459 usque
781 4386 847 4442 ad
877 4400 1117 4453 erucmn,
1158 4400 1292 4440 crux
1323 4384 1389 4439 ad
1420 4385 1669 4439 salutem.
1702 4381 1844 4452 Ergo

230 4464 335 4541 ubi
361 4497 522 4553 opus,
549 4481 619 4537 ibi
645 4490 699 4537 et
722 4486 912 4535 auctor
938 4487 1023 4536 est
1052 4478 1256 4550 operis.
1297 4476 1430 4533 Cum
1460 4476 1624 4549 igitur
1660 4475 1841 4530 omnia

1944 1956 2051 2009 lum
2078 1956 2131 2010 in
2154 1957 2251 2011 hoc
2281 1960 2493 2026 sa'culo,
2521 1962 2614 2015 sed
2644 1963 2873 2017 etiamin
2902 1967 3081 2035 futuro
3099 1982 3118 2033 ;
3148 1975 3193 2022 et
3216 1968 3387 2023 omnia
3415 1972 3538 2025 sub-

1935 2050 2062 2119 jecit
2091 2050 2183 2107 sub
2214 2053 2430 2124 pedibus
2467 2057 2583 2129 ejus
2621 2055 2641 2129 (
2665 2054 2858 2128 Ephes.
2890 2074 2941 2126 v,
2974 2058 3064 2124 20,
3088 2059 3204 2133 21).
3226 2063 3536 2121 Secundum

1945 2156 2166 2198 carnem
2205 2144 2369 2214 igitur
2394 2145 2443 2201 ei
2476 2146 2655 2203 omnia
2696 2149 2942 2220 subjecta
2990 2152 3303 2221 tradentur,
3342 2171 3541 2214 secun-

1945 2233 2071 2289 dum
2103 2251 2262 2308 quam
2296 2247 2349 2292 et
2376 2253 2406 2294 a
2435 2241 2663 2296 mortuis
2691 2244 2983 2301 suscitatus
3025 2256 3130 2315 est,
3154 2257 3213 2306 ot
3239 2250 3539 2309 secundum

1945 2326 2180 2383 animant
2207 2328 2496 2385 humanam
2517 2348 2579 2389 ac
2606 2334 2987 2394 rationabilem
3013 2340 3431 2412 subiectionem.

2019 2420 2143 2479 186.
2183 2433 2205 2462 ε
2238 2422 2433 2480 Divine
2464 2426 2709 2499 plerique
2734 2428 3168 2501 interpretantur
3193 2436 3336 2508 quod
3372 2440 3550 2513 scrip‘

1948 2523 2061 2569 tum
2089 2523 2175 2571 est
2206 2533 2220 2570 :
2256 2516 2441 2572 Nonne
2477 2518 2587 2575 Deo
2617 2522 2845 2593 subjecta
2875 2525 2976 2579 erit
3000 2527 3172 2583 anima
3204 2547 3315 2585 mea
3354 2533 3543 2604 (Psal.

1947 2622 2076 2676 ut,
2134 2608 2261 2684 1)?
2324 2614 2560 2667 animam
2619 2614 2795 2683 dixit,
2841 2634 2949 2675 non
3000 2620 3380 2693 divinitatem;
3431 2630 3543 2685 ani—

1948 2717 2127 2769 mam,
2160 2719 2265 2759 non
2298 2706 2664 2777 majestatem.
2700 2709 2768 2765 Et
2796 2719 2857 2767 ut
2886 2712 3150 2771 Sciremus
3178 2718 3325 2789 quod
3362 2720 3552 2778 Domi-
3626 2742 3629 2745 ‘

1950 2811 2052 2850 nus
2094 2812 2191 2867 per
2242 2797 2570 2870 PrOpbctam
2611 2801 2679 2856 dc
2717 2806 3066 2876 susceptione
3102 2821 3312 2870 natura:
3350 2825 3434 2872 est
3469 2816 3553 2873 lo-

1948 2896 2107 2943 cutus
2159 2887 2409 2945 humanm
2436 2933 2450 2957 ,
2494 2893 2703 2951 addidit
2741 2912 2757 2952 :
2791 2896 3066 2970 Usquequo
3096 2906 3353 2979 adjicietis
3395 2927 3551 2984 super

1949 2980 2210 3037 hominem
2254 2982 2460 3057 (me,
2493 2985 2602 3060 5)?
2650 2991 2949 3048 secundum
2991 2994 3127 3052 illud
3180 3000 3326 3068 quod
3374 2980 3548 3061 ait—in

1948 3073 2246 3148 Evangelia
2292 3096 2306 3133 :
2357 3080 2499 3147 Quid
2544 3098 2623 3137 me
2672 3085 2905 3156 quaeritis
2947 3088 3238 3160 interﬁcere
3289 3093 3552 3152 hominem

1949 3164 2128 3239 (Joan.
2174 3185 2291 3237 VIII,
2330 3169 2460 3244 40)?
2502 3171 2568 3229 Et
2605 3175 2814 3232 addidit
2856 3194 2870 3231 :
2906 3176 3285 3240 Verumtamen
3323 3188 3546 3258 pretium

1870 3250 1916 3312 C
1948 3278 2117 3316 nteum
2147 3262 2420 3319 uoluerunt
2448 3267 2723 3338 repellere,
2751 3285 3092 3329 cucurrerunt
3121 3278 3175 3331 in
3212 3250 3437 3346 siti,'ore
3456 3300 3552 3341 suo

1951 3355 2333 3427 benedicebant,
2366 3370 2415 3417 et
2447 3364 2604 3418 corde
2625 3381 2720 3419 suo
2750 3365 3123 3426 ntaledicebaut
3148 3371 3168 3444 (
3189 3372 3280 3429 Ps.
3313 3391 3433 3443 ut,
3462 3378 3546 3450 ι).

1946 3450 2119 3509 Judaei
2148 3454 2294 3509 enim
2322 3498 2338 3522 ,
2364 3466 2680 3528 reportante
2708 3458 2849 3523 Juda
2872 3462 3107 3533 pretimn
3130 3508 3147 3536 ,
3173 3469 3424 3539 recipere
3453 3489 3553 3529 no-

1948 3545 2165 3602 luerunt
2193 3544 2414 3618 (Matth.
2445 3566 2608 3619 uvtt,
2640 3552 2722 3623 6),
2752 3564 3038 3645 currentes
3064 3558 3116 3615 in
3144 3560 3233 3616 siti
3260 3566 3544 3634 amentiae;

1945 3638 2069 3709 quia
2100 3638 2360 3708 spiritalis
2387 3651 2546 3713 potus
2566 3646 2795 3715 gratiam
2821 3638 3163 3709 recusarunt.

2021 3731 2145 3789 187.
2185 3732 2313 3789 Haec
2349 3743 2435 3790 est
2464 3736 2550 3806 pia
2582 3738 2942 3810 subjectionis
2980 3743 3385 3819 interpretatio.
3421 3751 3549 3810 Ete-

1946 3824 2056 3880 nim
2086 3839 2208 3881 cum
2240 3826 2539 3885 Dominiete
2570 3832 2837 3899 passionis
2871 3834 2977 3892 hoc
3003 3853 3202 3895 nmnus
3225 3842 3331 3910 sit,
3362 3843 3547 3915 utique

1945 3916 1998 3972 in
2038 3934 2147 3987 quo
2186 3934 2378 3987 passus
2417 3930 2523 3987 est,
2567 3923 2617 3977 in
2662 3925 2764 3980 hoc
2802 3927 2912 3982 erit
2948 3930 3229 4000 subjectus
3268 3934 3322 3990 in
3364 3938 3539 3996 nobis.

1945 4009 2254 4079 Quaerimus
2274 4027 2380 4082 qua
2405 4014 2607 4070 causa?
2642 4014 2710 4072 Ut
2734 4034 2909 4089 neque
2933 4022 3134 4093 angeli,
3166 4040 3343 4096 neque
3368 4028 3541 4084 virtu-

1948 4112 2048 4169 tes,
2081 4120 2256 4177 neque
2297 4104 2549 4174 altitudo,
2580 4124 2755 4181 neque
2787 4106 3139 4185 profundum,
3180 4132 3361 4190 neque
3401 4137 3546 4192 prte-

1945 4197 2141 4263 sentia,
2185 4214 2361 4273 neque
2402 4200 2605 4268 futura,
2648 4219 2825 4276 neque
2861 4217 3109 4266 creatura
3147 4211 3251 4269 alia
3290 4227 3548 4283 separare

1947 4307 2049 4348 nus
2079 4293 2252 4363 possit
2288 4309 2317 4349 a
2349 4295 2620 4354 cbaritate
2648 4299 2764 4366 Dei,
2807 4317 2928 4373 qua:
2962 4305 3129 4361 estin
3166 4306 3387 4365 Christo
3414 4309 3547 4368 Jesu

1952 4385 2130 4458 (Rom.
2158 4404 2276 4458 vm,
2299 4390 2392 4458 58,
2416 4389 2531 4464 59).
2561 4392 2820 4451 Videmus
2846 4396 3032 4468 itaque
3054 4414 3122 4456 ex
3145 4400 3229 4457 his
3258 4418 3377 4476 qua:
3407 4405 3549 4462 dixi-

1949 4495 2071 4535 mus
2096 4523 2110 4545 ,
2156 4481 2359 4537 nullam
2398 4493 2681 4556 exceptam
2710 4502 2833 4544 esse
2859 4501 3164 4547 creaturam
3203 4512 3216 4549 :
3248 4495 3344 4553 sed
3386 4495 3507 4554 istis
3532 4541 3547 4566 ,

228 4577 468 4634 Christo
489 4573 733 4646 subjecta
756 4574 959 4629 fuerint
999 4588 1095 4643 per
1124 4570 1492 4629 obedientiam
1521 4568 1742 4634 Christi,
1788 4575 1847 4622 ut
1874 4636 1921 4655 η
1948 4589 2084 4645 quas
2123 4589 2283 4647 supra
2311 4577 2472 4643 dixit,
2505 4594 2750 4647 omnem,
2790 4582 2835 4637 si
2868 4598 2971 4655 qua
3000 4593 3105 4652 est,
3131 4598 3548 4648 arnoumeratam

230 4671 299 4726 in
342 4668 567 4724 nomine
588 4636 707 4738 eius
737 4679 932 4723 omnes
953 4679 1094 4738 genu
1134 4662 1375 4730 ﬂectant,
1417 4672 1544 4718 tunc
1583 4661 1685 4716 erit
1727 4660 1845 4730 ipse
1872 4636 1925 4696 υ
1951 4679 2095 4722 esse.

226 4765 430 4822 omnia
461 4763 514 4818 in
544 4760 829 4826 omnibus;
863 4775 1005 4815 nunc
1031 4758 1197 4825 enim,
1223 4757 1348 4828 quia
1378 4771 1483 4811 non
1514 4768 1705 4809 omnes
1727 4767 1847 4808 cre-

226 4862 408 4923 dunt,
446 4873 555 4913 non
597 4857 850 4912 videntur
890 4868 1084 4911 omnes
1120 4868 1245 4909 esse
1283 4850 1533 4921 subjecti.
1561 4849 1698 4905 Cum
1729 4863 1847 4902 om-

229 4966 347 5011 nes
388 4966 522 5023 ergo
556 4949 929 5013 crediderint,
969 4954 1023 5003 et
1064 4946 1158 5003 Dei
1199 4945 1427 5000 iecerint
1467 4943 1805 4999 voluntatem
1831 4980 1845 5007 ,

2022 4758 2184 4833 585
2224 4761 2349 4817 188.
2375 4760 2550 4817 Simul
2580 4764 2740 4819 etiam
2775 4765 2910 4821 illud
2940 4776 3026 4823 est
3050 4771 3508 4830 considerandum
3531 4814 3549 4841 ,

1951 4855 2094 4922 quod
2130 4868 2256 4909 cum
2292 4856 2346 4910 in
2374 4858 2762 4926 superioribus
2792 4859 2991 4917 dixerit
3016 4881 3029 4917 :
3064 4863 3197 4930 Quis
3217 4883 3313 4921 nos
3338 4884 3551 4935 separa-

1951 4944 2023 5000 bit
2059 4965 2091 5002 a
2121 4949 2371 5004 ('haritate
2400 4949 2642 5007 Christi?
2675 4954 2867 5011 subter
2892 4959 3076 5026 posuit
3108 4978 3121 5014 :
3155 4956 3338 5032 Neque
3377 4977 3515 5017 mors
3536 5004 3552 5031 ,

229 5047 355 5105 erit
394 5044 576 5100 omnia
614 5051 673 5100 et
713 5044 765 5099 in
807 5042 1060 5099 omnibus
1096 5039 1347 5096 Christus
1380 5056 1391 5091 :
1434 5052 1558 5093 cum
1595 5032 1848 5092 Christus
1951 5057 2113 5111 neque
2133 5042 2257 5106 vita,
2286 5058 2377 5096 nec
2398 5043 2506 5097 alia
2531 5056 2767 5101 creatura
2788 5064 3031 5118 separare
3051 5068 3147 5106 nos
3173 5053 3557 5122 peteritacha-

228 5141 417 5200 fuerit
453 5139 636 5196 omnia
674 5146 731 5193 et
768 5138 822 5193 in
851 5137 1125 5201 ontnibus,
1151 5135 1256 5190 erit
1281 5133 1465 5189 omnia
1494 5131 1623 5187 etin
1663 5129 1845 5185 omni-

229 5236 348 5292 bus
387 5231 553 5299 Deus;
581 5232 703 5303 quia
736 5230 902 5286 Pater
941 5237 1124 5283 manet
1160 5239 1378 5297 semper
1419 5224 1471 5279 in
1502 5222 1664 5278 Filio.
1695 5222 1847 5290 Quo-

230 5325 415 5385 modo
451 5340 583 5398 ergo
622 5322 954 5380 inﬁrmitatis
991 5320 1257 5393 arguitur,
1298 5318 1389 5391 qui
1414 5310 1663 5375 redemit
1704 5315 1852 5371 iulir-

232 5436 370 5479 alios
392 5420 415 5473 τ

322 5510 452 5569 184.
488 5513 565 5567 hc
588 5522 656 5567 ne
684 5510 824 5567 forte
859 5520 917 5566 et
941 5510 1071 5566 illud
1111 5510 1179 5565 sd
1215 5508 1589 5564 inﬁmitatem
1614 5505 1742 5561 Filii
1769 5518 1849 5561 re-

319 5686 347 5713 ἰ
395 5670 600 5753 Omnes
627 5664 760 5753 edit.
781 5717 796 5740 ,
826 5673 1090 5753 inquiunt,
1125 5671 1260 5745 quod
1289 5687 1411 5726 cum
1447 5671 1644 5753 mortui
1679 5668 1857 5753 essem

236 5748 501 5821 peccatis,
520 5746 898 5816 conviviﬁcavit
919 5761 1029 5810 vos;
1052 5743 1241 5799 omnes
1273 5758 1431 5810 mss.,
1456 5743 1680 5812 inquies,
1711 5743 1857 5813 quia,

235 5832 359 5879 etc.

317 5893 345 5931 ι’
380 5890 503 5948 Yet.
530 5890 691 5958 edin,
716 5904 809 5962 per
834 5902 1102 5961 corporea:
1121 5896 1395 5943 commune
1416 5892 1648 5945 naturae.-
1672 5882 1863 5950 Rom.,

1957 5136 2108 5189 ritate
2137 5132 2260 5200 Dei,
2288 5151 2402 5207 qua:
2424 5148 2498 5192 est
2523 5137 2577 5192 in
2599 5137 2804 5195 Christo
2833 5138 2962 5197 Iesu
2995 5145 3012 5213 (
3035 5143 3199 5209 lbid.,
3238 5144 3308 5200 35
3328 5142 3369 5215 ).
3397 5144 3559 5203 Vide-

1956 5238 2079 5281 mus
2106 5236 2237 5296 ει·εο
2267 5227 2514 5283 eamdem
2545 5229 2866 5287 charitatem
2898 5232 2992 5289 Dei
3019 5249 3171 5302 esse,
3210 5251 3330 5305 qua:
3353 5235 3554 5291 Christi

1959 5329 2063 5375 est.
2099 5318 2345 5390 Denique
2381 5336 2486 5377 non
2517 5323 2693 5379 otiose
2728 5327 2903 5393 posuit
2929 5326 3251 5381 cltaritntem
3290 5325 3412 5393 Dei,
3444 5346 3559 5399 quat

1959 5420 2036 5468 est
2060 5410 2116 5464 in
2142 5408 2349 5468 Christo
2379 5411 2541 5481 Iesu;
2577 5430 2647 5470 ne
2671 5426 2977 5485 separatam
3016 5418 3111 5481 Dei
3146 5427 3202 5473 et
3229 5418 3436 5473 (“tristi
3479 5422 3565 5475 in-

1965 5502 2242 5573 telligens
2269 5492 2612 5561 eharlta'tem.
2642 5505 2789 5561 Nihil
2822 5514 3002 5562 autem
3032 5514 3115 5563 est
3146 5509 3289 5578 quod
3319 5509 3566 5568 cbaritas

2113 5666 2528 5721 communionem
2556 5675 2754 5746 notatur
2776 5682 2794 5730 ;
2820 5681 2954 5746 mss.
2984 5668 3227 5746 aliquot,
3258 5689 3351 5744 per
3380 5691 3570 5746 corpus

1970 5752 2237 5807 commune
2268 5748 2491 5803 natum;
2523 5737 2716 5807 reliqui
2744 5736 3029 5794 nobiscum
3057 5736 3281 5801 faciunt:

2050 5810 2073 5848 δ
2102 5806 2359 5864 Nonnulli
2389 5820 2546 5874 mss.,
2573 5804 2785 5863 Domini
2805 5810 2920 5875 iure
2942 5808 3197 5885 plerique.
