  <div class='ocr_page' id='page_1' title='image "/cluster/home/n/w/nwhite01/storage/ocr_20150623/16/hvd.32044015471998/349.png"; bbox 0 0 4016 6292; ppageno 0'>
   <div class='ocr_carea' id='block_1_1' title="bbox 513 286 616 355">
    <p class='ocr_par' dir='ltr' id='par_1_1' title="bbox 513 286 616 355">
     <span class='ocr_line' id='line_1_1' title="bbox 513 286 616 355; baseline -0.019 0"><span class='ocrx_word' id='word_1_1' title='bbox 513 286 616 355; x_wconf 78' lang='grc'><strong>68⁸1</strong></span> 
     </span>
    </p>
   </div>
   <div class='ocr_carea' id='block_1_2' title="bbox 1874 271 3759 341">
    <p class='ocr_par' dir='ltr' id='par_1_2' title="bbox 1874 271 3759 341">
     <span class='ocr_line' id='line_1_2' title="bbox 1874 271 3759 341; baseline -0.015 -1"><span class='ocrx_word' id='word_1_2' title='bbox 1874 272 2119 341; x_wconf 67' lang='lat' dir='ltr'><strong>sanest</strong></span> <span class='ocrx_word' id='word_1_3' title='bbox 2158 271 2482 337; x_wconf 78' lang='lat' dir='ltr'><strong>AMBROSII</strong></span> <span class='ocrx_word' id='word_1_4' title='bbox 3679 271 3759 332; x_wconf 68' lang='grc' dir='ltr'><strong>θεε</strong></span> 
     </span>
    </p>
   </div>
   <div class='ocr_carea' id='block_1_3' title="bbox 510 380 3761 479">
    <p class='ocr_par' dir='ltr' id='par_1_3' title="bbox 510 380 3761 479">
     <span class='ocr_line' id='line_1_3' title="bbox 510 380 3761 479; baseline -0.009 -11"><span class='ocrx_word' id='word_1_5' title='bbox 510 410 755 476; x_wconf 92' lang='lat' dir='ltr'><strong>dividat,</strong></span> <span class='ocrx_word' id='word_1_6' title='bbox 791 406 924 465; x_wconf 82' lang='lat' dir='ltr'><strong>nihil</strong></span> <span class='ocrx_word' id='word_1_7' title='bbox 950 403 1096 479; x_wconf 91' lang='lat' dir='ltr'><strong>quod</strong></span> <span class='ocrx_word' id='word_1_8' title='bbox 1128 401 1384 460; x_wconf 77' lang='lat' dir='ltr'><strong>divinitas</strong></span> <span class='ocrx_word' id='word_1_9' title='bbox 1405 398 1731 470; x_wconf 88' lang='lat' dir='ltr'><strong>sempiterna</strong></span> <span class='ocrx_word' id='word_1_10' title='bbox 1763 410 1872 452; x_wconf 91' lang='lat' dir='ltr'><strong>non</strong></span> <span class='ocrx_word' id='word_1_11' title='bbox 1898 394 2105 466; x_wconf 85' lang='lat' dir='ltr'><strong>possit,</strong></span> <span class='ocrx_word' id='word_1_12' title='bbox 2137 407 2189 469; x_wconf 68' lang='grc' dir='ltr'><strong>Α</strong></span> <span class='ocrx_word' id='word_1_13' title='bbox 2213 389 2457 461; x_wconf 77' lang='lat' dir='ltr'><strong>quotidie</strong></span> <span class='ocrx_word' id='word_1_14' title='bbox 2501 391 2852 457; x_wconf 85' lang='lat' dir='ltr'><strong>perstrepunt</strong></span> <span class='ocrx_word' id='word_1_15' title='bbox 2883 382 3074 441; x_wconf 76' lang='lat' dir='ltr'><strong>Ariani</strong></span> <span class='ocrx_word' id='word_1_16' title='bbox 3102 425 3117 450; x_wconf 95' lang='lat'><strong>,</strong></span> <span class='ocrx_word' id='word_1_17' title='bbox 3161 380 3446 439; x_wconf 74' lang='lat' dir='ltr'><strong>scientiam</strong></span> <span class='ocrx_word' id='word_1_18' title='bbox 3488 394 3680 438; x_wconf 85' lang='lat' dir='ltr'><strong>omnem</strong></span> <span class='ocrx_word' id='word_1_19' title='bbox 3721 385 3761 440; x_wconf 86' lang='lat' dir='ltr'><strong>in</strong></span> 
     </span>
    </p>
   </div>
   <div class='ocr_carea' id='block_1_4' title="bbox 514 491 2108 573">
    <p class='ocr_par' dir='ltr' id='par_1_4' title="bbox 514 491 2108 573">
     <span class='ocr_line' id='line_1_4' title="bbox 514 491 2108 573; baseline -0.011 -14"><span class='ocrx_word' id='word_1_20' title='bbox 514 503 650 561; x_wconf 83' lang='lat' dir='ltr'><strong>nihil</strong></span> <span class='ocrx_word' id='word_1_21' title='bbox 676 502 820 573; x_wconf 87' lang='lat' dir='ltr'><strong>quod</strong></span> <span class='ocrx_word' id='word_1_22' title='bbox 860 503 1024 557; x_wconf 87' lang='lat' dir='ltr'><strong>lateat</strong></span> <span class='ocrx_word' id='word_1_23' title='bbox 1060 499 1344 553; x_wconf 82' lang='lat' dir='ltr'><strong>veritatem</strong></span> <span class='ocrx_word' id='word_1_24' title='bbox 1370 537 1385 561; x_wconf 96' lang='lat'><strong>,</strong></span> <span class='ocrx_word' id='word_1_25' title='bbox 1431 493 1580 548; x_wconf 82' lang='lat' dir='ltr'><strong>fallat</strong></span> <span class='ocrx_word' id='word_1_26' title='bbox 1616 491 1875 562; x_wconf 82' lang='lat' dir='ltr'><strong>justitiam</strong></span> <span class='ocrx_word' id='word_1_27' title='bbox 1901 529 1914 553; x_wconf 95' lang='lat'><strong>,</strong></span> <span class='ocrx_word' id='word_1_28' title='bbox 1965 504 2108 560; x_wconf 73' lang='lat' dir='ltr'><strong>pra:-</strong></span> 
     </span>
    </p>
   </div>
   <div class='ocr_carea' id='block_1_5' title="bbox 521 592 1070 664">
    <p class='ocr_par' dir='ltr' id='par_1_5' title="bbox 521 592 1070 664">
     <span class='ocr_line' id='line_1_5' title="bbox 521 592 1070 664; baseline -0.011 -13"><span class='ocrx_word' id='word_1_29' title='bbox 521 604 696 653; x_wconf 88' lang='lat' dir='ltr'><strong>tereat</strong></span> <span class='ocrx_word' id='word_1_30' title='bbox 719 592 1070 664; x_wconf 87' lang='lat' dir='ltr'><strong>sapientiam.</strong></span> 
     </span>
    </p>
   </div>
   <div class='ocr_carea' id='block_1_6' title="bbox 516 789 2112 862">
    <p class='ocr_par' dir='ltr' id='par_1_6' title="bbox 516 789 2112 862">
     <span class='ocr_line' id='line_1_6' title="bbox 516 789 2112 862; baseline -0.011 -7"><span class='ocrx_word' id='word_1_31' title='bbox 516 800 727 855; x_wconf 74' lang='lat' dir='ltr'><strong>Aricinos</strong></span> <span class='ocrx_word' id='word_1_32' title='bbox 758 814 791 851; x_wconf 89' lang='lat' dir='ltr'><strong>a</strong></span> <span class='ocrx_word' id='word_1_33' title='bbox 820 795 1011 862; x_wconf 75' lang='lat' dir='ltr'><strong>Spiritu</strong></span> <span class='ocrx_word' id='word_1_34' title='bbox 1039 801 1203 848; x_wconf 88' lang='lat' dir='ltr'><strong>sancto</strong></span> <span class='ocrx_word' id='word_1_35' title='bbox 1230 805 1317 859; x_wconf 85' lang='lat' dir='ltr'><strong>per</strong></span> <span class='ocrx_word' id='word_1_36' title='bbox 1349 791 1508 843; x_wconf 86' lang='lat' dir='ltr'><strong>David</strong></span> <span class='ocrx_word' id='word_1_37' title='bbox 1540 790 1907 848; x_wconf 88' lang='lat' dir='ltr'><strong>condemnatos,</strong></span> <span class='ocrx_word' id='word_1_38' title='bbox 1934 789 2112 854; x_wconf 84' lang='lat' dir='ltr'><strong>quippe</strong></span> 
     </span>
    </p>
   </div>
   <div class='ocr_carea' id='block_1_7' title="bbox 578 869 2111 949">
    <p class='ocr_par' dir='ltr' id='par_1_7' title="bbox 578 869 2111 949">
     <span class='ocr_line' id='line_1_7' title="bbox 578 869 2111 949; baseline -0.008 -14"><span class='ocrx_word' id='word_1_39' title='bbox 578 885 662 949; x_wconf 88' lang='lat' dir='ltr'><strong>qui</strong></span> <span class='ocrx_word' id='word_1_40' title='bbox 684 882 900 937; x_wconf 77' lang='lat' dir='ltr'><strong>scientia:</strong></span> <span class='ocrx_word' id='word_1_41' title='bbox 924 879 1101 932; x_wconf 82' lang='lat' dir='ltr'><strong>Christi</strong></span> <span class='ocrx_word' id='word_1_42' title='bbox 1124 880 1362 945; x_wconf 81' lang='lat' dir='ltr'><strong>derogare</strong></span> <span class='ocrx_word' id='word_1_43' title='bbox 1381 878 1607 929; x_wconf 82' lang='lat' dir='ltr'><strong>audeant.</strong></span> <span class='ocrx_word' id='word_1_44' title='bbox 1638 878 1815 926; x_wconf 84' lang='lat' dir='ltr'><strong>Locum</strong></span> <span class='ocrx_word' id='word_1_45' title='bbox 1843 872 1903 925; x_wconf 90' lang='lat' dir='ltr'><strong>ab</strong></span> <span class='ocrx_word' id='word_1_46' title='bbox 1924 869 2021 924; x_wconf 81' lang='lat' dir='ltr'><strong>illis</strong></span> <span class='ocrx_word' id='word_1_47' title='bbox 2044 871 2111 923; x_wconf 89' lang='lat' dir='ltr'><strong>ad</strong></span> 
     </span>
    </p>
   </div>
   <div class='ocr_carea' id='block_1_8' title="bbox 576 956 2112 1030">
    <p class='ocr_par' dir='ltr' id='par_1_8' title="bbox 576 956 2112 1030">
     <span class='ocr_line' id='line_1_8' title="bbox 576 956 2112 1030; baseline -0.008 -9"><span class='ocrx_word' id='word_1_48' title='bbox 576 968 667 1021; x_wconf 84' lang='lat' dir='ltr'><strong>hoc</strong></span> <span class='ocrx_word' id='word_1_49' title='bbox 692 969 890 1020; x_wconf 83' lang='lat' dir='ltr'><strong>citatum</strong></span> <span class='ocrx_word' id='word_1_50' title='bbox 916 963 1186 1030; x_wconf 87' lang='lat' dir='ltr'><strong>suspicione</strong></span> <span class='ocrx_word' id='word_1_51' title='bbox 1212 960 1535 1029; x_wconf 86' lang='lat' dir='ltr'><strong>corruptionis</strong></span> <span class='ocrx_word' id='word_1_52' title='bbox 1573 959 1768 1012; x_wconf 86' lang='lat' dir='ltr'><strong>minime</strong></span> <span class='ocrx_word' id='word_1_53' title='bbox 1801 970 2004 1021; x_wconf 82' lang='lat' dir='ltr'><strong>carere;</strong></span> <span class='ocrx_word' id='word_1_54' title='bbox 2024 956 2112 1009; x_wconf 90' lang='lat' dir='ltr'><strong>sed</strong></span> 
     </span>
    </p>
   </div>
   <div class='ocr_carea' id='block_1_9' title="bbox 581 1041 2110 1112">
    <p class='ocr_par' dir='ltr' id='par_1_9' title="bbox 581 1041 2110 1112">
     <span class='ocr_line' id='line_1_9' title="bbox 581 1041 2110 1112; baseline -0.007 -9"><span class='ocrx_word' id='word_1_55' title='bbox 581 1061 631 1105; x_wconf 89' lang='lat' dir='ltr'><strong>ut</strong></span> <span class='ocrx_word' id='word_1_56' title='bbox 672 1050 883 1104; x_wconf 79' lang='lat' dir='ltr'><strong>maxime</strong></span> <span class='ocrx_word' id='word_1_57' title='bbox 917 1057 1082 1101; x_wconf 82' lang='lat' dir='ltr'><strong>careat</strong></span> <span class='ocrx_word' id='word_1_58' title='bbox 1103 1088 1117 1112; x_wconf 89' lang='lat'><strong>,</strong></span> <span class='ocrx_word' id='word_1_59' title='bbox 1170 1046 1562 1111; x_wconf 80' lang='lat' dir='ltr'><strong>distinguendam</strong></span> <span class='ocrx_word' id='word_1_60' title='bbox 1600 1058 1702 1096; x_wconf 84' lang='lat' dir='ltr'><strong>esse</strong></span> <span class='ocrx_word' id='word_1_61' title='bbox 1733 1056 1894 1095; x_wconf 79' lang='lat' dir='ltr'><strong>vocem</strong></span> <span class='ocrx_word' id='word_1_62' title='bbox 1929 1041 2110 1105; x_wconf 88' lang='lat' dir='ltr'><strong>Filius;</strong></span> 
     </span>
    </p>
   </div>
   <div class='ocr_carea' id='block_1_10' title="bbox 582 1132 2115 1197">
    <p class='ocr_par' dir='ltr' id='par_1_10' title="bbox 582 1132 2115 1197">
     <span class='ocr_line' id='line_1_10' title="bbox 582 1132 2115 1197; baseline -0.008 -4"><span class='ocrx_word' id='word_1_63' title='bbox 582 1139 769 1193; x_wconf 84' lang='lat' dir='ltr'><strong>Christo</strong></span> <span class='ocrx_word' id='word_1_64' title='bbox 784 1140 976 1191; x_wconf 87' lang='lat' dir='ltr'><strong>enimut</strong></span> <span class='ocrx_word' id='word_1_65' title='bbox 996 1137 1090 1188; x_wconf 88' lang='lat' dir='ltr'><strong>Dei</strong></span> <span class='ocrx_word' id='word_1_66' title='bbox 1108 1134 1236 1188; x_wconf 84' lang='lat' dir='ltr'><strong>Filio</strong></span> <span class='ocrx_word' id='word_1_67' title='bbox 1257 1132 1506 1187; x_wconf 77' lang='lat' dir='ltr'><strong>scientiam</strong></span> <span class='ocrx_word' id='word_1_68' title='bbox 1525 1135 1694 1185; x_wconf 84' lang='lat' dir='ltr'><strong>deesse</strong></span> <span class='ocrx_word' id='word_1_69' title='bbox 1713 1145 1808 1185; x_wconf 91' lang='lat' dir='ltr'><strong>non</strong></span> <span class='ocrx_word' id='word_1_70' title='bbox 1826 1144 1984 1197; x_wconf 85' lang='lat' dir='ltr'><strong>posse,</strong></span> <span class='ocrx_word' id='word_1_71' title='bbox 2002 1142 2115 1181; x_wconf 86' lang='lat' dir='ltr'><strong>cum</strong></span> 
     </span>
    </p>
   </div>
   <div class='ocr_carea' id='block_1_11' title="bbox 579 1212 2115 1290">
    <p class='ocr_par' dir='ltr' id='par_1_11' title="bbox 579 1212 2115 1290">
     <span class='ocr_line' id='line_1_11' title="bbox 579 1212 2115 1290; baseline -0.01 -10"><span class='ocrx_word' id='word_1_72' title='bbox 579 1224 638 1280; x_wconf 96' lang='lat' dir='ltr'><strong>sit</strong></span> <span class='ocrx_word' id='word_1_73' title='bbox 660 1224 895 1290; x_wconf 80' lang='lat' dir='ltr'><strong>sapientia</strong></span> <span class='ocrx_word' id='word_1_74' title='bbox 922 1236 940 1274; x_wconf 91' lang='lat'><strong><em>:</em></strong></span> <span class='ocrx_word' id='word_1_75' title='bbox 961 1236 1048 1274; x_wconf 88' lang='lat' dir='ltr'><strong>nec</strong></span> <span class='ocrx_word' id='word_1_76' title='bbox 1079 1219 1233 1286; x_wconf 87' lang='lat' dir='ltr'><strong>partis</strong></span> <span class='ocrx_word' id='word_1_77' title='bbox 1272 1218 1420 1272; x_wconf 82' lang='lat' dir='ltr'><strong>ullius</strong></span> <span class='ocrx_word' id='word_1_78' title='bbox 1442 1216 1760 1286; x_wconf 84' lang='lat' dir='ltr'><strong>cognitionem</strong></span> <span class='ocrx_word' id='word_1_79' title='bbox 1778 1254 1793 1278; x_wconf 90' lang='lat'><strong>,</strong></span> <span class='ocrx_word' id='word_1_80' title='bbox 1818 1230 1930 1268; x_wconf 90' lang='lat' dir='ltr'><strong>cum</strong></span> <span class='ocrx_word' id='word_1_81' title='bbox 1951 1212 2115 1267; x_wconf 83' lang='lat' dir='ltr'><strong>omnia</strong></span> 
     </span>
    </p>
   </div>
   <div class='ocr_carea' id='block_1_12' title="bbox 577 1305 2115 1376">
    <p class='ocr_par' dir='ltr' id='par_1_12' title="bbox 577 1305 2115 1376">
     <span class='ocr_line' id='line_1_12' title="bbox 577 1305 2115 1376; baseline -0.008 -12"><span class='ocrx_word' id='word_1_82' title='bbox 577 1312 776 1364; x_wconf 85' lang='lat' dir='ltr'><strong>crearit.</strong></span> <span class='ocrx_word' id='word_1_83' title='bbox 804 1314 925 1362; x_wconf 87' lang='lat' dir='ltr'><strong>Eum</strong></span> <span class='ocrx_word' id='word_1_84' title='bbox 955 1306 1040 1376; x_wconf 84' lang='lat' dir='ltr'><strong>qui</strong></span> <span class='ocrx_word' id='word_1_85' title='bbox 1065 1306 1249 1360; x_wconf 70' lang='lat' dir='ltr'><strong>swcula</strong></span> <span class='ocrx_word' id='word_1_86' title='bbox 1271 1308 1460 1371; x_wconf 83' lang='lat' dir='ltr'><strong>fecerit,</strong></span> <span class='ocrx_word' id='word_1_87' title='bbox 1482 1305 1699 1372; x_wconf 78' lang='lat' dir='ltr'><strong>futuriun</strong></span> <span class='ocrx_word' id='word_1_88' title='bbox 1728 1316 1823 1354; x_wconf 90' lang='lat' dir='ltr'><strong>non</strong></span> <span class='ocrx_word' id='word_1_89' title='bbox 1844 1314 1981 1366; x_wconf 91' lang='lat' dir='ltr'><strong>posse</strong></span> <span class='ocrx_word' id='word_1_90' title='bbox 2019 1313 2115 1352; x_wconf 89' lang='lat' dir='ltr'><strong>non</strong></span> 
     </span>
    </p>
   </div>
   <div class='ocr_carea' id='block_1_13' title="bbox 579 1382 2114 1462">
    <p class='ocr_par' dir='ltr' id='par_1_13' title="bbox 579 1382 2114 1462">
     <span class='ocr_line' id='line_1_13' title="bbox 579 1382 2114 1462; baseline -0.009 -14"><span class='ocrx_word' id='word_1_91' title='bbox 579 1405 897 1462; x_wconf 82' lang='lat' dir='ltr'><strong>cognoscere,</strong></span> <span class='ocrx_word' id='word_1_92' title='bbox 931 1400 977 1443; x_wconf 88' lang='lat' dir='ltr'><strong>et</strong></span> <span class='ocrx_word' id='word_1_93' title='bbox 1013 1390 1164 1442; x_wconf 87' lang='lat' dir='ltr'><strong>multo</strong></span> <span class='ocrx_word' id='word_1_94' title='bbox 1206 1390 1366 1441; x_wconf 88' lang='lat' dir='ltr'><strong>minus</strong></span> <span class='ocrx_word' id='word_1_95' title='bbox 1410 1387 1544 1440; x_wconf 87' lang='lat' dir='ltr'><strong>diem</strong></span> <span class='ocrx_word' id='word_1_96' title='bbox 1595 1384 1790 1449; x_wconf 81' lang='lat' dir='ltr'><strong>iudicii.</strong></span> <span class='ocrx_word' id='word_1_97' title='bbox 1831 1385 1945 1436; x_wconf 84' lang='lat' dir='ltr'><strong>Sive</strong></span> <span class='ocrx_word' id='word_1_98' title='bbox 1994 1382 2114 1448; x_wconf 88' lang='lat' dir='ltr'><strong>quid</strong></span> 
     </span>
    </p>
   </div>
   <div class='ocr_carea' id='block_1_14' title="bbox 572 1466 2116 1545">
    <p class='ocr_par' dir='ltr' id='par_1_14' title="bbox 572 1466 2116 1545">
     <span class='ocr_line' id='line_1_14' title="bbox 572 1466 2116 1545; baseline -0.008 -14"><span class='ocrx_word' id='word_1_99' title='bbox 572 1492 799 1545; x_wconf 86' lang='lat' dir='ltr'><strong>magnum</strong></span> <span class='ocrx_word' id='word_1_100' title='bbox 830 1476 892 1530; x_wconf 87' lang='lat' dir='ltr'><strong>sit</strong></span> <span class='ocrx_word' id='word_1_101' title='bbox 928 1491 989 1529; x_wconf 84' lang='lat' dir='ltr'><strong>ea</strong></span> <span class='ocrx_word' id='word_1_102' title='bbox 1027 1473 1235 1544; x_wconf 89' lang='lat' dir='ltr'><strong>cognitio</strong></span> <span class='ocrx_word' id='word_1_103' title='bbox 1255 1516 1269 1540; x_wconf 85' lang='lat'><strong>,</strong></span> <span class='ocrx_word' id='word_1_104' title='bbox 1287 1474 1388 1526; x_wconf 85' lang='lat' dir='ltr'><strong>sive</strong></span> <span class='ocrx_word' id='word_1_105' title='bbox 1428 1472 1547 1539; x_wconf 86' lang='lat' dir='ltr'><strong>quid</strong></span> <span class='ocrx_word' id='word_1_106' title='bbox 1586 1484 1790 1536; x_wconf 83' lang='lat' dir='ltr'><strong>parvum</strong></span> <span class='ocrx_word' id='word_1_107' title='bbox 1809 1506 1824 1531; x_wconf 90' lang='lat'><strong>,</strong></span> <span class='ocrx_word' id='word_1_108' title='bbox 1855 1482 1964 1520; x_wconf 87' lang='lat' dir='ltr'><strong>eam</strong></span> <span class='ocrx_word' id='word_1_109' title='bbox 1988 1466 2116 1519; x_wconf 86' lang='lat' dir='ltr'><strong>Filio</strong></span> 
     </span>
    </p>
   </div>
   <div class='ocr_carea' id='block_1_15' title="bbox 576 1555 2113 1634">
    <p class='ocr_par' dir='ltr' id='par_1_15' title="bbox 576 1555 2113 1634">
     <span class='ocr_line' id='line_1_15' title="bbox 576 1555 2113 1634; baseline -0.011 -14"><span class='ocrx_word' id='word_1_110' title='bbox 576 1582 670 1620; x_wconf 80' lang='lat' dir='ltr'><strong>non</strong></span> <span class='ocrx_word' id='word_1_111' title='bbox 700 1565 1004 1634; x_wconf 82' lang='lat' dir='ltr'><strong>negandum;</strong></span> <span class='ocrx_word' id='word_1_112' title='bbox 1029 1562 1177 1614; x_wconf 86' lang='lat' dir='ltr'><strong>immo</strong></span> <span class='ocrx_word' id='word_1_113' title='bbox 1198 1573 1353 1624; x_wconf 89' lang='lat' dir='ltr'><strong>neque</strong></span> <span class='ocrx_word' id='word_1_114' title='bbox 1389 1559 1536 1611; x_wconf 88' lang='lat' dir='ltr'><strong>etiam</strong></span> <span class='ocrx_word' id='word_1_115' title='bbox 1572 1555 1787 1620; x_wconf 88' lang='lat' dir='ltr'><strong>Spiritui</strong></span> <span class='ocrx_word' id='word_1_116' title='bbox 1806 1560 1988 1607; x_wconf 87' lang='lat' dir='ltr'><strong>sancto.</strong></span> <span class='ocrx_word' id='word_1_117' title='bbox 2015 1556 2113 1604; x_wconf 89' lang='lat' dir='ltr'><strong>De-</strong></span> 
     </span>
    </p>
   </div>
   <div class='ocr_carea' id='block_1_16' title="bbox 573 1637 2115 1711">
    <p class='ocr_par' dir='ltr' id='par_1_16' title="bbox 573 1637 2115 1711">
     <span class='ocr_line' id='line_1_16' title="bbox 573 1637 2115 1711; baseline -0.01 -6"><span class='ocrx_word' id='word_1_118' title='bbox 573 1668 705 1707; x_wconf 86' lang='lat' dir='ltr'><strong>mum</strong></span> <span class='ocrx_word' id='word_1_119' title='bbox 727 1649 805 1705; x_wconf 88' lang='lat' dir='ltr'><strong>his</strong></span> <span class='ocrx_word' id='word_1_120' title='bbox 828 1648 970 1702; x_wconf 87' lang='lat' dir='ltr'><strong>addit</strong></span> <span class='ocrx_word' id='word_1_121' title='bbox 991 1645 1133 1700; x_wconf 81' lang='lat' dir='ltr'><strong>varia</strong></span> <span class='ocrx_word' id='word_1_122' title='bbox 1171 1644 1312 1711; x_wconf 89' lang='lat' dir='ltr'><strong>signa</strong></span> <span class='ocrx_word' id='word_1_123' title='bbox 1330 1679 1345 1705; x_wconf 90' lang='lat'><strong>,</strong></span> <span class='ocrx_word' id='word_1_124' title='bbox 1386 1641 1561 1710; x_wconf 83' lang='lat' dir='ltr'><strong>quibus</strong></span> <span class='ocrx_word' id='word_1_125' title='bbox 1583 1642 1690 1693; x_wconf 61' lang='lat' dir='ltr'><strong>haec</strong></span> <span class='ocrx_word' id='word_1_126' title='bbox 1727 1637 1930 1693; x_wconf 87' lang='lat' dir='ltr'><strong>scientia</strong></span> <span class='ocrx_word' id='word_1_127' title='bbox 1960 1638 2115 1690; x_wconf 87' lang='lat' dir='ltr'><strong>inesse</strong></span> 
     </span>
    </p>
   </div>
   <div class='ocr_carea' id='block_1_17' title="bbox 576 1732 1144 1800">
    <p class='ocr_par' dir='ltr' id='par_1_17' title="bbox 576 1732 1144 1800">
     <span class='ocr_line' id='line_1_17' title="bbox 576 1732 1144 1800; baseline -0.016 -9"><span class='ocrx_word' id='word_1_128' title='bbox 576 1737 767 1791; x_wconf 82' lang='lat' dir='ltr'><strong>Christo</strong></span> <span class='ocrx_word' id='word_1_129' title='bbox 788 1732 956 1800; x_wconf 81' lang='lat' dir='ltr'><strong>colligi</strong></span> <span class='ocrx_word' id='word_1_130' title='bbox 978 1738 1144 1797; x_wconf 85' lang='lat' dir='ltr'><strong>potest.</strong></span> 
     </span>
    </p>
   </div>
   <div class='ocr_carea' id='block_1_18' title="bbox 585 1875 2114 1961">
    <p class='ocr_par' dir='ltr' id='par_1_18' title="bbox 585 1875 2114 1961">
     <span class='ocr_line' id='line_1_18' title="bbox 585 1875 2114 1961; baseline -0.01 -15"><span class='ocrx_word' id='word_1_131' title='bbox 585 1889 713 1946; x_wconf 87' lang='grc'><strong>189.</strong></span> <span class='ocrx_word' id='word_1_132' title='bbox 747 1886 925 1961; x_wconf 82' lang='lat' dir='ltr'><strong>[Alias</strong></span> <span class='ocrx_word' id='word_1_133' title='bbox 968 1901 1086 1954; x_wconf 88' lang='lat' dir='ltr'><strong>cap.</strong></span> <span class='ocrx_word' id='word_1_134' title='bbox 1117 1882 1265 1955; x_wconf 64' lang='grc' dir='ltr'><strong>Ἧι]</strong></span> <span class='ocrx_word' id='word_1_135' title='bbox 1292 1880 1447 1939; x_wconf 86' lang='lat' dir='ltr'><strong>Unde</strong></span> <span class='ocrx_word' id='word_1_136' title='bbox 1478 1878 1852 1936; x_wconf 77' lang='lat' dir='ltr'><strong>exsecrabiles</strong></span> <span class='ocrx_word' id='word_1_137' title='bbox 1882 1891 1980 1934; x_wconf 89' lang='lat' dir='ltr'><strong>eos</strong></span> <span class='ocrx_word' id='word_1_138' title='bbox 2022 1875 2114 1948; x_wconf 90' lang='lat' dir='ltr'><strong>qui</strong></span> 
     </span>
    </p>
   </div>
   <div class='ocr_carea' id='block_1_19' title="bbox 513 1968 2118 2045">
    <p class='ocr_par' dir='ltr' id='par_1_19' title="bbox 513 1968 2118 2045">
     <span class='ocr_line' id='line_1_19' title="bbox 513 1968 2118 2045; baseline -0.01 -6"><span class='ocrx_word' id='word_1_139' title='bbox 513 1984 616 2039; x_wconf 88' lang='lat' dir='ltr'><strong>ista</strong></span> <span class='ocrx_word' id='word_1_140' title='bbox 644 1984 1116 2042; x_wconf 90' lang='lat' dir='ltr'><strong>commemorant,</strong></span> <span class='ocrx_word' id='word_1_141' title='bbox 1147 1984 1199 2030; x_wconf 91' lang='lat' dir='ltr'><strong>et</strong></span> <span class='ocrx_word' id='word_1_142' title='bbox 1226 1989 1255 2029; x_wconf 91' lang='lat' dir='ltr'><strong>a</strong></span> <span class='ocrx_word' id='word_1_143' title='bbox 1288 1972 1495 2045; x_wconf 87' lang='lat' dir='ltr'><strong>Spiritu</strong></span> <span class='ocrx_word' id='word_1_144' title='bbox 1528 1980 1719 2026; x_wconf 89' lang='lat' dir='ltr'><strong>sancto</strong></span> <span class='ocrx_word' id='word_1_145' title='bbox 1746 1984 1872 2026; x_wconf 89' lang='lat' dir='ltr'><strong>esse</strong></span> <span class='ocrx_word' id='word_1_146' title='bbox 1893 1968 2118 2025; x_wconf 88' lang='lat' dir='ltr'><strong>damna-</strong></span> 
     </span>
    </p>
   </div>
   <div class='ocr_carea' id='block_1_20' title="bbox 516 2061 2117 2136">
    <p class='ocr_par' dir='ltr' id='par_1_20' title="bbox 516 2061 2117 2136">
     <span class='ocr_line' id='line_1_20' title="bbox 516 2061 2117 2136; baseline -0.009 -6"><span class='ocrx_word' id='word_1_147' title='bbox 516 2086 602 2131; x_wconf 90' lang='lat' dir='ltr'><strong>tos</strong></span> <span class='ocrx_word' id='word_1_148' title='bbox 632 2079 773 2129; x_wconf 87' lang='lat' dir='ltr'><strong>scire</strong></span> <span class='ocrx_word' id='word_1_149' title='bbox 798 2070 1081 2127; x_wconf 87' lang='lat' dir='ltr'><strong>debemus.</strong></span> <span class='ocrx_word' id='word_1_150' title='bbox 1114 2067 1267 2136; x_wconf 91' lang='lat' dir='ltr'><strong>Quos</strong></span> <span class='ocrx_word' id='word_1_151' title='bbox 1292 2067 1437 2121; x_wconf 90' lang='lat' dir='ltr'><strong>enim</strong></span> <span class='ocrx_word' id='word_1_152' title='bbox 1471 2064 1633 2130; x_wconf 89' lang='lat' dir='ltr'><strong>alios,</strong></span> <span class='ocrx_word' id='word_1_153' title='bbox 1672 2063 1776 2119; x_wconf 87' lang='lat' dir='ltr'><strong>nisi</strong></span> <span class='ocrx_word' id='word_1_154' title='bbox 1805 2061 2117 2133; x_wconf 83' lang='lat' dir='ltr'><strong>specialiter</strong></span> 
     </span>
    </p>
   </div>
   <div class='ocr_carea' id='block_1_21' title="bbox 516 2151 2118 2234">
    <p class='ocr_par' dir='ltr' id='par_1_21' title="bbox 516 2151 2118 2234">
     <span class='ocr_line' id='line_1_21' title="bbox 516 2151 2118 2234; baseline -0.011 -10"><span class='ocrx_word' id='word_1_155' title='bbox 516 2167 750 2224; x_wconf 84' lang='lat' dir='ltr'><strong>Arianos</strong></span> <span class='ocrx_word' id='word_1_156' title='bbox 777 2162 1051 2234; x_wconf 83' lang='lat' dir='ltr'><strong>Propheta</strong></span> <span class='ocrx_word' id='word_1_157' title='bbox 1087 2158 1457 2225; x_wconf 86' lang='lat' dir='ltr'><strong>condemnat,</strong></span> <span class='ocrx_word' id='word_1_158' title='bbox 1489 2156 1584 2227; x_wconf 85' lang='lat' dir='ltr'><strong>qui</strong></span> <span class='ocrx_word' id='word_1_159' title='bbox 1623 2155 1817 2210; x_wconf 86' lang='lat' dir='ltr'><strong>dicunt</strong></span> <span class='ocrx_word' id='word_1_160' title='bbox 1844 2152 1987 2225; x_wconf 85' lang='lat' dir='ltr'><strong>quod</strong></span> <span class='ocrx_word' id='word_1_161' title='bbox 2021 2151 2118 2207; x_wconf 91' lang='lat' dir='ltr'><strong>Dei</strong></span> 
     </span>
    </p>
   </div>
   <div class='ocr_carea' id='block_1_22' title="bbox 519 2245 2120 2326">
    <p class='ocr_par' dir='ltr' id='par_1_22' title="bbox 519 2245 2120 2326">
     <span class='ocr_line' id='line_1_22' title="bbox 519 2245 2120 2326; baseline -0.011 -10"><span class='ocrx_word' id='word_1_162' title='bbox 519 2260 692 2316; x_wconf 85' lang='lat' dir='ltr'><strong>Filius</strong></span> <span class='ocrx_word' id='word_1_163' title='bbox 731 2256 942 2313; x_wconf 83' lang='lat' dir='ltr'><strong>nesciat</strong></span> <span class='ocrx_word' id='word_1_164' title='bbox 975 2263 1220 2326; x_wconf 87' lang='lat' dir='ltr'><strong>tempora</strong></span> <span class='ocrx_word' id='word_1_165' title='bbox 1251 2260 1308 2308; x_wconf 85' lang='lat' dir='ltr'><strong>et</strong></span> <span class='ocrx_word' id='word_1_166' title='bbox 1340 2251 1556 2307; x_wconf 79' lang='lat' dir='ltr'><strong>annos?</strong></span> <span class='ocrx_word' id='word_1_167' title='bbox 1586 2248 1704 2304; x_wconf 84' lang='lat' dir='ltr'><strong>Non</strong></span> <span class='ocrx_word' id='word_1_168' title='bbox 1740 2247 1885 2302; x_wconf 90' lang='lat' dir='ltr'><strong>enim</strong></span> <span class='ocrx_word' id='word_1_169' title='bbox 1913 2254 1997 2300; x_wconf 85' lang='lat' dir='ltr'><strong>est</strong></span> <span class='ocrx_word' id='word_1_170' title='bbox 2018 2245 2120 2299; x_wconf 87' lang='lat' dir='ltr'><strong>ali-</strong></span> 
     </span>
    </p>
   </div>
   <div class='ocr_carea' id='block_1_23' title="bbox 519 2338 2114 2423">
    <p class='ocr_par' dir='ltr' id='par_1_23' title="bbox 519 2338 2114 2423">
     <span class='ocr_line' id='line_1_23' title="bbox 519 2338 2114 2423; baseline -0.008 -17"><span class='ocrx_word' id='word_1_171' title='bbox 519 2351 650 2423; x_wconf 88' lang='lat' dir='ltr'><strong>quid</strong></span> <span class='ocrx_word' id='word_1_172' title='bbox 676 2349 821 2419; x_wconf 90' lang='lat' dir='ltr'><strong>quod</strong></span> <span class='ocrx_word' id='word_1_173' title='bbox 856 2348 1069 2420; x_wconf 88' lang='lat' dir='ltr'><strong>ignoret</strong></span> <span class='ocrx_word' id='word_1_174' title='bbox 1105 2346 1250 2401; x_wconf 87' lang='lat' dir='ltr'><strong>Deus</strong></span> <span class='ocrx_word' id='word_1_175' title='bbox 1285 2361 1297 2398; x_wconf 91' lang='lat'>:</span> <span class='ocrx_word' id='word_1_176' title='bbox 1329 2352 1415 2399; x_wconf 82' lang='lat' dir='ltr'><strong>est</strong></span> <span class='ocrx_word' id='word_1_177' title='bbox 1444 2348 1624 2421; x_wconf 79' lang='lat' dir='ltr'><strong>autem</strong></span> <span class='ocrx_word' id='word_1_178' title='bbox 1655 2341 1796 2396; x_wconf 89' lang='lat' dir='ltr'><strong>Deus</strong></span> <span class='ocrx_word' id='word_1_179' title='bbox 1823 2338 2077 2394; x_wconf 86' lang='lat' dir='ltr'><strong>Christus</strong></span> <span class='ocrx_word' id='word_1_180' title='bbox 2098 2380 2114 2405; x_wconf 92' lang='lat'><strong>,</strong></span> 
     </span>
    </p>
   </div>
   <div class='ocr_carea' id='block_1_24' title="bbox 475 2430 2119 2509">
    <p class='ocr_par' dir='ltr' id='par_1_24' title="bbox 475 2430 2119 2509">
     <span class='ocr_line' id='line_1_24' title="bbox 475 2430 2119 2509; baseline -0.01 -6"><span class='ocrx_word' id='word_1_181' title='bbox 475 2485 478 2488; x_wconf 65' lang='lat'><strong><em>~</em></strong></span> <span class='ocrx_word' id='word_1_182' title='bbox 519 2454 576 2503; x_wconf 82' lang='lat' dir='ltr'><strong>et</strong></span> <span class='ocrx_word' id='word_1_183' title='bbox 612 2445 917 2501; x_wconf 91' lang='lat' dir='ltr'><strong>altissimus</strong></span> <span class='ocrx_word' id='word_1_184' title='bbox 953 2440 1233 2505; x_wconf 83' lang='lat' dir='ltr'><strong>Christus;</strong></span> <span class='ocrx_word' id='word_1_185' title='bbox 1278 2439 1393 2509; x_wconf 90' lang='lat' dir='ltr'><strong>ipse</strong></span> <span class='ocrx_word' id='word_1_186' title='bbox 1431 2445 1516 2493; x_wconf 89' lang='lat' dir='ltr'><strong>est</strong></span> <span class='ocrx_word' id='word_1_187' title='bbox 1558 2435 1700 2492; x_wconf 91' lang='lat' dir='ltr'><strong>enim</strong></span> <span class='ocrx_word' id='word_1_188' title='bbox 1744 2448 1912 2504; x_wconf 85' lang='lat' dir='ltr'><strong>super</strong></span> <span class='ocrx_word' id='word_1_189' title='bbox 1938 2430 2119 2488; x_wconf 86' lang='lat' dir='ltr'><strong>omnia</strong></span> 
     </span>
    </p>
   </div>
   <div class='ocr_carea' id='block_1_25' title="bbox 524 2538 691 2596">
    <p class='ocr_par' dir='ltr' id='par_1_25' title="bbox 524 2538 691 2596">
     <span class='ocr_line' id='line_1_25' title="bbox 524 2538 691 2596; baseline -0.006 -2"><span class='ocrx_word' id='word_1_190' title='bbox 524 2538 691 2596; x_wconf 90' lang='lat' dir='ltr'><strong>Deus.</strong></span> 
     </span>
    </p>
   </div>
   <div class='ocr_carea' id='block_1_26' title="bbox 596 2623 2123 2702">
    <p class='ocr_par' dir='ltr' id='par_1_26' title="bbox 596 2623 2123 2702">
     <span class='ocr_line' id='line_1_26' title="bbox 596 2623 2123 2702; baseline -0.008 -13"><span class='ocrx_word' id='word_1_191' title='bbox 596 2634 721 2690; x_wconf 88' lang='grc' dir='ltr'><strong>19υ.</strong></span> <span class='ocrx_word' id='word_1_192' title='bbox 756 2631 952 2689; x_wconf 85' lang='lat' dir='ltr'><strong>Videte</strong></span> <span class='ocrx_word' id='word_1_193' title='bbox 980 2627 1441 2702; x_wconf 89' lang='lat' dir='ltr'><strong>quemadmodum</strong></span> <span class='ocrx_word' id='word_1_194' title='bbox 1469 2635 1691 2682; x_wconf 92' lang='lat' dir='ltr'><strong>sanctus</strong></span> <span class='ocrx_word' id='word_1_195' title='bbox 1732 2624 1902 2681; x_wconf 86' lang='lat' dir='ltr'><strong>David</strong></span> <span class='ocrx_word' id='word_1_196' title='bbox 1934 2623 2123 2694; x_wconf 91' lang='lat' dir='ltr'><strong>hujus-</strong></span> 
     </span>
    </p>
   </div>
   <div class='ocr_carea' id='block_1_27' title="bbox 521 2718 2120 2795">
    <p class='ocr_par' dir='ltr' id='par_1_27' title="bbox 521 2718 2120 2795">
     <span class='ocr_line' id='line_1_27' title="bbox 521 2718 2120 2795; baseline -0.009 -11"><span class='ocrx_word' id='word_1_197' title='bbox 521 2727 737 2784; x_wconf 89' lang='lat' dir='ltr'><strong>cemodi</strong></span> <span class='ocrx_word' id='word_1_198' title='bbox 771 2724 1022 2780; x_wconf 87' lang='lat' dir='ltr'><strong>homines</strong></span> <span class='ocrx_word' id='word_1_199' title='bbox 1052 2722 1144 2795; x_wconf 87' lang='lat' dir='ltr'><strong>qui</strong></span> <span class='ocrx_word' id='word_1_200' title='bbox 1186 2722 1279 2778; x_wconf 87' lang='lat' dir='ltr'><strong>Dei</strong></span> <span class='ocrx_word' id='word_1_201' title='bbox 1319 2721 1458 2776; x_wconf 87' lang='lat' dir='ltr'><strong>Filio</strong></span> <span class='ocrx_word' id='word_1_202' title='bbox 1493 2720 1781 2775; x_wconf 83' lang='lat' dir='ltr'><strong>scientiam</strong></span> <span class='ocrx_word' id='word_1_203' title='bbox 1824 2718 2120 2788; x_wconf 85' lang='lat' dir='ltr'><strong>derogent,</strong></span> 
     </span>
    </p>
   </div>
   <div class='ocr_carea' id='block_1_28' title="bbox 522 2812 2126 2892">
    <p class='ocr_par' dir='ltr' id='par_1_28' title="bbox 522 2812 2126 2892">
     <span class='ocr_line' id='line_1_28' title="bbox 522 2812 2126 2892; baseline -0.008 -15"><span class='ocrx_word' id='word_1_204' title='bbox 522 2821 941 2892; x_wconf 82' lang='lat' dir='ltr'><strong>perhorrescat;</strong></span> <span class='ocrx_word' id='word_1_205' title='bbox 974 2818 1055 2873; x_wconf 88' lang='lat' dir='ltr'><strong>sic</strong></span> <span class='ocrx_word' id='word_1_206' title='bbox 1077 2816 1222 2873; x_wconf 91' lang='lat' dir='ltr'><strong>enim</strong></span> <span class='ocrx_word' id='word_1_207' title='bbox 1247 2816 1449 2871; x_wconf 82' lang='lat' dir='ltr'><strong>habes:</strong></span> <span class='ocrx_word' id='word_1_208' title='bbox 1484 2812 1552 2869; x_wconf 84' lang='lat' dir='ltr'><strong>In</strong></span> <span class='ocrx_word' id='word_1_209' title='bbox 1575 2813 1833 2869; x_wconf 83' lang='lat' dir='ltr'><strong>laboribus</strong></span> <span class='ocrx_word' id='word_1_210' title='bbox 1859 2813 2126 2866; x_wconf 83' lang='lat' dir='ltr'><strong>hominum</strong></span> 
     </span>
    </p>
   </div>
   <div class='ocr_carea' id='block_1_29' title="bbox 523 2903 2126 2979">
    <p class='ocr_par' dir='ltr' id='par_1_29' title="bbox 523 2903 2126 2979">
     <span class='ocr_line' id='line_1_29' title="bbox 523 2903 2126 2979; baseline -0.007 -10"><span class='ocrx_word' id='word_1_211' title='bbox 523 2930 626 2969; x_wconf 88' lang='lat' dir='ltr'><strong>non</strong></span> <span class='ocrx_word' id='word_1_212' title='bbox 655 2921 774 2968; x_wconf 88' lang='lat' dir='ltr'><strong>sunt</strong></span> <span class='ocrx_word' id='word_1_213' title='bbox 796 2953 812 2979; x_wconf 92' lang='lat'><strong>,</strong></span> <span class='ocrx_word' id='word_1_214' title='bbox 848 2921 896 2966; x_wconf 90' lang='lat' dir='ltr'><strong>et</strong></span> <span class='ocrx_word' id='word_1_215' title='bbox 936 2926 1048 2964; x_wconf 88' lang='lat' dir='ltr'><strong>cum</strong></span> <span class='ocrx_word' id='word_1_216' title='bbox 1084 2908 1376 2963; x_wconf 87' lang='lat' dir='ltr'><strong>hominibus</strong></span> <span class='ocrx_word' id='word_1_217' title='bbox 1403 2923 1506 2961; x_wconf 87' lang='lat' dir='ltr'><strong>non</strong></span> <span class='ocrx_word' id='word_1_218' title='bbox 1532 2905 1975 2977; x_wconf 80' lang='lat' dir='ltr'><strong>ﬂagellabantur;</strong></span> <span class='ocrx_word' id='word_1_219' title='bbox 2012 2903 2126 2958; x_wconf 89' lang='lat' dir='ltr'><strong>ideo</strong></span> 
     </span>
    </p>
   </div>
   <div class='ocr_carea' id='block_1_30' title="bbox 522 3000 2129 3075">
    <p class='ocr_par' dir='ltr' id='par_1_30' title="bbox 522 3000 2129 3075">
     <span class='ocr_line' id='line_1_30' title="bbox 522 3000 2129 3075; baseline -0.006 -10"><span class='ocrx_word' id='word_1_220' title='bbox 522 3009 745 3065; x_wconf 85' lang='lat' dir='ltr'><strong>obtinuit</strong></span> <span class='ocrx_word' id='word_1_221' title='bbox 784 3023 870 3062; x_wconf 88' lang='lat' dir='ltr'><strong>eos</strong></span> <span class='ocrx_word' id='word_1_222' title='bbox 907 3005 1148 3075; x_wconf 84' lang='lat' dir='ltr'><strong>superbia</strong></span> <span class='ocrx_word' id='word_1_223' title='bbox 1182 3020 1396 3069; x_wconf 85' lang='lat' dir='ltr'><strong>eorum;</strong></span> <span class='ocrx_word' id='word_1_224' title='bbox 1436 3002 1665 3074; x_wconf 81' lang='lat' dir='ltr'><strong>cooperti</strong></span> <span class='ocrx_word' id='word_1_225' title='bbox 1702 3009 1824 3054; x_wconf 89' lang='lat' dir='ltr'><strong>sunt</strong></span> <span class='ocrx_word' id='word_1_226' title='bbox 1860 3000 2129 3071; x_wconf 89' lang='lat' dir='ltr'><strong>iniquitate</strong></span> 
     </span>
    </p>
   </div>
   <div class='ocr_carea' id='block_1_31' title="bbox 523 3094 2129 3171">
    <p class='ocr_par' dir='ltr' id='par_1_31' title="bbox 523 3094 2129 3171">
     <span class='ocr_line' id='line_1_31' title="bbox 523 3094 2129 3171; baseline -0.006 -15"><span class='ocrx_word' id='word_1_227' title='bbox 523 3112 571 3156; x_wconf 87' lang='lat' dir='ltr'><strong>et</strong></span> <span class='ocrx_word' id='word_1_228' title='bbox 599 3101 865 3171; x_wconf 84' lang='lat' dir='ltr'><strong>impietate</strong></span> <span class='ocrx_word' id='word_1_229' title='bbox 906 3114 1004 3153; x_wconf 89' lang='lat' dir='ltr'><strong>sua</strong></span> <span class='ocrx_word' id='word_1_230' title='bbox 1035 3112 1055 3152; x_wconf 90' lang='lat'><strong><em>:</em></strong></span> <span class='ocrx_word' id='word_1_231' title='bbox 1084 3096 1275 3168; x_wconf 89' lang='lat' dir='ltr'><strong>prodiit</strong></span> <span class='ocrx_word' id='word_1_232' title='bbox 1311 3095 1459 3167; x_wconf 88' lang='lat' dir='ltr'><strong>quasi</strong></span> <span class='ocrx_word' id='word_1_233' title='bbox 1488 3110 1552 3149; x_wconf 79' lang='lat' dir='ltr'><strong>ea:</strong></span> <span class='ocrx_word' id='word_1_234' title='bbox 1577 3094 1731 3164; x_wconf 85' lang='lat' dir='ltr'><strong>adipe</strong></span> <span class='ocrx_word' id='word_1_235' title='bbox 1764 3094 2009 3165; x_wconf 85' lang='lat' dir='ltr'><strong>iniquitas</strong></span> <span class='ocrx_word' id='word_1_236' title='bbox 2039 3108 2129 3146; x_wconf 73' lang='lat' dir='ltr'><strong>eo~</strong></span> 
     </span>
    </p>
   </div>
   <div class='ocr_carea' id='block_1_32' title="bbox 2216 478 3765 554">
    <p class='ocr_par' dir='ltr' id='par_1_32' title="bbox 2216 478 3765 554">
     <span class='ocr_line' id='line_1_32' title="bbox 2216 478 3765 554; baseline -0.005 -14"><span class='ocrx_word' id='word_1_237' title='bbox 2216 483 2438 541; x_wconf 87' lang='lat' dir='ltr'><strong>Christo</strong></span> <span class='ocrx_word' id='word_1_238' title='bbox 2458 498 2585 539; x_wconf 88' lang='lat' dir='ltr'><strong>esse</strong></span> <span class='ocrx_word' id='word_1_239' title='bbox 2616 497 2725 538; x_wconf 93' lang='lat' dir='ltr'><strong>non</strong></span> <span class='ocrx_word' id='word_1_240' title='bbox 2752 480 2952 554; x_wconf 81' lang='lat' dir='ltr'><strong>posse?</strong></span> <span class='ocrx_word' id='word_1_241' title='bbox 2981 479 3118 548; x_wconf 86' lang='lat' dir='ltr'><strong>Quia</strong></span> <span class='ocrx_word' id='word_1_242' title='bbox 3155 478 3296 550; x_wconf 89' lang='lat' dir='ltr'><strong>ipse,</strong></span> <span class='ocrx_word' id='word_1_243' title='bbox 3328 478 3587 550; x_wconf 88' lang='lat' dir='ltr'><strong>inquiunt,</strong></span> <span class='ocrx_word' id='word_1_244' title='bbox 3612 478 3701 534; x_wconf 86' lang='lat' dir='ltr'><strong>dici</strong></span> <span class='ocrx_word' id='word_1_245' title='bbox 3723 488 3765 533; x_wconf 86' lang='lat' dir='ltr'><strong>et</strong></span> 
     </span>
    </p>
   </div>
   <div class='ocr_carea' id='block_1_33' title="bbox 2216 568 3764 647">
    <p class='ocr_par' dir='ltr' id='par_1_33' title="bbox 2216 568 3764 647">
     <span class='ocr_line' id='line_1_33' title="bbox 2216 568 3764 647; baseline -0.005 -15"><span class='ocrx_word' id='word_1_246' title='bbox 2216 576 2369 633; x_wconf 67' lang='lat' dir='ltr'><strong>hora:</strong></span> <span class='ocrx_word' id='word_1_247' title='bbox 2390 592 2450 633; x_wconf 91' lang='lat' dir='ltr'><strong>se</strong></span> <span class='ocrx_word' id='word_1_248' title='bbox 2486 575 2765 647; x_wconf 82' lang='lat' dir='ltr'><strong>professus</strong></span> <span class='ocrx_word' id='word_1_249' title='bbox 2795 583 3029 631; x_wconf 90' lang='lat' dir='ltr'><strong>estesse</strong></span> <span class='ocrx_word' id='word_1_250' title='bbox 3056 573 3329 644; x_wconf 86' lang='lat' dir='ltr'><strong>ignarum.</strong></span> <span class='ocrx_word' id='word_1_251' title='bbox 3363 570 3548 626; x_wconf 85' lang='lat' dir='ltr'><strong>Nonne</strong></span> <span class='ocrx_word' id='word_1_252' title='bbox 3573 568 3764 625; x_wconf 87' lang='lat' dir='ltr'><strong>dicunt:</strong></span> 
     </span>
    </p>
   </div>
   <div class='ocr_carea' id='block_1_34' title="bbox 2216 661 3765 738">
    <p class='ocr_par' dir='ltr' id='par_1_34' title="bbox 2216 661 3765 738">
     <span class='ocr_line' id='line_1_34' title="bbox 2216 661 3765 738; baseline -0.005 -14"><span class='ocrx_word' id='word_1_253' title='bbox 2216 667 2505 738; x_wconf 84' lang='lat' dir='ltr'><strong>Quomodo</strong></span> <span class='ocrx_word' id='word_1_254' title='bbox 2528 668 2709 733; x_wconf 83' lang='lat' dir='ltr'><strong>scivit,</strong></span> <span class='ocrx_word' id='word_1_255' title='bbox 2733 666 2828 737; x_wconf 91' lang='lat' dir='ltr'><strong>qui</strong></span> <span class='ocrx_word' id='word_1_256' title='bbox 2851 681 2974 721; x_wconf 90' lang='lat' dir='ltr'><strong>eum</strong></span> <span class='ocrx_word' id='word_1_257' title='bbox 3004 682 3111 721; x_wconf 92' lang='lat' dir='ltr'><strong>non</strong></span> <span class='ocrx_word' id='word_1_258' title='bbox 3138 663 3383 735; x_wconf 83' lang='lat' dir='ltr'><strong>potuisse.</strong></span> <span class='ocrx_word' id='word_1_259' title='bbox 3410 661 3546 717; x_wconf 88' lang='lat' dir='ltr'><strong>scire</strong></span> <span class='ocrx_word' id='word_1_260' title='bbox 3571 677 3765 717; x_wconf 82' lang='lat' dir='ltr'><strong>commc-</strong></span> 
     </span>
    </p>
   </div>
   <div class='ocr_carea' id='block_1_35' title="bbox 2218 754 3769 830">
    <p class='ocr_par' dir='ltr' id='par_1_35' title="bbox 2218 754 3769 830">
     <span class='ocr_line' id='line_1_35' title="bbox 2218 754 3769 830; baseline -0.006 -12"><span class='ocrx_word' id='word_1_261' title='bbox 2218 770 2469 829; x_wconf 89' lang='lat' dir='ltr'><strong>morant,</strong></span> <span class='ocrx_word' id='word_1_262' title='bbox 2505 772 2527 801; x_wconf 79' lang='grc' dir='ltr'>ο</span> <span class='ocrx_word' id='word_1_263' title='bbox 2556 760 2659 816; x_wconf 91' lang='lat' dir='ltr'><strong>nisi</strong></span> <span class='ocrx_word' id='word_1_264' title='bbox 2688 775 2812 830; x_wconf 81' lang='lat' dir='ltr'><strong>qua:</strong></span> <span class='ocrx_word' id='word_1_265' title='bbox 2848 758 3107 822; x_wconf 89' lang='lat' dir='ltr'><strong>audierit,</strong></span> <span class='ocrx_word' id='word_1_266' title='bbox 3144 766 3199 811; x_wconf 92' lang='lat' dir='ltr'><strong>ct</strong></span> <span class='ocrx_word' id='word_1_267' title='bbox 3231 754 3432 810; x_wconf 84' lang='lat' dir='ltr'><strong>viderit</strong></span> <span class='ocrx_word' id='word_1_268' title='bbox 3471 771 3485 807; x_wconf 91' lang='lat'><strong>:</strong></span> <span class='ocrx_word' id='word_1_269' title='bbox 3520 762 3650 809; x_wconf 85' lang='lat' dir='ltr'><strong>etea</strong></span> <span class='ocrx_word' id='word_1_270' title='bbox 3675 769 3769 824; x_wconf 78' lang='lat' dir='ltr'><strong>qua:</strong></span> 
     </span>
    </p>
   </div>
   <div class='ocr_carea' id='block_1_36' title="bbox 2217 846 3771 929">
    <p class='ocr_par' dir='ltr' id='par_1_36' title="bbox 2217 846 3771 929">
     <span class='ocr_line' id='line_1_36' title="bbox 2217 846 3771 929; baseline -0.007 -16"><span class='ocrx_word' id='word_1_271' title='bbox 2217 865 2471 929; x_wconf 87' lang='lat' dir='ltr'><strong>spectant</strong></span> <span class='ocrx_word' id='word_1_272' title='bbox 2509 854 2577 910; x_wconf 91' lang='lat' dir='ltr'><strong>ad</strong></span> <span class='ocrx_word' id='word_1_273' title='bbox 2621 854 2819 909; x_wconf 70' lang='lat' dir='ltr'><strong>divina:</strong></span> <span class='ocrx_word' id='word_1_274' title='bbox 2857 853 3118 907; x_wconf 85' lang='lat' dir='ltr'><strong>unitatem</strong></span> <span class='ocrx_word' id='word_1_275' title='bbox 3164 852 3376 906; x_wconf 77' lang='lat' dir='ltr'><strong>natura:</strong></span> <span class='ocrx_word' id='word_1_276' title='bbox 3418 848 3483 903; x_wconf 86' lang='lat' dir='ltr'><strong>ad</strong></span> <span class='ocrx_word' id='word_1_277' title='bbox 3528 846 3771 903; x_wconf 84' lang='lat' dir='ltr'><strong>inﬁrmita-</strong></span> 
     </span>
    </p>
   </div>
   <div class='ocr_carea' id='block_1_37' title="bbox 2220 943 3441 1021">
    <p class='ocr_par' dir='ltr' id='par_1_37' title="bbox 2220 943 3441 1021">
     <span class='ocr_line' id='line_1_37' title="bbox 2220 943 3441 1021; baseline -0.01 -14"><span class='ocrx_word' id='word_1_278' title='bbox 2220 960 2327 1009; x_wconf 89' lang='lat' dir='ltr'><strong>tem</strong></span> <span class='ocrx_word' id='word_1_279' title='bbox 2361 949 2625 1021; x_wconf 86' lang='lat' dir='ltr'><strong>sacrilega</strong></span> <span class='ocrx_word' id='word_1_280' title='bbox 2657 945 3112 1018; x_wconf 86' lang='lat' dir='ltr'><strong>interpretatione</strong></span> <span class='ocrx_word' id='word_1_281' title='bbox 3142 943 3441 1000; x_wconf 86' lang='lat' dir='ltr'><strong>derivant?</strong></span> 
     </span>
    </p>
   </div>
   <div class='ocr_carea' id='block_1_38' title="bbox 2291 1036 3776 1113">
    <p class='ocr_par' dir='ltr' id='par_1_38' title="bbox 2291 1036 3776 1113">
     <span class='ocr_line' id='line_1_38' title="bbox 2291 1036 3776 1113; baseline -0.005 -13"><span class='ocrx_word' id='word_1_282' title='bbox 2291 1045 2414 1102; x_wconf 76' lang='grc'><strong>195.</strong></span> <span class='ocrx_word' id='word_1_283' title='bbox 2446 1043 2723 1113; x_wconf 83' lang='lat' dir='ltr'><strong>Scriptum</strong></span> <span class='ocrx_word' id='word_1_284' title='bbox 2752 1050 2837 1098; x_wconf 89' lang='lat' dir='ltr'><strong>est</strong></span> <span class='ocrx_word' id='word_1_285' title='bbox 2859 1083 2874 1107; x_wconf 94' lang='lat'><strong>,</strong></span> <span class='ocrx_word' id='word_1_286' title='bbox 2903 1041 3157 1112; x_wconf 88' lang='lat' dir='ltr'><strong>inquiunt</strong></span> <span class='ocrx_word' id='word_1_287' title='bbox 3188 1057 3203 1094; x_wconf 93' lang='lat'><strong>:</strong></span> <span class='ocrx_word' id='word_1_288' title='bbox 3232 1036 3315 1094; x_wconf 87' lang='lat' dir='ltr'><strong>De</strong></span> <span class='ocrx_word' id='word_1_289' title='bbox 3337 1039 3423 1092; x_wconf 88' lang='lat' dir='ltr'><strong>die</strong></span> <span class='ocrx_word' id='word_1_290' title='bbox 3451 1047 3616 1093; x_wconf 83' lang='lat' dir='ltr'><strong>autem</strong></span> <span class='ocrx_word' id='word_1_291' title='bbox 3639 1036 3717 1093; x_wconf 86' lang='lat' dir='ltr'><strong>illo</strong></span> <span class='ocrx_word' id='word_1_292' title='bbox 3739 1047 3776 1093; x_wconf 86' lang='lat' dir='ltr'><strong>et</strong></span> 
     </span>
    </p>
   </div>
   <div class='ocr_carea' id='block_1_39' title="bbox 2220 1128 3778 1207">
    <p class='ocr_par' dir='ltr' id='par_1_39' title="bbox 2220 1128 3778 1207">
     <span class='ocr_line' id='line_1_39' title="bbox 2220 1128 3778 1207; baseline -0.004 -16"><span class='ocrx_word' id='word_1_293' title='bbox 2220 1139 2348 1193; x_wconf 89' lang='lat' dir='ltr'><strong>hora</strong></span> <span class='ocrx_word' id='word_1_294' title='bbox 2370 1154 2517 1192; x_wconf 88' lang='lat' dir='ltr'><strong>nemo</strong></span> <span class='ocrx_word' id='word_1_295' title='bbox 2539 1136 2637 1191; x_wconf 84' lang='lat' dir='ltr'><strong>scit</strong></span> <span class='ocrx_word' id='word_1_296' title='bbox 2662 1178 2677 1203; x_wconf 91' lang='lat'><strong>,</strong></span> <span class='ocrx_word' id='word_1_297' title='bbox 2705 1151 2870 1204; x_wconf 85' lang='lat' dir='ltr'><strong>neque</strong></span> <span class='ocrx_word' id='word_1_298' title='bbox 2896 1134 3067 1207; x_wconf 82' lang='lat' dir='ltr'><strong>angeli</strong></span> <span class='ocrx_word' id='word_1_299' title='bbox 3094 1132 3358 1197; x_wconf 73' lang='lat' dir='ltr'><strong>(telorum,</strong></span> <span class='ocrx_word' id='word_1_300' title='bbox 3385 1146 3478 1187; x_wconf 86' lang='lat' dir='ltr'><strong>nec</strong></span> <span class='ocrx_word' id='word_1_301' title='bbox 3501 1128 3680 1196; x_wconf 80' lang='lat' dir='ltr'><strong>Filius,</strong></span> <span class='ocrx_word' id='word_1_302' title='bbox 3699 1132 3778 1186; x_wconf 79' lang='lat' dir='ltr'><strong>nisi</strong></span> 
     </span>
    </p>
   </div>
   <div class='ocr_carea' id='block_1_40' title="bbox 2219 1223 3777 1301">
    <p class='ocr_par' dir='ltr' id='par_1_40' title="bbox 2219 1223 3777 1301">
     <span class='ocr_line' id='line_1_40' title="bbox 2219 1223 3777 1301; baseline -0.002 -16"><span class='ocrx_word' id='word_1_303' title='bbox 2219 1232 2360 1287; x_wconf 88' lang='lat' dir='ltr'><strong>solus</strong></span> <span class='ocrx_word' id='word_1_304' title='bbox 2395 1229 2553 1285; x_wconf 89' lang='lat' dir='ltr'><strong>Pater</strong></span> <span class='ocrx_word' id='word_1_305' title='bbox 2586 1228 2794 1301; x_wconf 84' lang='lat' dir='ltr'><strong>(Marc.</strong></span> <span class='ocrx_word' id='word_1_306' title='bbox 2824 1243 2942 1294; x_wconf 79' lang='lat' dir='ltr'><strong>xm,</strong></span> <span class='ocrx_word' id='word_1_307' title='bbox 2973 1226 3103 1299; x_wconf 76' lang='lat'><strong>59.).</strong></span> <span class='ocrx_word' id='word_1_308' title='bbox 3134 1227 3379 1283; x_wconf 86' lang='lat' dir='ltr'><strong>Primum</strong></span> <span class='ocrx_word' id='word_1_309' title='bbox 3408 1223 3436 1263; x_wconf 71' lang='grc' dir='ltr'><strong>ἀ</strong></span> <span class='ocrx_word' id='word_1_310' title='bbox 3468 1235 3667 1282; x_wconf 84' lang='lat' dir='ltr'><strong>veteres</strong></span> <span class='ocrx_word' id='word_1_311' title='bbox 3693 1242 3777 1283; x_wconf 89' lang='lat' dir='ltr'><strong>non</strong></span> 
     </span>
    </p>
   </div>
   <div class='ocr_carea' id='block_1_41' title="bbox 2220 1319 3777 1394">
    <p class='ocr_par' dir='ltr' id='par_1_41' title="bbox 2220 1319 3777 1394">
     <span class='ocr_line' id='line_1_41' title="bbox 2220 1319 3777 1394; baseline -0.002 -14"><span class='ocrx_word' id='word_1_312' title='bbox 2220 1325 2426 1381; x_wconf 85' lang='lat' dir='ltr'><strong>habent</strong></span> <span class='ocrx_word' id='word_1_313' title='bbox 2455 1324 2674 1380; x_wconf 88' lang='lat' dir='ltr'><strong>codices</strong></span> <span class='ocrx_word' id='word_1_314' title='bbox 2700 1322 2875 1378; x_wconf 55' lang='lat' dir='ltr'><strong>Graeci</strong></span> <span class='ocrx_word' id='word_1_315' title='bbox 2909 1322 3033 1394; x_wconf 92' lang='lat' dir='ltr'><strong>quia</strong></span> <span class='ocrx_word' id='word_1_316' title='bbox 3065 1337 3167 1377; x_wconf 91' lang='lat' dir='ltr'><strong>nec</strong></span> <span class='ocrx_word' id='word_1_317' title='bbox 3197 1320 3375 1376; x_wconf 88' lang='lat' dir='ltr'><strong>Filius</strong></span> <span class='ocrx_word' id='word_1_318' title='bbox 3404 1319 3508 1376; x_wconf 88' lang='lat' dir='ltr'><strong>scit</strong></span> <span class='ocrx_word' id='word_1_319' title='bbox 3540 1340 3554 1377; x_wconf 90' lang='lat'><strong>:</strong></span> <span class='ocrx_word' id='word_1_320' title='bbox 3578 1319 3666 1375; x_wconf 84' lang='lat' dir='ltr'><strong>sed</strong></span> <span class='ocrx_word' id='word_1_321' title='bbox 3693 1335 3777 1377; x_wconf 90' lang='lat' dir='ltr'><strong>non</strong></span> 
     </span>
    </p>
   </div>
   <div class='ocr_carea' id='block_1_42' title="bbox 2235 1412 3782 1486">
    <p class='ocr_par' dir='ltr' id='par_1_42' title="bbox 2235 1412 3782 1486">
     <span class='ocr_line' id='line_1_42' title="bbox 2235 1412 3782 1486; baseline -0.004 -13"><span class='ocrx_word' id='word_1_322' title='bbox 2235 1419 2439 1473; x_wconf 91' lang='lat' dir='ltr'><strong>mirum</strong></span> <span class='ocrx_word' id='word_1_323' title='bbox 2469 1417 2513 1472; x_wconf 92' lang='lat' dir='ltr'><strong>si</strong></span> <span class='ocrx_word' id='word_1_324' title='bbox 2546 1427 2603 1474; x_wconf 91' lang='lat' dir='ltr'><strong>et</strong></span> <span class='ocrx_word' id='word_1_325' title='bbox 2630 1416 2733 1471; x_wconf 88' lang='lat' dir='ltr'><strong>hoc</strong></span> <span class='ocrx_word' id='word_1_326' title='bbox 2755 1414 3043 1483; x_wconf 84' lang='lat' dir='ltr'><strong>falsarunt,</strong></span> <span class='ocrx_word' id='word_1_327' title='bbox 3071 1414 3163 1486; x_wconf 88' lang='lat' dir='ltr'><strong>qui</strong></span> <span class='ocrx_word' id='word_1_328' title='bbox 3187 1412 3782 1484; x_wconf 82' lang='lat' dir='ltr'><strong>Seripturasinterpola-</strong></span> 
     </span>
    </p>
   </div>
   <div class='ocr_carea' id='block_1_43' title="bbox 2219 1506 3776 1577">
    <p class='ocr_par' dir='ltr' id='par_1_43' title="bbox 2219 1506 3776 1577">
     <span class='ocr_line' id='line_1_43' title="bbox 2219 1506 3776 1577; baseline -0.003 -12"><span class='ocrx_word' id='word_1_329' title='bbox 2219 1526 2351 1567; x_wconf 86' lang='lat' dir='ltr'><strong>vere</strong></span> <span class='ocrx_word' id='word_1_330' title='bbox 2382 1510 2619 1566; x_wconf 89' lang='lat' dir='ltr'><strong>divinas.</strong></span> <span class='ocrx_word' id='word_1_331' title='bbox 2648 1510 2762 1577; x_wconf 88' lang='lat' dir='ltr'><strong>Qua</strong></span> <span class='ocrx_word' id='word_1_332' title='bbox 2795 1508 3008 1565; x_wconf 87' lang='lat' dir='ltr'><strong>ratione</strong></span> <span class='ocrx_word' id='word_1_333' title='bbox 3034 1516 3217 1563; x_wconf 86' lang='lat' dir='ltr'><strong>autem</strong></span> <span class='ocrx_word' id='word_1_334' title='bbox 3245 1506 3497 1563; x_wconf 85' lang='lat' dir='ltr'><strong>videatur</strong></span> <span class='ocrx_word' id='word_1_335' title='bbox 3521 1506 3776 1577; x_wconf 84' lang='lat' dir='ltr'><strong>adjectum,</strong></span> 
     </span>
    </p>
   </div>
   <div class='ocr_carea' id='block_1_44' title="bbox 2220 1600 3783 1675">
    <p class='ocr_par' dir='ltr' id='par_1_44' title="bbox 2220 1600 3783 1675">
     <span class='ocr_line' id='line_1_44' title="bbox 2220 1600 3783 1675; baseline -0.001 -18"><span class='ocrx_word' id='word_1_336' title='bbox 2220 1602 2498 1675; x_wconf 91' lang='lat' dir='ltr'><strong>proditur,</strong></span> <span class='ocrx_word' id='word_1_337' title='bbox 2534 1603 2663 1659; x_wconf 90' lang='lat' dir='ltr'><strong>dum</strong></span> <span class='ocrx_word' id='word_1_338' title='bbox 2701 1601 2767 1657; x_wconf 91' lang='lat' dir='ltr'><strong>ad</strong></span> <span class='ocrx_word' id='word_1_339' title='bbox 2806 1600 3319 1671; x_wconf 87' lang='lat' dir='ltr'><strong>interpretationem</strong></span> <span class='ocrx_word' id='word_1_340' title='bbox 3366 1601 3501 1656; x_wconf 88' lang='lat' dir='ltr'><strong>tanti</strong></span> <span class='ocrx_word' id='word_1_341' title='bbox 3544 1600 3783 1672; x_wconf 70' lang='lat' dir='ltr'><strong>sacrilegii</strong></span> 
     </span>
    </p>
   </div>
   <div class='ocr_carea' id='block_1_45' title="bbox 2223 1701 2522 1757">
    <p class='ocr_par' dir='ltr' id='par_1_45' title="bbox 2223 1701 2522 1757">
     <span class='ocr_line' id='line_1_45' title="bbox 2223 1701 2522 1757; baseline -0.007 -2"><span class='ocrx_word' id='word_1_342' title='bbox 2223 1701 2522 1757; x_wconf 86' lang='lat' dir='ltr'><strong>derivatur.</strong></span> 
     </span>
    </p>
   </div>
   <div class='ocr_carea' id='block_1_46' title="bbox 2144 1790 3783 1874">
    <p class='ocr_par' dir='ltr' id='par_1_46' title="bbox 2144 1790 3783 1874">
     <span class='ocr_line' id='line_1_46' title="bbox 2144 1790 3783 1874; baseline -0.001 -23"><span class='ocrx_word' id='word_1_343' title='bbox 2144 1813 2193 1874; x_wconf 78' lang='grc' dir='ltr'><strong>Β</strong></span> <span class='ocrx_word' id='word_1_344' title='bbox 2295 1796 2420 1851; x_wconf 73' lang='grc'><strong>191.</strong></span> <span class='ocrx_word' id='word_1_345' title='bbox 2470 1794 2620 1850; x_wconf 91' lang='lat' dir='ltr'><strong>Pone</strong></span> <span class='ocrx_word' id='word_1_346' title='bbox 2657 1801 2837 1849; x_wconf 89' lang='lat' dir='ltr'><strong>tamen</strong></span> <span class='ocrx_word' id='word_1_347' title='bbox 2886 1791 2955 1847; x_wconf 84' lang='lat' dir='ltr'><strong>ab</strong></span> <span class='ocrx_word' id='word_1_348' title='bbox 2993 1790 3351 1865; x_wconf 87' lang='lat' dir='ltr'><strong>evangelistis</strong></span> <span class='ocrx_word' id='word_1_349' title='bbox 3378 1791 3655 1863; x_wconf 88' lang='lat' dir='ltr'><strong>scriptum.</strong></span> <span class='ocrx_word' id='word_1_350' title='bbox 3692 1790 3783 1849; x_wconf 72' lang='lat' dir='ltr'><strong>Mc-</strong></span> 
     </span>
    </p>
   </div>
   <div class='ocr_carea' id='block_1_47' title="bbox 2218 1885 3787 1961">
    <p class='ocr_par' dir='ltr' id='par_1_47' title="bbox 2218 1885 3787 1961">
     <span class='ocr_line' id='line_1_47' title="bbox 2218 1885 3787 1961; baseline -0.002 -16"><span class='ocrx_word' id='word_1_351' title='bbox 2218 1889 2370 1945; x_wconf 90' lang='lat' dir='ltr'><strong>dium</strong></span> <span class='ocrx_word' id='word_1_352' title='bbox 2402 1889 2589 1961; x_wconf 91' lang='lat' dir='ltr'><strong>utique</strong></span> <span class='ocrx_word' id='word_1_353' title='bbox 2612 1904 2809 1944; x_wconf 90' lang='lat' dir='ltr'><strong>nomen</strong></span> <span class='ocrx_word' id='word_1_354' title='bbox 2835 1897 2920 1944; x_wconf 92' lang='lat' dir='ltr'><strong>est</strong></span> <span class='ocrx_word' id='word_1_355' title='bbox 2948 1885 3071 1943; x_wconf 85' lang='lat' dir='ltr'><strong>Filii</strong></span> <span class='ocrx_word' id='word_1_356' title='bbox 3107 1904 3121 1942; x_wconf 91' lang='lat'><strong>:</strong></span> <span class='ocrx_word' id='word_1_357' title='bbox 3148 1903 3272 1942; x_wconf 89' lang='lat' dir='ltr'><strong>nam</strong></span> <span class='ocrx_word' id='word_1_358' title='bbox 3299 1894 3359 1943; x_wconf 87' lang='lat' dir='ltr'><strong>et</strong></span> <span class='ocrx_word' id='word_1_359' title='bbox 3384 1887 3555 1943; x_wconf 86' lang='lat' dir='ltr'><strong>Filius</strong></span> <span class='ocrx_word' id='word_1_360' title='bbox 3583 1887 3787 1942; x_wconf 78' lang='lat' dir='ltr'><strong>hominis</strong></span> 
     </span>
    </p>
   </div>
   <div class='ocr_carea' id='block_1_48' title="bbox 2220 1979 3787 2051">
    <p class='ocr_par' dir='ltr' id='par_1_48' title="bbox 2220 1979 3787 2051">
     <span class='ocr_line' id='line_1_48' title="bbox 2220 1979 3787 2051; baseline -0.002 -13"><span class='ocrx_word' id='word_1_361' title='bbox 2220 1982 2456 2048; x_wconf 89' lang='lat' dir='ltr'><strong>dicitur;</strong></span> <span class='ocrx_word' id='word_1_362' title='bbox 2488 1991 2547 2036; x_wconf 92' lang='lat' dir='ltr'><strong>ut</strong></span> <span class='ocrx_word' id='word_1_363' title='bbox 2579 1981 2878 2037; x_wconf 89' lang='lat' dir='ltr'><strong>secundum</strong></span> <span class='ocrx_word' id='word_1_364' title='bbox 2913 1990 2936 2019; x_wconf 72' lang='grc' dir='ltr'>ε</span> <span class='ocrx_word' id='word_1_365' title='bbox 2968 1979 3398 2051; x_wconf 88' lang='lat' dir='ltr'><strong>imprudentiam</strong></span> <span class='ocrx_word' id='word_1_366' title='bbox 3430 1980 3787 2051; x_wconf 81' lang='lat' dir='ltr'><strong>assumptionis</strong></span> 
     </span>
    </p>
   </div>
   <div class='ocr_carea' id='block_1_49' title="bbox 2221 2055 3790 2146">
    <p class='ocr_par' dir='ltr' id='par_1_49' title="bbox 2221 2055 3790 2146">
     <span class='ocr_line' id='line_1_49' title="bbox 2221 2055 3790 2146; baseline -0.003 -14"><span class='ocrx_word' id='word_1_367' title='bbox 2221 2084 2422 2132; x_wconf 65' lang='lat' dir='ltr'><strong>nostra:</strong></span> <span class='ocrx_word' id='word_1_368' title='bbox 2461 2076 2608 2132; x_wconf 90' lang='lat' dir='ltr'><strong>diem</strong></span> <span class='ocrx_word' id='word_1_369' title='bbox 2655 2074 2825 2130; x_wconf 84' lang='lat' dir='ltr'><strong>futuri</strong></span> <span class='ocrx_word' id='word_1_370' title='bbox 2860 2074 3057 2146; x_wconf 90' lang='lat' dir='ltr'><strong>judicii</strong></span> <span class='ocrx_word' id='word_1_371' title='bbox 3095 2055 3342 2130; x_wconf 30' lang='lat' dir='ltr'><strong>nes-cisse</strong></span> <span class='ocrx_word' id='word_1_372' title='bbox 3376 2073 3639 2130; x_wconf 79' lang='lat' dir='ltr'><strong>videatur.</strong></span> <span class='ocrx_word' id='word_1_373' title='bbox 3669 2072 3790 2140; x_wconf 85' lang='lat' dir='ltr'><strong>Quo-</strong></span> 
     </span>
    </p>
   </div>
   <div class='ocr_carea' id='block_1_50' title="bbox 2222 2165 3790 2236">
    <p class='ocr_par' dir='ltr' id='par_1_50' title="bbox 2222 2165 3790 2236">
     <span class='ocr_line' id='line_1_50' title="bbox 2222 2165 3790 2236; baseline -0.003 -10"><span class='ocrx_word' id='word_1_374' title='bbox 2222 2170 2388 2226; x_wconf 90' lang='lat' dir='ltr'><strong>modo</strong></span> <span class='ocrx_word' id='word_1_375' title='bbox 2410 2168 2557 2225; x_wconf 83' lang='lat' dir='ltr'><strong>eniin</strong></span> <span class='ocrx_word' id='word_1_376' title='bbox 2596 2168 2835 2225; x_wconf 88' lang='lat' dir='ltr'><strong>nesciret</strong></span> <span class='ocrx_word' id='word_1_377' title='bbox 2874 2167 3020 2223; x_wconf 91' lang='lat' dir='ltr'><strong>diem</strong></span> <span class='ocrx_word' id='word_1_378' title='bbox 3053 2166 3149 2222; x_wconf 91' lang='lat' dir='ltr'><strong>Dci</strong></span> <span class='ocrx_word' id='word_1_379' title='bbox 3182 2166 3392 2232; x_wconf 90' lang='lat' dir='ltr'><strong>Filius,</strong></span> <span class='ocrx_word' id='word_1_380' title='bbox 3440 2182 3563 2222; x_wconf 90' lang='lat' dir='ltr'><strong>cum</strong></span> <span class='ocrx_word' id='word_1_381' title='bbox 3604 2165 3654 2221; x_wconf 91' lang='lat' dir='ltr'><strong>in</strong></span> <span class='ocrx_word' id='word_1_382' title='bbox 3693 2165 3790 2236; x_wconf 86' lang='lat' dir='ltr'><strong>ipso</strong></span> 
     </span>
    </p>
   </div>
   <div class='ocr_carea' id='block_1_51' title="bbox 2222 2259 3792 2334">
    <p class='ocr_par' dir='ltr' id='par_1_51' title="bbox 2222 2259 3792 2334">
     <span class='ocr_line' id='line_1_51' title="bbox 2222 2259 3792 2334; baseline -0.004 -13"><span class='ocrx_word' id='word_1_383' title='bbox 2222 2266 2334 2322; x_wconf 88' lang='lat' dir='ltr'><strong>sint</strong></span> <span class='ocrx_word' id='word_1_384' title='bbox 2372 2265 2612 2321; x_wconf 89' lang='lat' dir='ltr'><strong>thesauri</strong></span> <span class='ocrx_word' id='word_1_385' title='bbox 2656 2264 2943 2334; x_wconf 77' lang='lat' dir='ltr'><strong>sapientia:</strong></span> <span class='ocrx_word' id='word_1_386' title='bbox 2987 2272 3043 2319; x_wconf 89' lang='lat' dir='ltr'><strong>et</strong></span> <span class='ocrx_word' id='word_1_387' title='bbox 3089 2260 3336 2317; x_wconf 68' lang='lat' dir='ltr'><strong>scientia:</strong></span> <span class='ocrx_word' id='word_1_388' title='bbox 3382 2262 3478 2317; x_wconf 91' lang='lat' dir='ltr'><strong>Dci</strong></span> <span class='ocrx_word' id='word_1_389' title='bbox 3518 2259 3792 2318; x_wconf 84' lang='lat' dir='ltr'><strong>absconditi</strong></span> 
     </span>
    </p>
   </div>
   <div class='ocr_carea' id='block_1_52' title="bbox 2224 2354 2693 2434">
    <p class='ocr_par' dir='ltr' id='par_1_52' title="bbox 2224 2354 2693 2434">
     <span class='ocr_line' id='line_1_52' title="bbox 2224 2354 2693 2434; baseline -0.006 -19"><span class='ocrx_word' id='word_1_390' title='bbox 2224 2359 2464 2434; x_wconf 82' lang='lat' dir='ltr'><strong>(Coloss.</strong></span> <span class='ocrx_word' id='word_1_391' title='bbox 2497 2374 2556 2423; x_wconf 89' lang='lat' dir='ltr'><strong>ll,</strong></span> <span class='ocrx_word' id='word_1_392' title='bbox 2592 2354 2693 2429; x_wconf 81' lang='lat'><strong>5)?</strong></span> 
     </span>
    </p>
   </div>
   <div class='ocr_carea' id='block_1_53' title="bbox 2299 2449 3795 2519">
    <p class='ocr_par' dir='ltr' id='par_1_53' title="bbox 2299 2449 3795 2519">
     <span class='ocr_line' id='line_1_53' title="bbox 2299 2449 3795 2519; baseline -0.003 -12"><span class='ocrx_word' id='word_1_393' title='bbox 2299 2452 2424 2509; x_wconf 80' lang='grc'><strong>195.</strong></span> <span class='ocrx_word' id='word_1_394' title='bbox 2455 2451 2655 2519; x_wconf 84' lang='lat' dir='ltr'><strong>Quaero</strong></span> <span class='ocrx_word' id='word_1_395' title='bbox 2683 2458 2864 2506; x_wconf 89' lang='lat' dir='ltr'><strong>autem</strong></span> <span class='ocrx_word' id='word_1_396' title='bbox 2893 2458 3079 2506; x_wconf 89' lang='lat' dir='ltr'><strong>utrum</strong></span> <span class='ocrx_word' id='word_1_397' title='bbox 3104 2466 3173 2506; x_wconf 82' lang='lat' dir='ltr'><strong>ex</strong></span> <span class='ocrx_word' id='word_1_398' title='bbox 3202 2449 3531 2514; x_wconf 87' lang='lat' dir='ltr'><strong>substantia,</strong></span> <span class='ocrx_word' id='word_1_399' title='bbox 3553 2464 3620 2504; x_wconf 86' lang='lat' dir='ltr'><strong>an</strong></span> <span class='ocrx_word' id='word_1_400' title='bbox 3643 2462 3705 2504; x_wconf 79' lang='lat' dir='ltr'><strong>ex</strong></span> <span class='ocrx_word' id='word_1_401' title='bbox 3729 2461 3795 2503; x_wconf 80' lang='lat' dir='ltr'><strong>ac-</strong></span> 
     </span>
    </p>
   </div>
   <div class='ocr_carea' id='block_1_54' title="bbox 2225 2540 3796 2613">
    <p class='ocr_par' dir='ltr' id='par_1_54' title="bbox 2225 2540 3796 2613">
     <span class='ocr_line' id='line_1_54' title="bbox 2225 2540 3796 2613; baseline -0.004 -13"><span class='ocrx_word' id='word_1_402' title='bbox 2225 2543 2433 2600; x_wconf 91' lang='lat' dir='ltr'><strong>cidenti</strong></span> <span class='ocrx_word' id='word_1_403' title='bbox 2453 2543 2706 2599; x_wconf 88' lang='lat' dir='ltr'><strong>habuerit</strong></span> <span class='ocrx_word' id='word_1_404' title='bbox 2737 2542 3058 2607; x_wconf 87' lang='lat' dir='ltr'><strong>scientiam;</strong></span> <span class='ocrx_word' id='word_1_405' title='bbox 3089 2542 3270 2613; x_wconf 85' lang='lat' dir='ltr'><strong>omnis</strong></span> <span class='ocrx_word' id='word_1_406' title='bbox 3297 2541 3445 2598; x_wconf 90' lang='lat' dir='ltr'><strong>enim</strong></span> <span class='ocrx_word' id='word_1_407' title='bbox 3473 2540 3694 2598; x_wconf 82' lang='lat' dir='ltr'><strong>scientia</strong></span> <span class='ocrx_word' id='word_1_408' title='bbox 3720 2547 3796 2595; x_wconf 85' lang='lat' dir='ltr'><strong>aut</strong></span> 
     </span>
    </p>
   </div>
   <div class='ocr_carea' id='block_1_55' title="bbox 2226 2635 3791 2708">
    <p class='ocr_par' dir='ltr' id='par_1_55' title="bbox 2226 2635 3791 2708">
     <span class='ocr_line' id='line_1_55' title="bbox 2226 2635 3791 2708; baseline -0.003 -15"><span class='ocrx_word' id='word_1_409' title='bbox 2226 2653 2294 2693; x_wconf 82' lang='lat' dir='ltr'><strong>ex</strong></span> <span class='ocrx_word' id='word_1_410' title='bbox 2330 2647 2522 2692; x_wconf 89' lang='lat' dir='ltr'><strong>natura</strong></span> <span class='ocrx_word' id='word_1_411' title='bbox 2543 2677 2558 2703; x_wconf 95' lang='lat'><strong>,</strong></span> <span class='ocrx_word' id='word_1_412' title='bbox 2589 2646 2684 2691; x_wconf 92' lang='lat' dir='ltr'><strong>aut</strong></span> <span class='ocrx_word' id='word_1_413' title='bbox 2711 2651 2777 2691; x_wconf 84' lang='lat' dir='ltr'><strong>ex</strong></span> <span class='ocrx_word' id='word_1_414' title='bbox 2810 2635 3098 2708; x_wconf 87' lang='lat' dir='ltr'><strong>disciplina</strong></span> <span class='ocrx_word' id='word_1_415' title='bbox 3128 2646 3215 2692; x_wconf 90' lang='lat' dir='ltr'><strong>est</strong></span> <span class='ocrx_word' id='word_1_416' title='bbox 3256 2654 3269 2689; x_wconf 90' lang='lat'>:</span> <span class='ocrx_word' id='word_1_417' title='bbox 3300 2650 3365 2692; x_wconf 79' lang='lat' dir='ltr'><strong>ex</strong></span> <span class='ocrx_word' id='word_1_418' title='bbox 3398 2643 3588 2692; x_wconf 86' lang='lat' dir='ltr'><strong>natura</strong></span> <span class='ocrx_word' id='word_1_419' title='bbox 3616 2648 3791 2705; x_wconf 86' lang='lat' dir='ltr'><strong>suppe-</strong></span> 
     </span>
    </p>
   </div>
   <div class='ocr_carea' id='block_1_56' title="bbox 2227 2727 3800 2804">
    <p class='ocr_par' dir='ltr' id='par_1_56' title="bbox 2227 2727 3800 2804">
     <span class='ocr_line' id='line_1_56' title="bbox 2227 2727 3800 2804; baseline -0.004 -16"><span class='ocrx_word' id='word_1_420' title='bbox 2227 2733 2312 2799; x_wconf 91' lang='lat' dir='ltr'><strong>tit,</strong></span> <span class='ocrx_word' id='word_1_421' title='bbox 2340 2743 2395 2787; x_wconf 93' lang='lat' dir='ltr'><strong>ut</strong></span> <span class='ocrx_word' id='word_1_422' title='bbox 2426 2748 2569 2804; x_wconf 88' lang='lat' dir='ltr'><strong>equo</strong></span> <span class='ocrx_word' id='word_1_423' title='bbox 2596 2746 2842 2799; x_wconf 87' lang='lat' dir='ltr'><strong>currere,</strong></span> <span class='ocrx_word' id='word_1_424' title='bbox 2869 2731 3002 2801; x_wconf 85' lang='lat' dir='ltr'><strong>pisci</strong></span> <span class='ocrx_word' id='word_1_425' title='bbox 3034 2739 3257 2797; x_wconf 90' lang='lat' dir='ltr'><strong>natare;</strong></span> <span class='ocrx_word' id='word_1_426' title='bbox 3290 2731 3408 2785; x_wconf 69' lang='lat' dir='ltr'><strong>haec.</strong></span> <span class='ocrx_word' id='word_1_427' title='bbox 3439 2731 3582 2786; x_wconf 89' lang='lat' dir='ltr'><strong>enim</strong></span> <span class='ocrx_word' id='word_1_428' title='bbox 3615 2727 3800 2785; x_wconf 81' lang='lat' dir='ltr'><strong>faciunt</strong></span> 
     </span>
    </p>
   </div>
   <div class='ocr_carea' id='block_1_57' title="bbox 2228 2824 3792 2898">
    <p class='ocr_par' dir='ltr' id='par_1_57' title="bbox 2228 2824 3792 2898">
     <span class='ocr_line' id='line_1_57' title="bbox 2228 2824 3792 2898; baseline -0.005 -14"><span class='ocrx_word' id='word_1_429' title='bbox 2228 2836 2521 2898; x_wconf 89' lang='lat' dir='ltr'><strong>antequam</strong></span> <span class='ocrx_word' id='word_1_430' title='bbox 2552 2826 2764 2882; x_wconf 91' lang='lat' dir='ltr'><strong>discant</strong></span> <span class='ocrx_word' id='word_1_431' title='bbox 2792 2843 2805 2879; x_wconf 93' lang='lat'>:</span> <span class='ocrx_word' id='word_1_432' title='bbox 2831 2841 2901 2882; x_wconf 79' lang='lat' dir='ltr'><strong>ex</strong></span> <span class='ocrx_word' id='word_1_433' title='bbox 2932 2824 3219 2895; x_wconf 88' lang='lat' dir='ltr'><strong>disciplina</strong></span> <span class='ocrx_word' id='word_1_434' title='bbox 3243 2838 3435 2880; x_wconf 90' lang='lat' dir='ltr'><strong>rursus</strong></span> <span class='ocrx_word' id='word_1_435' title='bbox 3456 2824 3691 2897; x_wconf 87' lang='lat' dir='ltr'><strong>suppetit</strong></span> <span class='ocrx_word' id='word_1_436' title='bbox 3712 2836 3792 2876; x_wconf 80' lang='lat' dir='ltr'><strong>na-</strong></span> 
     </span>
    </p>
   </div>
   <div class='ocr_carea' id='block_1_58' title="bbox 2190 2914 3798 2991">
    <p class='ocr_par' dir='ltr' id='par_1_58' title="bbox 2190 2914 3798 2991">
     <span class='ocr_line' id='line_1_58' title="bbox 2190 2914 3798 2991; baseline -0.006 -15"><span class='ocrx_word' id='word_1_437' title='bbox 2190 2986 2196 2991; x_wconf 25' lang='grc' dir='ltr'><em>η</em></span> <span class='ocrx_word' id='word_1_438' title='bbox 2231 2930 2346 2977; x_wconf 90' lang='lat' dir='ltr'><strong>tare</strong></span> <span class='ocrx_word' id='word_1_439' title='bbox 2380 2918 2624 2984; x_wconf 87' lang='lat' dir='ltr'><strong>homini;</strong></span> <span class='ocrx_word' id='word_1_440' title='bbox 2666 2934 2788 2973; x_wconf 87' lang='lat' dir='ltr'><strong>nam</strong></span> <span class='ocrx_word' id='word_1_441' title='bbox 2822 2916 2927 2973; x_wconf 91' lang='lat' dir='ltr'><strong>nisi</strong></span> <span class='ocrx_word' id='word_1_442' title='bbox 2954 2916 3249 2989; x_wconf 82' lang='lat' dir='ltr'><strong>didicerit,</strong></span> <span class='ocrx_word' id='word_1_443' title='bbox 3291 2917 3436 2973; x_wconf 88' lang='lat' dir='ltr'><strong>scire</strong></span> <span class='ocrx_word' id='word_1_444' title='bbox 3465 2931 3570 2972; x_wconf 92' lang='lat' dir='ltr'><strong>non</strong></span> <span class='ocrx_word' id='word_1_445' title='bbox 3601 2914 3798 2986; x_wconf 87' lang='lat' dir='ltr'><strong>poterit.</strong></span> 
     </span>
    </p>
   </div>
   <div class='ocr_carea' id='block_1_59' title="bbox 2230 3006 3803 3086">
    <p class='ocr_par' dir='ltr' id='par_1_59' title="bbox 2230 3006 3803 3086">
     <span class='ocr_line' id='line_1_59' title="bbox 2230 3006 3803 3086; baseline -0.006 -15"><span class='ocrx_word' id='word_1_446' title='bbox 2230 3014 2367 3071; x_wconf 91' lang='lat' dir='ltr'><strong>Cum</strong></span> <span class='ocrx_word' id='word_1_447' title='bbox 2391 3029 2524 3086; x_wconf 91' lang='lat' dir='ltr'><strong>ergo</strong></span> <span class='ocrx_word' id='word_1_448' title='bbox 2549 3014 2716 3068; x_wconf 91' lang='lat' dir='ltr'><strong>mutis</strong></span> <span class='ocrx_word' id='word_1_449' title='bbox 2746 3010 3119 3068; x_wconf 86' lang='lat' dir='ltr'><strong>animantibus</strong></span> <span class='ocrx_word' id='word_1_450' title='bbox 3143 3019 3400 3081; x_wconf 88' lang='lat' dir='ltr'><strong>suppetat</strong></span> <span class='ocrx_word' id='word_1_451' title='bbox 3428 3025 3495 3067; x_wconf 76' lang='lat' dir='ltr'><strong>ex</strong></span> <span class='ocrx_word' id='word_1_452' title='bbox 3530 3018 3712 3064; x_wconf 80' lang='lat' dir='ltr'><strong>natura</strong></span> <span class='ocrx_word' id='word_1_453' title='bbox 3739 3006 3803 3062; x_wconf 82' lang='lat' dir='ltr'><strong>ia—</strong></span> 
     </span>
    </p>
   </div>
   <div class='ocr_carea' id='block_1_60' title="bbox 2230 3100 3803 3177">
    <p class='ocr_par' dir='ltr' id='par_1_60' title="bbox 2230 3100 3803 3177">
     <span class='ocr_line' id='line_1_60' title="bbox 2230 3100 3803 3177; baseline -0.004 -14"><span class='ocrx_word' id='word_1_454' title='bbox 2230 3122 2357 3164; x_wconf 90' lang='lat' dir='ltr'><strong>cere</strong></span> <span class='ocrx_word' id='word_1_455' title='bbox 2383 3117 2439 3163; x_wconf 92' lang='lat' dir='ltr'><strong>et</strong></span> <span class='ocrx_word' id='word_1_456' title='bbox 2460 3106 2605 3162; x_wconf 90' lang='lat' dir='ltr'><strong>scire</strong></span> <span class='ocrx_word' id='word_1_457' title='bbox 2626 3121 2746 3177; x_wconf 70' lang='lat' dir='ltr'><strong>qua:</strong></span> <span class='ocrx_word' id='word_1_458' title='bbox 2773 3121 2882 3161; x_wconf 92' lang='lat' dir='ltr'><strong>non</strong></span> <span class='ocrx_word' id='word_1_459' title='bbox 2916 3104 3231 3171; x_wconf 87' lang='lat' dir='ltr'><strong>didicerint,</strong></span> <span class='ocrx_word' id='word_1_460' title='bbox 3267 3104 3400 3176; x_wconf 90' lang='lat' dir='ltr'><strong>quid</strong></span> <span class='ocrx_word' id='word_1_461' title='bbox 3430 3118 3619 3160; x_wconf 84' lang='lat' dir='ltr'><strong>censes</strong></span> <span class='ocrx_word' id='word_1_462' title='bbox 3646 3103 3709 3159; x_wconf 88' lang='lat' dir='ltr'><strong>de</strong></span> <span class='ocrx_word' id='word_1_463' title='bbox 3728 3100 3803 3157; x_wconf 85' lang='lat' dir='ltr'><strong>Dei</strong></span> 
     </span>
    </p>
   </div>
   <div class='ocr_carea' id='block_1_61' title="bbox 526 3182 2125 3277">
    <p class='ocr_par' dir='ltr' id='par_1_61' title="bbox 526 3182 2123 3263">
     <span class='ocr_line' id='line_1_61' title="bbox 526 3182 2123 3263; baseline -0.006 -13"><span class='ocrx_word' id='word_1_464' title='bbox 526 3212 639 3250; x_wconf 89' lang='lat' dir='ltr'><strong>rum</strong></span> <span class='ocrx_word' id='word_1_465' title='bbox 667 3236 681 3260; x_wconf 92' lang='lat'><strong>,</strong></span> <span class='ocrx_word' id='word_1_466' title='bbox 736 3192 1152 3263; x_wconf 85' lang='lat' dir='ltr'><strong>pertransierunt</strong></span> <span class='ocrx_word' id='word_1_467' title='bbox 1192 3190 1248 3244; x_wconf 88' lang='lat' dir='ltr'><strong>in</strong></span> <span class='ocrx_word' id='word_1_468' title='bbox 1293 3182 1687 3261; x_wconf 77' lang='lat' dir='ltr'><strong>dispositionem</strong></span> <span class='ocrx_word' id='word_1_469' title='bbox 1727 3186 1898 3240; x_wconf 88' lang='lat' dir='ltr'><strong>cordis</strong></span> <span class='ocrx_word' id='word_1_470' title='bbox 1945 3183 2123 3256; x_wconf 87' lang='lat' dir='ltr'><strong>(Psal.</strong></span> 
     </span>
    </p>
   </div>
   <div class='ocr_carea' id='block_1_62' title="bbox 2228 3182 3805 3277">
    <p class='ocr_par' dir='ltr' id='par_1_62' title="bbox 2234 3196 3805 3267">
     <span class='ocr_line' id='line_1_62' title="bbox 2234 3196 3805 3267; baseline -0.006 -10"><span class='ocrx_word' id='word_1_471' title='bbox 2234 3201 2375 3257; x_wconf 86' lang='lat' dir='ltr'><strong>Filio</strong></span> <span class='ocrx_word' id='word_1_472' title='bbox 2398 3242 2413 3267; x_wconf 93' lang='lat'><strong>,</strong></span> <span class='ocrx_word' id='word_1_473' title='bbox 2454 3211 2637 3256; x_wconf 89' lang='lat' dir='ltr'><strong>utrum</strong></span> <span class='ocrx_word' id='word_1_474' title='bbox 2670 3214 2738 3255; x_wconf 78' lang='lat' dir='ltr'><strong>ex</strong></span> <span class='ocrx_word' id='word_1_475' title='bbox 2774 3199 3120 3255; x_wconf 88' lang='lat' dir='ltr'><strong>institutione</strong></span> <span class='ocrx_word' id='word_1_476' title='bbox 3143 3240 3160 3267; x_wconf 90' lang='lat'><strong>,</strong></span> <span class='ocrx_word' id='word_1_477' title='bbox 3193 3212 3262 3253; x_wconf 89' lang='lat' dir='ltr'><strong>an</strong></span> <span class='ocrx_word' id='word_1_478' title='bbox 3301 3212 3368 3253; x_wconf 73' lang='lat' dir='ltr'><strong>ex</strong></span> <span class='ocrx_word' id='word_1_479' title='bbox 3412 3206 3601 3253; x_wconf 88' lang='lat' dir='ltr'><strong>natura</strong></span> <span class='ocrx_word' id='word_1_480' title='bbox 3634 3196 3805 3252; x_wconf 77' lang='lat' dir='ltr'><strong>habeat</strong></span> 
     </span>
    </p>
   </div>
   <div class='ocr_carea' id='block_1_63' title="bbox 527 3275 2126 3356">
    <p class='ocr_par' dir='ltr' id='par_1_63' title="bbox 527 3275 2126 3356">
     <span class='ocr_line' id='line_1_63' title="bbox 527 3275 2126 3356; baseline -0.007 -14"><span class='ocrx_word' id='word_1_481' title='bbox 527 3302 703 3351; x_wconf 77' lang='lat' dir='ltr'><strong>uxu,</strong></span> <span class='ocrx_word' id='word_1_482' title='bbox 735 3287 770 3342; x_wconf 85' lang='lat'><strong>5</strong></span> <span class='ocrx_word' id='word_1_483' title='bbox 799 3295 846 3340; x_wconf 87' lang='lat' dir='ltr'><strong>et</strong></span> <span class='ocrx_word' id='word_1_484' title='bbox 873 3283 1031 3356; x_wconf 86' lang='lat' dir='ltr'><strong>seq.).</strong></span> <span class='ocrx_word' id='word_1_485' title='bbox 1070 3282 1272 3352; x_wconf 89' lang='lat' dir='ltr'><strong>Utique</strong></span> <span class='ocrx_word' id='word_1_486' title='bbox 1303 3294 1399 3336; x_wconf 89' lang='lat' dir='ltr'><strong>eos</strong></span> <span class='ocrx_word' id='word_1_487' title='bbox 1426 3278 1766 3339; x_wconf 82' lang='lat' dir='ltr'><strong>condemnat</strong></span> <span class='ocrx_word' id='word_1_488' title='bbox 1793 3277 1889 3349; x_wconf 90' lang='lat' dir='ltr'><strong>qui</strong></span> <span class='ocrx_word' id='word_1_489' title='bbox 1923 3292 1989 3332; x_wconf 83' lang='lat' dir='ltr'><strong>ex</strong></span> <span class='ocrx_word' id='word_1_490' title='bbox 2013 3275 2126 3332; x_wconf 91' lang='lat' dir='ltr'><strong>dis-</strong></span> 
     </span>
    </p>
   </div>
   <div class='ocr_carea' id='block_1_64' title="bbox 525 3371 2126 3449">
    <p class='ocr_par' dir='ltr' id='par_1_64' title="bbox 525 3371 2126 3449">
     <span class='ocr_line' id='line_1_64' title="bbox 525 3371 2126 3449; baseline -0.009 -13"><span class='ocrx_word' id='word_1_491' title='bbox 525 3379 799 3449; x_wconf 82' lang='lat' dir='ltr'><strong>positione</strong></span> <span class='ocrx_word' id='word_1_492' title='bbox 843 3376 1026 3433; x_wconf 91' lang='lat' dir='ltr'><strong>cordis</strong></span> <span class='ocrx_word' id='word_1_493' title='bbox 1080 3373 1405 3431; x_wconf 72' lang='lat' dir='ltr'><strong>:cstimanda</strong></span> <span class='ocrx_word' id='word_1_494' title='bbox 1449 3387 1574 3442; x_wconf 69' lang='lat' dir='ltr'><strong>quae</strong></span> <span class='ocrx_word' id='word_1_495' title='bbox 1628 3371 1810 3426; x_wconf 88' lang='lat' dir='ltr'><strong>divina</strong></span> <span class='ocrx_word' id='word_1_496' title='bbox 1840 3376 2001 3434; x_wconf 89' lang='lat' dir='ltr'><strong>sunt,</strong></span> <span class='ocrx_word' id='word_1_497' title='bbox 2034 3382 2126 3423; x_wconf 67' lang='lat' dir='ltr'><strong>aro</strong></span> 
     </span>
    </p>
   </div>
   <div class='ocr_carea' id='block_1_65' title="bbox 531 3463 2129 3538">
    <p class='ocr_par' dir='ltr' id='par_1_65' title="bbox 531 3463 2129 3538">
     <span class='ocr_line' id='line_1_65' title="bbox 531 3463 2129 3538; baseline -0.009 -6"><span class='ocrx_word' id='word_1_498' title='bbox 531 3476 798 3532; x_wconf 88' lang='lat' dir='ltr'><strong>bitrantur</strong></span> <span class='ocrx_word' id='word_1_499' title='bbox 838 3491 853 3529; x_wconf 91' lang='lat'><strong>:</strong></span> <span class='ocrx_word' id='word_1_500' title='bbox 887 3488 1008 3528; x_wconf 90' lang='lat' dir='ltr'><strong>nam</strong></span> <span class='ocrx_word' id='word_1_501' title='bbox 1048 3472 1191 3526; x_wconf 88' lang='lat' dir='ltr'><strong>Deus</strong></span> <span class='ocrx_word' id='word_1_502' title='bbox 1231 3483 1332 3525; x_wconf 90' lang='lat' dir='ltr'><strong>nec</strong></span> <span class='ocrx_word' id='word_1_503' title='bbox 1358 3466 1707 3538; x_wconf 88' lang='lat' dir='ltr'><strong>dispositioni</strong></span> <span class='ocrx_word' id='word_1_504' title='bbox 1738 3474 1824 3521; x_wconf 91' lang='lat' dir='ltr'><strong>est</strong></span> <span class='ocrx_word' id='word_1_505' title='bbox 1857 3473 1881 3502; x_wconf 71' lang='grc' dir='ltr'>α</span> <span class='ocrx_word' id='word_1_506' title='bbox 1911 3463 2129 3531; x_wconf 83' lang='lat' dir='ltr'><strong>subjec-</strong></span> 
     </span>
    </p>
   </div>
   <div class='ocr_carea' id='block_1_66' title="bbox 532 3558 2130 3635">
    <p class='ocr_par' dir='ltr' id='par_1_66' title="bbox 532 3558 2130 3635">
     <span class='ocr_line' id='line_1_66' title="bbox 532 3558 2130 3635; baseline -0.009 -13"><span class='ocrx_word' id='word_1_507' title='bbox 532 3579 653 3635; x_wconf 89' lang='lat' dir='ltr'><strong>tus,</strong></span> <span class='ocrx_word' id='word_1_508' title='bbox 683 3580 782 3621; x_wconf 90' lang='lat' dir='ltr'><strong>nec</strong></span> <span class='ocrx_word' id='word_1_509' title='bbox 807 3563 1017 3629; x_wconf 90' lang='lat' dir='ltr'><strong>ordini;</strong></span> <span class='ocrx_word' id='word_1_510' title='bbox 1060 3560 1277 3631; x_wconf 90' lang='lat' dir='ltr'><strong>quando</strong></span> <span class='ocrx_word' id='word_1_511' title='bbox 1300 3560 1464 3616; x_wconf 88' lang='lat' dir='ltr'><strong>etiam</strong></span> <span class='ocrx_word' id='word_1_512' title='bbox 1495 3558 1609 3630; x_wconf 90' lang='lat' dir='ltr'><strong>ipsa</strong></span> <span class='ocrx_word' id='word_1_513' title='bbox 1639 3572 1760 3629; x_wconf 73' lang='lat' dir='ltr'><strong>qua:</strong></span> <span class='ocrx_word' id='word_1_514' title='bbox 1788 3564 1918 3611; x_wconf 89' lang='lat' dir='ltr'><strong>sunt</strong></span> <span class='ocrx_word' id='word_1_515' title='bbox 1948 3558 1999 3611; x_wconf 89' lang='lat' dir='ltr'><strong>in</strong></span> <span class='ocrx_word' id='word_1_516' title='bbox 2026 3569 2130 3609; x_wconf 92' lang='lat' dir='ltr'><strong>usu</strong></span> 
     </span>
    </p>
   </div>
   <div class='ocr_carea' id='block_1_67' title="bbox 539 3650 2128 3723">
    <p class='ocr_par' dir='ltr' id='par_1_67' title="bbox 539 3650 2128 3723">
     <span class='ocr_line' id='line_1_67' title="bbox 539 3650 2128 3723; baseline -0.007 -9"><span class='ocrx_word' id='word_1_517' title='bbox 539 3659 851 3723; x_wconf 89' lang='lat' dir='ltr'><strong>hominum,</strong></span> <span class='ocrx_word' id='word_1_518' title='bbox 896 3665 954 3712; x_wconf 90' lang='lat' dir='ltr'><strong>et</strong></span> <span class='ocrx_word' id='word_1_519' title='bbox 991 3654 1020 3693; x_wconf 70' lang='grc' dir='ltr'>δ</span> <span class='ocrx_word' id='word_1_520' title='bbox 1060 3653 1407 3710; x_wconf 89' lang='lat' dir='ltr'><strong>successione</strong></span> <span class='ocrx_word' id='word_1_521' title='bbox 1451 3651 1667 3723; x_wconf 81' lang='lat' dir='ltr'><strong>generis</strong></span> <span class='ocrx_word' id='word_1_522' title='bbox 1714 3650 1974 3715; x_wconf 90' lang='lat' dir='ltr'><strong>humani,</strong></span> <span class='ocrx_word' id='word_1_523' title='bbox 2018 3663 2128 3704; x_wconf 91' lang='lat' dir='ltr'><strong>non</strong></span> 
     </span>
    </p>
   </div>
   <div class='ocr_carea' id='block_1_68' title="bbox 535 3742 2131 3823">
    <p class='ocr_par' dir='ltr' id='par_1_68' title="bbox 535 3742 2131 3823">
     <span class='ocr_line' id='line_1_68' title="bbox 535 3742 2131 3823; baseline -0.006 -14"><span class='ocrx_word' id='word_1_524' title='bbox 535 3766 752 3823; x_wconf 90' lang='lat' dir='ltr'><strong>semper</strong></span> <span class='ocrx_word' id='word_1_525' title='bbox 796 3750 971 3819; x_wconf 91' lang='lat' dir='ltr'><strong>aliqua</strong></span> <span class='ocrx_word' id='word_1_526' title='bbox 1012 3747 1277 3804; x_wconf 89' lang='lat' dir='ltr'><strong>solemnis</strong></span> <span class='ocrx_word' id='word_1_527' title='bbox 1314 3746 1671 3818; x_wconf 90' lang='lat' dir='ltr'><strong>dispositione</strong></span> <span class='ocrx_word' id='word_1_528' title='bbox 1711 3743 1945 3799; x_wconf 87' lang='lat' dir='ltr'><strong>rationis</strong></span> <span class='ocrx_word' id='word_1_529' title='bbox 1969 3784 1985 3810; x_wconf 92' lang='lat'><strong>,</strong></span> <span class='ocrx_word' id='word_1_530' title='bbox 2033 3742 2131 3799; x_wconf 89' lang='lat' dir='ltr'><strong>sed</strong></span> 
     </span>
    </p>
   </div>
   <div class='ocr_carea' id='block_1_69' title="bbox 536 3840 2126 3920">
    <p class='ocr_par' dir='ltr' id='par_1_69' title="bbox 536 3840 2126 3920">
     <span class='ocr_line' id='line_1_69' title="bbox 536 3840 2126 3920; baseline -0.006 -16"><span class='ocrx_word' id='word_1_531' title='bbox 536 3849 855 3920; x_wconf 88' lang='lat' dir='ltr'><strong>plerumque</strong></span> <span class='ocrx_word' id='word_1_532' title='bbox 882 3844 1112 3901; x_wconf 87' lang='lat' dir='ltr'><strong>secretis</strong></span> <span class='ocrx_word' id='word_1_533' title='bbox 1141 3841 1793 3913; x_wconf 82' lang='lat' dir='ltr'><strong>latentibusquedecursa</strong></span> <span class='ocrx_word' id='word_1_534' title='bbox 1820 3840 2126 3917; x_wconf 84' lang='lat' dir='ltr'><strong>mysteriis,</strong></span> 
     </span>
    </p>
   </div>
   <div class='ocr_carea' id='block_1_70' title="bbox 537 3940 2031 4011">
    <p class='ocr_par' dir='ltr' id='par_1_70' title="bbox 537 3940 2031 4011">
     <span class='ocr_line' id='line_1_70' title="bbox 537 3940 2031 4011; baseline -0.013 -14"><span class='ocrx_word' id='word_1_535' title='bbox 537 3940 760 3997; x_wconf 85' lang='lat' dir='ltr'><strong>evenire</strong></span> <span class='ocrx_word' id='word_1_536' title='bbox 787 3952 1098 3995; x_wconf 89' lang='lat' dir='ltr'><strong>cernamus.</strong></span> <span class='ocrx_word' id='word_1_537' title='bbox 2028 4010 2031 4011; x_wconf 9' lang='grc' dir='ltr'><em>γ</em></span> 
     </span>
    </p>
   </div>
   <div class='ocr_carea' id='block_1_71' title="bbox 612 4029 2129 4106">
    <p class='ocr_par' dir='ltr' id='par_1_71' title="bbox 612 4029 2129 4106">
     <span class='ocr_line' id='line_1_71' title="bbox 612 4029 2129 4106; baseline -0.005 -17"><span class='ocrx_word' id='word_1_538' title='bbox 612 4036 739 4091; x_wconf 82' lang='grc'><strong>191.</strong></span> <span class='ocrx_word' id='word_1_539' title='bbox 770 4031 1151 4106; x_wconf 84' lang='lat' dir='ltr'><strong>Cogitaverunt,</strong></span> <span class='ocrx_word' id='word_1_540' title='bbox 1182 4030 1383 4101; x_wconf 88' lang='lat' dir='ltr'><strong>inquit,</strong></span> <span class='ocrx_word' id='word_1_541' title='bbox 1412 4038 1461 4084; x_wconf 89' lang='lat' dir='ltr'><strong>et</strong></span> <span class='ocrx_word' id='word_1_542' title='bbox 1491 4029 1648 4084; x_wconf 87' lang='lat' dir='ltr'><strong>locuti</strong></span> <span class='ocrx_word' id='word_1_543' title='bbox 1674 4038 1796 4085; x_wconf 88' lang='lat' dir='ltr'><strong>sunt</strong></span> <span class='ocrx_word' id='word_1_544' title='bbox 1830 4029 2129 4102; x_wconf 84' lang='lat' dir='ltr'><strong>nequitiam,</strong></span> 
     </span>
    </p>
   </div>
   <div class='ocr_carea' id='block_1_72' title="bbox 538 4122 2133 4201">
    <p class='ocr_par' dir='ltr' id='par_1_72' title="bbox 538 4122 2133 4201">
     <span class='ocr_line' id='line_1_72' title="bbox 538 4122 2133 4201; baseline -0.006 -16"><span class='ocrx_word' id='word_1_545' title='bbox 538 4130 857 4201; x_wconf 83' lang='lat' dir='ltr'><strong>iniquitatem</strong></span> <span class='ocrx_word' id='word_1_546' title='bbox 883 4128 936 4181; x_wconf 90' lang='lat' dir='ltr'><strong>in</strong></span> <span class='ocrx_word' id='word_1_547' title='bbox 965 4124 1239 4180; x_wconf 68' lang='lat' dir='ltr'><strong>Excelsum</strong></span> <span class='ocrx_word' id='word_1_548' title='bbox 1273 4122 1431 4177; x_wconf 87' lang='lat' dir='ltr'><strong>locuti</strong></span> <span class='ocrx_word' id='word_1_549' title='bbox 1459 4132 1608 4191; x_wconf 89' lang='lat' dir='ltr'><strong>sunt,</strong></span> <span class='ocrx_word' id='word_1_550' title='bbox 1638 4132 1921 4196; x_wconf 86' lang='lat' dir='ltr'><strong>posuerunt</strong></span> <span class='ocrx_word' id='word_1_551' title='bbox 1951 4123 2004 4177; x_wconf 91' lang='lat' dir='ltr'><strong>in</strong></span> <span class='ocrx_word' id='word_1_552' title='bbox 2033 4138 2133 4177; x_wconf 72' lang='lat' dir='ltr'><strong>ca:-</strong></span> 
     </span>
    </p>
   </div>
   <div class='ocr_carea' id='block_1_73' title="bbox 541 4214 2135 4289">
    <p class='ocr_par' dir='ltr' id='par_1_73' title="bbox 541 4214 2135 4289">
     <span class='ocr_line' id='line_1_73' title="bbox 541 4214 2135 4289; baseline -0.005 -12"><span class='ocrx_word' id='word_1_553' title='bbox 541 4225 647 4277; x_wconf 90' lang='lat' dir='ltr'><strong>lum</strong></span> <span class='ocrx_word' id='word_1_554' title='bbox 677 4239 733 4277; x_wconf 90' lang='lat' dir='ltr'><strong>os</strong></span> <span class='ocrx_word' id='word_1_555' title='bbox 768 4236 918 4275; x_wconf 88' lang='lat' dir='ltr'><strong>suum</strong></span> <span class='ocrx_word' id='word_1_556' title='bbox 947 4216 1151 4289; x_wconf 88' lang='lat' dir='ltr'><strong>(Ibid.,</strong></span> <span class='ocrx_word' id='word_1_557' title='bbox 1180 4216 1265 4287; x_wconf 86' lang='lat'><strong>8).</strong></span> <span class='ocrx_word' id='word_1_558' title='bbox 1300 4214 1562 4272; x_wconf 84' lang='lat' dir='ltr'><strong>Videmus</strong></span> <span class='ocrx_word' id='word_1_559' title='bbox 1597 4216 1780 4287; x_wconf 88' lang='lat' dir='ltr'><strong>itaque</strong></span> <span class='ocrx_word' id='word_1_560' title='bbox 1806 4215 1949 4287; x_wconf 91' lang='lat' dir='ltr'><strong>quod</strong></span> <span class='ocrx_word' id='word_1_561' title='bbox 1984 4214 2135 4286; x_wconf 78' lang='lat' dir='ltr'><strong>impii</strong></span> 
     </span>
    </p>
   </div>
   <div class='ocr_carea' id='block_1_74' title="bbox 539 4309 2137 4384">
    <p class='ocr_par' dir='ltr' id='par_1_74' title="bbox 539 4309 2137 4384">
     <span class='ocr_line' id='line_1_74' title="bbox 539 4309 2137 4384; baseline -0.004 -14"><span class='ocrx_word' id='word_1_562' title='bbox 539 4313 811 4384; x_wconf 78' lang='lat' dir='ltr'><strong>sacrilegii</strong></span> <span class='ocrx_word' id='word_1_563' title='bbox 850 4325 979 4366; x_wconf 83' lang='lat' dir='ltr'><strong>reos</strong></span> <span class='ocrx_word' id='word_1_564' title='bbox 1021 4309 1283 4375; x_wconf 88' lang='lat' dir='ltr'><strong>damnet,</strong></span> <span class='ocrx_word' id='word_1_565' title='bbox 1328 4309 1419 4380; x_wconf 91' lang='lat' dir='ltr'><strong>qui</strong></span> <span class='ocrx_word' id='word_1_566' title='bbox 1459 4325 1527 4365; x_wconf 82' lang='lat' dir='ltr'><strong>ex</strong></span> <span class='ocrx_word' id='word_1_567' title='bbox 1570 4309 1927 4365; x_wconf 82' lang='lat' dir='ltr'><strong>similitudine</strong></span> <span class='ocrx_word' id='word_1_568' title='bbox 1972 4309 2137 4382; x_wconf 75' lang='lat'><strong>586</strong></span> 
     </span>
    </p>
   </div>
   <div class='ocr_carea' id='block_1_75' title="bbox 543 4401 2137 4473">
    <p class='ocr_par' dir='ltr' id='par_1_75' title="bbox 543 4401 2137 4473">
     <span class='ocr_line' id='line_1_75' title="bbox 543 4401 2137 4473; baseline -0.002 -10"><span class='ocrx_word' id='word_1_569' title='bbox 543 4408 793 4463; x_wconf 81' lang='lat' dir='ltr'><strong>humana:</strong></span> <span class='ocrx_word' id='word_1_570' title='bbox 823 4413 1052 4471; x_wconf 73' lang='lat' dir='ltr'><strong>naturte,</strong></span> <span class='ocrx_word' id='word_1_571' title='bbox 1082 4401 1495 4473; x_wconf 72' lang='grc' dir='ltr'><strong>(ιίςιιοείιὶοιιθηι</strong></span> <span class='ocrx_word' id='word_1_572' title='bbox 1524 4402 1627 4459; x_wconf 86' lang='lat' dir='ltr'><strong>sibi</strong></span> <span class='ocrx_word' id='word_1_573' title='bbox 1656 4413 1912 4473; x_wconf 86' lang='lat' dir='ltr'><strong>arrogent</strong></span> <span class='ocrx_word' id='word_1_574' title='bbox 1941 4406 2137 4460; x_wconf 66' lang='lat' dir='ltr'><strong>caeles-</strong></span> 
     </span>
    </p>
   </div>
   <div class='ocr_carea' id='block_1_76' title="bbox 543 4498 841 4557">
    <p class='ocr_par' dir='ltr' id='par_1_76' title="bbox 543 4498 841 4557">
     <span class='ocr_line' id='line_1_76' title="bbox 543 4498 841 4557; baseline -0.013 -1"><span class='ocrx_word' id='word_1_575' title='bbox 543 4501 615 4557; x_wconf 90' lang='lat' dir='ltr'><strong>tis</strong></span> <span class='ocrx_word' id='word_1_576' title='bbox 640 4498 841 4555; x_wconf 89' lang='lat' dir='ltr'><strong>arcani.</strong></span> 
     </span>
    </p>
   </div>
   <div class='ocr_carea' id='block_1_77' title="bbox 2230 3292 3806 3365">
    <p class='ocr_par' dir='ltr' id='par_1_77' title="bbox 2230 3292 3806 3365">
     <span class='ocr_line' id='line_1_77' title="bbox 2230 3292 3806 3365; baseline -0.004 -15"><span class='ocrx_word' id='word_1_577' title='bbox 2230 3294 2558 3351; x_wconf 88' lang='lat' dir='ltr'><strong>scientiam?</strong></span> <span class='ocrx_word' id='word_1_578' title='bbox 2597 3293 2654 3349; x_wconf 87' lang='lat' dir='ltr'><strong>Si</strong></span> <span class='ocrx_word' id='word_1_579' title='bbox 2687 3309 2753 3350; x_wconf 80' lang='lat' dir='ltr'><strong>ex</strong></span> <span class='ocrx_word' id='word_1_580' title='bbox 2799 3292 3150 3349; x_wconf 90' lang='lat' dir='ltr'><strong>institutione</strong></span> <span class='ocrx_word' id='word_1_581' title='bbox 3187 3307 3204 3346; x_wconf 91' lang='lat'><strong>:</strong></span> <span class='ocrx_word' id='word_1_582' title='bbox 3242 3306 3381 3365; x_wconf 86' lang='lat' dir='ltr'><strong>ergo</strong></span> <span class='ocrx_word' id='word_1_583' title='bbox 3410 3307 3520 3348; x_wconf 91' lang='lat' dir='ltr'><strong>non</strong></span> <span class='ocrx_word' id='word_1_584' title='bbox 3563 3301 3647 3348; x_wconf 88' lang='lat' dir='ltr'><strong>est</strong></span> <span class='ocrx_word' id='word_1_585' title='bbox 3675 3300 3806 3346; x_wconf 79' lang='lat' dir='ltr'><strong>natus</strong></span> 
     </span>
    </p>
   </div>
   <div class='ocr_carea' id='block_1_78' title="bbox 2229 3383 3806 3458">
    <p class='ocr_par' dir='ltr' id='par_1_78' title="bbox 2229 3383 3806 3458">
     <span class='ocr_line' id='line_1_78' title="bbox 2229 3383 3806 3458; baseline -0.005 -14"><span class='ocrx_word' id='word_1_586' title='bbox 2229 3388 2532 3458; x_wconf 89' lang='lat' dir='ltr'><strong>sapientia,</strong></span> <span class='ocrx_word' id='word_1_587' title='bbox 2563 3396 2621 3443; x_wconf 92' lang='lat' dir='ltr'><strong>et</strong></span> <span class='ocrx_word' id='word_1_588' title='bbox 2649 3402 2718 3442; x_wconf 83' lang='lat' dir='ltr'><strong>ex</strong></span> <span class='ocrx_word' id='word_1_589' title='bbox 2754 3400 3018 3458; x_wconf 86' lang='lat' dir='ltr'><strong>processu</strong></span> <span class='ocrx_word' id='word_1_590' title='bbox 3048 3385 3216 3456; x_wconf 70' lang='lat' dir='ltr'><strong>cmpit</strong></span> <span class='ocrx_word' id='word_1_591' title='bbox 3245 3398 3369 3440; x_wconf 89' lang='lat' dir='ltr'><strong>esse</strong></span> <span class='ocrx_word' id='word_1_592' title='bbox 3400 3383 3698 3456; x_wconf 83' lang='lat' dir='ltr'><strong>perlectus,</strong></span> <span class='ocrx_word' id='word_1_593' title='bbox 3725 3396 3806 3437; x_wconf 86' lang='lat' dir='ltr'><strong>nec</strong></span> 
     </span>
    </p>
   </div>
   <div class='ocr_carea' id='block_1_79' title="bbox 2230 3480 3802 3552">
    <p class='ocr_par' dir='ltr' id='par_1_79' title="bbox 2230 3480 3802 3552">
     <span class='ocr_line' id='line_1_79' title="bbox 2230 3480 3802 3552; baseline -0.001 -15"><span class='ocrx_word' id='word_1_594' title='bbox 2230 3489 2351 3538; x_wconf 88' lang='lat' dir='ltr'><strong>erat</strong></span> <span class='ocrx_word' id='word_1_595' title='bbox 2386 3496 2630 3552; x_wconf 88' lang='lat' dir='ltr'><strong>semper.</strong></span> <span class='ocrx_word' id='word_1_596' title='bbox 2675 3481 2832 3550; x_wconf 86' lang='lat' dir='ltr'><strong>Quod</strong></span> <span class='ocrx_word' id='word_1_597' title='bbox 2868 3482 2912 3536; x_wconf 91' lang='lat' dir='ltr'><strong>si</strong></span> <span class='ocrx_word' id='word_1_598' title='bbox 2961 3482 3267 3538; x_wconf 85' lang='lat' dir='ltr'><strong>naturalem</strong></span> <span class='ocrx_word' id='word_1_599' title='bbox 3309 3481 3593 3538; x_wconf 83' lang='lat' dir='ltr'><strong>scientiam</strong></span> <span class='ocrx_word' id='word_1_600' title='bbox 3635 3480 3802 3542; x_wconf 86' lang='lat' dir='ltr'><strong>habet,</strong></span> 
     </span>
    </p>
   </div>
   <div class='ocr_carea' id='block_1_80' title="bbox 2231 3571 3807 3647">
    <p class='ocr_par' dir='ltr' id='par_1_80' title="bbox 2231 3571 3807 3647">
     <span class='ocr_line' id='line_1_80' title="bbox 2231 3571 3807 3647; baseline -0.003 -17"><span class='ocrx_word' id='word_1_601' title='bbox 2231 3576 2425 3647; x_wconf 90' lang='lat' dir='ltr'><strong>utique</strong></span> <span class='ocrx_word' id='word_1_602' title='bbox 2455 3575 2734 3646; x_wconf 80' lang='lat' dir='ltr'><strong>perfectus</strong></span> <span class='ocrx_word' id='word_1_603' title='bbox 2762 3575 2816 3630; x_wconf 94' lang='lat' dir='ltr'><strong>in</strong></span> <span class='ocrx_word' id='word_1_604' title='bbox 2846 3574 3119 3646; x_wconf 91' lang='lat' dir='ltr'><strong>principio</strong></span> <span class='ocrx_word' id='word_1_605' title='bbox 3145 3584 3299 3639; x_wconf 87' lang='lat' dir='ltr'><strong>erat,</strong></span> <span class='ocrx_word' id='word_1_606' title='bbox 3334 3578 3606 3646; x_wconf 81' lang='lat' dir='ltr'><strong>perfectus</strong></span> <span class='ocrx_word' id='word_1_607' title='bbox 3636 3589 3699 3629; x_wconf 79' lang='lat' dir='ltr'><strong>ex</strong></span> <span class='ocrx_word' id='word_1_608' title='bbox 3726 3571 3807 3626; x_wconf 77' lang='lat' dir='ltr'><strong>Pa-</strong></span> 
     </span>
    </p>
   </div>
   <div class='ocr_carea' id='block_1_81' title="bbox 2234 3665 3807 3739">
    <p class='ocr_par' dir='ltr' id='par_1_81' title="bbox 2234 3665 3807 3739">
     <span class='ocr_line' id='line_1_81' title="bbox 2234 3665 3807 3739; baseline -0.004 -15"><span class='ocrx_word' id='word_1_609' title='bbox 2234 3677 2317 3724; x_wconf 89' lang='lat' dir='ltr'><strong>tre</strong></span> <span class='ocrx_word' id='word_1_610' title='bbox 2348 3668 2647 3739; x_wconf 82' lang='lat' dir='ltr'><strong>processit;</strong></span> <span class='ocrx_word' id='word_1_611' title='bbox 2682 3676 2738 3724; x_wconf 90' lang='lat' dir='ltr'><strong>et</strong></span> <span class='ocrx_word' id='word_1_612' title='bbox 2768 3667 2893 3723; x_wconf 90' lang='lat' dir='ltr'><strong>ideo</strong></span> <span class='ocrx_word' id='word_1_613' title='bbox 2920 3668 3273 3738; x_wconf 75' lang='lat' dir='ltr'><strong>przescientia</strong></span> <span class='ocrx_word' id='word_1_614' title='bbox 3301 3681 3411 3723; x_wconf 89' lang='lat' dir='ltr'><strong>non</strong></span> <span class='ocrx_word' id='word_1_615' title='bbox 3451 3668 3597 3739; x_wconf 86' lang='lat' dir='ltr'><strong>eguit</strong></span> <span class='ocrx_word' id='word_1_616' title='bbox 3626 3665 3807 3721; x_wconf 76' lang='lat' dir='ltr'><strong>futuro-</strong></span> 
     </span>
    </p>
   </div>
   <div class='ocr_carea' id='block_1_82' title="bbox 2237 3777 2382 3817">
    <p class='ocr_par' dir='ltr' id='par_1_82' title="bbox 2237 3777 2382 3817">
     <span class='ocr_line' id='line_1_82' title="bbox 2237 3777 2382 3817; baseline -0.021 0"><span class='ocrx_word' id='word_1_617' title='bbox 2237 3777 2382 3817; x_wconf 85' lang='lat' dir='ltr'><strong>rum.</strong></span> 
     </span>
    </p>
   </div>
   <div class='ocr_carea' id='block_1_83' title="bbox 2307 3851 3807 3926">
    <p class='ocr_par' dir='ltr' id='par_1_83' title="bbox 2307 3851 3807 3926">
     <span class='ocr_line' id='line_1_83' title="bbox 2307 3851 3807 3926; baseline -0.002 -18"><span class='ocrx_word' id='word_1_618' title='bbox 2307 3853 2433 3910; x_wconf 83' lang='grc'><strong>196.</strong></span> <span class='ocrx_word' id='word_1_619' title='bbox 2462 3852 2581 3909; x_wconf 89' lang='lat' dir='ltr'><strong>Non</strong></span> <span class='ocrx_word' id='word_1_620' title='bbox 2615 3869 2745 3926; x_wconf 81' lang='lat' dir='ltr'><strong>ergo</strong></span> <span class='ocrx_word' id='word_1_621' title='bbox 2766 3853 2999 3910; x_wconf 89' lang='lat' dir='ltr'><strong>nescivit</strong></span> <span class='ocrx_word' id='word_1_622' title='bbox 3020 3852 3198 3921; x_wconf 88' lang='lat' dir='ltr'><strong>diem;</strong></span> <span class='ocrx_word' id='word_1_623' title='bbox 3234 3869 3415 3926; x_wconf 89' lang='lat' dir='ltr'><strong>neque</strong></span> <span class='ocrx_word' id='word_1_624' title='bbox 3444 3853 3586 3910; x_wconf 90' lang='lat' dir='ltr'><strong>enim</strong></span> <span class='ocrx_word' id='word_1_625' title='bbox 3617 3851 3807 3923; x_wconf 84' lang='lat' dir='ltr'><strong>sapien-</strong></span> 
     </span>
    </p>
   </div>
   <div class='ocr_carea' id='block_1_84' title="bbox 2238 3942 3807 4019">
    <p class='ocr_par' dir='ltr' id='par_1_84' title="bbox 2238 3942 3807 4019">
     <span class='ocr_line' id='line_1_84' title="bbox 2238 3942 3807 4019; baseline -0.002 -20"><span class='ocrx_word' id='word_1_626' title='bbox 2238 3946 2327 4001; x_wconf 67' lang='lat' dir='ltr'><strong>tiae</strong></span> <span class='ocrx_word' id='word_1_627' title='bbox 2354 3945 2450 4001; x_wconf 90' lang='lat' dir='ltr'><strong>Dei</strong></span> <span class='ocrx_word' id='word_1_628' title='bbox 2477 3955 2561 4002; x_wconf 86' lang='lat' dir='ltr'><strong>est</strong></span> <span class='ocrx_word' id='word_1_629' title='bbox 2582 3961 2648 4002; x_wconf 78' lang='lat' dir='ltr'><strong>ex</strong></span> <span class='ocrx_word' id='word_1_630' title='bbox 2674 3955 2831 4017; x_wconf 89' lang='lat' dir='ltr'><strong>parte</strong></span> <span class='ocrx_word' id='word_1_631' title='bbox 2861 3947 3028 4014; x_wconf 85' lang='lat' dir='ltr'><strong>scire,</strong></span> <span class='ocrx_word' id='word_1_632' title='bbox 3064 3954 3121 4002; x_wconf 91' lang='lat' dir='ltr'><strong>et</strong></span> <span class='ocrx_word' id='word_1_633' title='bbox 3153 3961 3222 4002; x_wconf 81' lang='lat' dir='ltr'><strong>ex</strong></span> <span class='ocrx_word' id='word_1_634' title='bbox 3252 3956 3412 4019; x_wconf 88' lang='lat' dir='ltr'><strong>parte</strong></span> <span class='ocrx_word' id='word_1_635' title='bbox 3437 3946 3668 4003; x_wconf 89' lang='lat' dir='ltr'><strong>nescire.</strong></span> <span class='ocrx_word' id='word_1_636' title='bbox 3697 3942 3807 3999; x_wconf 80' lang='lat' dir='ltr'><strong>Nam</strong></span> 
     </span>
    </p>
   </div>
   <div class='ocr_carea' id='block_1_85' title="bbox 2235 4035 3807 4112">
    <p class='ocr_par' dir='ltr' id='par_1_85' title="bbox 2235 4035 3807 4112">
     <span class='ocr_line' id='line_1_85' title="bbox 2235 4035 3807 4112; baseline -0.002 -17"><span class='ocrx_word' id='word_1_637' title='bbox 2235 4042 2510 4110; x_wconf 89' lang='lat' dir='ltr'><strong>quomodo</strong></span> <span class='ocrx_word' id='word_1_638' title='bbox 2551 4049 2730 4111; x_wconf 88' lang='lat' dir='ltr'><strong>potest</strong></span> <span class='ocrx_word' id='word_1_639' title='bbox 2765 4040 2986 4097; x_wconf 89' lang='lat' dir='ltr'><strong>nescire</strong></span> <span class='ocrx_word' id='word_1_640' title='bbox 3022 4049 3231 4111; x_wconf 87' lang='lat' dir='ltr'><strong>partem</strong></span> <span class='ocrx_word' id='word_1_641' title='bbox 3259 4082 3275 4108; x_wconf 90' lang='lat'><strong>,</strong></span> <span class='ocrx_word' id='word_1_642' title='bbox 3322 4041 3416 4112; x_wconf 91' lang='lat' dir='ltr'><strong>qui</strong></span> <span class='ocrx_word' id='word_1_643' title='bbox 3450 4039 3579 4096; x_wconf 78' lang='lat' dir='ltr'><strong>fecit</strong></span> <span class='ocrx_word' id='word_1_644' title='bbox 3612 4035 3807 4100; x_wconf 84' lang='lat' dir='ltr'><strong>omnia;</strong></span> 
     </span>
    </p>
   </div>
   <div class='ocr_carea' id='block_1_86' title="bbox 2235 4129 3808 4209">
    <p class='ocr_par' dir='ltr' id='par_1_86' title="bbox 2235 4129 3808 4209">
     <span class='ocr_line' id='line_1_86' title="bbox 2235 4129 3808 4209; baseline -0.003 -18"><span class='ocrx_word' id='word_1_645' title='bbox 2235 4150 2359 4192; x_wconf 92' lang='lat' dir='ltr'><strong>cum</strong></span> <span class='ocrx_word' id='word_1_646' title='bbox 2395 4137 2576 4192; x_wconf 90' lang='lat' dir='ltr'><strong>minus</strong></span> <span class='ocrx_word' id='word_1_647' title='bbox 2610 4137 2684 4191; x_wconf 88' lang='lat' dir='ltr'><strong>sit</strong></span> <span class='ocrx_word' id='word_1_648' title='bbox 2712 4137 2877 4202; x_wconf 91' lang='lat' dir='ltr'><strong>scire,</strong></span> <span class='ocrx_word' id='word_1_649' title='bbox 2907 4151 3071 4209; x_wconf 91' lang='lat' dir='ltr'><strong>quam</strong></span> <span class='ocrx_word' id='word_1_650' title='bbox 3097 4136 3323 4193; x_wconf 82' lang='lat' dir='ltr'><strong>facere?</strong></span> <span class='ocrx_word' id='word_1_651' title='bbox 3352 4135 3523 4192; x_wconf 82' lang='lat' dir='ltr'><strong>Multa</strong></span> <span class='ocrx_word' id='word_1_652' title='bbox 3549 4136 3690 4191; x_wconf 89' lang='lat' dir='ltr'><strong>enim</strong></span> <span class='ocrx_word' id='word_1_653' title='bbox 3718 4129 3808 4189; x_wconf 82' lang='lat' dir='ltr'><strong>sci-</strong></span> 
     </span>
    </p>
   </div>
   <div class='ocr_carea' id='block_1_87' title="bbox 2240 4225 3808 4302">
    <p class='ocr_par' dir='ltr' id='par_1_87' title="bbox 2240 4225 3808 4302">
     <span class='ocr_line' id='line_1_87' title="bbox 2240 4225 3808 4302; baseline -0.004 -17"><span class='ocrx_word' id='word_1_654' title='bbox 2240 4245 2387 4296; x_wconf 91' lang='lat' dir='ltr'><strong>mus,</strong></span> <span class='ocrx_word' id='word_1_655' title='bbox 2411 4244 2532 4300; x_wconf 77' lang='lat' dir='ltr'><strong>qutc</strong></span> <span class='ocrx_word' id='word_1_656' title='bbox 2559 4229 2744 4287; x_wconf 76' lang='lat' dir='ltr'><strong>facere</strong></span> <span class='ocrx_word' id='word_1_657' title='bbox 2786 4245 2891 4287; x_wconf 93' lang='lat' dir='ltr'><strong>non</strong></span> <span class='ocrx_word' id='word_1_658' title='bbox 2934 4245 3267 4302; x_wconf 88' lang='lat' dir='ltr'><strong>possumus:</strong></span> <span class='ocrx_word' id='word_1_659' title='bbox 3305 4246 3409 4287; x_wconf 88' lang='lat' dir='ltr'><strong>nec</strong></span> <span class='ocrx_word' id='word_1_660' title='bbox 3448 4229 3639 4286; x_wconf 88' lang='lat' dir='ltr'><strong>eodem</strong></span> <span class='ocrx_word' id='word_1_661' title='bbox 3669 4225 3808 4283; x_wconf 89' lang='lat' dir='ltr'><strong>modo</strong></span> 
     </span>
    </p>
   </div>
   <div class='ocr_carea' id='block_1_88' title="bbox 2238 4320 3809 4398">
    <p class='ocr_par' dir='ltr' id='par_1_88' title="bbox 2238 4320 3809 4398">
     <span class='ocr_line' id='line_1_88' title="bbox 2238 4320 3809 4398; baseline -0.003 -19"><span class='ocrx_word' id='word_1_662' title='bbox 2238 4338 2429 4380; x_wconf 90' lang='lat' dir='ltr'><strong>omnes</strong></span> <span class='ocrx_word' id='word_1_663' title='bbox 2474 4325 2720 4393; x_wconf 89' lang='lat' dir='ltr'><strong>scimus,</strong></span> <span class='ocrx_word' id='word_1_664' title='bbox 2770 4324 2867 4382; x_wconf 87' lang='lat' dir='ltr'><strong>sed</strong></span> <span class='ocrx_word' id='word_1_665' title='bbox 2915 4341 2982 4382; x_wconf 79' lang='lat' dir='ltr'><strong>ex</strong></span> <span class='ocrx_word' id='word_1_666' title='bbox 3028 4336 3186 4398; x_wconf 91' lang='lat' dir='ltr'><strong>parte</strong></span> <span class='ocrx_word' id='word_1_667' title='bbox 3229 4326 3636 4398; x_wconf 81' lang='lat' dir='ltr'><strong>cognoscimus.</strong></span> <span class='ocrx_word' id='word_1_668' title='bbox 3676 4320 3809 4380; x_wconf 80' lang='lat' dir='ltr'><strong>Novit</strong></span> 
     </span>
    </p>
   </div>
   <div class='ocr_carea' id='block_1_89' title="bbox 2239 4418 3811 4491">
    <p class='ocr_par' dir='ltr' id='par_1_89' title="bbox 2239 4418 3811 4491">
     <span class='ocr_line' id='line_1_89' title="bbox 2239 4418 3811 4491; baseline -0.001 -18"><span class='ocrx_word' id='word_1_669' title='bbox 2239 4418 2385 4473; x_wconf 90' lang='lat' dir='ltr'><strong>enim</strong></span> <span class='ocrx_word' id='word_1_670' title='bbox 2414 4427 2705 4474; x_wconf 90' lang='lat' dir='ltr'><strong>ventorum</strong></span> <span class='ocrx_word' id='word_1_671' title='bbox 2729 4419 2864 4486; x_wconf 90' lang='lat' dir='ltr'><strong>vim,</strong></span> <span class='ocrx_word' id='word_1_672' title='bbox 2891 4418 3284 4491; x_wconf 85' lang='lat' dir='ltr'><strong>stellarumque</strong></span> <span class='ocrx_word' id='word_1_673' title='bbox 3310 4435 3510 4476; x_wconf 85' lang='lat' dir='ltr'><strong>cursus</strong></span> <span class='ocrx_word' id='word_1_674' title='bbox 3530 4418 3689 4475; x_wconf 83' lang='lat' dir='ltr'><strong>aliter</strong></span> <span class='ocrx_word' id='word_1_675' title='bbox 3715 4427 3811 4472; x_wconf 75' lang='lat' dir='ltr'><strong>rus-</strong></span> 
     </span>
    </p>
   </div>
   <div class='ocr_carea' id='block_1_90' title="bbox 2242 4506 3810 4587">
    <p class='ocr_par' dir='ltr' id='par_1_90' title="bbox 2242 4506 3810 4587">
     <span class='ocr_line' id='line_1_90' title="bbox 2242 4506 3810 4587; baseline -0.001 -21"><span class='ocrx_word' id='word_1_676' title='bbox 2242 4512 2402 4580; x_wconf 90' lang='lat' dir='ltr'><strong>ticus,</strong></span> <span class='ocrx_word' id='word_1_677' title='bbox 2438 4513 2597 4568; x_wconf 83' lang='lat' dir='ltr'><strong>aliter</strong></span> <span class='ocrx_word' id='word_1_678' title='bbox 2635 4513 2874 4569; x_wconf 88' lang='lat' dir='ltr'><strong>civitatis</strong></span> <span class='ocrx_word' id='word_1_679' title='bbox 2911 4513 3087 4570; x_wconf 89' lang='lat' dir='ltr'><strong>incola</strong></span> <span class='ocrx_word' id='word_1_680' title='bbox 3106 4555 3121 4581; x_wconf 91' lang='lat'><strong>,</strong></span> <span class='ocrx_word' id='word_1_681' title='bbox 3149 4514 3312 4570; x_wconf 91' lang='lat' dir='ltr'><strong>aliter</strong></span> <span class='ocrx_word' id='word_1_682' title='bbox 3337 4516 3693 4587; x_wconf 77' lang='lat' dir='ltr'><strong>gubernator.</strong></span> <span class='ocrx_word' id='word_1_683' title='bbox 3716 4506 3810 4567; x_wconf 84' lang='lat' dir='ltr'><strong>Etsi</strong></span> 
     </span>
    </p>
   </div>
   <div class='ocr_carea' id='block_1_91' title="bbox 617 4588 3808 4675">
    <p class='ocr_par' dir='ltr' id='par_1_91' title="bbox 617 4588 3808 4675">
     <span class='ocr_line' id='line_1_91' title="bbox 617 4588 3808 4675; baseline -0.002 -24"><span class='ocrx_word' id='word_1_684' title='bbox 617 4593 741 4651; x_wconf 73' lang='grc'><strong>192.</strong></span> <span class='ocrx_word' id='word_1_685' title='bbox 774 4592 846 4647; x_wconf 82' lang='grc' dir='ltr'><strong>Ει</strong></span> <span class='ocrx_word' id='word_1_686' title='bbox 869 4590 1126 4647; x_wconf 82' lang='lat' dir='ltr'><strong>dixerunt</strong></span> <span class='ocrx_word' id='word_1_687' title='bbox 1161 4608 1174 4644; x_wconf 89' lang='lat'><strong>:</strong></span> <span class='ocrx_word' id='word_1_688' title='bbox 1219 4588 1489 4658; x_wconf 85' lang='lat' dir='ltr'><strong>Quomodo</strong></span> <span class='ocrx_word' id='word_1_689' title='bbox 1518 4591 1664 4645; x_wconf 80' lang='lat' dir='ltr'><strong>scivit</strong></span> <span class='ocrx_word' id='word_1_690' title='bbox 1691 4589 1877 4646; x_wconf 88' lang='lat' dir='ltr'><strong>Deus?</strong></span> <span class='ocrx_word' id='word_1_691' title='bbox 1909 4600 1954 4647; x_wconf 88' lang='lat' dir='ltr'><strong>et</strong></span> <span class='ocrx_word' id='word_1_692' title='bbox 1985 4593 2030 4647; x_wconf 90' lang='lat' dir='ltr'><strong>si</strong></span> <span class='ocrx_word' id='word_1_693' title='bbox 2063 4604 2137 4651; x_wconf 89' lang='lat' dir='ltr'><strong>est</strong></span> <span class='ocrx_word' id='word_1_694' title='bbox 2164 4612 2219 4675; x_wconf 75' lang='grc' dir='ltr'><strong>ι)</strong></span> <span class='ocrx_word' id='word_1_695' title='bbox 2245 4619 2352 4660; x_wconf 79' lang='lat' dir='ltr'><strong>non</strong></span> <span class='ocrx_word' id='word_1_696' title='bbox 2384 4619 2579 4663; x_wconf 69' lang='lat' dir='ltr'><strong>omnes</strong></span> <span class='ocrx_word' id='word_1_697' title='bbox 2618 4613 2824 4662; x_wconf 73' lang='grc' dir='ltr'><strong>ηοιιυηι</strong></span> <span class='ocrx_word' id='word_1_698' title='bbox 2862 4607 3083 4672; x_wconf 60' lang='lat' dir='ltr'><strong>omnia,</strong></span> <span class='ocrx_word' id='word_1_699' title='bbox 3125 4613 3307 4662; x_wconf 55' lang='lat' dir='ltr'><strong>tamen</strong></span> <span class='ocrx_word' id='word_1_700' title='bbox 3354 4621 3518 4663; x_wconf 67' lang='lat' dir='ltr'><strong>nosse</strong></span> <span class='ocrx_word' id='word_1_701' title='bbox 3543 4605 3808 4661; x_wconf 55' lang='lat' dir='ltr'><strong>dicuntur;</strong></span> 
     </span>
    </p>
   </div>
   <div class='ocr_carea' id='block_1_92' title="bbox 542 4680 2139 4755">
    <p class='ocr_par' dir='ltr' id='par_1_92' title="bbox 542 4680 2139 4755">
     <span class='ocr_line' id='line_1_92' title="bbox 542 4680 2139 4755; baseline 0.001 -12"><span class='ocrx_word' id='word_1_702' title='bbox 542 4686 754 4743; x_wconf 88' lang='lat' dir='ltr'><strong>scientia</strong></span> <span class='ocrx_word' id='word_1_703' title='bbox 782 4684 947 4740; x_wconf 88' lang='lat' dir='ltr'><strong>onmis</strong></span> <span class='ocrx_word' id='word_1_704' title='bbox 985 4685 1040 4737; x_wconf 86' lang='lat' dir='ltr'><strong>in</strong></span> <span class='ocrx_word' id='word_1_705' title='bbox 1076 4681 1339 4738; x_wconf 82' lang='lat' dir='ltr'><strong>Altissimo</strong></span> <span class='ocrx_word' id='word_1_706' title='bbox 1377 4680 1578 4753; x_wconf 88' lang='lat' dir='ltr'><strong>(Ibid.,</strong></span> <span class='ocrx_word' id='word_1_707' title='bbox 1614 4682 1760 4755; x_wconf 78' lang='lat' dir='ltr'><strong>il)?</strong></span> <span class='ocrx_word' id='word_1_708' title='bbox 1795 4684 1983 4742; x_wconf 82' lang='lat' dir='ltr'><strong>Nonne</strong></span> <span class='ocrx_word' id='word_1_709' title='bbox 2024 4686 2139 4744; x_wconf 54' lang='lat' dir='ltr'><strong>haec</strong></span> 
     </span>
    </p>
   </div>
   <div class='ocr_carea' id='block_1_93' title="bbox 616 4822 1716 4895">
    <p class='ocr_par' dir='ltr' id='par_1_93' title="bbox 616 4822 1716 4895">
     <span class='ocr_line' id='line_1_93' title="bbox 616 4822 1716 4895; baseline -0.004 -12"><span class='ocrx_word' id='word_1_710' title='bbox 616 4840 642 4867; x_wconf 72' lang='grc' dir='ltr'>ι</span> <span class='ocrx_word' id='word_1_711' title='bbox 670 4827 799 4884; x_wconf 80' lang='lat' dir='ltr'><strong>Mss.</strong></span> <span class='ocrx_word' id='word_1_712' title='bbox 829 4822 1101 4888; x_wconf 89' lang='lat' dir='ltr'><strong>nonnulli,</strong></span> <span class='ocrx_word' id='word_1_713' title='bbox 1127 4822 1407 4895; x_wconf 82' lang='lat' dir='ltr'><strong>subjectus,</strong></span> <span class='ocrx_word' id='word_1_714' title='bbox 1434 4839 1528 4877; x_wconf 88' lang='lat' dir='ltr'><strong>nec</strong></span> <span class='ocrx_word' id='word_1_715' title='bbox 1548 4825 1716 4879; x_wconf 89' lang='lat' dir='ltr'><strong>cordi.</strong></span> 
     </span>
    </p>
   </div>
   <div class='ocr_carea' id='block_1_94' title="bbox 609 4894 2133 4964">
    <p class='ocr_par' dir='ltr' id='par_1_94' title="bbox 609 4894 2133 4964">
     <span class='ocr_line' id='line_1_94' title="bbox 609 4894 2133 4964; baseline 0.012 -23"><span class='ocrx_word' id='word_1_716' title='bbox 609 4902 638 4941; x_wconf 85' lang='lat' dir='ltr'><strong>b</strong></span> <span class='ocrx_word' id='word_1_717' title='bbox 665 4900 746 4956; x_wconf 84' lang='lat' dir='ltr'><strong>Ita</strong></span> <span class='ocrx_word' id='word_1_718' title='bbox 779 4905 890 4953; x_wconf 84' lang='lat' dir='ltr'><strong>vet.</strong></span> <span class='ocrx_word' id='word_1_719' title='bbox 922 4894 1057 4951; x_wconf 89' lang='lat' dir='ltr'><strong>edit.</strong></span> <span class='ocrx_word' id='word_1_720' title='bbox 1090 4910 1153 4950; x_wconf 88' lang='lat' dir='ltr'><strong>ac</strong></span> <span class='ocrx_word' id='word_1_721' title='bbox 1181 4894 1364 4964; x_wconf 84' lang='lat' dir='ltr'><strong>plures</strong></span> <span class='ocrx_word' id='word_1_722' title='bbox 1388 4910 1545 4958; x_wconf 85' lang='lat' dir='ltr'><strong>mss.;</strong></span> <span class='ocrx_word' id='word_1_723' title='bbox 1578 4896 1807 4953; x_wconf 82' lang='lat' dir='ltr'><strong>atRom.</strong></span> <span class='ocrx_word' id='word_1_724' title='bbox 1840 4900 1972 4958; x_wconf 87' lang='lat' dir='ltr'><strong>edit.</strong></span> <span class='ocrx_word' id='word_1_725' title='bbox 2007 4917 2133 4959; x_wconf 91' lang='lat' dir='ltr'><strong>cum</strong></span> 
     </span>
    </p>
   </div>
   <div class='ocr_carea' id='block_1_95' title="bbox 541 4965 1579 5037">
    <p class='ocr_par' dir='ltr' id='par_1_95' title="bbox 541 4965 1579 5037">
     <span class='ocr_line' id='line_1_95' title="bbox 541 4965 1579 5037; baseline -0.008 -6"><span class='ocrx_word' id='word_1_726' title='bbox 541 4974 685 5035; x_wconf 86' lang='lat' dir='ltr'><strong>aliis,</strong></span> <span class='ocrx_word' id='word_1_727' title='bbox 714 4968 1033 5027; x_wconf 86' lang='lat' dir='ltr'><strong>successione</strong></span> <span class='ocrx_word' id='word_1_728' title='bbox 1055 4968 1301 5037; x_wconf 74' lang='lat' dir='ltr'><strong>fruuntur</strong></span> <span class='ocrx_word' id='word_1_729' title='bbox 1331 4965 1579 5023; x_wconf 82' lang='lat' dir='ltr'><strong>humana.</strong></span> 
     </span>
    </p>
   </div>
   <div class='ocr_carea' id='block_1_96' title="bbox 616 5038 1675 5112">
    <p class='ocr_par' dir='ltr' id='par_1_96' title="bbox 616 5038 1675 5112">
     <span class='ocr_line' id='line_1_96' title="bbox 616 5038 1675 5112; baseline -0.001 -16"><span class='ocrx_word' id='word_1_730' title='bbox 616 5057 638 5085; x_wconf 83' lang='lat' dir='ltr'><strong>c</strong></span> <span class='ocrx_word' id='word_1_731' title='bbox 667 5041 928 5112; x_wconf 66' lang='lat' dir='ltr'><strong>Qumdam</strong></span> <span class='ocrx_word' id='word_1_732' title='bbox 954 5039 1119 5112; x_wconf 59' lang='grc' dir='ltr'><strong>(θάίι.ι</strong></span> <span class='ocrx_word' id='word_1_733' title='bbox 1141 5039 1246 5112; x_wconf 75' lang='lat' dir='ltr'><strong>nisi</strong></span> <span class='ocrx_word' id='word_1_734' title='bbox 1273 5054 1386 5112; x_wconf 75' lang='lat' dir='ltr'><strong>qua:</strong></span> <span class='ocrx_word' id='word_1_735' title='bbox 1414 5038 1675 5112; x_wconf 66' lang='lat' dir='ltr'><strong>didicerit.</strong></span> 
     </span>
    </p>
   </div>
   <div class='ocr_carea' id='block_1_97' title="bbox 615 5107 2136 5185">
    <p class='ocr_par' dir='ltr' id='par_1_97' title="bbox 615 5107 2136 5185">
     <span class='ocr_line' id='line_1_97' title="bbox 615 5107 2136 5185; baseline 0.013 -30"><span class='ocrx_word' id='word_1_736' title='bbox 615 5116 643 5155; x_wconf 83' lang='lat' dir='ltr'><strong>d</strong></span> <span class='ocrx_word' id='word_1_737' title='bbox 678 5107 916 5172; x_wconf 71' lang='lat' dir='ltr'><strong>ﬁilarius</strong></span> <span class='ocrx_word' id='word_1_738' title='bbox 941 5107 1164 5185; x_wconf 31' lang='lat' dir='ltr'><strong>estIn-.26</strong></span> <span class='ocrx_word' id='word_1_739' title='bbox 1196 5108 1251 5185; x_wconf 73' lang='lat' dir='ltr'><strong>in</strong></span> <span class='ocrx_word' id='word_1_740' title='bbox 1286 5107 1479 5185; x_wconf 69' lang='lat' dir='ltr'><strong>illatih.</strong></span> <span class='ocrx_word' id='word_1_741' title='bbox 1510 5109 1588 5165; x_wconf 90' lang='lat' dir='ltr'><strong>De</strong></span> <span class='ocrx_word' id='word_1_742' title='bbox 1618 5115 1741 5181; x_wconf 83' lang='lat' dir='ltr'><strong>ﬁne,</strong></span> <span class='ocrx_word' id='word_1_743' title='bbox 1762 5115 1970 5185; x_wconf 80' lang='lat' dir='ltr'><strong>inquit,</strong></span> <span class='ocrx_word' id='word_1_744' title='bbox 2004 5127 2136 5174; x_wconf 77' lang='lat' dir='ltr'><strong>tem-</strong></span> 
     </span>
    </p>
   </div>
   <div class='ocr_carea' id='block_1_98' title="bbox 542 5178 2138 5260">
    <p class='ocr_par' dir='ltr' id='par_1_98' title="bbox 542 5178 2138 5260">
     <span class='ocr_line' id='line_1_98' title="bbox 542 5178 2138 5260; baseline -0.001 -16"><span class='ocrx_word' id='word_1_745' title='bbox 542 5204 726 5260; x_wconf 74' lang='lat' dir='ltr'><strong>parum</strong></span> <span class='ocrx_word' id='word_1_746' title='bbox 753 5199 945 5260; x_wconf 62' lang='lat' dir='ltr'><strong>(urant</strong></span> <span class='ocrx_word' id='word_1_747' title='bbox 970 5178 1333 5260; x_wconf 79' lang='lat' dir='ltr'><strong>sollicitudinis</strong></span> <span class='ocrx_word' id='word_1_748' title='bbox 1360 5190 1549 5235; x_wconf 70' lang='lat' dir='ltr'><strong>nostra’</strong></span> <span class='ocrx_word' id='word_1_749' title='bbox 1568 5178 1791 5248; x_wconf 85' lang='lat' dir='ltr'><strong>ademit,</strong></span> <span class='ocrx_word' id='word_1_750' title='bbox 1822 5178 1966 5242; x_wconf 75' lang='lat' dir='ltr'><strong>diem</strong></span> <span class='ocrx_word' id='word_1_751' title='bbox 1989 5190 2138 5244; x_wconf 78' lang='lat' dir='ltr'><strong>illuni</strong></span> 
     </span>
    </p>
   </div>
   <div class='ocr_carea' id='block_1_99' title="bbox 543 5253 2137 5329">
    <p class='ocr_par' dir='ltr' id='par_1_99' title="bbox 543 5253 2137 5329">
     <span class='ocr_line' id='line_1_99' title="bbox 543 5253 2137 5329; baseline 0.002 -17"><span class='ocrx_word' id='word_1_752' title='bbox 543 5253 721 5315; x_wconf 80' lang='lat' dir='ltr'><strong>dicens</strong></span> <span class='ocrx_word' id='word_1_753' title='bbox 738 5253 947 5329; x_wconf 76' lang='lat' dir='ltr'><strong>nemini</strong></span> <span class='ocrx_word' id='word_1_754' title='bbox 972 5266 1091 5329; x_wconf 82' lang='lat' dir='ltr'><strong>_es_se</strong></span> <span class='ocrx_word' id='word_1_755' title='bbox 1121 5253 1383 5320; x_wconf 85' lang='lat' dir='ltr'><strong>cognitum</strong></span> <span class='ocrx_word' id='word_1_756' title='bbox 1408 5292 1423 5329; x_wconf 53' lang='grc' dir='ltr'><strong>ε</strong></span> <span class='ocrx_word' id='word_1_757' title='bbox 1467 5261 1658 5329; x_wconf 82' lang='lat' dir='ltr'><strong>et__non</strong></span> <span class='ocrx_word' id='word_1_758' title='bbox 1682 5258 1860 5329; x_wconf 82' lang='lat' dir='ltr'><strong>solum</strong></span> <span class='ocrx_word' id='word_1_759' title='bbox 1897 5262 2098 5329; x_wconf 87' lang='lat' dir='ltr'><strong>angelis</strong></span> <span class='ocrx_word' id='word_1_760' title='bbox 2121 5300 2137 5326; x_wconf 95' lang='lat'><strong>,</strong></span> 
     </span>
    </p>
   </div>
   <div class='ocr_carea' id='block_1_100' title="bbox 541 5321 2136 5390">
    <p class='ocr_par' dir='ltr' id='par_1_100' title="bbox 541 5321 2136 5390">
     <span class='ocr_line' id='line_1_100' title="bbox 541 5321 2136 5390; baseline -0.007 -5"><span class='ocrx_word' id='word_1_761' title='bbox 541 5332 633 5384; x_wconf 92' lang='lat' dir='ltr'><strong>sed</strong></span> <span class='ocrx_word' id='word_1_762' title='bbox 681 5327 836 5383; x_wconf 86' lang='lat' dir='ltr'><strong>etiam</strong></span> <span class='ocrx_word' id='word_1_763' title='bbox 888 5323 986 5377; x_wconf 86' lang='lat' dir='ltr'><strong>sibi</strong></span> <span class='ocrx_word' id='word_1_764' title='bbox 1028 5321 1344 5390; x_wconf 84' lang='lat' dir='ltr'><strong>ignoratum.</strong></span> <span class='ocrx_word' id='word_1_765' title='bbox 1395 5321 1465 5376; x_wconf 83' lang='lat' dir='ltr'><strong>At</strong></span> <span class='ocrx_word' id='word_1_766' title='bbox 1512 5323 1641 5380; x_wconf 83' lang='lat' dir='ltr'><strong>licet</strong></span> <span class='ocrx_word' id='word_1_767' title='bbox 1680 5328 1751 5380; x_wconf 86' lang='lat' dir='ltr'><strong>ita</strong></span> <span class='ocrx_word' id='word_1_768' title='bbox 1798 5321 2033 5385; x_wconf 58' lang='lat' dir='ltr'><strong>disser&#39;at</strong></span> <span class='ocrx_word' id='word_1_769' title='bbox 2083 5321 2136 5386; x_wconf 63' lang='lat' dir='ltr'><strong>ili</strong></span> 
     </span>
    </p>
   </div>
   <div class='ocr_carea' id='block_1_101' title="bbox 542 5394 2140 5466">
    <p class='ocr_par' dir='ltr' id='par_1_101' title="bbox 542 5394 2140 5466">
     <span class='ocr_line' id='line_1_101' title="bbox 542 5394 2140 5466; baseline 0.001 -10"><span class='ocrx_word' id='word_1_770' title='bbox 542 5400 860 5456; x_wconf 64' lang='lat' dir='ltr'><strong>Matthwum</strong></span> <span class='ocrx_word' id='word_1_771' title='bbox 882 5394 1063 5466; x_wconf 77' lang='lat' dir='ltr'><strong>,_h_i_nc</strong></span> <span class='ocrx_word' id='word_1_772' title='bbox 1094 5402 1275 5466; x_wconf 82' lang='lat' dir='ltr'><strong>tamen</strong></span> <span class='ocrx_word' id='word_1_773' title='bbox 1313 5394 1535 5466; x_wconf 85' lang='lat' dir='ltr'><strong>minime</strong></span> <span class='ocrx_word' id='word_1_774' title='bbox 1559 5397 1826 5466; x_wconf 84' lang='lat' dir='ltr'><strong>probatur</strong></span> <span class='ocrx_word' id='word_1_775' title='bbox 1860 5415 1981 5453; x_wconf 90' lang='lat' dir='ltr'><strong>eum</strong></span> <span class='ocrx_word' id='word_1_776' title='bbox 2020 5400 2140 5459; x_wconf 72' lang='lat' dir='ltr'><strong>ltrec</strong></span> 
     </span>
    </p>
   </div>
   <div class='ocr_carea' id='block_1_102' title="bbox 541 5462 2139 5547">
    <p class='ocr_par' dir='ltr' id='par_1_102' title="bbox 541 5462 2139 5547">
     <span class='ocr_line' id='line_1_102' title="bbox 541 5462 2139 5547; baseline -0.023 -22"><span class='ocrx_word' id='word_1_777' title='bbox 541 5472 732 5535; x_wconf 85' lang='lat' dir='ltr'><strong>verba,</strong></span> <span class='ocrx_word' id='word_1_778' title='bbox 759 5482 850 5520; x_wconf 86' lang='lat' dir='ltr'><strong>nec</strong></span> <span class='ocrx_word' id='word_1_779' title='bbox 873 5462 1097 5547; x_wconf 45' lang='lat' dir='ltr'><strong>_Filius.,</strong></span> <span class='ocrx_word' id='word_1_780' title='bbox 1123 5463 1321 5546; x_wconf 66' lang='lat' dir='ltr'><strong>legisse</strong></span> <span class='ocrx_word' id='word_1_781' title='bbox 1362 5462 1798 5547; x_wconf 33' lang='lat' dir='ltr'><strong>apudﬁumdgw</strong></span> <span class='ocrx_word' id='word_1_782' title='bbox 1836 5474 2139 5547; x_wconf 26' lang='lat' dir='ltr'><strong>angens?</strong></span> 
     </span>
    </p>
   </div>
   <div class='ocr_carea' id='block_1_103' title="bbox 545 5536 2133 5607">
    <p class='ocr_par' dir='ltr' id='par_1_103' title="bbox 545 5536 2133 5607">
     <span class='ocr_line' id='line_1_103' title="bbox 545 5536 2133 5607; baseline 0.001 -12"><span class='ocrx_word' id='word_1_783' title='bbox 545 5550 676 5607; x_wconf 90' lang='lat' dir='ltr'><strong>tam,</strong></span> <span class='ocrx_word' id='word_1_784' title='bbox 707 5553 835 5593; x_wconf 90' lang='lat' dir='ltr'><strong>cum</strong></span> <span class='ocrx_word' id='word_1_785' title='bbox 872 5536 947 5589; x_wconf 89' lang='lat' dir='ltr'><strong>ita</strong></span> <span class='ocrx_word' id='word_1_786' title='bbox 974 5536 1286 5607; x_wconf 79' lang='lat' dir='ltr'><strong>ratiocinari</strong></span> <span class='ocrx_word' id='word_1_787' title='bbox 1324 5536 1563 5607; x_wconf 84' lang='lat' dir='ltr'><strong>potuerit</strong></span> <span class='ocrx_word' id='word_1_788' title='bbox 1588 5554 1653 5592; x_wconf 83' lang='lat' dir='ltr'><strong>ex</strong></span> <span class='ocrx_word' id='word_1_789' title='bbox 1687 5539 1809 5593; x_wconf 88' lang='lat' dir='ltr'><strong>aliis</strong></span> <span class='ocrx_word' id='word_1_790' title='bbox 1839 5536 2004 5606; x_wconf 63' lang='lat' dir='ltr'><strong>istis,</strong></span> <span class='ocrx_word' id='word_1_791' title='bbox 2032 5544 2133 5597; x_wconf 87' lang='lat' dir='ltr'><strong>nisi</strong></span> 
     </span>
    </p>
   </div>
   <div class='ocr_carea' id='block_1_104' title="bbox 541 5604 2132 5680">
    <p class='ocr_par' dir='ltr' id='par_1_104' title="bbox 541 5604 2132 5680">
     <span class='ocr_line' id='line_1_104' title="bbox 541 5604 2132 5680; baseline 0.002 -16"><span class='ocrx_word' id='word_1_792' title='bbox 541 5604 684 5664; x_wconf 84' lang='lat' dir='ltr'><strong>solus</strong></span> <span class='ocrx_word' id='word_1_793' title='bbox 718 5608 911 5680; x_wconf 79' lang='lat' dir='ltr'><strong>Pater;</strong></span> <span class='ocrx_word' id='word_1_794' title='bbox 956 5604 1238 5680; x_wconf 82' lang='lat' dir='ltr'><strong>vel__certe</strong></span> <span class='ocrx_word' id='word_1_795' title='bbox 1286 5605 1532 5660; x_wconf 80' lang='lat' dir='ltr'><strong>alludere</strong></span> <span class='ocrx_word' id='word_1_796' title='bbox 1583 5608 1649 5662; x_wconf 91' lang='lat' dir='ltr'><strong>ad</strong></span> <span class='ocrx_word' id='word_1_797' title='bbox 1698 5609 1878 5680; x_wconf 62' lang='lat' dir='ltr'><strong>locum</strong></span> <span class='ocrx_word' id='word_1_798' title='bbox 1935 5604 2132 5680; x_wconf 84' lang='lat' dir='ltr'><strong>Marci,</strong></span> 
     </span>
    </p>
   </div>
   <div class='ocr_carea' id='block_1_105' title="bbox 543 5673 2133 5747">
    <p class='ocr_par' dir='ltr' id='par_1_105' title="bbox 543 5673 2133 5747">
     <span class='ocr_line' id='line_1_105' title="bbox 543 5673 2133 5747; baseline 0.006 -15"><span class='ocrx_word' id='word_1_799' title='bbox 543 5681 635 5735; x_wconf 92' lang='lat' dir='ltr'><strong>ubi</strong></span> <span class='ocrx_word' id='word_1_800' title='bbox 666 5677 1016 5747; x_wconf 63' lang='lat' dir='ltr'><strong>exhibentur.</strong></span> <span class='ocrx_word' id='word_1_801' title='bbox 1051 5673 1437 5747; x_wconf 68' lang='lat' dir='ltr'><strong>Verumtamen</strong></span> <span class='ocrx_word' id='word_1_802' title='bbox 1467 5692 1566 5733; x_wconf 86' lang='lat' dir='ltr'><strong>nec</strong></span> <span class='ocrx_word' id='word_1_803' title='bbox 1595 5679 1736 5747; x_wconf 89' lang='lat' dir='ltr'><strong>apud</strong></span> <span class='ocrx_word' id='word_1_804' title='bbox 1770 5681 1914 5736; x_wconf 87' lang='lat' dir='ltr'><strong>hunc</strong></span> <span class='ocrx_word' id='word_1_805' title='bbox 1941 5673 2133 5741; x_wconf 76' lang='lat' dir='ltr'><strong>eadem</strong></span> 
     </span>
    </p>
   </div>
   <div class='ocr_carea' id='block_1_106' title="bbox 544 5745 2136 5820">
    <p class='ocr_par' dir='ltr' id='par_1_106' title="bbox 544 5745 2136 5820">
     <span class='ocr_line' id='line_1_106' title="bbox 544 5745 2136 5820; baseline 0.005 -17"><span class='ocrx_word' id='word_1_806' title='bbox 544 5750 750 5820; x_wconf 76' lang='lat' dir='ltr'><strong>legisse</strong></span> <span class='ocrx_word' id='word_1_807' title='bbox 787 5746 999 5820; x_wconf 69' lang='lat' dir='ltr'><strong>videtur</strong></span> <span class='ocrx_word' id='word_1_808' title='bbox 1038 5745 1389 5820; x_wconf 73' lang='lat' dir='ltr'><strong>Ambrosius;</strong></span> <span class='ocrx_word' id='word_1_809' title='bbox 1429 5745 1641 5819; x_wconf 83' lang='lat' dir='ltr'><strong>alioqui</strong></span> <span class='ocrx_word' id='word_1_810' title='bbox 1674 5751 1818 5806; x_wconf 89' lang='lat' dir='ltr'><strong>enim</strong></span> <span class='ocrx_word' id='word_1_811' title='bbox 1860 5753 2136 5811; x_wconf 69' lang='lat' dir='ltr'><strong>hwreticis</strong></span> 
     </span>
    </p>
   </div>
   <div class='ocr_carea' id='block_1_107' title="bbox 542 5814 2137 5893">
    <p class='ocr_par' dir='ltr' id='par_1_107' title="bbox 542 5814 2137 5893">
     <span class='ocr_line' id='line_1_107' title="bbox 542 5814 2137 5893; baseline 0.006 -18"><span class='ocrx_word' id='word_1_812' title='bbox 542 5814 806 5893; x_wconf 58' lang='lat' dir='ltr'><strong>ex&#39;pedita</strong></span> <span class='ocrx_word' id='word_1_813' title='bbox 830 5814 1022 5871; x_wconf 79' lang='lat' dir='ltr'><strong>fuisset</strong></span> <span class='ocrx_word' id='word_1_814' title='bbox 1050 5815 1335 5883; x_wconf 85' lang='lat' dir='ltr'><strong>responsio</strong></span> <span class='ocrx_word' id='word_1_815' title='bbox 1365 5817 1484 5874; x_wconf 81' lang='lat' dir='ltr'><strong>haec</strong></span> <span class='ocrx_word' id='word_1_816' title='bbox 1518 5814 1636 5892; x_wconf 81' lang='lat' dir='ltr'><strong>ipsa</strong></span> <span class='ocrx_word' id='word_1_817' title='bbox 1674 5821 1729 5878; x_wconf 92' lang='lat' dir='ltr'><strong>iu</strong></span> <span class='ocrx_word' id='word_1_818' title='bbox 1754 5823 1921 5882; x_wconf 82' lang='lat' dir='ltr'><strong>Marci</strong></span> <span class='ocrx_word' id='word_1_819' title='bbox 1957 5824 2137 5884; x_wconf 83' lang='lat' dir='ltr'><strong>Evan-</strong></span> 
     </span>
    </p>
   </div>
   <div class='ocr_carea' id='block_1_108' title="bbox 2247 4689 3814 4771">
    <p class='ocr_par' dir='ltr' id='par_1_108' title="bbox 2247 4689 3814 4771">
     <span class='ocr_line' id='line_1_108' title="bbox 2247 4689 3814 4771; baseline -0.003 -20"><span class='ocrx_word' id='word_1_820' title='bbox 2247 4696 2398 4753; x_wconf 88' lang='lat' dir='ltr'><strong>solus</strong></span> <span class='ocrx_word' id='word_1_821' title='bbox 2430 4705 2613 4754; x_wconf 90' lang='lat' dir='ltr'><strong>autem</strong></span> <span class='ocrx_word' id='word_1_822' title='bbox 2645 4697 2809 4770; x_wconf 88' lang='lat' dir='ltr'><strong>plene</strong></span> <span class='ocrx_word' id='word_1_823' title='bbox 2839 4700 2996 4755; x_wconf 89' lang='lat' dir='ltr'><strong>novit</strong></span> <span class='ocrx_word' id='word_1_824' title='bbox 3019 4698 3134 4766; x_wconf 90' lang='lat' dir='ltr'><strong>ille,</strong></span> <span class='ocrx_word' id='word_1_825' title='bbox 3158 4700 3254 4771; x_wconf 92' lang='lat' dir='ltr'><strong>qui</strong></span> <span class='ocrx_word' id='word_1_826' title='bbox 3288 4697 3419 4754; x_wconf 78' lang='lat' dir='ltr'><strong>fecit</strong></span> <span class='ocrx_word' id='word_1_827' title='bbox 3449 4699 3650 4754; x_wconf 88' lang='lat' dir='ltr'><strong>omnia.</strong></span> <span class='ocrx_word' id='word_1_828' title='bbox 3675 4689 3814 4752; x_wconf 77' lang='lat' dir='ltr'><strong>Novit</strong></span> 
     </span>
    </p>
   </div>
   <div class='ocr_carea' id='block_1_109' title="bbox 2243 4833 3812 4908">
    <p class='ocr_par' dir='ltr' id='par_1_109' title="bbox 2243 4833 3812 4908">
     <span class='ocr_line' id='line_1_109' title="bbox 2243 4833 3812 4908; baseline -0.002 -19"><span class='ocrx_word' id='word_1_829' title='bbox 2243 4833 2388 4908; x_wconf 85' lang='lat' dir='ltr'><strong>gelio</strong></span> <span class='ocrx_word' id='word_1_830' title='bbox 2434 4846 2676 4892; x_wconf 84' lang='lat' dir='ltr'><strong>exstare.</strong></span> <span class='ocrx_word' id='word_1_831' title='bbox 2722 4835 3090 4908; x_wconf 83' lang='lat' dir='ltr'><strong>Hieronymus</strong></span> <span class='ocrx_word' id='word_1_832' title='bbox 3131 4850 3350 4908; x_wconf 90' lang='lat' dir='ltr'><strong>quoque</strong></span> <span class='ocrx_word' id='word_1_833' title='bbox 3396 4835 3539 4892; x_wconf 90' lang='lat' dir='ltr'><strong>idem</strong></span> <span class='ocrx_word' id='word_1_834' title='bbox 3578 4833 3812 4908; x_wconf 57' lang='lat' dir='ltr'><strong>quodany</strong></span> 
     </span>
    </p>
   </div>
   <div class='ocr_carea' id='block_1_110' title="bbox 2245 4902 3809 4977">
    <p class='ocr_par' dir='ltr' id='par_1_110' title="bbox 2245 4902 3809 4977">
     <span class='ocr_line' id='line_1_110' title="bbox 2245 4902 3809 4977; baseline 0 -18"><span class='ocrx_word' id='word_1_835' title='bbox 2245 4902 2410 4962; x_wconf 80' lang='lat' dir='ltr'><strong>modo</strong></span> <span class='ocrx_word' id='word_1_836' title='bbox 2438 4908 2643 4963; x_wconf 88' lang='lat' dir='ltr'><strong>indicat</strong></span> <span class='ocrx_word' id='word_1_837' title='bbox 2664 4908 2716 4962; x_wconf 92' lang='lat' dir='ltr'><strong>in</strong></span> <span class='ocrx_word' id='word_1_838' title='bbox 2742 4902 2995 4963; x_wconf 74' lang='lat' dir='ltr'><strong>eumdem</strong></span> <span class='ocrx_word' id='word_1_839' title='bbox 3028 4902 3175 4964; x_wconf 80' lang='lat' dir='ltr'><strong>vers.</strong></span> <span class='ocrx_word' id='word_1_840' title='bbox 3217 4902 3291 4963; x_wconf 78' lang='lat'><strong>&#39;56</strong></span> <span class='ocrx_word' id='word_1_841' title='bbox 3323 4922 3449 4977; x_wconf 87' lang='lat' dir='ltr'><strong>cap.</strong></span> <span class='ocrx_word' id='word_1_842' title='bbox 3479 4902 3610 4963; x_wconf 62' lang='grc' dir='ltr'><strong>ηιιτ⁷</strong></span> <span class='ocrx_word' id='word_1_843' title='bbox 3637 4902 3809 4977; x_wconf 68' lang='lat' dir='ltr'><strong>Matth.</strong></span> 
     </span>
    </p>
   </div>
   <div class='ocr_carea' id='block_1_111' title="bbox 2240 4974 3810 5051">
    <p class='ocr_par' dir='ltr' id='par_1_111' title="bbox 2240 4974 3810 5051">
     <span class='ocr_line' id='line_1_111' title="bbox 2240 4974 3810 5051; baseline -0.003 -19"><span class='ocrx_word' id='word_1_844' title='bbox 2240 4990 2365 5051; x_wconf 70' lang='lat' dir='ltr'><strong>eum</strong></span> <span class='ocrx_word' id='word_1_845' title='bbox 2388 4994 2456 5034; x_wconf 79' lang='lat' dir='ltr'><strong>ex</strong></span> <span class='ocrx_word' id='word_1_846' title='bbox 2480 4994 2546 5034; x_wconf 90' lang='lat' dir='ltr'><strong>eu</strong></span> <span class='ocrx_word' id='word_1_847' title='bbox 2573 4979 2715 5050; x_wconf 86' lang='lat' dir='ltr'><strong>quod</strong></span> <span class='ocrx_word' id='word_1_848' title='bbox 2746 4988 3049 5051; x_wconf 84' lang='lat' dir='ltr'><strong>memorata</strong></span> <span class='ocrx_word' id='word_1_849' title='bbox 3078 4978 3242 5051; x_wconf 79' lang='lat' dir='ltr'><strong>verba</strong></span> <span class='ocrx_word' id='word_1_850' title='bbox 3271 4974 3810 5051; x_wconf 42' lang='lat' dir='ltr'><strong>nou—reperianturin</strong></span> 
     </span>
    </p>
   </div>
   <div class='ocr_carea' id='block_1_112' title="bbox 2240 5046 3813 5115">
    <p class='ocr_par' dir='ltr' id='par_1_112' title="bbox 2240 5046 3813 5115">
     <span class='ocr_line' id='line_1_112' title="bbox 2240 5046 3813 5115; baseline -0.004 -11"><span class='ocrx_word' id='word_1_851' title='bbox 2240 5047 2450 5105; x_wconf 72' lang='lat' dir='ltr'><strong>Grzccis</strong></span> <span class='ocrx_word' id='word_1_852' title='bbox 2481 5057 2538 5105; x_wconf 83' lang='lat' dir='ltr'><strong>et</strong></span> <span class='ocrx_word' id='word_1_853' title='bbox 2563 5046 2800 5104; x_wconf 81' lang='lat' dir='ltr'><strong>maxime</strong></span> <span class='ocrx_word' id='word_1_854' title='bbox 2852 5050 2906 5104; x_wconf 92' lang='lat' dir='ltr'><strong>in</strong></span> <span class='ocrx_word' id='word_1_855' title='bbox 2936 5049 3246 5104; x_wconf 85' lang='lat' dir='ltr'><strong>Adamantii</strong></span> <span class='ocrx_word' id='word_1_856' title='bbox 3276 5058 3333 5106; x_wconf 89' lang='lat' dir='ltr'><strong>et</strong></span> <span class='ocrx_word' id='word_1_857' title='bbox 3373 5046 3535 5106; x_wconf 82' lang='lat' dir='ltr'><strong>Pierii</strong></span> <span class='ocrx_word' id='word_1_858' title='bbox 3564 5046 3813 5115; x_wconf 78' lang='lat' dir='ltr'><strong>exempla-</strong></span> 
     </span>
    </p>
   </div>
   <div class='ocr_carea' id='block_1_113' title="bbox 2244 5121 3813 5192">
    <p class='ocr_par' dir='ltr' id='par_1_113' title="bbox 2244 5121 3813 5192">
     <span class='ocr_line' id='line_1_113' title="bbox 2244 5121 3813 5192; baseline -0.001 -18"><span class='ocrx_word' id='word_1_859' title='bbox 2244 5121 2434 5192; x_wconf 86' lang='lat' dir='ltr'><strong>ribus,</strong></span> <span class='ocrx_word' id='word_1_860' title='bbox 2492 5131 2874 5192; x_wconf 83' lang='lat' dir='ltr'><strong>argumentum</strong></span> <span class='ocrx_word' id='word_1_861' title='bbox 2932 5122 3083 5175; x_wconf 83' lang='lat' dir='ltr'><strong>elicit</strong></span> <span class='ocrx_word' id='word_1_862' title='bbox 3131 5121 3396 5177; x_wconf 88' lang='lat' dir='ltr'><strong>adversus</strong></span> <span class='ocrx_word' id='word_1_863' title='bbox 3439 5123 3813 5192; x_wconf 11' lang='lat' dir='ltr'><strong>Arium‘atqse</strong></span> 
     </span>
    </p>
   </div>
   <div class='ocr_carea' id='block_1_114' title="bbox 2244 5188 3812 5263">
    <p class='ocr_par' dir='ltr' id='par_1_114' title="bbox 2244 5188 3812 5263">
     <span class='ocr_line' id='line_1_114' title="bbox 2244 5188 3812 5263; baseline -0.004 -16"><span class='ocrx_word' id='word_1_864' title='bbox 2244 5188 2582 5248; x_wconf 69' lang='lat' dir='ltr'><strong>Eunomiunf</strong></span> <span class='ocrx_word' id='word_1_865' title='bbox 2607 5211 2620 5246; x_wconf 92' lang='lat'><strong>:</strong></span> <span class='ocrx_word' id='word_1_866' title='bbox 2646 5262 2653 5263; x_wconf 15' lang='grc' dir='ltr'>ί</span> <span class='ocrx_word' id='word_1_867' title='bbox 2677 5193 2878 5263; x_wconf 85' lang='lat' dir='ltr'><strong>quibus</strong></span> <span class='ocrx_word' id='word_1_868' title='bbox 2914 5194 3103 5262; x_wconf 89' lang='lat' dir='ltr'><strong>utique</strong></span> <span class='ocrx_word' id='word_1_869' title='bbox 3136 5199 3208 5263; x_wconf 12' lang='lat' dir='ltr'><strong>int</strong></span> <span class='ocrx_word' id='word_1_870' title='bbox 3252 5191 3414 5262; x_wconf 88' lang='lat' dir='ltr'><strong>hujus</strong></span> <span class='ocrx_word' id='word_1_871' title='bbox 3460 5190 3679 5263; x_wconf 78' lang='lat' dir='ltr'><strong>rationis</strong></span> <span class='ocrx_word' id='word_1_872' title='bbox 3718 5188 3812 5263; x_wconf 69' lang='lat' dir='ltr'><strong>vim</strong></span> 
     </span>
    </p>
   </div>
   <div class='ocr_carea' id='block_1_115' title="bbox 2244 5258 3811 5335">
    <p class='ocr_par' dir='ltr' id='par_1_115' title="bbox 2244 5258 3811 5335">
     <span class='ocr_line' id='line_1_115' title="bbox 2244 5258 3811 5335; baseline -0.001 -20"><span class='ocrx_word' id='word_1_873' title='bbox 2244 5264 2534 5335; x_wconf 80' lang='lat' dir='ltr'><strong>elidercut,</strong></span> <span class='ocrx_word' id='word_1_874' title='bbox 2568 5258 2902 5329; x_wconf 79' lang='lat' dir='ltr'><strong>sufﬁciebat,</strong></span> <span class='ocrx_word' id='word_1_875' title='bbox 2922 5264 2977 5335; x_wconf 71' lang='lat' dir='ltr'><strong>si</strong></span> <span class='ocrx_word' id='word_1_876' title='bbox 3007 5258 3150 5335; x_wconf 65' lang='lat' dir='ltr'><strong>apud</strong></span> <span class='ocrx_word' id='word_1_877' title='bbox 3184 5258 3421 5320; x_wconf 76' lang='lat' dir='ltr'><strong>Marcum</strong></span> <span class='ocrx_word' id='word_1_878' title='bbox 3447 5262 3641 5335; x_wconf 65' lang='lat' dir='ltr'><strong>eadem</strong></span> <span class='ocrx_word' id='word_1_879' title='bbox 3662 5258 3811 5335; x_wconf 56' lang='lat' dir='ltr'><strong>habe;</strong></span> 
     </span>
    </p>
   </div>
   <div class='ocr_carea' id='block_1_116' title="bbox 2245 5326 3815 5404">
    <p class='ocr_par' dir='ltr' id='par_1_116' title="bbox 2245 5326 3815 5404">
     <span class='ocr_line' id='line_1_116' title="bbox 2245 5326 3815 5404; baseline -0.003 -17"><span class='ocrx_word' id='word_1_880' title='bbox 2245 5332 2466 5390; x_wconf 88' lang='lat' dir='ltr'><strong>bantur.</strong></span> <span class='ocrx_word' id='word_1_881' title='bbox 2512 5326 2669 5404; x_wconf 86' lang='lat' dir='ltr'><strong>Quod</strong></span> <span class='ocrx_word' id='word_1_882' title='bbox 2698 5326 2896 5389; x_wconf 25' lang='lat' dir='ltr'><strong>autem.</strong></span> <span class='ocrx_word' id='word_1_883' title='bbox 2920 5326 3185 5389; x_wconf 78' lang='lat' dir='ltr'><strong>Erasmus</strong></span> <span class='ocrx_word' id='word_1_884' title='bbox 3213 5335 3266 5390; x_wconf 92' lang='lat' dir='ltr'><strong>in</strong></span> <span class='ocrx_word' id='word_1_885' title='bbox 3307 5336 3561 5391; x_wconf 87' lang='lat' dir='ltr'><strong>eumdem</strong></span> <span class='ocrx_word' id='word_1_886' title='bbox 3599 5326 3815 5404; x_wconf 66' lang='lat' dir='ltr'><strong>Matthxi</strong></span> 
     </span>
    </p>
   </div>
   <div class='ocr_carea' id='block_1_117' title="bbox 2243 5401 3813 5476">
    <p class='ocr_par' dir='ltr' id='par_1_117' title="bbox 2243 5401 3813 5476">
     <span class='ocr_line' id='line_1_117' title="bbox 2243 5401 3813 5476; baseline -0.003 -18"><span class='ocrx_word' id='word_1_887' title='bbox 2243 5404 2422 5476; x_wconf 87' lang='lat' dir='ltr'><strong>locum</strong></span> <span class='ocrx_word' id='word_1_888' title='bbox 2445 5401 2694 5461; x_wconf 80' lang='lat' dir='ltr'><strong>autumat</strong></span> <span class='ocrx_word' id='word_1_889' title='bbox 2709 5405 2807 5461; x_wconf 80' lang='lat' dir='ltr'><strong>has</strong></span> <span class='ocrx_word' id='word_1_890' title='bbox 2832 5404 2980 5476; x_wconf 89' lang='lat' dir='ltr'><strong>ipsas</strong></span> <span class='ocrx_word' id='word_1_891' title='bbox 2999 5420 3165 5462; x_wconf 88' lang='lat' dir='ltr'><strong>voces</strong></span> <span class='ocrx_word' id='word_1_892' title='bbox 3188 5422 3220 5462; x_wconf 89' lang='lat' dir='ltr'><strong>e</strong></span> <span class='ocrx_word' id='word_1_893' title='bbox 3240 5415 3391 5462; x_wconf 81' lang='lat' dir='ltr'><strong>textu</strong></span> <span class='ocrx_word' id='word_1_894' title='bbox 3406 5404 3633 5462; x_wconf 57' lang='lat' dir='ltr'><strong>Matthxi</strong></span> <span class='ocrx_word' id='word_1_895' title='bbox 3650 5401 3813 5476; x_wconf 77' lang='lat' dir='ltr'><strong>subla-</strong></span> 
     </span>
    </p>
   </div>
   <div class='ocr_carea' id='block_1_118' title="bbox 2242 5474 3816 5547">
    <p class='ocr_par' dir='ltr' id='par_1_118' title="bbox 2242 5474 3816 5547">
     <span class='ocr_line' id='line_1_118' title="bbox 2242 5474 3816 5547; baseline -0.003 -17"><span class='ocrx_word' id='word_1_896' title='bbox 2242 5484 2327 5531; x_wconf 89' lang='lat' dir='ltr'><strong>tas</strong></span> <span class='ocrx_word' id='word_1_897' title='bbox 2359 5475 2551 5543; x_wconf 80' lang='lat' dir='ltr'><strong>fuisse,</strong></span> <span class='ocrx_word' id='word_1_898' title='bbox 2577 5492 2702 5533; x_wconf 93' lang='lat' dir='ltr'><strong>cum</strong></span> <span class='ocrx_word' id='word_1_899' title='bbox 2726 5493 2755 5532; x_wconf 87' lang='lat' dir='ltr'><strong>a</strong></span> <span class='ocrx_word' id='word_1_900' title='bbox 2781 5474 2965 5533; x_wconf 84' lang='lat' dir='ltr'><strong>Marco</strong></span> <span class='ocrx_word' id='word_1_901' title='bbox 2988 5477 3234 5547; x_wconf 85' lang='lat' dir='ltr'><strong>ejusdem</strong></span> <span class='ocrx_word' id='word_1_902' title='bbox 3264 5477 3503 5534; x_wconf 65' lang='lat' dir='ltr'><strong>Matthazi</strong></span> <span class='ocrx_word' id='word_1_903' title='bbox 3531 5474 3816 5547; x_wconf 71' lang='lat' dir='ltr'><strong>breviatum</strong></span> 
     </span>
    </p>
   </div>
   <div class='ocr_carea' id='block_1_119' title="bbox 2237 5546 3813 5620">
    <p class='ocr_par' dir='ltr' id='par_1_119' title="bbox 2237 5546 3813 5620">
     <span class='ocr_line' id='line_1_119' title="bbox 2237 5546 3813 5620; baseline -0.003 -18"><span class='ocrx_word' id='word_1_904' title='bbox 2237 5548 2575 5620; x_wconf 75' lang='lat' dir='ltr'><strong>referantur;</strong></span> <span class='ocrx_word' id='word_1_905' title='bbox 2608 5550 2654 5620; x_wconf 88' lang='lat' dir='ltr'><strong>is</strong></span> <span class='ocrx_word' id='word_1_906' title='bbox 2685 5550 2882 5604; x_wconf 85' lang='lat' dir='ltr'><strong>merito</strong></span> <span class='ocrx_word' id='word_1_907' title='bbox 2912 5546 3337 5620; x_wconf 78' lang='lat' dir='ltr'><strong>reprehenditur</strong></span> <span class='ocrx_word' id='word_1_908' title='bbox 3362 5565 3392 5604; x_wconf 85' lang='lat' dir='ltr'><strong>a</strong></span> <span class='ocrx_word' id='word_1_909' title='bbox 3423 5547 3605 5620; x_wconf 85' lang='lat' dir='ltr'><strong>Grotio</strong></span> <span class='ocrx_word' id='word_1_910' title='bbox 3631 5546 3684 5599; x_wconf 91' lang='lat' dir='ltr'><strong>in</strong></span> <span class='ocrx_word' id='word_1_911' title='bbox 3704 5554 3813 5620; x_wconf 71' lang='lat' dir='ltr'><strong>eum</strong></span> 
     </span>
    </p>
   </div>
   <div class='ocr_carea' id='block_1_120' title="bbox 2238 5612 3813 5690">
    <p class='ocr_par' dir='ltr' id='par_1_120' title="bbox 2238 5612 3813 5690">
     <span class='ocr_line' id='line_1_120' title="bbox 2238 5612 3813 5690; baseline -0.001 -18"><span class='ocrx_word' id='word_1_912' title='bbox 2238 5617 2421 5690; x_wconf 74' lang='lat' dir='ltr'><strong>locum</strong></span> <span class='ocrx_word' id='word_1_913' title='bbox 2444 5661 2460 5685; x_wconf 93' lang='lat'><strong>,</strong></span> <span class='ocrx_word' id='word_1_914' title='bbox 2496 5612 2720 5676; x_wconf 83' lang='lat' dir='ltr'><strong>easdem</strong></span> <span class='ocrx_word' id='word_1_915' title='bbox 2761 5624 2943 5690; x_wconf 89' lang='lat' dir='ltr'><strong>potius</strong></span> <span class='ocrx_word' id='word_1_916' title='bbox 2971 5612 3041 5676; x_wconf 78' lang='lat' dir='ltr'><strong>ex</strong></span> <span class='ocrx_word' id='word_1_917' title='bbox 3076 5620 3259 5676; x_wconf 79' lang='lat' dir='ltr'><strong>Marco</strong></span> <span class='ocrx_word' id='word_1_918' title='bbox 3287 5625 3341 5676; x_wconf 91' lang='lat' dir='ltr'><strong>in</strong></span> <span class='ocrx_word' id='word_1_919' title='bbox 3369 5619 3667 5677; x_wconf 65' lang='lat' dir='ltr'><strong>Mattbmum</strong></span> <span class='ocrx_word' id='word_1_920' title='bbox 3695 5629 3727 5690; x_wconf 84' lang='lat' dir='ltr'><strong>a_</strong></span> <span class='ocrx_word' id='word_1_921' title='bbox 3755 5612 3813 5667; x_wconf 83' lang='lat' dir='ltr'><strong>li-</strong></span> 
     </span>
    </p>
   </div>
   <div class='ocr_carea' id='block_1_121' title="bbox 2238 5685 3815 5816">
    <p class='ocr_par' dir='ltr' id='par_1_121' title="bbox 2238 5685 3815 5816">
     <span class='ocr_line' id='line_1_121' title="bbox 2238 5685 3815 5816; baseline 0.002 -73"><span class='ocrx_word' id='word_1_922' title='bbox 2238 5688 2439 5816; x_wconf 43' lang='lat' dir='ltr'><strong>iératriis</strong></span> <span class='ocrx_word' id='word_1_923' title='bbox 2467 5685 2777 5816; x_wconf 55' lang='lat' dir='ltr'><strong>ltraqslatas&#39;</strong></span> <span class='ocrx_word' id='word_1_924' title='bbox 2812 5691 3144 5748; x_wconf 80' lang='lat' dir='ltr'><strong>afﬁrmante.</strong></span> <span class='ocrx_word' id='word_1_925' title='bbox 3184 5692 3293 5750; x_wconf 91' lang='lat' dir='ltr'><strong>Sed</strong></span> <span class='ocrx_word' id='word_1_926' title='bbox 3336 5694 3511 5765; x_wconf 85' lang='lat' dir='ltr'><strong>ipsum</strong></span> <span class='ocrx_word' id='word_1_927' title='bbox 3549 5685 3815 5746; x_wconf 70' lang='lat' dir='ltr'><strong>c0nsuler¢</strong></span> 
     </span>
     <span class='ocr_line' id='line_1_122' title="bbox 2292 5776 2619 5816; baseline 0.003 -1"><span class='ocrx_word' id='word_1_928' title='bbox 2292 5776 2320 5815; x_wconf 92' lang='lat' dir='ltr'><strong>c</strong></span> <span class='ocrx_word' id='word_1_929' title='bbox 2350 5776 2431 5816; x_wconf 89' lang='lat' dir='ltr'><strong>Ol&#39;l</strong></span> <span class='ocrx_word' id='word_1_930' title='bbox 2490 5777 2569 5816; x_wconf 82' lang='lat' dir='ltr'><strong>tce.</strong></span> <span class='ocrx_word' id='word_1_931' title='bbox 2604 5801 2619 5816; x_wconf 94' lang='lat'><strong>.</strong></span> 
     </span>
    </p>
   </div>
   <div class='ocr_carea' id='block_1_122' title="bbox 2258 5765 2619 5817">
    <p class='ocr_par' dir='ltr' id='par_1_122' title="bbox 2258 5765 2619 5817">
     <span class='ocr_line' id='line_1_123' title="bbox 2258 5765 2619 5817; baseline 0.003 -1"><span class='ocrx_word' id='word_1_932' title='bbox 2258 5765 2431 5816; x_wconf 90' lang='lat' dir='ltr'><strong>ectori</strong></span> <span class='ocrx_word' id='word_1_933' title='bbox 2467 5765 2619 5817; x_wconf 89' lang='lat' dir='ltr'><strong>licet.</strong></span> 
     </span>
    </p>
   </div>
   <div class='ocr_carea' id='block_1_123' title="bbox 2313 5831 3809 5910">
    <p class='ocr_par' dir='ltr' id='par_1_123' title="bbox 2313 5831 3809 5910">
     <span class='ocr_line' id='line_1_124' title="bbox 2313 5831 3809 5910; baseline -0.001 -22"><span class='ocrx_word' id='word_1_934' title='bbox 2313 5842 2337 5870; x_wconf 72' lang='grc' dir='ltr'>ε</span> <span class='ocrx_word' id='word_1_935' title='bbox 2352 5831 2515 5890; x_wconf 81' lang='lat' dir='ltr'><strong>Rom.</strong></span> <span class='ocrx_word' id='word_1_936' title='bbox 2532 5834 2669 5892; x_wconf 91' lang='lat' dir='ltr'><strong>edit.</strong></span> <span class='ocrx_word' id='word_1_937' title='bbox 2684 5834 2826 5904; x_wconf 81' lang='lat' dir='ltr'><strong>sol&#39;a,</strong></span> <span class='ocrx_word' id='word_1_938' title='bbox 2841 5836 3203 5908; x_wconf 75' lang='lat' dir='ltr'><strong>imprudentia:</strong></span> <span class='ocrx_word' id='word_1_939' title='bbox 3215 5837 3604 5910; x_wconf 71' lang='lat' dir='ltr'><strong>assumptione»:</strong></span> <span class='ocrx_word' id='word_1_940' title='bbox 3615 5835 3809 5887; x_wconf 61' lang='lat' dir='ltr'><strong>nostra.</strong></span> 
     </span>
    </p>
   </div>
  </div>
