4016 6292
212 277 309 335 089

1554 275 1643 332 DE
1683 275 1842 333 FIDE
1881 274 2010 332 LIB.
2054 277 2118 333 V.

3383 278 3492 336 690

155 383 163 391 ’
210 393 524 465 gubernator
553 397 716 459 quota
757 387 936 458 vigilia
970 387 1231 459 procedat
1259 397 1284 426 α
1310 389 1597 456 Arcturus,
1621 391 1783 463 587
1813 393 1867 453 Λ
1891 391 1992 458 ria,
2011 403 2070 447 ut
2098 404 2284 449 nostro
2308 407 2410 450 usu
2435 393 2646 464 loquar,
2664 393 2786 450 vilia
2810 404 2864 449 et
2885 395 3077 468 exigua
3102 398 3345 461 nescire;
3370 413 3492 454 nam

207 487 385 561 quales
414 493 566 540 ortus
603 484 855 554 exploret
875 483 1124 549 Orionis;
1156 499 1261 538 non
1299 492 1481 540 tamen
1507 483 1535 522 δ
1561 486 1785 556 colliga-

205 581 370 636 tiones
395 575 768 646 Vergiliarum,
804 584 1234 647 caeterarumque
1256 577 1536 632 stellarum
1568 588 1660 632 aut
1690 594 1784 632 nu-

204 686 399 728 merum
414 670 583 735 novit,
603 679 695 723 aut
718 669 959 734 nomina,
981 669 1121 723 sicut
1143 669 1255 734 ille,
1276 669 1375 735 Qui
1396 680 1629 724 numerat
1650 671 1785 724 mut-

203 766 455 823 titudinem
479 765 769 826 stellarum,
803 773 850 818 et
883 763 1115 818 munibus
1135 762 1217 817 his
1240 765 1452 817 nomina
1480 773 1623 818 vocat
1650 763 1780 835 (Ps.

199 876 364 921 CXLVI,
389 857 458 929 4)
499 874 514 912 :
544 873 704 928 quem
745 856 932 928 utique
960 871 1070 912 non
1103 856 1234 911 fallit
1265 858 1449 928 operis
1477 857 1558 912 sui
1587 857 1778 910 virtus.

265 954 382 1011 197.
423 950 705 1021 Quomodo
753 950 897 1006 enim
944 950 1109 1004 vultis
1141 949 1256 1005 haec
1303 948 1498 1005 fecisse
1549 948 1642 1005 Dei
1694 949 1781 1004 Fi-

197 1045 359 1100 lium?
401 1043 667 1114 Numquid
719 1043 875 1114 quasi
910 1053 932 1080 ο
966 1041 1224 1097 annulum
1253 1083 1267 1108 ,
1321 1042 1412 1110 qui
1461 1057 1565 1095 non
1615 1041 1781 1096 sentit

194 1136 327 1207 quod
358 1137 652 1206 exprimit?
678 1135 784 1192 Sed
813 1135 996 1190 omnia
1022 1133 1048 1172 ιι
1082 1135 1132 1190 in
1167 1135 1431 1204 sapientia
1463 1135 1625 1190 Pater
1655 1133 1781 1189 fecit

194 1234 366 1309 (Psal.
393 1249 508 1301 CIII,
536 1233 663 1304 24),
697 1232 748 1288 id
781 1241 887 1297 est,
913 1231 1097 1287 omnia
1139 1246 1234 1301 per
1279 1230 1475 1285 Filium
1511 1229 1658 1295 fecit,
1688 1231 1779 1299 qui

192 1337 270 1383 est
291 1328 457 1383 virtus
497 1325 592 1382 Dei
639 1335 694 1382 et
737 1323 1002 1397 sapientia
1027 1323 1079 1396 (l
1108 1322 1228 1378 Cor.
1252 1339 1292 1388 ι,
1320 1321 1426 1393 24)
1455 1340 1468 1377 :
1497 1321 1778 1392 sapientia:

189 1433 358 1479 autem
401 1420 454 1476 id
493 1420 782 1485 convenit,
809 1429 868 1474 ut
902 1434 1124 1474 suorum
1177 1433 1404 1488 operum
1449 1427 1504 1472 et
1549 1417 1778 1474 virtutes

190 1517 325 1572 norit
352 1525 404 1571 et
433 1530 646 1570 causas.
679 1513 750 1570 Et
777 1513 899 1569 ideo
943 1530 1049 1568 non
1085 1513 1257 1583 potuit
1285 1523 1504 1568 creator
1531 1512 1775 1567 omnium

189 1610 428 1681 ignorare
459 1607 603 1680 quod
633 1607 782 1674 fecit,
815 1607 1026 1663 nescire
1055 1606 1200 1679 quod
1246 1607 1362 1678 ipse
1388 1605 1647 1663 donavit:
1680 1622 1777 1662 no.

186 1706 257 1760 vit
284 1719 411 1775 ergo
443 1702 586 1758 diem
615 1718 774 1774 quem
804 1701 950 1757 fecit.

1892 500 2014 538 cum
2049 487 2305 556 potentia:
2325 486 2396 542 sit
2419 486 2560 541 scire
2585 502 2704 558 quae
2733 486 2967 541 maxima
3000 497 3148 552 sunt,
3178 486 3493 557 despexisse

1890 578 2060 648 magis
2106 578 2318 635 videtur
2368 578 2656 650 degeneris
2704 579 2888 650 operis
2917 579 3203 634 vilitatem.
3253 579 3498 636 Fastidio

1889 671 2050 740 igitur
2081 672 2366 728 absolutus
2411 684 2492 728 est
2510 710 2528 740 -,
2572 688 2676 728 non
2711 683 2981 744 petestate
3005 673 3302 730 fraudatus.

1959 765 2085 820 201.
2125 766 2279 836 Quod
2330 766 2377 821 si
2420 783 2674 839 magnum
2723 778 2779 824 et
2823 784 3095 824 summum
3157 769 3492 825 arbitrantur

1885 859 2026 914 scire
2049 859 2240 929 judicii
2273 861 2440 928 diem,
2474 861 2657 916 dicant
2686 861 2815 933 quid
2847 864 2956 917 Deo
2988 861 3151 918 Patre
3187 862 3364 933 majus
3394 873 3488 918 aut

1886 953 2082 1008 melius
2113 954 2203 1008 sit.
2247 954 2462 1010 Patrem
2521 957 2683 1027 igitur
2713 956 2883 1012 Deum
2928 955 3098 1022 novit,
3134 964 3192 1010 ut
3224 957 3338 1028 ipse
3375 957 3487 1011 ait:

1887 1043 2055 1100 Nemo
2087 1048 2224 1100 navit
2266 1046 2478 1103 Patrem
2506 1049 2606 1103 nisi
2633 1047 2829 1110 Filius.
2871 1059 2918 1104 et
2954 1050 3036 1104 cui
3061 1050 3277 1104 uoluerit
3319 1045 3490 1104 Filius

1882 1141 2107 1196 revelare
2138 1139 2366 1213 (Matth.
2411 1158 2487 1208 xt,
2517 1139 2586 1196 27
2607 1141 2648 1213 ).
2681 1141 2930 1208 Patrem,
2967 1143 3206 1212 inquam,
3239 1142 3385 1198 novit
3435 1151 3490 1197 et

1883 1234 2024 1290 diem
2072 1236 2281 1291 nescit?
2327 1236 2419 1292 Sic
2470 1252 2598 1308 ergo
2648 1237 2871 1294 creditis
2918 1239 3084 1312 588
3111 1239 3238 1309 quia
3264 1237 3484 1294 Patrem

1882 1329 2107 1393 revelat,
2138 1339 2193 1383 et
2231 1328 2374 1385 diem
2407 1345 2516 1384 non
2549 1339 2726 1401 potest
2750 1331 3029 1386 revelare?

1951 1421 2077 1477 202.
2120 1422 2326 1479 Deinde
2349 1424 2476 1494 quia
2501 1425 2704 1494 gradus
2727 1425 2990 1496 quosdam
3043 1424 3223 1481 facitis
3244 1436 3353 1492 ;‘nt
3385 1425 3486 1480 Pa-

1881 1526 2020 1571 trem
2052 1516 2229 1584 Filio,
2273 1517 2471 1573 Filium
2514 1517 2739 1586 Spiritui
2785 1519 3116 1590 praeleratis;
3157 1517 3322 1573 dicite
3353 1518 3483 1572 mihi

1881 1616 2062 1665 utrum
2103 1610 2341 1682 Spiritus
2385 1620 2609 1666 sanctus
2659 1612 2876 1666 noverit
2912 1610 3098 1682 judicii
3131 1611 3309 1674 diem;
3350 1611 3485 1664 niliil

1879 1703 2024 1758 enim
2055 1703 2124 1760 de
2146 1720 2211 1759 eo
2247 1705 2508 1774 scriptum
2535 1713 2618 1759 est
2646 1703 2748 1759 lioc
2779 1705 2921 1759 loco.
2956 1703 3173 1772 Negatis
3210 1702 3482 1776 profecto.

253 1793 371 1852 198.
397 1794 504 1851 Sed
534 1793 694 1862 dicis,
720 1794 846 1865 quia
877 1804 1200 1865 praesentem
1231 1794 1404 1861 novit,
1437 1794 1612 1848 nescit
1639 1793 1778 1848 lutu-
1810 1793 1856 1851 B
1881 1797 2022 1866 Quid
2049 1797 2094 1852 si
2123 1796 2297 1853 doceo
2322 1797 2464 1868 quod
2497 1797 2744 1852 noverit?
2774 1796 2998 1852 Lectum
3027 1807 3112 1850 est
3150 1798 3294 1851 enim
3323 1817 3336 1850 :
3373 1795 3488 1850 Νο-

184 1907 319 1947 rum.
344 1890 497 1946 Licet
526 1890 706 1959 inepta
734 1890 803 1944 sit
837 1888 1158 1959 propositio,
1189 1896 1368 1944 tamen
1394 1896 1452 1941 ut
1483 1887 1552 1942 de
1583 1886 1773 1956 Scrip-

185 1986 317 2041 tnris
341 1983 670 2040 satisfaciam
696 1982 814 2048 tibi,
844 1981 992 2038 disce
1015 1982 1140 2052 quia
1168 1997 1274 2037 non
1298 1981 1472 2035 solum
1503 1980 1773 2050 praeterita

182 2079 322 2145 fecit,
355 2078 450 2134 sed
475 2077 638 2133 etiam
670 2091 789 2148 qua:
819 2075 994 2130 futura
1025 2083 1170 2139 sunt,
1201 2074 1340 2129 sicut
1365 2072 1626 2144 scriptum
1650 2081 1772 2127 est:

1877 1888 1954 1943 bis
1975 1899 2147 1942 autem
2179 1891 2418 1944 reuelauit
2446 1889 2588 1945 Deus
2615 1907 2707 1960 per
2736 1889 2991 1961 Spiritum
3031 1906 3218 1955 suum;
3248 1888 3483 1959 Spiritus

1875 1984 2009 2038 enim
2043 1985 2214 2039 omnia
2254 1995 2532 2051 scrutatur,
2565 1986 2724 2040 etiam
2759 1985 2865 2039 alta
2893 1983 2992 2040 Dei
3029 1983 3085 2055 (Ι
3113 1981 3235 2038 Cor.
3266 1999 3326 2045 tl.
3354 1981 3478 2053 10).

1877 2076 2068 2146 Utique
2093 2078 2219 2148 quia
2266 2079 2371 2133 alta
2418 2079 2513 2134 Dei
2556 2087 2869 2142 scrutatur,
2909 2093 3032 2134 cum
3075 2077 3221 2132 Deus
3265 2075 3482 2131 noverit

185 2171 279 2240 Qui
300 2172 418 2242 fecit
443 2186 561 2241 quae
586 2170 874 2224 aduentura
892 2177 1010 2222 sunt
1035 2166 1215 2238 (Esai.
1243 2181 1370 2233 ην,
1397 2162 1521 2236 11).
1552 2164 1618 2218 Et
1643 2163 1772 2218 alibi
1871 2168 2060 2239 judicii
2092 2169 2260 2234 diem,
2287 2171 2449 2225 etiam
2479 2170 2714 2240 Spiritus
2741 2170 2908 2224 novit.
2939 2169 3098 2223 Novit
3127 2169 3270 2222 enim
3299 2167 3480 2221 omnia

179 2266 250 2320 ait
276 2265 556 2336 Scriptura
585 2281 598 2318 :
628 2262 729 2317 Per
750 2279 897 2332 quem
931 2271 977 2314 et
999 2265 1135 2332 facta
1159 2259 1506 2323 snntswcula,
1531 2256 1773 2327 splendor

175 2369 246 2414 est
271 2359 467 2430 glorise,
496 2366 543 2412 et
574 2358 840 2411 character
862 2353 1165 2410 substantia:
1189 2354 1300 2424 ejus
1325 2350 1512 2422 (Hebr.
1544 2366 1582 2416 ι,
1609 2349 1662 2414 2,
1690 2349 1768 2421 5).

177 2451 376 2508 Sascula
399 2451 548 2505 enim
573 2458 628 2506 et
651 2448 924 2520 praeterita
952 2455 1006 2502 et
1029 2446 1312 2517 prmsentia
1342 2453 1397 2499 et
1425 2444 1598 2498 futura
1621 2451 1765 2497 sunt.

175 2542 451 2610 Quomodo
478 2557 615 2613 ergo
646 2540 787 2596 facta
811 2548 936 2594 sunt
963 2553 1082 2609 qua:
1111 2536 1287 2591 futura
1317 2544 1473 2602 sunt;
1514 2535 1615 2589 nisi
1645 2535 1768 2602 quia

173 2637 474 2706 operatoria
512 2635 684 2689 virtus
709 2642 765 2688 et
795 2631 1020 2686 scientia
1044 2627 1461 2699 comprehendit
1484 2642 1768 2682 numerum

172 2730 406 2784 omnium
433 2726 802 2784 saeculorum?
820 2725 968 2780 Sicut
991 2726 1134 2778 enim
1160 2731 1318 2775 vocat
1336 2735 1456 2790 quas
1483 2735 1589 2774 non
1618 2729 1768 2783 sunt,

169 2833 434 2894 tamquam
466 2837 595 2893 qua:
622 2827 749 2875 sunt
786 2818 982 2890 (liam.
1013 2833 1085 2882 tv,
1123 2815 1222 2887 17)
1251 2834 1264 2870 :
1298 2815 1377 2869 sic
1414 2823 1468 2869 et
1499 2814 1626 2869 fecit
1651 2828 1769 2880 quae

169 2915 341 2971 futura
365 2925 520 2984 sunt,
553 2925 828 2986 tamquam
857 2929 974 2984 qua:
1001 2914 1145 2978 sint;
1173 2920 1196 2946 θ
1225 2911 1350 2981 quia
1379 2925 1484 2964 non
1507 2909 1770 2979 contingit

171 3020 228 3065 ut
257 3028 361 3066 nun
392 3012 531 3076 sint,
578 3009 674 3066 sed
724 3008 1037 3064 necessario
1084 3013 1210 3060 sunt
1241 3004 1416 3060 futura
1440 3046 1455 3069 ,
1501 3019 1621 3074 qure
1646 3018 1769 3058 esse

171 3107 444 3178 prmeepit.
478 3107 624 3176 Ergo
649 3103 742 3174 qui
772 3103 896 3159 fecit
926 3116 1045 3172 qua:
1076 3098 1252 3154 futura
1292 3106 1440 3162 sunt,
1474 3115 1540 3152 eo
1565 3111 1769 3167 genere

173 3215 280 3270 quo
304 3211 426 3256 sunt
453 3201 636 3255 futura
663 3196 937 3269 cognovit.

249 3293 367 3349 199.
407 3294 466 3350 Si
496 3293 607 3349 hoc
653 3292 722 3348 de
761 3290 1012 3358 szeculis,
1065 3290 1234 3344 multo
1282 3287 1454 3356 magis
1481 3286 1550 3341 de
1575 3285 1768 3356 judicii

170 3386 494 3442 credendum
550 3395 636 3442 est
670 3386 791 3451 die;
825 3400 890 3440 eo
919 3383 1062 3455 quod
1109 3381 1472 3451 cognitionem
1513 3379 1631 3448 ejus
1675 3379 1769 3432 lia-

169 3477 288 3534 lieat
314 3479 410 3536 Dei
436 3480 613 3536 Filius
643 3490 912 3550 tamquam
944 3493 971 3530 a
999 3491 1060 3532 se
1082 3475 1192 3545 jam
1226 3474 1415 3539 factae;
1446 3473 1569 3542 quia
1599 3472 1770 3541 scrip-

164 3581 274 3627 luin
307 3585 391 3629 est
429 3593 444 3628 :
479 3573 836 3644 Dispositione
875 3580 966 3626 tua
1006 3567 1024 3607 τ
1058 3567 1373 3640 permanebit
1424 3567 1532 3622 dies
1573 3565 1766 3636 (Psal.

164 3678 352 3728 cxvnt,
391 3665 534 3736 01).
580 3663 690 3720 Nec
731 3663 905 3718 solum
950 3668 1233 3734 permanet
1279 3659 1448 3724 dixit,
1482 3658 1576 3714 sed
1603 3659 1768 3714 etiam

161 3759 516 3828 permanebit;
551 3767 607 3814 ut
650 3757 768 3828 ejus
790 3756 1148 3827 dispositione
1191 3771 1311 3826 qua:
1348 3763 1573 3808 ventura
1619 3762 1766 3820 sunt,

159 3851 559 3924 gubernentnr.
591 3852 723 3921 Quae
753 3851 1018 3922 disposuit
1073 3865 1240 3920 ergo,
1285 3864 1390 3902 non
1423 3848 1619 3902 novit?
1666 3848 1770 3916 Qui

158 3946 408 4018 plantavit
455 3964 662 4011 aurem,
700 3963 802 4000 non
843 3945 1058 3999 audiet?
1085 3944 1343 4016 qui/ﬁnxit
1375 3943 1618 4009 oculum,
1667 3960 1769 3998 non

158 4038 448 4092 considerat
482 4037 673 4110 (Psal.
708 4053 856 4100 scut,
890 4035 993 4108 9)?

223 4130 350 4186 200.
395 4131 700 4187 Videamus
728 4140 908 4186 tamen
948 4148 1013 4184 ne
1043 4129 1170 4201 quid
1205 4129 1342 4184 forte
1374 4144 1627 4200 magnum
1674 4129 1764 4194 sit,

155 4223 295 4290 quod
325 4235 643 4279 creatorem
671 4238 828 4277 suum
877 4223 1110 4291 potuerit
1138 4221 1450 4292 praeterire;
1494 4232 1547 4277 et
1589 4230 1766 4277 tamen

155 4314 358 4386 eligunt
395 4325 583 4370 utrum
617 4315 770 4386 quasi
822 4329 1077 4384 maguum
1109 4312 1312 4381 aliquid
1344 4323 1396 4368 et
1425 4314 1768 4383 praestantius

157 4417 342 4476 putent
371 4423 504 4464 esse
535 4424 696 4479 qnam
730 4416 924 4462 caetera
958 4425 970 4459 :
997 4423 1065 4460 an
1110 4405 1262 4475 quasi
1295 4406 1576 4460 minimum
1605 4415 1769 4476 atque

153 4501 426 4573 abjectum
442 4503 468 4556 ?
491 4502 550 4557 Si
581 4502 864 4556 minimum
886 4509 1047 4571 atque
1070 4499 1365 4570 abjectutn,
1384 4515 1491 4555 non
1510 4509 1595 4556 est
1627 4500 1770 4572 inju-

224 4691 248 4719 ο
279 4684 596 4746 Arcturus,
628 4682 718 4753 qui
757 4691 811 4736 et
848 4682 1048 4736 Bootes
1089 4690 1144 4736 et
1186 4680 1558 4752 ArctOphylax
1604 4696 1768 4735 voca-
1791 4690 1847 4750 Β

152 4764 262 4820 tur,
310 4755 677 4810 constellatio
707 4753 1150 4822 septentrionalis
1171 4794 1187 4817 ,
1224 4756 1454 4820 primum
1485 4763 1647 4822 atque
1680 4753 1765 4806 til-

153 4827 345 4881 timnm
382 4842 594 4882 nomen
626 4827 753 4881 hinc
779 4825 1009 4895 adeptus
1039 4832 1145 4887 est,
1173 4825 1318 4890 quod
1347 4833 1499 4878 retro
1526 4834 1580 4876 et
1609 4825 1767 4895 quasi

148 4899 213 4952 ad
242 4900 488 4954 caudam
535 4897 687 4952 Ursa:
724 4894 934 4968 positus
969 4897 1076 4962 sit,
1109 4895 1566 4968 quemadmodum
1599 4894 1766 4948 etiam

151 4971 353 5025 Bootes
387 4969 599 5024 dicitur
637 4967 781 5039 quod
813 4970 966 5038 sequi
1002 4983 1066 5022 ac
1104 4982 1296 5039 regere
1332 4967 1629 5034 plaustrum
1660 4980 1770 5020 ca:-

151 5044 289 5097 leste
321 5042 613 5097 videatur.
641 5038 808 5095 Orion
840 5056 869 5094 a
903 5038 1252 5093 multitudine
1281 5052 1542 5107 aquarum
1573 5052 1770 5091 nomen

147 5114 412 5177 obtinuit,
453 5112 608 5184 quod
642 5111 851 5167 oriatur
898 5111 1119 5184 hiemali
1153 5119 1422 5184 tempore,
1464 5117 1519 5163 et
1559 5110 1772 5184 pluvias

150 5179 635 5257 tempestatesque
664 5185 818 5257 ciere
858 5182 1224 5257 existimetur.
1265 5179 1546 5235 Postremo
1581 5179 1768 5257 Vergi-

148 5257 235 5311 lize
268 5253 305 5310 2.
361 5253 589 5312 Latinis
626 5255 828 5310 idcirco
853 5299 867 5322 ,
916 5254 1058 5322 quod
1101 5268 1231 5307 vere
1272 5263 1448 5307 ortum
1482 5267 1637 5322 suum
1674 5253 1769 5304 lia-

148 5330 356 5394 beant,
406 5329 644 5383 filerunt
676 5321 998 5390 nominatae;
1031 5326 1173 5379 sicut
1201 5335 1256 5380 et
1285 5341 1313 5375 a
1351 5323 1560 5394 Graecis
1595 5321 1770 5394 Pleia-

147 5400 270 5466 des,
304 5393 462 5465 q’uod
502 5400 690 5469 plures
726 5399 886 5452 simul
918 5407 1248 5466 appareant;
1281 5394 1424 5469 unde
1448 5393 1769 5469 Ambrosius

149 5463 347 5529 noster
373 5463 636 5526 nominat
660 5463 1041 5540 colligationes,
1066 5469 1202 5530 sive,
1232 5481 1287 5519 ιιι
1311 5468 1363 5520 in
1385 5482 1514 5519 mss.
1541 5463 1769 5534 quibus-

147 5544 273 5598 dam
303 5544 548 5612 legitur,
584 5538 962 5608 collegiationes
999 5538 1369 5612 Vergiliarum.

223 5616 250 5654 ι)
280 5609 456 5669 Pauci
496 5625 662 5673 ωδε..
694 5612 1073 5680 collegiationes
1109 5609 1478 5682 Vergiliarum.

226 5700 249 5726 ε
285 5684 594 5742 Αιιηυιιιηι
623 5682 994 5753 signatoriuiu
1025 5681 1262 5752 intellige
1290 5724 1304 5747 ,
1337 5682 1427 5751 qui
1459 5695 1778 5753 expressam

154 5760 239 5814 sui
272 5761 325 5811 in
359 5755 523 5812 ceris
552 5754 808 5823 relinquit
840 5752 1153 5818 imaginem.

228 5829 253 5867 ι¹
292 5830 432 5884 Mss.
476 5826 714 5893 aliquot,
753 5831 803 5878 in
845 5824 1094 5893 sapientia
1129 5825 1366 5896 perfecit,
1399 5823 1451 5875 id
1483 5833 1576 5883 est.
1607 5832 1713 5878 etc.

1875 2278 1996 2333 quae
2027 2262 2170 2318 Deus
2215 2263 2402 2324 novit.
2452 2264 2592 2318 sicut
2620 2263 2914 2333 Apostolus
2957 2261 3198 2318 declarat
3243 2260 3476 2316 dicens:

1877 2356 2005 2423 Quis
2031 2358 2165 2412 enint
2196 2359 2290 2412 scit
2313 2357 2579 2412 hominum
2605 2374 2720 2424 qua?
2739 2367 2856 2412 sunt
2893 2357 3140 2422 hominis,
3182 2355 3280 2409 nisi
3317 2355 3481 2426 spiri—

1876 2459 1958 2504 tus
1982 2448 2205 2505 hominis
2225 2451 2382 2521 quiin
2414 2453 2527 2522 ipso
2548 2451 2661 2505 est?
2694 2449 2785 2505 Sic
2818 2459 2864 2504 et
2899 2465 3015 2520 qua:
3036 2448 3133 2502 Dei
3155 2458 3294 2514 sunt,
3330 2463 3479 2501 nemo
3505 2467 3512 2472 ί

1875 2544 2130 2614 cognovit,
2165 2544 2267 2598 nisi
2297 2543 2528 2614 Spiritus
2560 2541 2659 2597 Dei
2689 2541 2888 2614 (Ibid.,
2921 2539 3041 2612 11).
3072 2539 3264 2595 Videte
3288 2540 3473 2610 igitur,

1877 2646 1902 2684 ε
1934 2654 2001 2692 ne
2028 2649 2121 2693 aut
2148 2639 2394 2709 negando
2415 2638 2676 2708 Spiritum
2709 2647 2958 2692 sanctum
2987 2638 3151 2699 scire,
3183 2634 3392 2706 negetis
3425 2643 3480 2687 et

1875 2729 2091 2785 Patrem
2122 2730 2300 2796 scire;
2334 2731 2458 2801 quia
2487 2746 2608 2802 quae
2644 2730 2738 2785 Dei
2790 2739 2948 2793 sunt,
2997 2728 3259 2798 cognovit
3299 2735 3353 2781 ct
3382 2725 3476 2779 Dei

1874 2824 2109 2896 Spiritus
2135 2843 2147 2880 :
2177 2841 2296 2896 qua:
2325 2829 2508 2881 autem
2531 2841 2637 2881 non
2661 2825 2913 2895 cognovit
2954 2823 3191 2893 Spiritus
3214 2821 3335 2886 Dei,
3367 2821 3476 2875 titi-

1873 2933 1981 2988 que
2009 2918 2105 2974 Dei
2142 2933 2247 2974 non
2276 2928 2402 2974 sunt
2430 2937 2442 2972 :
2472 2928 2558 2973 aut
2603 2916 2917 2973 conﬁtendo
2947 2915 3070 2987 quia
3115 2914 3351 2984 Spiritus
3384 2913 3476 2967 Dei

1875 3013 2057 3075 novit,
2103 3011 2245 3080 quod
2292 3009 2502 3082 negatis
2548 3010 2747 3066 Filium
2790 3010 2964 3074 scire,
3008 3019 3199 3063 contra
3237 3014 3472 3061 vestram

1875 3106 2234 3161 assertionem
2277 3105 2543 3176 Spiritum
2575 3104 2716 3160 Filio
2757 3103 3081 3174 prmferatis.
3115 3101 3318 3157 Verum
3365 3117 3472 3155 non

1795 3177 1841 3239 (ἶ
1875 3199 2052 3254 solum
2080 3199 2346 3269 sacrilega
2372 3199 2497 3265 ista,
2529 3199 2624 3254 sed
2648 3200 2809 3254 etiam
2844 3199 3023 3268 inepta
3055 3195 3346 3252 dubitatio.

1945 3292 2070 3348 205.
2102 3293 2252 3347 Nunc
2273 3292 2682 3348 consideremus
2705 3292 2901 3361 quibus
2925 3290 3100 3345 modis
3121 3289 3347 3344 scientia
3364 3288 3476 3343 col-

1874 3384 2097 3456 ligatur,
2143 3394 2199 3441 et
2223 3385 2576 3440 ostendamus
2617 3386 2794 3452 ipsum
2843 3383 3037 3438 Filium
3066 3383 3472 3438 demonstrasse

1872 3479 2018 3549 quod
2043 3487 2098 3534 et
2125 3477 2267 3532 diem
2292 3479 2476 3534 sciret.
2500 3476 2654 3545 Quod
2673 3477 2816 3532 enim
2841 3476 3063 3544 scimus,
3089 3486 3181 3530 aut
3201 3485 3469 3544 tempore,

1873 3581 1966 3624 aut
2013 3569 2156 3635 loco,
2200 3579 2293 3624 aut
2323 3571 2510 3640 signis,
2541 3578 2633 3624 aut
2666 3570 2916 3638 personis
2952 3568 3295 3623 declaramus
3322 3608 3336 3633 ,
3381 3577 3474 3620 aut

1874 3663 2088 3720 ordine.
2109 3663 2405 3732 Quomodo
2442 3663 2606 3734 igitur
2630 3663 2859 3717 nescivit
2882 3661 3068 3732 judicii
3099 3661 3265 3726 diem,
3295 3661 3385 3731 qui
3418 3671 3474 3716 et

1873 3758 2065 3812 horam
2088 3755 2300 3825 judicii,
2324 3765 2378 3810 et
2399 3755 2600 3820 locum,
2624 3764 2680 3810 et
2702 3754 2854 3825 signa
2881 3753 3154 3824 expressit
3180 3761 3235 3807 et
3260 3766 3474 3807 causas.

1943 3851 2072 3906 204.
2106 3851 2347 3920 Denique
2377 3851 2455 3904 sic
2494 3851 2696 3904 habes:
2732 3848 2797 3902 In
2829 3848 2923 3902 illa
2955 3851 3082 3903 hora
3108 3849 3196 3918 qui
3235 3849 3390 3919 fuerit
3419 3849 3473 3901 in

1875 3953 2025 4011 tecto,
2063 3960 2167 3998 non
2211 3943 2483 3997 descendat
2518 3943 2698 3996 tollere
2727 3959 2847 3995 vasa
2879 3943 2941 3996 de
2976 3945 3127 3995 domo
3153 3957 3282 4008 sua;
3314 3952 3362 3996 et
3386 3943 3473 4011 qui

1871 4038 1927 4091 in
1956 4053 2112 4108 agro,
2158 4036 2396 4090 similiter
2425 4052 2525 4090 non
2574 4036 2753 4091 redeat
2799 4045 2934 4089 retro
2965 4033 3129 4106 (an.
3168 4049 3310 4100 xvu,
3343 4034 3471 4104 51).

1872 4127 2128 4198 Eousque
2159 4127 2321 4199 igitur
2360 4126 2668 4182 futurorum
2702 4135 2861 4180 norat
2906 4125 3277 4196 periculorum
3309 4139 3473 4180 even-

1873 4231 1983 4289 tus,
2019 4222 2262 4277 utetiam
2298 4222 2549 4292 prmsidia
2582 4221 3018 4292 periclitantibus
3045 4219 3470 4275 demonstraret.

1883 4327 1886 4330 ‘
1943 4315 2070 4372 9.05.
2103 4317 2184 4371 An
2220 4324 2433 4387 poterat
2456 4316 2722 4370 Dominus
2745 4315 2889 4370 dietn
2921 4315 3192 4386 ignorare,
3223 4314 3313 4383 qui
3357 4315 3473 4384 ipse

1873 4410 1942 4466 de
1971 4425 2030 4466 se
2069 4409 2207 4465 dixit
2250 4411 2376 4481 quia
2410 4409 2581 4465 Filius
2619 4408 2856 4465 hominis
2884 4405 2910 4444 ¹λ
2941 4408 3204 4464 Dominus
3234 4417 3316 4462 est
3343 4407 3472 4463 sab-

1873 4503 1986 4561 bati
2014 4501 2242 4577 (Matth.
2271 4519 2370 4571 xu,
2400 4503 2509 4574 8)?

1950 4697 1972 4757 ξ’
2003 4683 2159 4739 Colb.
2193 4701 2354 4747 unus,
2388 4701 2491 4739 non
2533 4686 2656 4756 quia
2696 4685 2968 4756 contigerit
2998 4695 3054 4738 ut
3089 4688 3203 4757 jam
3232 4687 3352 4754 sint,
3386 4690 3475 4742 sed

1872 4755 2019 4826 quia;
2053 4757 2273 4812 minime
2306 4758 2467 4812 male.

1953 4825 1970 4864 ί
2009 4827 2166 4881 Rom.
2195 4827 2328 4884 edit.
2362 4829 2501 4893 sola,
2534 4838 2801 4898 permanet
2830 4826 2963 4881 dies.
3002 4827 3114 4883 Nec
3157 4829 3324 4882 solum
3357 4849 3479 4898 per-

1875 4908 2066 4960 manet,
2119 4898 2208 4953 sed
2254 4901 2407 4954 etiam
2437 4901 2751 4967 pertttanebit
2795 4900 2964 4962 (dixit
3009 4909 3182 4955 autem
3211 4901 3472 4955 :Perma-

1877 4978 1982 5034 net,
2006 4969 2127 5038 quia
2152 4969 2413 5043 praphetis
2444 4973 2593 5025 etiam
2621 4972 2799 5040 futura
2822 4983 3010 5043 prwsto
3037 4982 3153 5026 sunt
3182 4973 3244 5043 in,
3261 4971 3477 5042 spiritu)

1878 5050 1933 5095 ut
1963 5043 2096 5111 ejus,
2123 5040 2230 5095 etc.
2251 5040 2372 5096 Sed
2405 5043 2748 5097 manifestum
2783 5040 2866 5096 eSt
2899 5043 3207 5110 liujnsmodi
3238 5040 3480 5110 interpo;

1878 5113 2082 5168 latione
2133 5113 2555 5168 Ambrosianum
2607 5117 2881 5182 corrumpi
2934 5114 3282 5178 sententiam,
3323 5128 3386 5167 ac
3415 5112 3474 5168 S.

1876 5183 2168 5239 Doctorem
2210 5186 2522 5254 scripsisse,
2549 5185 2866 5257 permanebit
2893 5186 3040 5250 dies;
3061 5184 3308 5257 quamvis
3334 5185 3477 5254 ipse-

1878 5263 1990 5338 met
2035 5258 2086 5309 in
2132 5257 2269 5326 psal.
2322 5271 2488 5311 cxvnt
2530 5254 2876 5312 communem
2925 5269 3144 5311 secutus
3176 5254 3339 5308 fuerit
3371 5257 3482 5310 Iec-

1879 5335 2104 5381 tionem.

1955 5397 2086 5484 salta
2117 5411 2252 5484 mss;
2282 5397 2473 5484 plures
2495 5413 2560 5452 ac
2589 5397 2968 5484 probatiores:
2999 5397 3248 5484 alii'vero
3274 5406 3332 5450 et
3357 5412 3478 5480 cum

1882 5469 1962 5522 eis
1979 5466 2097 5538 Gil].
2129 5483 2191 5521 ac
2212 5467 2374 5523 Rom.
2389 5469 2548 5531 edit.,
2566 5466 2630 5522 n'e
2653 5469 2892 5538 negando
3023 5478 3070 5520 et
3094 5466 3306 5538 Patrem
3327 5469 3478 5522 scire.

1887 5538 2016 5607 Qum
2044 5536 2143 5593 Dei
2168 5548 2383 5593 sunt....
2417 5539 2510 5593 Dei
2553 5556 2654 5592 non
2687 5536 2824 5592 sunt.
2856 5536 3161 5606 Conﬁtendo
3182 5539 3341 5608 igitur
3368 5555 3482 5608 qua

1884 5610 2210 5683 Spiritus....
2233 5610 2487 5683 Spiritum
2511 5608 2653 5683 Filio
2687 5609 2963 5683 praeferas.
2996 5609 3170 5683 Minus
3190 5611 3479 5683 concinne.

1883 5679 2054 5739 Porro
2079 5683 2218 5752 apud
2250 5679 2472 5735 Ainerb.
2499 5689 2556 5752 et
2583 5681 2738 5752 liras.
2769 5679 2959 5732 lacuna
2994 5688 3077 5734 est
3105 5681 3170 5733 ab
3198 5679 3356 5736 initio
3383 5684 3485 5739 litt-

1882 5753 1971 5824 jus
2013 5749 2162 5824 num.
2197 5767 2368 5824 usque
2397 5752 2460 5803 ad
2496 5751 2671 5824 locum
2702 5749 2769 5822 de
2798 5765 2906 5818 quo
2935 5753 3166 5824 agimus.

2511 5820 2555 5834 ι..
2614 5814 2652 5826 ι·
2717 5814 2721 5822 ι
2817 5806 2828 5818 ¹
2938 5806 3052 5834 ..ν.¹
3100 5823 3111 5834 .
3232 5806 3244 5833 ὅ

1963 5822 1985 5858 ιι
2019 5823 2095 5875 Ne
2123 5823 2209 5876 cui
2236 5796 2480 5876 videatur
2508 5796 3314 5888 obscitrtttn‘quodohinbrosius
3340 5796 3485 5880 diedi
