4016 6292
523 227 625 288 631

1909 221 2155 286 StNCTi
2193 183 2516 292 saliuosa:

3667 235 3748 296 593

597 342 728 400 206.
765 343 970 400 Locum
1003 357 1111 416 quo
1132 358 1222 413 pte
1251 342 1415 398 etiam
1454 339 1584 396 alibi
1615 338 1949 412 designavit,
1994 352 2117 392 cum
2147 338 2200 411 Α
2226 338 2471 398 manibus
2517 351 2639 394 esse
2689 347 3011 412 cognoscat,
3059 339 3391 410 praetendere
3430 356 3525 400 non
3553 347 3676 404 novit
3705 353 3746 408 in

531 435 638 494 sibi
666 445 982 494 structuras
1013 435 1200 508 templi
1243 431 1658 491 ostendentibus
1687 428 2005 504 discipulis,
2049 426 2132 483 di-

531 539 682 588 ceret
711 547 724 584 :
770 527 974 586 Videtis
1005 529 1116 585 hazc
1146 526 1352 584 omnia?
1382 527 1544 582 Amen
1579 523 1696 580 dico
1728 524 1890 590 vobis,
1923 537 2025 578 non
2052 539 2133 577 re-

533 623 794 697 linquetur
839 624 980 696 lapis
1027 641 1184 696 super
1221 622 1481 696 lapidem,
1528 621 1614 693 qui
1674 637 1778 674 non
1837 619 2134 674 destruatur

537 719 756 792 (Matth.
788 735 938 786 xxiv,
968 717 1054 790 2).

608 809 740 866 207.
787 809 862 866 De
893 811 1052 882 signo
1098 823 1312 888 quoque
1353 805 1720 877 interrogatus
1749 805 1817 862 ab
1857 803 2135 876 Apostolis

537 901 859 974 respondit:
893 899 1075 956 Videte
1105 917 1168 954 ne
1208 899 1542 955 seducumini.
1577 895 1738 953 Multi
1773 899 1908 954 enim
1935 899 2137 953 uenient

539 993 594 1049 in
623 995 830 1052 nomine
854 1010 986 1061 meo,
1015 992 1240 1048 dicentes
1269 993 1394 1068 quia
1420 1009 1514 1068 ego
1542 1009 1655 1048 smn
1689 988 1927 1047 Christus
1963 987 2130 1062 (Luc.

539 1102 652 1152 xxi,
681 1084 773 1160 8);
809 1096 864 1142 et
891 1084 1029 1141 inl‘ra
1055 1103 1072 1142 :
1103 1082 1276 1140 Terrae
1313 1095 1478 1144 motus
1499 1127 1514 1153 ,
1545 1083 1739 1156 inquit,
1773 1083 1948 1158 magni
1987 1094 2136 1140 erunt

539 1195 629 1252 per
657 1181 772 1236 loca
806 1179 1033 1253 singula,
1059 1189 1107 1237 et
1134 1179 1297 1245 [antes
1317 1221 1332 1247 ,
1371 1187 1420 1234 et
1445 1180 1743 1250 pestilentia
1763 1221 1780 1248 ,
1813 1188 2139 1252 terroresque

539 1272 603 1327 de
633 1273 758 1328 calo
779 1313 795 1338 ,
831 1282 880 1326 et
907 1273 1058 1346 signa
1095 1287 1286 1347 magna
1319 1273 1471 1327 erunt
1494 1269 1687 1345 (Ibid.,
1723 1270 1834 1342 11).
1870 1269 2054 1342 Itaque
2083 1279 2138 1327 et

543 1379 807 1436 personas
835 1365 1102 1438 expressit
1131 1373 1186 1420 et
1215 1369 1388 1438 signa.

611 1455 737 1514 208.
769 1457 889 1528 Quo
911 1467 1091 1514 autem
1116 1457 1300 1524 modo,
1331 1457 1414 1516 vel
1455 1457 1892 1518 circumdaturos
1927 1458 2140 1518 exerci-

541 1560 627 1608 tus
645 1551 949 1608 Jerusalem
989 1551 1154 1620 dicat,
1195 1552 1282 1610 vel
1304 1552 1580 1624 implenda
1605 1564 1846 1626 tempora
1872 1551 2137 1626 gentium,

539 1658 591 1702 et
615 1663 724 1722 quo
752 1647 968 1718 ordine,
1001 1646 1346 1720 Evangelicae
1383 1646 1570 1720 utique
1621 1646 1874 1704 lectionis
1917 1654 2142 1702 attesta-

539 1741 688 1796 tione
710 1750 1008 1797 reseratur.
1039 1741 1210 1798 Seivit
1235 1756 1370 1814 ergo
1395 1743 1600 1798 omnia.

1025 1876 1192 1953 suo
1217 1876 1446 1937 CAPUT
1485 1878 1652 1936 xvn.

547 1994 688 2057 Quod
713 1990 935 2046 Christi»
955 1992 1086 2046 diem
1108 1991 1283 2058 iudicii
1305 1991 1523 2046 revelare
1541 1992 1769 2057 noluerit,
1785 1995 1836 2047 in
1857 1995 1950 2048 hoc
1969 2001 2150 2048 nostra

603 2075 802 2129 utilitati
815 2075 1084 2130 consultum
1099 2090 1220 2131 esse.
1241 2079 1272 2128 ι
1274 2075 1380 2129 llud
1395 2077 1494 2129 aila
1512 2077 1709 2130 Domini
1727 2075 1963 2130 sententia
1982 2077 2150 2131 decla-

605 2169 779 2225 ratur;
815 2174 906 2213 ueo
939 2174 1036 2214 non
1070 2169 1116 2214 et
1158 2163 1306 2214 Pauli
1341 2162 1447 2215 loco
1483 2161 1628 2226 plane
1661 2159 1826 2214 simili.
1855 2159 2151 2228 Urgentibas

605 2259 717 2302 vero
739 2258 828 2298 cur
868 2244 940 2302 ita
974 2245 1281 2311 responderit
1321 2243 1578 2310 discipulis
1613 2259 1672 2298 ac
1700 2245 1746 2300 si
1782 2245 2025 2312 nescisset,
2059 2245 2152 2300 alii

611 2327 704 2384 loci
725 2329 898 2394 quibus
908 2328 1053 2386 Patri
1069 2329 1241 2384 eadm
1255 2326 1402 2386 tribui
1429 2327 1615 2386 videtur
1632 2327 2152 2398 igaoratio,oppomat~

610 2419 690 2468 tur
715 2426 732 2464 :
770 2425 837 2466 es;
873 2413 1048 2480 quibus
1067 2411 1114 2470 si
1153 2411 1478 2482 ignorantiam
1515 2411 1899 2480 impotentiamve
1925 2411 1978 2468 in
2000 2415 2153 2466 Patre

612 2497 689 2556 illi
721 2496 1000 2563 admittant,
1022 2496 1137 2552 hinc
1167 2500 1219 2550 in
1243 2497 1372 2554 Filio
1391 2497 1614 2555 eamdem
1635 2512 1747 2566 qua:
1781 2498 1832 2550 in
1853 2501 2006 2552 Patre
2036 2497 2153 2550 sub-

607 2579 830 2635 stantiam
846 2580 1196 2634 admittendam
1211 2594 1316 2634 esse
1333 2588 1501 2646 contra
1521 2581 1650 2647 ipsos
1671 2581 1832 2648 arguit
1850 2581 2153 2650 Ambrosius;

611 2666 707 2722 nisi
729 2674 890 2720 tamen
910 2664 1080 2718 malint
1102 2665 1347 2718 mendacii
1367 2679 1600 2719 accusare
1625 2665 1845 2730 Filium;
1868 2681 1979 2718 cum
2001 2680 2156 2733 neque

612 2754 664 2806 in
699 2755 827 2806 hunc
851 2765 1006 2821 neque
1029 2752 1083 2806 in
1119 2756 1323 2806 Patrem
1361 2753 1507 2804 cadat
1537 2751 1728 2818 fallere,
1760 2753 1848 2806 sed
1879 2754 2157 2806 memoratis

613 2837 733 2893 locis
753 2839 1004 2904 iuriusque
1025 2839 1181 2892 imitus
1203 2836 1498 2904 designetur.

624 2960 750 3020 209.
795 2959 904 3017 Sed
949 2961 1244 3036 quaerimus
1287 2975 1391 3038 qua
1446 2958 1656 3016 ratione
1699 2957 1986 3034 designare
2036 2976 2157 3014 mo-

555 3065 734 3113 menta
769 3056 1004 3118 noluerit
1047 3053 1216 3130 (Luc.
1249 3071 1360 3124 xix,
1389 3052 1522 3126 45).
1565 3053 1621 3110 Si
1667 3069 1974 3128 qttteraiiius
1999 3097 2013 3122 ,
2049 3071 2154 3112 non

2237 430 2454 486 castris.

2306 520 2430 577 212.
2464 521 2617 579 Unde
2641 522 2766 579 alibi
2799 537 3015 596 quoque
3039 521 3156 596 ipse
3177 523 3434 582 Dominus
3456 526 3754 606 interrogatus

2237 615 2304 674 ab
2334 618 2616 688 apostolis,
2650 616 2891 688 inquam,
2921 617 3014 692 qui
3038 617 3227 690 utique
3251 635 3356 674 non
3385 618 3514 677 sicut
3539 623 3676 682 Arius
3695 626 3758 684 in-

2237 708 2574 782 telligebant,
2621 711 2716 766 sed
2747 709 2941 766 Filium
2977 711 3071 767 Dei
3114 713 3291 766 futura
3321 717 3454 770 scire
3486 715 3759 788 credebant;

2239 818 2363 856 nam
2389 802 2489 858 nisi
2517 802 2618 857 hoc
2639 803 3024 872 credidissent,
3051 820 3345 878 numquam
3369 806 3761 882 interrogassent:

2238 893 2607 965 interrogatus
2633 910 2765 968 ergo
2789 895 3008 968 quando
3039 899 3357 952 restitueret
3388 915 3593 972 regnum
3616 902 3764 969 Israel,

2241 1001 2346 1040 non
2380 1002 2440 1041 se
2473 987 2688 1043 nescire
2711 988 2866 1054 dixit,
2897 987 2991 1045 sed
3023 989 3102 1044 ait
3132 1007 3145 1043 :
3177 987 3300 1045 Non
3330 1003 3403 1047 est
3441 1002 3636 1051 uestrum
3667 997 3767 1052 trite

2241 1088 2473 1152 tempora
2507 1089 2554 1136 et
2588 1097 2774 1147 annos,
2807 1097 2924 1153 qua:
2956 1079 3117 1138 Pater
3145 1084 3317 1152 posuit
3357 1086 3408 1142 in
3447 1100 3536 1140 sua
3575 1097 3771 1155 potestate

2241 1171 2388 1246 (Act.
2421 1189 2460 1242 ι,
2492 1171 2584 1247 7).
2616 1176 2849 1232 Attende
2888 1175 3018 1246 quid
3045 1176 3246 1234 dixerit
3283 1200 3296 1233 :
3331 1176 3454 1236 Non
3495 1189 3562 1234 est
3597 1193 3772 1238 uestrum

2241 1270 2390 1324 scire.
2416 1267 2570 1342 Legc'
2592 1269 2793 1326 iterum
2823 1288 2837 1326 :
2867 1268 2990 1326 Non
3016 1281 3090 1327 est
3125 1281 3372 1328 oestrum.
3405 1273 3624 1330 Vestrum
3645 1276 3772 1346 dixit,

2243 1376 2350 1416 nou
2383 1378 2562 1417 meum
2587 1378 2601 1428 ;
2621 1363 2734 1433 jam
2760 1363 2907 1419 enim
2940 1378 3048 1418 non
3086 1365 3386 1421 secundum
3423 1366 3772 1440 perfectionem,

2241 1453 2337 1510 sed
2367 1455 2666 1510 secundum
2701 1455 3002 1530 profectum
3025 1456 3247 1514 humani
3270 1461 3516 1531 corporis
3541 1477 3597 1517 ac
3625 1475 3779 1519 nostra

2243 1547 2437 1602 animae
2467 1548 2808 1621 loquebatur.
2851 1548 3091 1606 Vestrum
3118 1566 3252 1624 ergo
3280 1551 3441 1621 dixit,
3465 1570 3564 1608 non
3592 1569 3752 1610 meum.

2315 1641 2442 1697 213.
2475 1641 2633 1710 Quod
2683 1653 2738 1698 et
2780 1645 3081 1715 Apostolus
3116 1656 3376 1702 secutus:
3413 1644 3491 1702 De
3524 1650 3782 1720 temporibus

2168 1739 2217 1802 B
2245 1744 2416 1788 autem
2435 1745 2484 1789 et
2509 1735 2802 1800 momentis,
2833 1741 3022 1812 fratres
3041 1780 3058 1805 ,
3101 1755 3205 1793 non
3229 1737 3454 1805 habetis,
3487 1740 3664 1814 inquit,
3688 1759 3784 1812 opus

2249 1837 2306 1884 ut
2341 1829 2478 1885 vobis
2502 1829 2786 1886 scribamus
2829 1830 2891 1904 (Ι
2920 1830 3104 1888 Thess.
3137 1847 3190 1899 v,
3226 1833 3313 1904 1).
3359 1831 3547 1908 Itaque
3587 1851 3647 1891 ne
3675 1837 3788 1908 Apo-

2251 1924 2425 1978 stolus
2465 1922 2686 2004 quidem
2733 1924 2850 1998 ipse
2887 1923 3094 1980 Christi
3134 1940 3333 1999 servus
3380 1925 3514 1983 dixit
3543 1941 3599 1984 se
3625 1927 3790 1984 nesiirc

2252 2026 2549 2086 momenta,
2581 2016 2676 2073 sed
2711 2033 2817 2073 non
2855 2033 2992 2090 opus
3022 2033 3143 2074 esse
3173 2018 3361 2075 doceri
3395 2021 3640 2096 populum
3669 2019 3794 2098 επ

2251 2113 2340 2184 qui
2370 2127 2590 2182 semper
2621 2112 2953 2182 spiritalibus
2999 2111 3351 2169 munimentis
3396 2129 3518 2170 esse
3553 2114 3695 2172 debet
3727 2131 3792 2168 ar-

2256 2215 2470 2272 matus;
2513 2214 2572 2260 ut
2617 2206 2793 2260 virtus
2831 2204 3034 2262 Christi
3065 2207 3116 2262 in
3161 2222 3490 2280 unoquoque
3531 2207 3796 2280 praetendat.

2250 2295 2385 2352 Cum
2409 2305 2596 2356 autem
2619 2297 2753 2354 dicit
2779 2298 3076 2355 Dominus:
3103 2297 3183 2356 De
3210 2301 3528 2372 temporibus
3557 2318 3659 2371 quae
3679 2299 3796 2355 Pater

2257 2393 2429 2463 posuit
2455 2391 2507 2446 in
2528 2409 2622 2448 sua
2651 2402 2921 2464 potestate,
2954 2393 3138 2470 utique
3168 2411 3274 2450 non
3305 2404 3490 2467 potest
3519 2411 3690 2454 exsors
3709 2410 3801 2452 esse

2254 2486 2495 2542 scientize
2526 2495 2790 2558 paternae,
2823 2487 2978 2560 cujus
3009 2505 3348 2562 nequaquam
3393 2508 3584 2548 exsors
3622 2500 3695 2548 est
3726 2506 3798 2560 po-

2241 2581 2498 2648 .testatis;
2528 2596 2654 2638 cum
2689 2591 2924 2652 potestas
2951 2598 3020 2638 ex
3047 2584 3311 2655 sapientia
3341 2595 3399 2642 et
3433 2588 3623 2646 virtute
3652 2585 3800 2660 gigna-

2260 2681 2366 2740 tur,
2391 2671 2538 2744 quod
2569 2683 2855 2746 utrumque
2879 2671 3132 2734 Christus
3158 2686 3260 2732 est.

2325 2765 2454 2822 214.
2486 2766 2593 2824 Sed
2621 2768 2866 2839 qumritis
2895 2783 3000 2838 qua
3024 2785 3186 2826 causa
3218 2787 3324 2833 non
3357 2772 3429 2827 ita
3459 2769 3718 2850 discipulis
3737 2785 3807 2824 nc-

2259 2862 2484 2934 gaverit,
2515 2863 2666 2932 quasi
2700 2861 2862 2922 sciret
2886 2874 2942 2920 et
2971 2864 3134 2921 nollet
3162 2863 3349 2922 dicere
3377 2883 3392 2920 :
3422 2867 3518 2924 sed
3545 2881 3704 2937 neque
3721 2863 3806 2921 An-

2259 2956 2429 3027 gelos,
2463 2972 2639 3027 neque
2667 2956 2862 3012 Filium
2895 2959 3040 3014 scire
3077 2961 3468 3016 memoraverit
3500 2959 3685 3026 (Marc.
3713 2973 3810 3020 xm,

2261 3050 2410 3126 52)?
2439 3051 2790 3123 interrogabo
2822 3068 2917 3108 vos
2952 3063 3008 3109 et
3055 3069 3189 3126 ego,
3223 3070 3328 3127 qua
3361 3071 3528 3112 causa
3568 3057 3617 3111 in
3656 3053 3808 3112 Genesi

557 3151 878 3222 ignorantia;
921 3150 1259 3206 inveniemus
1303 3164 1426 3206 esse
1447 3189 1464 3222 ,
1515 3149 1609 3208 sed
1651 3149 1956 3220 sapientum
1987 3143 2158 3209 Nobis
2186 3137 2232 3200 C
2266 3142 2408 3199 Deus
2448 3143 2634 3199 dicat:
2669 3143 2995 3201 Descendam
3023 3149 3216 3216 itaque,
3258 3157 3313 3203 ut
3341 3149 3548 3205 videam
3587 3146 3812 3206 secundum

559 3249 706 3308 enim
738 3247 879 3304 scire
904 3261 1012 3302 non
1043 3246 1332 3318 proderat;
1362 3254 1418 3313 ut
1447 3243 1573 3300 dum
1604 3253 1752 3300 certa
1775 3243 1938 3312 futuri
1966 3243 2155 3315 judicii

558 3351 836 3397 momenta
885 3338 1194 3406 nescimus,
1241 3352 1458 3408 semper
1499 3347 1773 3406 tamquam
1817 3336 1869 3391 in
1911 3336 2158 3394 excubiis

562 3428 866 3493 constituti.
899 3439 954 3485 et
985 3433 1036 3484 in
1070 3427 1305 3502 quadam
1355 3429 1570 3484 virtutis
1599 3429 1817 3500 specula
1865 3427 2115 3486 collocati
2139 3471 2154 3494 ,

564 3523 824 3596 peccandi
865 3523 1316 3578 consuetudinem
1361 3521 1730 3589 declinemus;
1781 3539 1850 3580 ne
1881 3541 1980 3579 nos
2019 3525 2160 3584 inter

569 3613 694 3670 vitia
727 3615 844 3672 dies
894 3614 1108 3682 Domini
1154 3613 1547 3688 deprehendat.
1590 3615 1710 3672 Non
1755 3617 1898 3674 enim
1937 3617 2162 3688 prodest

569 3708 730 3778 scire,
767 3707 862 3766 sed
905 3722 1151 3764 metuere
1177 3707 1322 3780 quod
1357 3707 1594 3764 futurum
1626 3717 1741 3776 est;
1767 3710 2034 3779 scriptum
2078 3723 2163 3768 est

568 3803 711 3860 enim
739 3821 750 3856 :
783 3800 915 3858 Noli
939 3802 1047 3857 alla
1073 3818 1272 3874 sapere,
1303 3802 1392 3856 sed
1415 3803 1537 3857 time
1563 3799 1750 3870 (Rom.
1784 3819 1860 3874 ιι,
1888 3801 2015 3876 20).

642 3895 767 3952 216.
805 3895 936 3952 Nam
964 3897 1010 3952 si
1041 3894 1183 3952 diem
1210 3894 1549 3968 designasset
1577 3911 1858 3972 expresse,
1893 3898 1984 3953 uni
2015 3899 2160 3966 aetati

569 3989 853 4052 hominum
890 4004 1013 4061 quas
1061 3989 1302 4064 proxima
1337 3997 1455 4054 erat
1496 3987 1738 4062 judicio,
1773 3989 2048 4048 videretur
2075 3992 2158 4050 di-

566 4084 852 4162 sciplinam
868 4082 1270 4160 praescripsisse
1299 4082 1514 4142 vivendi
1535 4099 1554 4152 ;
1579 4083 1879 4156 superioris
1900 4085 2164 4158 temporis

569 4187 661 4238 aut
701 4179 882 4247 justus
929 4185 1075 4234 esset
1125 4175 1436 4246 remissior,
1477 4185 1568 4230 aut
1599 4184 1853 4250 peccator
1894 4179 2161 4236 securior.

570 4269 814 4344 Namque
845 4268 1060 4340 adulter
1106 4268 1209 4326 nisi
1253 4267 1627 4344 quotidianam
1668 4282 1884 4342 poenam
1915 4279 2160 4338 metuat,

573 4379 681 4426 non
705 4373 884 4434 potest
909 4373 933 4400 α
957 4364 1026 4420 ab
1051 4362 1393 4432 adulterandi
1419 4361 1714 4436 cupiditate
1739 4361 2031 4420 desinere:
2062 4379 2164 4424 nec

571 4456 713 4513 latro
756 4458 1106 4512 obsessorum
1153 4455 1388 4510 saltuum
1445 4461 1658 4512 secreta
1711 4455 2003 4522 deserere,
2059 4457 2162 4516 iiisi

2264 3237 2540 3292 clamorem
2569 3239 2780 3293 illorum
2809 3242 3092 3296 venientem
3122 3241 3192 3295 ad
3216 3259 3314 3310 me,
3345 3244 3395 3300 si
3435 3243 3812 3300 contaminam-

2264 3340 2348 3384 tur
2371 3347 2390 3384 :
2419 3331 2500 3385 sin
2530 3342 2720 3400 autem,
2755 3341 2810 3388 at
2838 3335 2997 3389 sciam
3031 3333 3186 3408 (Gen.
3216 3351 3366 3404 xvut,
3396 3333 3538 3409 2i)?
3563 3335 3668 3406 Qua
3691 3348 3813 3390 causa

2265 3423 2427 3479 elizun
2461 3423 2744 3497 Scriptura
2776 3425 2845 3482 dc
2880 3428 3106 3483 Domino
3135 3427 3318 3482 dicat:
3352 3427 3416 3482 Et
3471 3426 3718 3484 descendit
3741 3424 3814 3479 llo-

2263 3517 2435 3574 minus
2474 3517 2646 3575 uidere
2695 3519 2950 3574 civitatem
2991 3530 3039 3574 et
3089 3522 3306 3586 turrim,
3348 3537 3512 3592 quant
3550 3519 3814 3592 trdiﬁromt

2265 3609 2364 3680 ﬁlii
2391 3609 2656 3665 hominum
2696 3609 2866 3686 (Gen.
2891 3627 2965 3678 XI,
2997 3609 3098 3685 5)?
3139 3612 3251 3682 Qua
3296 3628 3464 3672 causa
3517 3615 3672 3672 etiam
3706 3613 3814 3667 dir-Il

2265 3703 2536 3776 Propheta
2570 3706 2622 3764 in
2656 3705 2920 3762 Psalterio
2947 3724 2957 3759 :
2990 3704 3243 3762 Dominus
3271 3709 3504 3778 respexit
3540 3722 3688 3776 super
3713 3704 3815 3780 ﬁlios

2267 3797 2554 3866 hominum,
2585 3801 2629 3854 si
2649 3811 2724 3855 est
2747 3801 3054 3874 intelligens,
3082 3811 3168 3855 aut
3199 3802 3470 3874 requirens
3494 3800 3658 3856 Deum
3682 3797 3814 3873 (Psal.

2266 3907 2361 3960 LII,
2391 3891 2456 3960 3)
2476 3907 2491 3959 ;
2515 3893 2745 3966 quasiet
2774 3891 2884 3948 illic
2913 3893 2956 3948 si
2983 3909 3089 3948 non
3115 3891 3482 3950 descenderet
3506 3895 3666 3963 Deus,
3689 3902 3736 3949 et
3756 3889 3816 3944 hic

2267 3985 2311 4040 si
2356 4001 2464 4040 non
2513 3981 2850 4056 prospiceret
2894 3985 3192 4055 Dominus,
3241 3997 3332 4044 aut
3373 4003 3547 4067 opera
3590 3985 3814 4046 hominum

2267 4077 2546 4151 ignoraret
2573 4089 2664 4134 aut
2689 4079 2918 4137 riterita‘l

2337 4169 2465 4228 215.
2507 4171 2612 4227 Sed
2657 4172 2820 4228 etiam
2870 4173 2926 4230 in
2977 4173 3276 4248 Evangelio
3329 4175 3507 4234 babes
3557 4158 3822 4235 secundant

2266 4263 2492 4333 Lucam.
2519 4267 2642 4339 quia
2673 4267 2836 4325 Pater
2859 4267 2992 4327 dicit
3020 4288 3034 4326 :
3071 4270 3212 4340 Quid
3241 4272 3438 4342 faciam
3457 4274 3484 4328 .9
3523 4273 3714 4328 uiuam
3746 4265 3814 4324 l’i-

2268 4360 2395 4418 lium
2433 4377 2600 4416 meum
2647 4362 3072 4430 dilectissimum,
3120 4364 3344 4436 forsitan
3381 4367 3526 4424 hunc
3566 4367 3818 4423 serebantur

2269 4451 2435 4528 (Luc.
2467 4469 2558 4522 xx,
2587 4453 2712 4528 l3).
2745 4454 3054 4514 Secundum
3097 4456 3432 4522 Matthzeum.
3458 4469 3664 4526 autem,
3697 4465 3818 4512 etsc-

575 4551 711 4607 seiat
735 4549 836 4606 sibi
867 4549 1158 4604 momentis
1189 4548 1441 4603 omnibus
1486 4547 1772 4603 imminere
1819 4548 2162 4618 supplicium.
2193 4541 2248 4601 D
2271 4547 2504 4603 cundum
2554 4547 2790 4605 Marcum
2833 4547 3044 4605 habes:
3081 4550 3340 4619 Quoniam
3368 4553 3510 4607 misit
3540 4553 3731 4607 unicum
3754 4543 3821 4600 Fi-

569 4645 900 4713 Plerumqne
944 4640 1088 4700 enim
1121 4640 1316 4712 quibus
1360 4640 1692 4699 incentivum
1723 4647 1810 4698 est
1836 4639 2164 4713 impunitas,

575 4736 735 4792 timor
761 4725 1049 4790 taedio'est.

641 4827 771 4884 211.
803 4825 928 4882 ldso
953 4839 1086 4896 ergo
1101 4823 1217 4880 dixi
1239 4823 1367 4896 quis
1386 4823 1534 4881 seire
1553 4837 1664 4880 non
1693 4825 1971 4896 proderat,
1997 4827 2168 4884 immo
2204 4843 2211 4848 ·

570 4919 828 4993 proderat
855 4920 1137 4990 ignorare;
1167 4923 1229 4971 ut
1258 4917 1574 4992 ignorantes
1604 4917 1944 4990 timeremus,
1987 4931 2044 4976 ut
2070 4921 2167 4980 ob-

571 5021 857 5075 servantes
885 5007 1327 5078 emendaremur,
1347 5009 1487 5070 sicut
1516 5009 1631 5082 ipse
1661 5009 1798 5078 dixit
1824 5009 2040 5078 :Estote
2065 5034 2166 5088 ρο.

567 5109 707 5174 rati,
750 5105 876 5179 quia
919 5104 1127 5159 nescitis
1154 5121 1258 5173 qua
1283 5105 1414 5160 hora
1448 5102 1624 5160 Filius
1667 5106 1892 5164 hominis
1927 5120 2170 5166 uenturus

569 5209 643 5258 est
665 5197 894 5275 (Matth.
927 5210 1076 5264 xxiv,
1101 5196 1228 5269 et).
1257 5195 1499 5272 Namque
1537 5195 1696 5256 miles
1721 5199 1826 5258 nisi
1871 5201 2072 5260 bellum
2109 5202 2164 5259 in

572 5339 752 5416 iudicii
775 5337 1312 5416 Cbristojcagnitum
1345 5336 1514 5416 fuisse
1542 5339 1743 5416 exinde
1789 5343 2005 5416 probet,
2039 5345 2165 5416 quia

615 5413 830 5467 ominus
854 5418 938 5467 est
957 5407 1126 5465 etiam
1155 5407 1392 5473 sabbati;
1417 5407 1812 5476 advertendum
1845 5407 2164 5472 hanc'm’cn-

567 5491 678 5538 tem
705 5493 829 5560 esse
849 5479 1108 5560 Ductori:
1138 5480 1332 5560 nostri,
1373 5479 1650 5560 Christum
1683 5481 1897 5560 scilicet
1923 5500 1985 5540 ea
2024 5501 2162 5560 quo-

569 5565 692 5608 rum
725 5551 891 5606 fuerit
918 5549 1038 5619 ipse
1063 5549 1348 5628 Dominus,
1386 5551 1833 5628 ignorarehaud
1887 5549 2158 5628 quaquam

571 5633 774 5693 posse:
803 5635 927 5676 eum
941 5617 1136 5693 autem
1173 5621 1280 5677 diei
1303 5617 1494 5693 judicii
1523 5623 1806 5680 dominum
1835 5617 1962 5682 esse
1992 5617 2060 5684 ἐκ
2090 5641 2160 5688 eo

572 5691 784 5772 doceri,
809 5692 1060 5772 quod_slt
1087 5691 1367 5772 Dominus
1384 5697 1548 5754 etiam
1573 5699 1815 5768 sabbati,
1845 5701 1934 5772 qui
1957 5701 2075 5758 dies
2104 5705 2160 5761 et

571 5763 802 5830 aliorum
832 5763 1072 5820 omnium
1095 5771 1594 5846 praestantissimus,
1624 5782 1683 5828 et
1707 5763 2157 5848 resurrectionis,

2276 4641 2402 4699 lium
2427 4657 2598 4714 suum,
2627 4641 2837 4700 dicens:
2879 4641 3195 4702 Verebantur
3223 4641 3423 4700 Filium
3459 4661 3628 4702 meum
3665 4638 3818 4716 (lett.

2276 4751 2386 4802 xxi,
2410 4736 2516 4803 57;
2560 4731 2726 4792 Mare.
2761 4753 2862 4804 xu,
2893 4736 2986 4811 6).
3010 4738 3078 4794 in
3104 4753 3215 4794 uno
3243 4739 3386 4795 libro
3422 4740 3599 4796 dicit:
3624 4735 3824 4794 Forsitl

2273 4831 2616 4898 verebuntur,
2675 4843 2728 4886 et
2777 4831 2934 4902 quasi
2991 4833 3243 4888 nesciens
3298 4833 3542 4899 dubitat;
3592 4843 3705 4886 nam
3759 4824 3824 4879 llic

2273 4937 2458 4982 sermo
2481 4921 2778 4980 dubitantis
2817 4935 2900 4981 est
2927 4942 2940 4980 :
2983 4926 3036 4980 in
3063 4925 3274 4981 duobus
3303 4935 3484 4984 autem
3511 4924 3635 4985 aliis
3669 4919 3825 4980 libris:

2281 5017 2623 5084 Verebantur,
2647 5017 2841 5090 inquit.
2869 5017 3064 5075 Filium
3091 5035 3292 5086 meum;
3317 5019 3422 5075 hoc
3445 5028 3552 5087 est,
3579 5014 3826 5078 conﬁrmat

2271 5111 2635 5169 reverentiam
2662 5112 3033 5169 deferendum.

2337 5206 2468 5266 216.
2510 5204 2618 5264 Sed
2643 5219 2818 5278 neque
2843 5205 3094 5268 dubitare
3122 5205 3218 5264 Dei
3249 5213 3355 5278 est,
3391 5219 3566 5283 neque
3591 5200 3727 5270 falli;
3753 5199 3827 5255 ilu-

2271 5355 2329 5402 ut
2367 5345 2508 5425 idem
2541 5341 2865 5425 {\mbrosius
2903 5345 3101 5425 sapius
3130 5343 3332 5425 tradit,
3385 5345 3552 5425 tigni-fi
3600 5350 3700 5425 est.
3724 5335 3830 5425 Qu;

2273 5431 2404 5473 vero
2428 5417 2496 5471 de
2525 5416 2872 5488 destruendis
2905 5411 3712 5488 llierosolymisVsulﬁicluntur.
3738 5411 3827 5477 sl'i'

2268 5488 2539 5545 ritualiter
2561 5487 2906 5558 intelligenda
2931 5502 3127 5544 noscas
3151 5486 3183 5545 e
3205 5487 3305 5544 llb.
3334 5503 3371 5546 ι
3390 5486 3681 5558 inLucam,
3707 5493 3828 5538 num.

2268 5560 2336 5616 15
2365 5569 2423 5616 et
2448 5560 2822 5632 sequentibus.

2339 5641 2366 5670 ι
2399 5626 2542 5689 νθιῘ
2575 5633 2744 5708 edin,
2797 5630 3128 5688 adulterandl
3194 5631 3528 5708 cupiditatem
3590 5626 3828 5690 desim:

2266 5702 2531 5771 Rom.,...
2559 5705 2854 5780 relinquere
2879 5719 3058 5778 .gmss.
3084 5717 3216 5767 vero
3248 5702 3308 5762 ut
3339 5705 3394 5764 in
3417 5709 3690 5776 contextu.
