4016 6292
229 216 337 274 693

227 438 437 513 autem,
486 430 580 502 qui
632 431 776 487 aliud
831 432 1119 501 prmdixit,
1155 441 1211 490 et
1242 432 1386 488 aliud
1424 442 1507 489 est
1555 419 1823 490 secutum.

228 522 369 592 Quid
404 534 589 580 autem
617 523 944 592 evidentius,
974 538 1136 597 quam
1167 518 1311 595 quod
1347 525 1627 596 Scriptura
1663 525 1829 583 habet

228 615 378 670 aliud
441 615 653 673 Patrem
702 615 904 673 dixisse
944 616 1014 673 de
1057 618 1231 683 Filio,
1285 628 1337 674 et
1372 618 1515 674 aliud
1567 618 1830 677 accidisse

229 709 427 766 eadem
449 709 735 781 Scriptura
759 712 1026 767 testatur?
1048 710 1146 767 Ille
1172 712 1311 768 dixit
1335 729 1348 768 :
1388 711 1709 768 Verebantur
1732 710 1827 766 Fi-

229 802 356 856 lium
375 820 545 858 meum
575 820 595 859 :
624 803 797 860 Filius
817 814 1000 861 autem
1028 806 1323 877 vapulavit,
1350 806 1542 862 illusus
1570 816 1676 873 est,
1706 822 1831 862 cru-

228 895 425 951 ciiisns
447 903 554 958 est,
589 906 836 953 mor-titus
876 908 962 953 est
994 896 1225 971 (Matth.
1263 914 1439 967 nm,
1469 897 1540 955 29
1568 909 1615 953 et
1652 903 1829 970 8a).):

228 989 513 1059 multoque
561 989 670 1046 illis
721 990 895 1046 servis
938 994 1031 1062 qui
1080 992 1229 1062 prius
1278 991 1493 1048 fuerant
1538 991 1824 1060 destinati,

229 1082 483 1154 graviora
510 1085 816 1141 secundum
841 1099 1063 1142 caratam
1108 1099 1301 1156 passus
1332 1095 1435 1141 est.
1467 1085 1689 1142 Fefellit
1730 1086 1831 1157 ἰεῖ-

231 1189 320 1232 tur
348 1177 544 1244 Peter,
576 1193 644 1237 an
690 1179 992 1250 ignoravit,
1033 1180 1117 1236 vel
1154 1180 1448 1235 subvenire
1475 1194 1584 1235 non
1616 1179 1830 1250 potuit?

230 1269 529 1327 Sed.verns
554 1274 728 1327 nescit
757 1270 981 1339 fallere;
1011 1272 1272 1342 scriptum
1299 1280 1383 1327 est
1406 1273 1553 1334 enim
1581 1288 1595 1325 :
1624 1268 1831 1325 Fidelis

229 1364 375 1419 Deus
400 1366 489 1432 qui
514 1380 620 1419 ιιοιι
660 1367 905 1421 mentitur
936 1367 960 1435 (
983 1365 1087 1421 Tit.
1123 1382 1162 1432 t,
1192 1366 1284 1439 9).
1318 1366 1604 1436 Quomodo
1644 1375 1826 1422 autem

229 1457 551 1528 ignoravit,
596 1457 688 1528 qui
736 1460 890 1514 novit
927 1458 1110 1515 omnia
1146 1457 1325 1534 (Dan.
1376 1474 1507 1528 sin,
1541 1458 1682 1531 t2)?
1724 1461 1833 1515 Aut

226 1551 358 1623 quid
386 1567 499 1607 non
525 1552 723 1622 potuit,
755 1552 846 1622 qui
874 1553 1060 1608 omnia
1090 1554 1312 1623 potest!

300 1645 434 1701 an.
464 1646 674 1700 Tamen
699 1646 744 1701 si
772 1656 866 1700 aut
889 1644 1180 1723 ignoravit,
1216 1655 1309 1701 aut
1343 1661 1454 1700 non
1495 1646 1671 1717 potuit
1700 1645 1823 1719 (fr

230 1740 391 1795 cilius
418 1742 574 1847 θηῖηί
586 1739 953 1847 ιωηξοξοξξξῆ,
984 1752 1045 1795 ιιι
1063 1739 1260 1847 diu“?
1287 1740 1503 1847 P'ffe'.“
1528 1742 1828 1810 ίκηθη⁸⁸θ’
1861 1763 1909 1824 Β
1935 1782 1989 1829 et
2014 1739 2242 1843 gratiam
2276 1739 2607 1847 recognosco

224 1848 390 1906 quam
436 1831 800 1887 confiteamini
826 1832 1026 1889 Filium
1058 1835 1279 1903 scisse).
1314 1834 1513 1890 videtis
1542 1837 1670 1906 quia
1704 1845 1727 1872 α
1759 1850 1829 1892 ex

226 1927 335 1983 hoc
368 1928 487 2000 ipso
514 1926 674 1982 unius
702 1927 1024 1983 substantia:
1070 1938 1152 1983 est
1198 1928 1369 1984 Filius
1409 1945 1530 1985 cum
1561 1929 1751 1994 Patre;
1783 1929 1828 1984 si

225 2017 692 2091 quemadmodum
742 2016 936 2085 Pater,
989 2020 1061 2073 ita
1093 2030 1146 2075 et
1175 2019 1346 2075 Filius
1369 2062 1383 2087 ,
1430 2030 1491 2076 ut
1527 2021 1827 2077 secundum

232 2122 473 2169 vestram
506 2111 877 2183 insipientiam
911 2111 1125 2181 loquar,
1170 2123 1262 2167 aut
1298 2126 1403 2167 non
1436 2113 1614 2167 omnia
1646 2115 1827 2177 novit,

231 2215 330 2261 aut
368 2220 475 2260 non
515 2205 695 2259 omnia
730 2214 927 2275 potest.
970 2204 1086 2261 Non
1135 2221 1252 2261 sum
1303 2206 1449 2261 enim
1495 2221 1694 2262 avarus
1739 2215 1834 2265 aut

238 2313 487 2371 pra‘ceps
537 2300 679 2354 circa
727 2298 845 2357 Filii
892 2299 1103 2365 laudes,
1147 2307 1207 2354 ut
1243 2298 1360 2371 plus
1388 2299 1618 2355 audeam
1643 2298 1827 2356 dicere

237 2392 443 2449 Filium
475 2408 635 2465 posse
682 2409 840 2464 quam
883 2393 1127 2459 Patrem,
1175 2396 1263 2465 qui
1307 2395 1511 2451 nullam
1562 2397 1709 2450 inter
1731 2394 1835 2449 Pa-

226 2498 371 2544 trem
420 2497 470 2543 et
512 2486 710 2542 Filium
740 2487 1124 2544 discretionem
1155 2487 1293 2543 facio
1325 2491 1629 2561 potestatis.

297 2580 427 2635 218.
469 2577 577 2639 Sed
607 2579 833 2636 fortasse
858 2580 1074 2648 dicatis,
1108 2597 1213 2637 non
1246 2582 1317 2636 ita
1348 2581 1548 2637 dixisse
1569 2582 1783 2638 Patrem
1812 2626 1826 2650 ,

223 2672 325 2729 sed
351 2671 421 2729 de
452 2670 613 2727 Patre
641 2671 834 2728 Filium
866 2671 1145 2729 fefellisse.
1194 2672 1313 2729 Iam
1342 2689 1474 2745 ergo
1518 2672 1675 2749 591
1725 2690 1831 2730 non

225 2765 408 2822 solum
452 2765 785 2821 infirmitatis
833 2767 1067 2832 Filium,
1122 2767 1218 2823 sed
1250 2770 1412 2822 etiam
1456 2769 1725 2839 sacrilegii
1779 2778 1833 2824 et

225 2859 503 2915 mendacii
549 2859 793 2930 argnitis.
838 2859 1223 2916 Verumtamen
1261 2863 1304 2915 si
1352 2876 1458 2915 non
1502 2860 1722 2915 creditis
1765 2860 1833 2916 de

227 2956 394 3011 Patre
423 2953 587 3019 Filio,
618 2970 718 3010 nec
748 2954 817 3010 de
842 2970 909 3011 eo
939 2954 1216 3022 credatis;
1249 2957 1292 3010 si
1335 2955 1479 3011 enim
1509 2955 1693 3010 fallere
1735 2971 1834 3010 nos

227 3047 430 3113 voluit,
462 3047 588 3118 quia
625 3046 768 3102 dixit
806 3046 1085 3103 dubitasse
1125 3046 1365 3113 Patrem,
1410 3047 1563 3118 quasi
1595 3046 1837 3103 nesciret

1590 224 1681 282 DE
1719 224 1880 283 FIDE
1919 225 2050 284 LIB.
2092 226 2158 283 ν.

227 333 367 391 bitat
394 337 566 405 enim,
616 341 707 410 qui
751 339 967 411 ignorat
1008 340 1152 412 quod
1184 339 1424 396 futurum
1457 348 1582 397 est:
1622 340 1825 397 fallitur
1854 346 1909 411 Α

3427 234 3531 292 691

2002 343 2134 398 illud
2167 344 2500 417 indulgentiae
2528 345 2718 401 Christi
2754 357 3022 420 acceptum
3051 354 3240 421 refert,
3275 367 3396 406 mox
3424 354 3533 406 alia

2000 439 2340 509 quorumdam
2374 441 2571 494 ratione
2597 441 2896 513 preposita,
2926 458 3224 515 germanam
3250 444 3384 501 hanc
3426 448 3540 501 esse

2002 531 2304 602 proﬁtetur,
2334 533 2471 601 quod
2498 533 2631 587 idem
2668 531 2921 589 Dominus
2957 551 3020 590 ex
3063 536 3290 592 humano
3343 536 3532 605 affectu

2001 626 2203 679 locutus
2233 626 2405 695 fuerit.
2439 625 2465 680 1
2474 627 2573 681 nde
2596 628 2794 699 colligit
2822 629 3089 682 scientiam
3118 624 3294 685 Patris
3317 647 3377 685 ac
3403 627 3535 685 Filii

2001 719 2247 787 (aqualem
2263 734 2401 784 esse;
2418 728 2568 789 atque
2587 722 2713 774 adeo
2740 736 2839 774 non
2862 721 3110 775 minorem
3130 719 3289 778 Patre
3311 720 3526 778 Filium.

2004 808 2193 867 Postea
2212 814 2296 867 ubi
2321 815 2484 868 textui
2511 830 2611 885 quo
2632 815 2822 869 dicitur
2844 816 3034 883 minor,
3056 818 3219 872 alium
3238 835 3336 888 quo
3355 835 3530 888 (equa-

2002 903 2067 956 lis
2105 905 2349 971 traditur,
2399 907 2671 975 opposuit;
2712 907 3024 961 Arianorum
3079 908 3141 962 de
3196 907 3364 998 Filio.
3382 910 3533 986 judi-

2008 999 2237 1052 cantium
2262 1005 2595 1054 temeritatem
2640 1000 2895 1073 castigat,
2940 1011 2986 1056 et
3026 1018 3144 1056 cum
3184 1003 3333 1057 illum
3375 1004 3534 1072 impie

2004 1091 2249 1145 minorem
2276 1102 2585 1161 astruerent,
2637 1094 2808 1164 ipsum
2832 1095 2915 1166 pie
2936 1095 3163 1166 lapidem
3198 1096 3287 1152 abs
3326 1113 3381 1152 se
3428 1097 3530 1152 dici

2005 1184 2251 1239 ostendit.

2002 1300 2131 1359 220.
2176 1303 2441 1359 Edoctum
2471 1315 2556 1361 est
2587 1305 2748 1375 igitur
2769 1322 2874 1362 non
2898 1308 3184 1379 ignorasse
3210 1310 3301 1365 Dei
3338 1309 3532 1366 Filium

1932 1411 2051 1464 qua:
2080 1396 2263 1451 futura
2294 1407 2436 1452 sunt.
2463 1397 2616 1467 Quod
2639 1400 2683 1454 si
2708 1399 2967 1467 fatentur,
2991 1413 3043 1457 et
3065 1417 3187 1474 ego,
3213 1414 3270 1458 ut
3313 1402 3424 1475 jam
3450 1420 3535 1458 re-

1932 1490 2227 1559 spondeam
2251 1506 2350 1563 qua
2385 1496 2596 1549 ratione
2625 1509 2799 1566 neque
2821 1496 3067 1566 angelos,
3106 1512 3283 1566 neque
3313 1496 3533 1563 Filium,

1931 1584 2026 1639 sed
2052 1583 2267 1640 Patrem
2308 1584 2450 1642 scire
2473 1589 2793 1643 memoravit
2817 1588 3011 1658 (Marc.
3046 1606 3164 1659 Illi,
3187 1590 3306 1662 52),
3336 1593 3536 1647 Solem-

1934 1694 2058 1734 nem
2090 1678 2210 1750 ejus
2235 1680 2289 1735 in
2319 1679 2614 1751 discipulos
2644 1681 2963 1737 cbaritatem
2990 1684 3152 1739 etiam
3196 1683 3250 1743 in
3284 1684 3388 1740 hoc
3416 1686 3536 1739 loco

2613 1818 2630 1844 ,
2662 1778 2805 1846 quod
2828 1794 2895 1833 ex
2923 1777 3228 1849 frequentia
3276 1780 3389 1851 ipsa
3439 1780 3535 1839 dc-

1936 1869 2028 1923 bet
2050 1868 2305 1924 omnibus
2332 1882 2455 1924 esse
2478 1870 2590 1938 jam
2620 1870 2919 1940 cognitum.
2949 1870 3149 1927 Mavult
3174 1873 3319 1929 enim
3352 1872 3537 1927 Domi-

1932 1976 2035 2016 nus
2067 1961 2236 2017 uimio
2261 1961 2313 2016 in
2340 1960 2645 2032 discipulos
2670 1977 2857 2018 amore
2882 1977 3204 2034 propensus,
3234 1964 3539 2033 petentibus

1934 2055 2017 2110 bis
2068 2070 2188 2125 quae
2238 2056 2452 2127 cognitu
2510 2055 2717 2110 inutilia
2756 2055 3043 2124 judicaret,
3072 2055 3241 2112 videri
3277 2057 3530 2123 ignorare

1932 2146 2075 2218 quod
2100 2156 2346 2215 noverat,
2372 2163 2531 2219 quam
2581 2162 2817 2217 negare;
2866 2147 3099 2219 plusque
3128 2159 3273 2205 amat
3296 2157 3539 2205 nostram

1935 2240 2218 2295 utilitatem
2251 2240 2541 2307 instruere,
2586 2254 2747 2311 quam
2790 2254 2940 2295 suam
2982 2240 3277 2313 potentiam
3309 2240 3541 2296 demon-

1932 2342 2129 2391 strare.

2004 2423 2133 2479 221.
2176 2422 2311 2479 Sunt
2358 2432 2540 2480 tamen
2579 2421 2823 2494 plerique
2852 2438 2956 2479 non
3001 2424 3071 2479 ita
3101 2423 3427 2493 timidiores,
3480 2433 3539 2480 ut
3576 2474 3585 2481 .

1934 2533 2063 2589 ego;
2093 2519 2237 2575 malo
2265 2518 2411 2577 enim
2438 2518 2544 2573 alta
2570 2519 2783 2587 timere,
2827 2533 2987 2588 quant
3016 2533 3208 2589 sapere
3253 2537 3266 2573 :
3300 2528 3428 2577 sunt
3458 2529 3541 2577 ta-

1936 2626 2059 2667 men
2106 2611 2348 2683 plerique
2368 2625 2436 2667 eo
2465 2610 2626 2677 freti,
2655 2609 2799 2685 quod
2832 2610 3090 2681 scriptum
3122 2620 3206 2666 est
3233 2630 3244 2665 :
3277 2612 3343 2667 Et
3383 2610 3542 2671 Iesus

1936 2702 2402 2774 proﬁciebattztate
2423 2713 2469 2757 et
2500 2703 2753 2773 sapientia
2806 2711 2854 2757 et
2890 2703 3058 2774 gratia
3093 2703 3233 2776 apud
3275 2702 3443 2759 Deum
3492 2716 3542 2765 et

1937 2795 2165 2848 homines
2197 2792 2347 2864 (Luc.
2382 2810 2442 2861 ιι,
2466 2793 2580 2861 52),
2610 2795 2698 2865 qui
2722 2793 2905 2849 dicant
2925 2794 3267 2851 confidenter
3287 2795 3429 2867 quod
3452 2813 3543 2853 se.

1936 2886 2170 2943 cundum
2195 2885 2530 2943 divinitatem
2560 2886 2775 2958 quidem
2795 2902 2858 2943 ea
2881 2904 3000 2958 qua:
3019 2886 3196 2945 futura
3218 2900 3365 2956 sunt,
3383 2891 3540 2962 igno-

1938 2994 2059 3035 rare
2097 2995 2207 3035 non
2250 2980 2457 3049 potuit,
2489 2980 2584 3034 sed
2631 2979 2930 3036 secundum
2977 2990 3174 3041 nostra:
3211 2981 3543 3039 conditionis

1938 3074 2362 3143 assumptionem
2396 3072 2644 3141 ignorare
2660 3086 2720 3128 se
2748 3072 2902 3145 quasi
2923 3071 3117 3129 Filium
3148 3073 3381 3129 hominis
3414 3087 3543 3135 ante

228 3142 377 3216 quod
428 3151 574 3198 esset
622 3140 903 3197 futurum:
936 3142 1118 3196 fallere
1159 3154 1290 3213 ergo
1335 3142 1497 3197 etiam
1539 3138 1606 3195 de
1634 3156 1693 3196 se
1733 3156 1835 3197 nos

1957 3138 2155 3220 trucem
2183 3164 2337 3220 dixit.
2392 3138 2602 3221 Etenim
2649 3138 2993 3221 cum'Filium
3037 3165 3197 3233 dicit,
3250 3180 3357 3221 non
3385 3167 3542 3238 quasi

231 3237 427 3300 voluit,
458 3238 579 3307 quia
630 3236 806 3291 futura
840 3235 1050 3291 nescire
1077 3250 1135 3291 se
1161 3235 1336 3297 dixit;
1379 3234 1654 3305 multoque
1693 3235 1834 3291 tole-

238 3329 465 3385 rabilius
489 3329 552 3384 ad
581 3331 863 3400 pudorem,
895 3329 939 3383 si
974 3330 1328 3400 ignorantiam
1366 3336 1492 3383 ante
1531 3326 1835 3398 prastendit,

234 3422 384 3495 quod
408 3423 475 3479 de
499 3438 555 3479 se
578 3422 728 3489 facit,
762 3439 924 3494 quam
949 3423 992 3478 si
1017 3420 1046 3460 δ
1077 3423 1352 3479 contrario
1388 3422 1668 3491 promissis
1689 3421 1837 3476 lnSus

231 3519 485 3575 videatur
514 3517 705 3575 effectu
724 3561 738 3585 ,
765 3517 907 3586 quod
931 3516 997 3573 de
1027 3517 1185 3572 Patre
1208 3510 1546 3588 przcdicavit.

303 3610 439 3667 2i9.
476 3608 582 3666 Sed
611 3625 785 3682 neque
818 3609 1019 3664 fallitur
1047 3607 1230 3671 Pater,
1265 3622 1438 3675 neque
1465 3604 1600 3660 fallit
1630 3604 1834 3660 Filius:

232 3720 427 3761 verum
468 3717 533 3759 ea
560 3712 643 3759 est
680 3702 734 3758 itt
764 3702 1058 3773 Scripturis
1083 3696 1420 3756 consuetudo
1450 3699 1669 3765 divinis,
1699 3697 1841 3753 sicut

232 3808 293 3854 et
336 3798 641 3869 superiora,
686 3802 741 3853 et
795 3795 1114 3860 mttlta_alia
1155 3794 1401 3865 exempla
1454 3801 1754 3858 testantur,
1783 3801 1840 3846 ut

237 3893 385 3947 Dens
404 3886 714 3946 dissimulet
740 3904 800 3945 se
827 3890 1035 3945 nescire
1060 3887 1200 3958 quod
1225 3888 1390 3942 novit.
1412 3887 1475 3941 Et
1499 3886 1552 3941 in
1580 3886 1679 3942 hoc
1706 3898 1839 3957 ergo

236 3984 422 4040 unitas
460 3983 758 4040 divinitatis
782 4025 798 4050 ,
834 3994 855 4022 ε
885 3993 940 4037 et
978 3983 1155 4037 unitas
1179 3979 1557 4051 dispositionis
1600 3980 1649 4033 in
1678 3976 1842 4033 Patre

238 4077 504 4151 probatur
528 4087 583 4134 et
608 4076 771 4144 Filio,
820 4076 867 4133 si
890 4076 1349 4146 quemadmodum
1397 4074 1541 4130 Deus
1564 4074 1724 4130 Pater
1751 4088 1843 4131 co—

234 4172 389 4243 gnita
417 4166 758 4236 dissimulat,
789 4168 858 4224 ita
882 4168 1054 4224 Filius
1098 4168 1259 4223 etiam
1299 4167 1352 4222 in
1387 4165 1486 4221 hoc
1513 4166 1691 4238 imago
1722 4162 1840 4233 Dei,

234 4278 365 4335 qua:
386 4262 489 4319 sibi
515 4271 641 4318 sunt
664 4270 789 4318 nota
815 4261 1138 4318 dissimulet.

809 4376 1041 4443 CAPUT
1092 4376 1278 4435 XVIII.

236 4491 588 4551 Dominiciad
606 4489 869 4566 apostolos
884 4491 1119 4561 responsi
1147 4506 1357 4546 causam
1376 4490 1650 4557 citaturus,
1677 4489 1845 4561 primo

1941 3256 2009 3311 de
2038 3258 2145 3311 alin
2184 3258 2349 3322 dicit;
2380 3272 2501 3312 nam
2529 3258 2641 3327 ipse
2677 3265 2763 3313 est
2799 3269 2855 3312 et
2900 3258 3160 3315 Dominus
3201 3270 3385 3317 noster
3442 3260 3537 3321 Dei

1942 3350 2134 3417 Filius,
2164 3360 2219 3407 et
2246 3351 2414 3407 Filius
2447 3351 2719 3424 Virginis:
2752 3352 2845 3407 sed
2875 3352 3054 3408 medio
3079 3354 3247 3411 verbo
3292 3362 3541 3417 nostrum

1944 3442 2199 3498 informat
2238 3441 2512 3509 aifectum,
2542 3452 2597 3497 ut
2622 3444 2772 3514 quasi
2814 3444 3046 3499 hominis
3076 3443 3216 3501 filius
3243 3445 3540 3509 secundum

1942 3539 2342 3608 susceptionem
2393 3546 2593 3593 nostra:
2644 3536 3046 3607 imprudentius,
3098 3538 3182 3597 vel
3228 3538 3538 3611 profectus,

1944 3648 2050 3687 non
2104 3629 2265 3707 592
2322 3630 2477 3700 plene
2525 3631 2699 3685 adhuc
2733 3630 2899 3687 scisse
2921 3631 3103 3689 omnia
3134 3633 3478 3700 crederetur;
3512 3632 3537 3668 ιι

1945 3742 2049 3783 non
2077 3730 2220 3782 eltittt
2252 3738 2334 3781 est
2353 3732 2597 3780 uestrum
2626 3723 2766 3779 scire
2792 3740 2909 3795 qum
2930 3722 3108 3781 futura
3147 3735 3292 3783 sunt.
3334 3725 3537 3785 Eadem

1944 3820 2106 3892 igitur
2126 3819 2337 3875 videtur
2366 3818 2613 3889 ignorare
2642 3816 2971 3883 conditione,
2997 3833 3099 3889 qua
3132 3818 3342 3889 proficit
3375 3835 3387 3870 :
3414 3832 3541 3875 nam

1946 3912 2218 3985 quomodo
2245 3910 2541 3968 secundum
2570 3904 2904 3965 divinitatem
2953 3910 3183 3980 proficit,
3218 3910 3269 3967 in
3307 3926 3413 3981 quo
3444 3912 3543 3965 ba-

1949 4010 2079 4064 bitat
2124 4004 2399 4079 plenitudo
2427 4004 2722 4059 divinitatis
2746 4002 2768 4078 (
2796 4003 2996 4059 Coloss.
3037 4019 3094 4071 tt,
3120 4003 3153 4058 9
3182 4004 3200 4076 )
3224 4004 3247 4059 ?
3278 4006 3384 4060 Aut
3413 4003 3544 4077 quid

1949 4110 2030 4158 est
2054 4100 2195 4170 quod
2221 4100 2424 4154 nesciat
2454 4097 2545 4153 Dei
2579 4096 2746 4153 Filius
2773 4098 2861 4167 qui
2893 4096 3108 4153 dicebat
3139 4114 3154 4152 :
3185 4095 3323 4167 Quid
3352 4096 3546 4167 cogita-

1950 4196 2014 4249 tis
2038 4193 2178 4251 mala
2202 4193 2257 4247 in
2278 4190 2517 4249 sordibus
2554 4190 2733 4244 vestris
2773 4187 2987 4261 (Matth.
3014 4203 3096 4259 ιιι,
3142 4185 3236 4259 AI)?
3262 4186 3547 4257 Quomodo

1951 4287 2192 4355 nesciat,
2231 4285 2299 4343 de
2342 4301 2451 4357 quo
2488 4283 2621 4339 dicit
2647 4280 2968 4354 Scriptura:
3004 4279 3158 4337 Iesus
3198 4292 3367 4336 autem
3396 4291 3547 4339 norat

1953 4384 2287 4455 cogitationes
2307 4396 2483 4437 eorum
2508 4376 2659 4451 (Luc.
2693 4392 2769 4442 VI,
2794 4374 2853 4449 8)
2874 4375 2898 4430 Ἰ
3430 4429 3435 4435 ,

2024 4476 2153 4534 2'22.
2180 4476 2304 4533 Haec
2324 4484 2502 4530 tamen
2532 4472 2620 4528 alii
2642 4470 2827 4529 dicunt
2847 4487 2860 4524 :
2884 4485 2986 4541 ego
3008 4478 3187 4531 autem
3210 4478 3267 4526 ιιι
3293 4464 3359 4525 ad
3383 4484 3547 4547 ςυρε.

317 4629 574 4687 “Omnes
603 4627 736 4685 edit.
777 4638 831 4683 et
876 4628 1028 4695 pauci
1070 4641 1231 4687 mss..
1287 4641 1352 4680 ea:
1401 4625 1495 4679 hoc
1543 4622 1656 4694 ipso
1704 4621 1836 4688 quod

1957 4613 2194 4695 rumdam
2223 4596 2531 4695 opinionem
2560 4600 3259 4695 qulicliristumtemporep
3274 4615 3388 4695 sua
3418 4607 3550 4662 mu-

239 4705 402 4762 mlius
431 4702 728 4758 substantia
746 4711 818 4754 est
845 4700 1017 4754 Filius
1045 4713 1166 4752 cum
1199 4697 1377 4763 Patre,
1406 4698 1483 4751 sie
1503 4695 1837 4765 quemadmoo

240 4780 396 4842 dum,
423 4787 569 4842 etc.;
622 4773 812 4840 reliqui
844 4788 974 4830 mss.
1027 4773 1306 4842 nobittcum
1337 4769 1652 4842 faciunttu
1691 4777 1839 4823 recte

240 4838 467 4918 quidem
486 4862 501 4909 ;
519 4838 623 4899 nou
645 4838 784 4898 enim
800 4842 1173 4918 supponebant
1187 4840 1481 4918 adversarii
1508 4838 1698 4918 Filium
1716 4854 1838 4891 cum

241 4863 467 4918 quidem
486 4863 501 4909 ζ
519 4863 623 4899 11011
645 4863 784 4898 (τΙΙΙΙΙΙ
800 4863 859 4896 Sil
905 4863 1481 4914 pﬂilelialttitilVCl‘Sﬂl‘ll
1508 4863 1533 4893 ι·
1553 4863 1698 4893 11111111
1716 4863 1838 4891 ιῖΙΙιΙΙ

241 4921 412 4977 Patre
435 4918 594 4970 unius
639 4929 760 4971 esse
807 4863 1119 4970 substantiae
1145 4955 1160 4975 ,
1201 4924 1259 4966 ιιι
1291 4911 1419 4966 hinc
1457 4913 1717 4967 adversus
1748 4923 1842 4964 eos

242 5000 507 5063 argueret
534 4987 728 5043 Filium
758 4981 993 5063 perinde
1024 5000 1088 5039 ac
1129 4985 1342 5063 Patrem
1392 4993 1484 5063 aut
1514 4998 1622 5036 non
1659 4984 1839 5036 omnia

244 5057 493 5129 nu'visse,
541 5072 632 5114 aut
688 5075 792 5113 non
849 5060 1032 5112 omnia
1074 5060 1351 5129 potuisse:
1384 5057 1477 5107 sed
1508 5070 1538 5109 tt
1573 5067 1841 5129 converso

240 5135 449 5191 exinde
479 5124 630 5204 quod
666 5131 738 5187 illi
788 5131 1037 5204 cinndcm
1076 5124 1323 5183 scientite
1360 5140 1423 5179 ac
1466 5124 1843 5204 p-utttttttm‘de-

244 5208 451 5263 fectum
484 5196 536 5256 in
581 5203 738 5256 Patre
781 5200 1169 5258 admittebant.
1226 5213 1386 5266 quem
1443 5196 1844 5251 contendebant

244 5292 376 5335 esse
408 5278 460 5331 in
490 5274 651 5338 Filio,
685 5274 812 5328 hinc
852 5272 1006 5343 sequi
1047 5270 1280 5325 affirmat
1308 5284 1468 5324 unum
1508 5282 1570 5323 ac
1596 5267 1842 5324 eumdem

248 5354 475 5417 utrique
499 5352 676 5401 inesse
702 5345 1080 5417 substantiam.
1112 5370 1125 5379 ο

324 5420 352 5459 ι’
389 5413 403 5423 ⁷⁷
429 5418 637 5475 utetiam
666 5416 822 5480 edit”
851 5416 1109 5471 contrario
1138 5414 1422 5482 promissus
1451 5413 1617 5469 lusus.

330 5503 353 5531 ο
371 5424 685 5545 asumma
700 5492 867 5542 unitas
878 5488 1294 5545 dispensationis;
1308 5502 1446 5539 unus
1461 5484 1615 5545 dispu

330 5503 353 5531 ο
371 5480 685 5553 diss.tluo,et
700 5492 867 5542 unitas
878 5480 1294 5557 dispensationis;
1308 5502 1446 5539 unus
1461 5480 1845 5557 disputationis.

327 5559 360 5600 ¹¹
388 5564 593 5618 Omnes
615 5560 748 5614 edit.
766 5574 831 5614 ac
848 5554 978 5613 mss.
994 5558 1218 5626 aliquot.
1241 5554 1290 5610 Ν
1297 5573 1361 5611 ou
1374 5567 1446 5610 est
1465 5568 1689 5609 vestrum
1701 5554 1855 5607 scire:

250 5636 452 5694 caeteri
485 5645 645 5696 tustt.,
671 5647 772 5685 non
799 5633 933 5687 enim
976 5641 1049 5685 est
1082 5639 1310 5684 nostrum
1337 5629 1489 5682 scire.
1526 5625 1693 5681 Multo
1720 5640 1855 5678 cou-

256 5706 521 5768 cinaius;
554 5714 638 5758 est
676 5703 876 5772 quippe
921 5705 1059 5757 ratio
1087 5700 1385 5771 Superioris
1413 5700 1582 5760 illius,
1627 5705 1859 5749 nostrum

262 5778 543 5859 infamat.
590 5772 854 5851 uires-tum,
900 5783 953 5828 ιιι
1000 5774 1172 5847 quasi.
1199 5783 1307 5829 etc.
1348 5772 1497 5831 Illam
1533 5782 1696 5846 porro
1724 5780 1862 5841 quo-

1949 4685 2121 4742 sionis
2170 4677 2467 4738 secundum
2509 4690 2754 4734 naturam
2808 4677 3099 4743 [summam
3141 4678 3210 4733 de
3236 4678 3377 4733 facto
3407 4694 3549 4735 non-

1948 4760 2094 4813 nulla
2125 4758 2435 4827 ignorasse,
2474 4765 2538 4805 oc
2569 4765 2697 4827 vere
2716 4750 2937 4827 scientia
2972 4748 3270 4827 profecisse
3309 4750 3551 4827 afﬁrma-

1947 4831 2106 4889 bant.
2132 4820 2191 4881 ιῖι
2233 4827 2283 4879 in
2314 4823 2420 4878 fide
2461 4821 2863 4892 quodaminodo
2887 4820 3273 4891 periculosum,
3307 4822 3407 4875 sibi
3442 4838 3547 4875 non

1950 4903 2163 4973 probari
2182 4898 2424 4952 tieciarat
2453 4900 2488 4947 Α
2502 4894 2787 4973 tubrosius.
2807 4892 2937 4973 _Qtto
2948 4906 3169 4973 propter
3188 4894 3276 4962 qui
3300 4894 3549 4973 canitiem

1949 4963 2109 5044 vulgo
2153 4979 2452 5036 sequuntur
2502 4965 2856 5044 iteterodosi,
2883 4966 3014 5033 quin
3051 4974 3299 5019 sanctum
3345 4963 3551 5019 Docto»

1950 5037 2068 5102 retu
2098 5044 2198 5098 hac
2229 5049 2383 5111 parte
2413 5037 2744 5111 contrarium
2777 5039 3031 5111 habeant,
3058 5052 3260 5111 negare
3288 5051 3391 5111 non
3421 5050 3551 5111 pns-

1951 5128 2092 5173 sunt.
2128 5104 2311 5183 Neq'ue
2341 5126 2471 5163 vero
2503 5108 2797 5183 timendum
2833 5106 3031 5183 fuerit,
3062 5123 3128 5161 ne
3170 5106 3258 5161 illa
3300 5104 3552 5183 dissimu-

1953 5190 2080 5243 latio
2108 5172 2266 5256 quam
2309 5183 2574 5248 admittit,
2608 5180 2853 5256 videatur
2901 5179 3190 5256 cuujuucta
3245 5172 3550 5256 mendacio.

1957 5250 2167 5316 Etenim
2199 5262 2559 5326 prattetntttutn
2598 5254 2745 5326 quod
2786 5251 3184 5326 attemperabst
3227 5264 3286 5302 so
3316 5250 3381 5301 iis
3417 5262 3554 5326 quos

1955 5321 2330 5401 alloquebatur
2356 5364 2371 5390 .
2401 5325 2596 5401 quibus
2620 5321 2805 5401 debita
2841 5341 2947 5401 nun
2995 5332 3111 5375 erat
3142 5324 3243 5373 ista
3285 5321 3552 5401 cogtiitio;

1959 5389 2190 5471 IpsCittCl
2218 5410 2274 5453 ut
2300 5389 2835 5471 ltom'o_loquebatur,
2862 5396 3041 5471 ida-st,
3070 5401 3131 5447 ut
3158 5391 3418 5471 pt'u'dittts
3438 5389 3555 5471 ani-

1961 5465 2046 5530 tna
2073 5471 2361 5536 rationali,
2396 5469 2482 5522 cui
2510 5468 2825 5521 naturaliter
2854 5466 3074 5536 minime
3099 5465 3442 5531 (ειιιιψιιιειιιειι
3471 5465 3554 5515 fd-

1961 5560 2080 5601 tura
2122 5555 2488 5611 cognoscere,
2522 5542 2666 5611 licet_
2691 5544 2877 5611 eadem
2911 5548 2977 5590 ex
3016 5535 3175 5589 Verbi
3216 5536 3555 5611 unionenon

1960 5605 2255 5687 ignorarét.
2283 5614 2406 5687 Quo
2420 5627 2579 5687 sensu
2598 5608 2759 5687 etiam
2788 5610 3336 5687 interpretarinpt-tssts
3352 5605 3553 5687 Athan.

1960 5677 2112 5744 (Ϊιύι.
2139 5688 2172 5739 lt
2203 5677 2348 5739 cuni.
2382 5683 2594 5746 Arium,
2623 5679 2899 5732 litl:tr.lib.
2937 5694 2993 5731 lx
3032 5679 3100 5732 de
3135 5679 3353 5743 'I'rinit.,
3386 5677 3552 5737 Basil.

1962 5762 2122 5837 θμὶμι.
2154 5756 2277 5823 591,
2313 5765 2368 5810 et
2394 5755 2622 5824 Uregor.
2659 5748 2876 5805 Νηίδα.
2905 5751 3059 5805 Orat.
3088 5749 3178 5817 56,
3208 5756 3266 5809 et
3292 5750 3448 5809 alios.
