  <div class='ocr_page' id='page_1' title='image "/cluster/home/n/w/nwhite01/storage/ocr_20150623/16/hvd.32044015471998/353.png"; bbox 0 0 4016 6292; ppageno 0'>
   <div class='ocr_carea' id='block_1_1' title="bbox 494 253 600 314">
    <p class='ocr_par' dir='ltr' id='par_1_1' title="bbox 494 253 600 314">
     <span class='ocr_line' id='line_1_1' title="bbox 494 253 600 314; baseline 0.028 -3"><span class='ocrx_word' id='word_1_1' title='bbox 494 253 600 314; x_wconf 84' lang='grc'><strong>695</strong></span> 
     </span>
    </p>
   </div>
   <div class='ocr_carea' id='block_1_2' title="bbox 1808 252 3746 313">
    <p class='ocr_par' dir='ltr' id='par_1_2' title="bbox 1808 252 3746 313">
     <span class='ocr_line' id='line_1_2' title="bbox 1808 252 3746 313; baseline -0.001 -2"><span class='ocrx_word' id='word_1_2' title='bbox 1808 252 2059 311; x_wconf 83' lang='lat' dir='ltr'><strong>SANCTl</strong></span> <span class='ocrx_word' id='word_1_3' title='bbox 2096 253 2428 313; x_wconf 75' lang='lat' dir='ltr'><strong>AMBROSII</strong></span> <span class='ocrx_word' id='word_1_4' title='bbox 3664 252 3746 310; x_wconf 82' lang='lat'><strong><em>696</em></strong></span> 
     </span>
    </p>
   </div>
   <div class='ocr_carea' id='block_1_3' title="bbox 487 371 3749 446">
    <p class='ocr_par' dir='ltr' id='par_1_3' title="bbox 487 371 3749 446">
     <span class='ocr_line' id='line_1_3' title="bbox 487 371 3749 446; baseline 0.001 -18"><span class='ocrx_word' id='word_1_5' title='bbox 487 373 633 429; x_wconf 86' lang='lat' dir='ltr'><strong>riora</strong></span> <span class='ocrx_word' id='word_1_6' title='bbox 661 373 902 440; x_wconf 85' lang='lat' dir='ltr'><strong>redeam,</strong></span> <span class='ocrx_word' id='word_1_7' title='bbox 927 374 1019 445; x_wconf 86' lang='lat' dir='ltr'><strong>qui</strong></span> <span class='ocrx_word' id='word_1_8' title='bbox 1062 373 1439 445; x_wconf 82' lang='lat' dir='ltr'><strong>proposuerim</strong></span> <span class='ocrx_word' id='word_1_9' title='bbox 1479 372 1743 443; x_wconf 86' lang='lat' dir='ltr'><strong>scriptum</strong></span> <span class='ocrx_word' id='word_1_10' title='bbox 1780 372 1908 443; x_wconf 87' lang='lat' dir='ltr'><strong>quia</strong></span> <span class='ocrx_word' id='word_1_11' title='bbox 1944 371 2106 428; x_wconf 88' lang='lat' dir='ltr'><strong>Pater</strong></span> <span class='ocrx_word' id='word_1_12' title='bbox 2131 374 2186 435; x_wconf 74' lang='grc' dir='ltr'><strong>Α</strong></span> <span class='ocrx_word' id='word_1_13' title='bbox 2210 373 2285 429; x_wconf 90' lang='lat' dir='ltr'><strong>ris</strong></span> <span class='ocrx_word' id='word_1_14' title='bbox 2315 389 2328 426; x_wconf 93' lang='lat'>:</span> <span class='ocrx_word' id='word_1_15' title='bbox 2362 372 2540 427; x_wconf 91' lang='lat' dir='ltr'><strong>minus</strong></span> <span class='ocrx_word' id='word_1_16' title='bbox 2569 372 2714 438; x_wconf 88' lang='lat' dir='ltr'><strong>dico,</strong></span> <span class='ocrx_word' id='word_1_17' title='bbox 2740 382 2795 430; x_wconf 90' lang='lat' dir='ltr'><strong>et</strong></span> <span class='ocrx_word' id='word_1_18' title='bbox 2824 374 2913 446; x_wconf 89' lang='lat' dir='ltr'><strong>pie</strong></span> <span class='ocrx_word' id='word_1_19' title='bbox 2940 381 3150 431; x_wconf 79' lang='lat' dir='ltr'><strong>astruo.</strong></span> <span class='ocrx_word' id='word_1_20' title='bbox 3178 372 3444 429; x_wconf 76' lang='lat' dir='ltr'><strong>Minorem</strong></span> <span class='ocrx_word' id='word_1_21' title='bbox 3465 371 3604 437; x_wconf 90' lang='lat' dir='ltr'><strong>dicis,</strong></span> <span class='ocrx_word' id='word_1_22' title='bbox 3622 382 3749 430; x_wconf 58' lang='lat' dir='ltr'><strong>etsuo</strong></span> 
     </span>
    </p>
   </div>
   <div class='ocr_carea' id='block_1_4' title="bbox 490 465 2097 538">
    <p class='ocr_par' dir='ltr' id='par_1_4' title="bbox 490 465 2097 538">
     <span class='ocr_line' id='line_1_4' title="bbox 490 465 2097 538; baseline -0.001 -15"><span class='ocrx_word' id='word_1_23' title='bbox 490 466 632 523; x_wconf 82' lang='lat' dir='ltr'><strong>dixit</strong></span> <span class='ocrx_word' id='word_1_24' title='bbox 660 485 673 521; x_wconf 91' lang='lat'><strong>:</strong></span> <span class='ocrx_word' id='word_1_25' title='bbox 706 466 955 523; x_wconf 83' lang='lat' dir='ltr'><strong>Fortasse</strong></span> <span class='ocrx_word' id='word_1_26' title='bbox 981 468 1347 524; x_wconf 77' lang='lat' dir='ltr'><strong>reverebantur</strong></span> <span class='ocrx_word' id='word_1_27' title='bbox 1369 465 1571 522; x_wconf 83' lang='lat' dir='ltr'><strong>Filium</strong></span> <span class='ocrx_word' id='word_1_28' title='bbox 1602 483 1769 522; x_wconf 85' lang='lat' dir='ltr'><strong>meum</strong></span> <span class='ocrx_word' id='word_1_29' title='bbox 1798 465 1952 538; x_wconf 84' lang='lat' dir='ltr'><strong>(Luc.</strong></span> <span class='ocrx_word' id='word_1_30' title='bbox 2003 482 2097 536; x_wconf 90' lang='grc' dir='ltr'><strong>ιι,</strong></span> 
     </span>
    </p>
   </div>
   <div class='ocr_carea' id='block_1_5' title="bbox 490 559 2094 634">
    <p class='ocr_par' dir='ltr' id='par_1_5' title="bbox 490 559 2094 634">
     <span class='ocr_line' id='line_1_5' title="bbox 490 559 2094 634; baseline 0.001 -19"><span class='ocrx_word' id='word_1_31' title='bbox 490 560 783 631; x_wconf 73' lang='grc' dir='ltr'><strong>15);‹ιυο‹1</strong></span> <span class='ocrx_word' id='word_1_32' title='bbox 817 562 1006 634; x_wconf 92' lang='lat' dir='ltr'><strong>utique</strong></span> <span class='ocrx_word' id='word_1_33' title='bbox 1062 560 1184 618; x_wconf 92' lang='lat' dir='ltr'><strong>ideo</strong></span> <span class='ocrx_word' id='word_1_34' title='bbox 1221 560 1459 616; x_wconf 74' lang='lat' dir='ltr'><strong>arbitror</strong></span> <span class='ocrx_word' id='word_1_35' title='bbox 1487 560 1755 629; x_wconf 89' lang='lat' dir='ltr'><strong>positum;</strong></span> <span class='ocrx_word' id='word_1_36' title='bbox 1784 567 1842 614; x_wconf 95' lang='lat' dir='ltr'><strong>ut</strong></span> <span class='ocrx_word' id='word_1_37' title='bbox 1867 559 1995 631; x_wconf 85' lang='lat' dir='ltr'><strong>quia</strong></span> <span class='ocrx_word' id='word_1_38' title='bbox 2024 559 2094 616; x_wconf 91' lang='lat' dir='ltr'><strong>de</strong></span> 
     </span>
    </p>
   </div>
   <div class='ocr_carea' id='block_1_6' title="bbox 485 650 2097 726">
    <p class='ocr_par' dir='ltr' id='par_1_6' title="bbox 485 650 2097 726">
     <span class='ocr_line' id='line_1_6' title="bbox 485 650 2097 726; baseline 0.001 -19"><span class='ocrx_word' id='word_1_39' title='bbox 485 650 805 709; x_wconf 88' lang='lat' dir='ltr'><strong>hominibus</strong></span> <span class='ocrx_word' id='word_1_40' title='bbox 859 654 1183 726; x_wconf 77' lang='lat' dir='ltr'><strong>loquebatur</strong></span> <span class='ocrx_word' id='word_1_41' title='bbox 1232 654 1429 721; x_wconf 89' lang='lat' dir='ltr'><strong>Pater,</strong></span> <span class='ocrx_word' id='word_1_42' title='bbox 1478 653 1714 710; x_wconf 85' lang='lat' dir='ltr'><strong>humano</strong></span> <span class='ocrx_word' id='word_1_43' title='bbox 1760 653 1971 709; x_wconf 89' lang='lat' dir='ltr'><strong>locutus</strong></span> <span class='ocrx_word' id='word_1_44' title='bbox 2012 653 2097 709; x_wconf 86' lang='lat' dir='ltr'><strong>vi-</strong></span> 
     </span>
    </p>
   </div>
   <div class='ocr_carea' id='block_1_7' title="bbox 488 746 2097 820">
    <p class='ocr_par' dir='ltr' id='par_1_7' title="bbox 488 746 2097 820">
     <span class='ocr_line' id='line_1_7' title="bbox 488 746 2097 820; baseline 0.001 -18"><span class='ocrx_word' id='word_1_45' title='bbox 488 746 687 802; x_wconf 90' lang='lat' dir='ltr'><strong>deatur</strong></span> <span class='ocrx_word' id='word_1_46' title='bbox 712 747 911 804; x_wconf 77' lang='lat' dir='ltr'><strong>affectu</strong></span> <span class='ocrx_word' id='word_1_47' title='bbox 942 766 956 802; x_wconf 90' lang='lat'><strong>:</strong></span> <span class='ocrx_word' id='word_1_48' title='bbox 988 748 1160 803; x_wconf 88' lang='lat' dir='ltr'><strong>multo</strong></span> <span class='ocrx_word' id='word_1_49' title='bbox 1199 747 1369 819; x_wconf 90' lang='lat' dir='ltr'><strong>magis</strong></span> <span class='ocrx_word' id='word_1_50' title='bbox 1399 748 1637 803; x_wconf 90' lang='lat' dir='ltr'><strong>arbitror</strong></span> <span class='ocrx_word' id='word_1_51' title='bbox 1652 748 1778 819; x_wconf 90' lang='lat' dir='ltr'><strong>quia</strong></span> <span class='ocrx_word' id='word_1_52' title='bbox 1802 747 1976 804; x_wconf 86' lang='lat' dir='ltr'><strong>Filius</strong></span> <span class='ocrx_word' id='word_1_53' title='bbox 2000 748 2097 820; x_wconf 88' lang='lat' dir='ltr'><strong>qui</strong></span> 
     </span>
    </p>
   </div>
   <div class='ocr_carea' id='block_1_8' title="bbox 495 840 2100 913">
    <p class='ocr_par' dir='ltr' id='par_1_8' title="bbox 495 840 2100 913">
     <span class='ocr_line' id='line_1_8' title="bbox 495 840 2100 913; baseline 0 -16"><span class='ocrx_word' id='word_1_54' title='bbox 495 857 620 897; x_wconf 90' lang='lat' dir='ltr'><strong>cum</strong></span> <span class='ocrx_word' id='word_1_55' title='bbox 650 841 967 898; x_wconf 88' lang='lat' dir='ltr'><strong>hominibus</strong></span> <span class='ocrx_word' id='word_1_56' title='bbox 996 848 1350 898; x_wconf 89' lang='lat' dir='ltr'><strong>conversatus</strong></span> <span class='ocrx_word' id='word_1_57' title='bbox 1377 850 1481 909; x_wconf 89' lang='lat' dir='ltr'><strong>est,</strong></span> <span class='ocrx_word' id='word_1_58' title='bbox 1514 851 1567 897; x_wconf 92' lang='lat' dir='ltr'><strong>et</strong></span> <span class='ocrx_word' id='word_1_59' title='bbox 1587 840 1863 898; x_wconf 82' lang='lat' dir='ltr'><strong>hominem</strong></span> <span class='ocrx_word' id='word_1_60' title='bbox 1890 843 2019 913; x_wconf 91' lang='lat' dir='ltr'><strong>egit,</strong></span> <span class='ocrx_word' id='word_1_61' title='bbox 2045 850 2100 897; x_wconf 89' lang='lat' dir='ltr'><strong>et</strong></span> 
     </span>
    </p>
   </div>
   <div class='ocr_carea' id='block_1_9' title="bbox 489 934 2098 1007">
    <p class='ocr_par' dir='ltr' id='par_1_9' title="bbox 489 934 2098 1007">
     <span class='ocr_line' id='line_1_9' title="bbox 489 934 2098 1007; baseline -0.002 -14"><span class='ocrx_word' id='word_1_62' title='bbox 489 952 712 993; x_wconf 90' lang='lat' dir='ltr'><strong>carnem</strong></span> <span class='ocrx_word' id='word_1_63' title='bbox 734 938 991 1007; x_wconf 85' lang='lat' dir='ltr'><strong>suscepit,</strong></span> <span class='ocrx_word' id='word_1_64' title='bbox 1008 946 1251 993; x_wconf 91' lang='lat' dir='ltr'><strong>nostrum</strong></span> <span class='ocrx_word' id='word_1_65' title='bbox 1278 934 1831 1005; x_wconf 84' lang='lat' dir='ltr'><strong>assumpsitat&#39;feetum</strong></span> <span class='ocrx_word' id='word_1_66' title='bbox 1850 952 1865 1001; x_wconf 91' lang='lat'><strong>;</strong></span> <span class='ocrx_word' id='word_1_67' title='bbox 1883 943 1941 989; x_wconf 92' lang='lat' dir='ltr'><strong>ut</strong></span> <span class='ocrx_word' id='word_1_68' title='bbox 1967 948 2098 990; x_wconf 84' lang='lat' dir='ltr'><strong>nos-</strong></span> 
     </span>
    </p>
   </div>
   <div class='ocr_carea' id='block_1_10' title="bbox 493 1026 2098 1102">
    <p class='ocr_par' dir='ltr' id='par_1_10' title="bbox 493 1026 2098 1102">
     <span class='ocr_line' id='line_1_10' title="bbox 493 1026 2098 1102; baseline -0.001 -18"><span class='ocrx_word' id='word_1_69' title='bbox 493 1041 578 1087; x_wconf 90' lang='lat' dir='ltr'><strong>tra</strong></span> <span class='ocrx_word' id='word_1_70' title='bbox 606 1031 945 1102; x_wconf 81' lang='lat' dir='ltr'><strong>ignoratione</strong></span> <span class='ocrx_word' id='word_1_71' title='bbox 975 1027 1187 1085; x_wconf 90' lang='lat' dir='ltr'><strong>nescire</strong></span> <span class='ocrx_word' id='word_1_72' title='bbox 1212 1042 1272 1085; x_wconf 90' lang='lat' dir='ltr'><strong>se</strong></span> <span class='ocrx_word' id='word_1_73' title='bbox 1306 1027 1555 1095; x_wconf 88' lang='lat' dir='ltr'><strong>diceret,</strong></span> <span class='ocrx_word' id='word_1_74' title='bbox 1585 1043 1693 1083; x_wconf 91' lang='lat' dir='ltr'><strong>non</strong></span> <span class='ocrx_word' id='word_1_75' title='bbox 1742 1028 1864 1098; x_wconf 88' lang='lat' dir='ltr'><strong>quia</strong></span> <span class='ocrx_word' id='word_1_76' title='bbox 1896 1026 2098 1099; x_wconf 90' lang='lat' dir='ltr'><strong>aliquid</strong></span> 
     </span>
    </p>
   </div>
   <div class='ocr_carea' id='block_1_11' title="bbox 488 1118 2095 1195">
    <p class='ocr_par' dir='ltr' id='par_1_11' title="bbox 488 1118 2095 1195">
     <span class='ocr_line' id='line_1_11' title="bbox 488 1118 2095 1195; baseline -0.004 -17"><span class='ocrx_word' id='word_1_77' title='bbox 488 1125 609 1195; x_wconf 86' lang='lat' dir='ltr'><strong>ipse</strong></span> <span class='ocrx_word' id='word_1_78' title='bbox 640 1123 896 1180; x_wconf 78' lang='lat' dir='ltr'><strong>nesciret.</strong></span> <span class='ocrx_word' id='word_1_79' title='bbox 931 1121 1064 1176; x_wconf 84' lang='lat' dir='ltr'><strong>Nam</strong></span> <span class='ocrx_word' id='word_1_80' title='bbox 1085 1120 1184 1176; x_wconf 89' lang='lat' dir='ltr'><strong>etsi</strong></span> <span class='ocrx_word' id='word_1_81' title='bbox 1216 1118 1380 1175; x_wconf 90' lang='lat' dir='ltr'><strong>homo</strong></span> <span class='ocrx_word' id='word_1_82' title='bbox 1405 1119 1462 1175; x_wconf 93' lang='lat' dir='ltr'><strong>in</strong></span> <span class='ocrx_word' id='word_1_83' title='bbox 1488 1121 1717 1176; x_wconf 86' lang='lat' dir='ltr'><strong>veritate</strong></span> <span class='ocrx_word' id='word_1_84' title='bbox 1738 1119 1984 1190; x_wconf 86' lang='lat' dir='ltr'><strong>corporis</strong></span> <span class='ocrx_word' id='word_1_85' title='bbox 2013 1119 2095 1173; x_wconf 86' lang='lat' dir='ltr'><strong>vi-</strong></span> 
     </span>
    </p>
   </div>
   <div class='ocr_carea' id='block_1_12' title="bbox 489 1211 2093 1283">
    <p class='ocr_par' dir='ltr' id='par_1_12' title="bbox 489 1211 2093 1283">
     <span class='ocr_line' id='line_1_12' title="bbox 489 1211 2093 1283; baseline -0.005 -9"><span class='ocrx_word' id='word_1_86' title='bbox 489 1218 750 1283; x_wconf 90' lang='lat' dir='ltr'><strong>debatur;</strong></span> <span class='ocrx_word' id='word_1_87' title='bbox 774 1223 891 1272; x_wconf 86' lang='lat' dir='ltr'><strong>erat</strong></span> <span class='ocrx_word' id='word_1_88' title='bbox 921 1224 1100 1269; x_wconf 88' lang='lat' dir='ltr'><strong>tamen</strong></span> <span class='ocrx_word' id='word_1_89' title='bbox 1122 1213 1249 1279; x_wconf 90' lang='lat' dir='ltr'><strong>vita,</strong></span> <span class='ocrx_word' id='word_1_90' title='bbox 1281 1222 1400 1269; x_wconf 90' lang='lat' dir='ltr'><strong>erat</strong></span> <span class='ocrx_word' id='word_1_91' title='bbox 1427 1213 1542 1281; x_wconf 81' lang='lat' dir='ltr'><strong>lux,</strong></span> <span class='ocrx_word' id='word_1_92' title='bbox 1591 1222 1649 1269; x_wconf 92' lang='lat' dir='ltr'><strong>et</strong></span> <span class='ocrx_word' id='word_1_93' title='bbox 1685 1213 1858 1268; x_wconf 88' lang='lat' dir='ltr'><strong>virtus</strong></span> <span class='ocrx_word' id='word_1_94' title='bbox 1912 1211 2093 1268; x_wconf 81' lang='lat' dir='ltr'><strong>exibat</strong></span> 
     </span>
    </p>
   </div>
   <div class='ocr_carea' id='block_1_13' title="bbox 494 1304 2093 1379">
    <p class='ocr_par' dir='ltr' id='par_1_13' title="bbox 494 1304 2093 1379">
     <span class='ocr_line' id='line_1_13' title="bbox 494 1304 2093 1379; baseline -0.004 -15"><span class='ocrx_word' id='word_1_95' title='bbox 494 1310 565 1365; x_wconf 92' lang='lat' dir='ltr'><strong>de</strong></span> <span class='ocrx_word' id='word_1_96' title='bbox 594 1324 682 1375; x_wconf 88' lang='lat' dir='ltr'><strong>eo,</strong></span> <span class='ocrx_word' id='word_1_97' title='bbox 705 1322 825 1379; x_wconf 57' lang='lat' dir='ltr'><strong>quae</strong></span> <span class='ocrx_word' id='word_1_98' title='bbox 854 1306 1076 1361; x_wconf 84' lang='lat' dir='ltr'><strong>vulnera</strong></span> <span class='ocrx_word' id='word_1_99' title='bbox 1106 1305 1415 1361; x_wconf 86' lang='lat' dir='ltr'><strong>sauciorum</strong></span> <span class='ocrx_word' id='word_1_100' title='bbox 1442 1304 1748 1375; x_wconf 89' lang='lat' dir='ltr'><strong>maiestatis</strong></span> <span class='ocrx_word' id='word_1_101' title='bbox 1768 1319 1885 1359; x_wconf 66' lang='lat' dir='ltr'><strong>suae</strong></span> <span class='ocrx_word' id='word_1_102' title='bbox 1911 1312 2093 1359; x_wconf 91' lang='lat' dir='ltr'><strong>aucto-</strong></span> 
     </span>
    </p>
   </div>
   <div class='ocr_carea' id='block_1_14' title="bbox 486 1397 1336 1471">
    <p class='ocr_par' dir='ltr' id='par_1_14' title="bbox 486 1397 1336 1471">
     <span class='ocr_line' id='line_1_14' title="bbox 486 1397 1336 1471; baseline -0.005 -16"><span class='ocrx_word' id='word_1_103' title='bbox 486 1401 650 1455; x_wconf 84' lang='lat' dir='ltr'><strong>ritate</strong></span> <span class='ocrx_word' id='word_1_104' title='bbox 677 1397 1077 1471; x_wconf 82' lang='lat' dir='ltr'><strong>sanabat(Luc.</strong></span> <span class='ocrx_word' id='word_1_105' title='bbox 1113 1413 1183 1462; x_wconf 69' lang='grc' dir='ltr'><strong><em>γι,</em></strong></span> <span class='ocrx_word' id='word_1_106' title='bbox 1220 1398 1336 1463; x_wconf 73' lang='grc'><strong>19).</strong></span> 
     </span>
    </p>
   </div>
   <div class='ocr_carea' id='block_1_15' title="bbox 557 1482 2091 1562">
    <p class='ocr_par' dir='ltr' id='par_1_15' title="bbox 557 1482 2091 1562">
     <span class='ocr_line' id='line_1_15' title="bbox 557 1482 2091 1562; baseline 0 -15"><span class='ocrx_word' id='word_1_107' title='bbox 557 1492 684 1547; x_wconf 79' lang='grc'><strong>225.</strong></span> <span class='ocrx_word' id='word_1_108' title='bbox 731 1491 1027 1547; x_wconf 86' lang='lat' dir='ltr'><strong>Advertitis</strong></span> <span class='ocrx_word' id='word_1_109' title='bbox 1060 1505 1194 1559; x_wconf 87' lang='lat' dir='ltr'><strong>ergo</strong></span> <span class='ocrx_word' id='word_1_110' title='bbox 1221 1491 1580 1562; x_wconf 70' lang='lat' dir='ltr'><strong>quaestionem</strong></span> <span class='ocrx_word' id='word_1_111' title='bbox 1631 1490 1785 1548; x_wconf 85' lang='lat' dir='ltr'><strong>vobis</strong></span> <span class='ocrx_word' id='word_1_112' title='bbox 1814 1506 1938 1548; x_wconf 90' lang='lat' dir='ltr'><strong>esse</strong></span> <span class='ocrx_word' id='word_1_113' title='bbox 1962 1482 2091 1547; x_wconf 87' lang='lat' dir='ltr'><strong>sub-</strong></span> 
     </span>
    </p>
   </div>
   <div class='ocr_carea' id='block_1_16' title="bbox 487 1585 2084 1655">
    <p class='ocr_par' dir='ltr' id='par_1_16' title="bbox 487 1585 2084 1655">
     <span class='ocr_line' id='line_1_16' title="bbox 487 1585 2084 1655; baseline 0.001 -14"><span class='ocrx_word' id='word_1_114' title='bbox 487 1587 684 1651; x_wconf 85' lang='lat' dir='ltr'><strong>latam,</strong></span> <span class='ocrx_word' id='word_1_115' title='bbox 722 1602 844 1641; x_wconf 91' lang='lat' dir='ltr'><strong>cum</strong></span> <span class='ocrx_word' id='word_1_116' title='bbox 879 1596 937 1642; x_wconf 90' lang='lat' dir='ltr'><strong>et</strong></span> <span class='ocrx_word' id='word_1_117' title='bbox 974 1585 1101 1641; x_wconf 87' lang='lat' dir='ltr'><strong>Filii</strong></span> <span class='ocrx_word' id='word_1_118' title='bbox 1155 1585 1361 1641; x_wconf 90' lang='lat' dir='ltr'><strong>dictum</strong></span> <span class='ocrx_word' id='word_1_119' title='bbox 1406 1586 1474 1641; x_wconf 91' lang='lat' dir='ltr'><strong>ad</strong></span> <span class='ocrx_word' id='word_1_120' title='bbox 1504 1587 1905 1655; x_wconf 84' lang='lat' dir='ltr'><strong>susceptionem</strong></span> <span class='ocrx_word' id='word_1_121' title='bbox 1950 1586 2084 1642; x_wconf 90' lang='lat' dir='ltr'><strong>inte-</strong></span> 
     </span>
    </p>
   </div>
   <div class='ocr_carea' id='block_1_17' title="bbox 486 1677 2090 1752">
    <p class='ocr_par' dir='ltr' id='par_1_17' title="bbox 486 1677 2090 1752">
     <span class='ocr_line' id='line_1_17' title="bbox 486 1677 2090 1752; baseline -0.001 -16"><span class='ocrx_word' id='word_1_122' title='bbox 486 1695 601 1752; x_wconf 72' lang='lat' dir='ltr'><strong>gra:</strong></span> <span class='ocrx_word' id='word_1_123' title='bbox 624 1679 961 1737; x_wconf 88' lang='lat' dir='ltr'><strong>conditionis</strong></span> <span class='ocrx_word' id='word_1_124' title='bbox 983 1678 1255 1735; x_wconf 82' lang='lat' dir='ltr'><strong>referatur</strong></span> <span class='ocrx_word' id='word_1_125' title='bbox 1281 1679 1553 1747; x_wconf 66' lang='lat' dir='ltr'><strong>humanm,</strong></span> <span class='ocrx_word' id='word_1_126' title='bbox 1585 1688 1642 1735; x_wconf 90' lang='lat' dir='ltr'><strong>et</strong></span> <span class='ocrx_word' id='word_1_127' title='bbox 1670 1679 1739 1735; x_wconf 90' lang='lat' dir='ltr'><strong>de</strong></span> <span class='ocrx_word' id='word_1_128' title='bbox 1771 1679 1930 1734; x_wconf 84' lang='lat' dir='ltr'><strong>Patre</strong></span> <span class='ocrx_word' id='word_1_129' title='bbox 1969 1677 2090 1735; x_wconf 89' lang='lat' dir='ltr'><strong>ideo</strong></span> 
     </span>
    </p>
   </div>
   <div class='ocr_carea' id='block_1_18' title="bbox 476 1751 1982 1843">
    <p class='ocr_par' dir='ltr' id='par_1_18' title="bbox 476 1751 1982 1843">
     <span class='ocr_line' id='line_1_18' title="bbox 476 1751 1982 1843; baseline -0.002 -15"><span class='ocrx_word' id='word_1_130' title='bbox 476 1751 741 1843; x_wconf 54' lang='lat' dir='ltr'><strong>script‘um</strong></span> <span class='ocrx_word' id='word_1_131' title='bbox 773 1773 866 1838; x_wconf 86' lang='lat' dir='ltr'><strong>sit,</strong></span> <span class='ocrx_word' id='word_1_132' title='bbox 904 1781 963 1826; x_wconf 93' lang='lat' dir='ltr'><strong>ut</strong></span> <span class='ocrx_word' id='word_1_133' title='bbox 989 1771 1072 1827; x_wconf 85' lang='lat' dir='ltr'><strong>vel</strong></span> <span class='ocrx_word' id='word_1_134' title='bbox 1091 1771 1170 1827; x_wconf 91' lang='lat' dir='ltr'><strong>sic</strong></span> <span class='ocrx_word' id='word_1_135' title='bbox 1185 1770 1503 1826; x_wconf 86' lang='lat' dir='ltr'><strong>calumniari</strong></span> <span class='ocrx_word' id='word_1_136' title='bbox 1534 1770 1671 1826; x_wconf 87' lang='lat' dir='ltr'><strong>Filio</strong></span> <span class='ocrx_word' id='word_1_137' title='bbox 1699 1770 1982 1827; x_wconf 86' lang='lat' dir='ltr'><strong>desinatis.</strong></span> 
     </span>
    </p>
   </div>
   <div class='ocr_carea' id='block_1_19' title="bbox 557 1862 2089 1936">
    <p class='ocr_par' dir='ltr' id='par_1_19' title="bbox 557 1862 2089 1936">
     <span class='ocr_line' id='line_1_19' title="bbox 557 1862 2089 1936; baseline -0.001 -16"><span class='ocrx_word' id='word_1_138' title='bbox 557 1865 688 1920; x_wconf 66' lang='lat' dir='ltr'><strong>22A.</strong></span> <span class='ocrx_word' id='word_1_139' title='bbox 728 1863 877 1920; x_wconf 88' lang='lat' dir='ltr'><strong>Nihil</strong></span> <span class='ocrx_word' id='word_1_140' title='bbox 903 1879 1033 1936; x_wconf 88' lang='lat' dir='ltr'><strong>ergo</strong></span> <span class='ocrx_word' id='word_1_141' title='bbox 1057 1862 1158 1918; x_wconf 88' lang='lat' dir='ltr'><strong>fuit</strong></span> <span class='ocrx_word' id='word_1_142' title='bbox 1184 1862 1328 1934; x_wconf 90' lang='lat' dir='ltr'><strong>quod</strong></span> <span class='ocrx_word' id='word_1_143' title='bbox 1370 1863 1701 1933; x_wconf 85' lang='lat' dir='ltr'><strong>ignoraverit</strong></span> <span class='ocrx_word' id='word_1_144' title='bbox 1745 1862 1845 1918; x_wconf 90' lang='lat' dir='ltr'><strong>Dei</strong></span> <span class='ocrx_word' id='word_1_145' title='bbox 1888 1862 2089 1931; x_wconf 84' lang='lat' dir='ltr'><strong>Filius;</strong></span> 
     </span>
    </p>
   </div>
   <div class='ocr_carea' id='block_1_20' title="bbox 487 1954 2091 2027">
    <p class='ocr_par' dir='ltr' id='par_1_20' title="bbox 487 1954 2091 2027">
     <span class='ocr_line' id='line_1_20' title="bbox 487 1954 2091 2027; baseline 0 -16"><span class='ocrx_word' id='word_1_146' title='bbox 487 1957 621 2014; x_wconf 89' lang='lat' dir='ltr'><strong>nihil</strong></span> <span class='ocrx_word' id='word_1_147' title='bbox 645 1958 789 2012; x_wconf 92' lang='lat' dir='ltr'><strong>enim</strong></span> <span class='ocrx_word' id='word_1_148' title='bbox 814 1957 918 2012; x_wconf 78' lang='lat' dir='ltr'><strong>fuit</strong></span> <span class='ocrx_word' id='word_1_149' title='bbox 947 1955 1091 2026; x_wconf 90' lang='lat' dir='ltr'><strong>quod</strong></span> <span class='ocrx_word' id='word_1_150' title='bbox 1122 1956 1453 2027; x_wconf 90' lang='lat' dir='ltr'><strong>ignoraverit</strong></span> <span class='ocrx_word' id='word_1_151' title='bbox 1488 1955 1671 2011; x_wconf 89' lang='lat' dir='ltr'><strong>Pater.</strong></span> <span class='ocrx_word' id='word_1_152' title='bbox 1700 1954 1856 2023; x_wconf 85' lang='lat' dir='ltr'><strong>Quod</strong></span> <span class='ocrx_word' id='word_1_153' title='bbox 1885 1955 1931 2010; x_wconf 84' lang='lat' dir='ltr'><strong>si</strong></span> <span class='ocrx_word' id='word_1_154' title='bbox 1956 1954 2091 2011; x_wconf 90' lang='lat' dir='ltr'><strong>nihil</strong></span> 
     </span>
    </p>
   </div>
   <div class='ocr_carea' id='block_1_21' title="bbox 487 2047 2090 2121">
    <p class='ocr_par' dir='ltr' id='par_1_21' title="bbox 487 2047 2090 2121">
     <span class='ocr_line' id='line_1_21' title="bbox 487 2047 2090 2121; baseline -0.001 -16"><span class='ocrx_word' id='word_1_155' title='bbox 487 2060 543 2105; x_wconf 91' lang='lat' dir='ltr'><strong>et</strong></span> <span class='ocrx_word' id='word_1_156' title='bbox 569 2050 743 2106; x_wconf 88' lang='lat' dir='ltr'><strong>Filius</strong></span> <span class='ocrx_word' id='word_1_157' title='bbox 794 2049 1091 2121; x_wconf 78' lang='lat' dir='ltr'><strong>ignoravit,</strong></span> <span class='ocrx_word' id='word_1_158' title='bbox 1139 2055 1200 2104; x_wconf 91' lang='lat' dir='ltr'><strong>ut</strong></span> <span class='ocrx_word' id='word_1_159' title='bbox 1231 2047 1344 2119; x_wconf 88' lang='lat' dir='ltr'><strong>iam</strong></span> <span class='ocrx_word' id='word_1_160' title='bbox 1390 2048 1802 2117; x_wconf 88' lang='lat' dir='ltr'><strong>concludamus,</strong></span> <span class='ocrx_word' id='word_1_161' title='bbox 1827 2048 2012 2104; x_wconf 88' lang='lat' dir='ltr'><strong>dicant</strong></span> <span class='ocrx_word' id='word_1_162' title='bbox 2037 2048 2090 2104; x_wconf 93' lang='lat' dir='ltr'><strong>in</strong></span> 
     </span>
    </p>
   </div>
   <div class='ocr_carea' id='block_1_22' title="bbox 486 2142 2092 2218">
    <p class='ocr_par' dir='ltr' id='par_1_22' title="bbox 486 2142 2092 2218">
     <span class='ocr_line' id='line_1_22' title="bbox 486 2142 2092 2218; baseline -0.002 -17"><span class='ocrx_word' id='word_1_163' title='bbox 486 2160 598 2218; x_wconf 86' lang='lat' dir='ltr'><strong>quo</strong></span> <span class='ocrx_word' id='word_1_164' title='bbox 624 2161 750 2201; x_wconf 92' lang='lat' dir='ltr'><strong>eum</strong></span> <span class='ocrx_word' id='word_1_165' title='bbox 778 2143 1043 2199; x_wconf 89' lang='lat' dir='ltr'><strong>minorem</strong></span> <span class='ocrx_word' id='word_1_166' title='bbox 1071 2143 1240 2198; x_wconf 89' lang='lat' dir='ltr'><strong>velint</strong></span> <span class='ocrx_word' id='word_1_167' title='bbox 1267 2142 1461 2199; x_wconf 89' lang='lat' dir='ltr'><strong>videri.</strong></span> <span class='ocrx_word' id='word_1_168' title='bbox 1479 2142 1534 2201; x_wconf 88' lang='lat' dir='ltr'><strong>Si</strong></span> <span class='ocrx_word' id='word_1_169' title='bbox 1568 2143 1836 2199; x_wconf 88' lang='lat' dir='ltr'><strong>minorem</strong></span> <span class='ocrx_word' id='word_1_170' title='bbox 1866 2158 2092 2213; x_wconf 83' lang='lat' dir='ltr'><strong>genera-</strong></span> 
     </span>
    </p>
   </div>
   <div class='ocr_carea' id='block_1_23' title="bbox 480 2233 2090 2301">
    <p class='ocr_par' dir='ltr' id='par_1_23' title="bbox 480 2233 2090 2301">
     <span class='ocr_line' id='line_1_23' title="bbox 480 2233 2090 2301; baseline -0.001 -10"><span class='ocrx_word' id='word_1_171' title='bbox 480 2238 562 2292; x_wconf 89' lang='lat' dir='ltr'><strong>vit</strong></span> <span class='ocrx_word' id='word_1_172' title='bbox 592 2237 733 2292; x_wconf 74' lang='lat' dir='ltr'><strong>Deits</strong></span> <span class='ocrx_word' id='word_1_173' title='bbox 788 2234 1011 2299; x_wconf 88' lang='lat' dir='ltr'><strong>Filium,</strong></span> <span class='ocrx_word' id='word_1_174' title='bbox 1056 2234 1239 2289; x_wconf 91' lang='lat' dir='ltr'><strong>minus</strong></span> <span class='ocrx_word' id='word_1_175' title='bbox 1267 2233 1524 2301; x_wconf 89' lang='lat' dir='ltr'><strong>contulit;</strong></span> <span class='ocrx_word' id='word_1_176' title='bbox 1556 2234 1601 2290; x_wconf 88' lang='lat' dir='ltr'><strong>si</strong></span> <span class='ocrx_word' id='word_1_177' title='bbox 1632 2235 1810 2290; x_wconf 91' lang='lat' dir='ltr'><strong>minus</strong></span> <span class='ocrx_word' id='word_1_178' title='bbox 1838 2235 2090 2300; x_wconf 89' lang='lat' dir='ltr'><strong>contulit,</strong></span> 
     </span>
    </p>
   </div>
   <div class='ocr_carea' id='block_1_24' title="bbox 482 2326 2088 2399">
    <p class='ocr_par' dir='ltr' id='par_1_24' title="bbox 482 2326 2088 2399">
     <span class='ocr_line' id='line_1_24' title="bbox 482 2326 2088 2399; baseline 0 -16"><span class='ocrx_word' id='word_1_179' title='bbox 482 2340 579 2384; x_wconf 86' lang='lat' dir='ltr'><strong>aut</strong></span> <span class='ocrx_word' id='word_1_180' title='bbox 596 2330 774 2384; x_wconf 90' lang='lat' dir='ltr'><strong>minus</strong></span> <span class='ocrx_word' id='word_1_181' title='bbox 798 2328 991 2394; x_wconf 89' lang='lat' dir='ltr'><strong>voluit,</strong></span> <span class='ocrx_word' id='word_1_182' title='bbox 1018 2328 1310 2383; x_wconf 91' lang='lat' dir='ltr'><strong>autminus</strong></span> <span class='ocrx_word' id='word_1_183' title='bbox 1333 2328 1511 2399; x_wconf 91' lang='lat' dir='ltr'><strong>potuit</strong></span> <span class='ocrx_word' id='word_1_184' title='bbox 1542 2345 1555 2381; x_wconf 91' lang='lat'><strong>:</strong></span> <span class='ocrx_word' id='word_1_185' title='bbox 1589 2328 1686 2384; x_wconf 91' lang='lat' dir='ltr'><strong>sed</strong></span> <span class='ocrx_word' id='word_1_186' title='bbox 1711 2342 1811 2383; x_wconf 89' lang='lat' dir='ltr'><strong>nec</strong></span> <span class='ocrx_word' id='word_1_187' title='bbox 1833 2326 2088 2383; x_wconf 79' lang='lat' dir='ltr'><strong>inﬁrmus</strong></span> 
     </span>
    </p>
   </div>
   <div class='ocr_carea' id='block_1_25' title="bbox 478 2418 2079 2491">
    <p class='ocr_par' dir='ltr' id='par_1_25' title="bbox 478 2418 2079 2491">
     <span class='ocr_line' id='line_1_25' title="bbox 478 2418 2079 2491; baseline -0.003 -12"><span class='ocrx_word' id='word_1_188' title='bbox 478 2439 585 2480; x_wconf 84' lang='lat' dir='ltr'><strong>nec</strong></span> <span class='ocrx_word' id='word_1_189' title='bbox 633 2421 846 2478; x_wconf 88' lang='lat' dir='ltr'><strong>invidus</strong></span> <span class='ocrx_word' id='word_1_190' title='bbox 887 2421 1076 2488; x_wconf 89' lang='lat' dir='ltr'><strong>Pater;</strong></span> <span class='ocrx_word' id='word_1_191' title='bbox 1126 2421 1251 2491; x_wconf 87' lang='lat' dir='ltr'><strong>quia</strong></span> <span class='ocrx_word' id='word_1_192' title='bbox 1281 2435 1384 2476; x_wconf 92' lang='lat' dir='ltr'><strong>nec</strong></span> <span class='ocrx_word' id='word_1_193' title='bbox 1406 2421 1659 2476; x_wconf 85' lang='lat' dir='ltr'><strong>voluntas</strong></span> <span class='ocrx_word' id='word_1_194' title='bbox 1689 2429 1817 2475; x_wconf 90' lang='lat' dir='ltr'><strong>ante</strong></span> <span class='ocrx_word' id='word_1_195' title='bbox 1854 2418 2079 2487; x_wconf 83' lang='lat' dir='ltr'><strong>Filium,</strong></span> 
     </span>
    </p>
   </div>
   <div class='ocr_carea' id='block_1_26' title="bbox 481 2512 2091 2587">
    <p class='ocr_par' dir='ltr' id='par_1_26' title="bbox 481 2512 2091 2587">
     <span class='ocr_line' id='line_1_26' title="bbox 481 2512 2091 2587; baseline -0.002 -15"><span class='ocrx_word' id='word_1_196' title='bbox 481 2533 587 2575; x_wconf 91' lang='lat' dir='ltr'><strong>nec</strong></span> <span class='ocrx_word' id='word_1_197' title='bbox 614 2525 853 2587; x_wconf 86' lang='lat' dir='ltr'><strong>potestas</strong></span> <span class='ocrx_word' id='word_1_198' title='bbox 883 2533 897 2570; x_wconf 92' lang='lat'><strong>:</strong></span> <span class='ocrx_word' id='word_1_199' title='bbox 926 2517 980 2571; x_wconf 92' lang='lat' dir='ltr'><strong>in</strong></span> <span class='ocrx_word' id='word_1_200' title='bbox 1009 2530 1115 2586; x_wconf 85' lang='lat' dir='ltr'><strong>quo</strong></span> <span class='ocrx_word' id='word_1_201' title='bbox 1141 2516 1286 2571; x_wconf 91' lang='lat' dir='ltr'><strong>enim</strong></span> <span class='ocrx_word' id='word_1_202' title='bbox 1330 2514 1529 2581; x_wconf 88' lang='lat' dir='ltr'><strong>minor,</strong></span> <span class='ocrx_word' id='word_1_203' title='bbox 1579 2514 1669 2585; x_wconf 89' lang='lat' dir='ltr'><strong>qui</strong></span> <span class='ocrx_word' id='word_1_204' title='bbox 1701 2514 1879 2570; x_wconf 84' lang='lat' dir='ltr'><strong>omnia</strong></span> <span class='ocrx_word' id='word_1_205' title='bbox 1925 2512 2091 2570; x_wconf 89' lang='lat' dir='ltr'><strong>habet</strong></span> 
     </span>
    </p>
   </div>
   <div class='ocr_carea' id='block_1_27' title="bbox 479 2607 2089 2683">
    <p class='ocr_par' dir='ltr' id='par_1_27' title="bbox 479 2607 2089 2683">
     <span class='ocr_line' id='line_1_27' title="bbox 479 2607 2089 2683; baseline -0.003 -16"><span class='ocrx_word' id='word_1_206' title='bbox 479 2627 606 2683; x_wconf 69' lang='lat' dir='ltr'><strong>qua:</strong></span> <span class='ocrx_word' id='word_1_207' title='bbox 651 2612 815 2666; x_wconf 90' lang='lat' dir='ltr'><strong>Pater</strong></span> <span class='ocrx_word' id='word_1_208' title='bbox 860 2610 1024 2666; x_wconf 88' lang='lat' dir='ltr'><strong>habet</strong></span> <span class='ocrx_word' id='word_1_209' title='bbox 1053 2607 1234 2682; x_wconf 86' lang='lat' dir='ltr'><strong>(Joan.</strong></span> <span class='ocrx_word' id='word_1_210' title='bbox 1292 2622 1403 2672; x_wconf 76' lang='lat' dir='ltr'><strong>xvi,</strong></span> <span class='ocrx_word' id='word_1_211' title='bbox 1432 2607 1566 2678; x_wconf 69' lang='lat'><strong>15)?</strong></span> <span class='ocrx_word' id='word_1_212' title='bbox 1600 2607 1734 2662; x_wconf 89' lang='lat' dir='ltr'><strong>Nam</strong></span> <span class='ocrx_word' id='word_1_213' title='bbox 1765 2617 1821 2663; x_wconf 89' lang='lat' dir='ltr'><strong>et</strong></span> <span class='ocrx_word' id='word_1_214' title='bbox 1851 2607 2035 2663; x_wconf 90' lang='lat' dir='ltr'><strong>omnia</strong></span> <span class='ocrx_word' id='word_1_215' title='bbox 2056 2621 2089 2662; x_wconf 89' lang='lat' dir='ltr'><strong>a</strong></span> 
     </span>
    </p>
   </div>
   <div class='ocr_carea' id='block_1_28' title="bbox 478 2700 2086 2775">
    <p class='ocr_par' dir='ltr' id='par_1_28' title="bbox 478 2700 2086 2775">
     <span class='ocr_line' id='line_1_28' title="bbox 478 2700 2086 2775; baseline -0.004 -13"><span class='ocrx_word' id='word_1_216' title='bbox 478 2706 642 2762; x_wconf 84' lang='lat' dir='ltr'><strong>Patre</strong></span> <span class='ocrx_word' id='word_1_217' title='bbox 682 2704 803 2775; x_wconf 89' lang='lat' dir='ltr'><strong>iure</strong></span> <span class='ocrx_word' id='word_1_218' title='bbox 855 2702 1225 2774; x_wconf 80' lang='lat' dir='ltr'><strong>generationis</strong></span> <span class='ocrx_word' id='word_1_219' title='bbox 1273 2701 1510 2772; x_wconf 86' lang='lat' dir='ltr'><strong>accepit,</strong></span> <span class='ocrx_word' id='word_1_220' title='bbox 1556 2710 1611 2756; x_wconf 91' lang='lat' dir='ltr'><strong>et</strong></span> <span class='ocrx_word' id='word_1_221' title='bbox 1650 2708 1821 2755; x_wconf 93' lang='lat' dir='ltr'><strong>totum</strong></span> <span class='ocrx_word' id='word_1_222' title='bbox 1869 2700 2086 2757; x_wconf 87' lang='lat' dir='ltr'><strong>Patrem</strong></span> 
     </span>
    </p>
   </div>
   <div class='ocr_carea' id='block_1_29' title="bbox 484 2796 1438 2870">
    <p class='ocr_par' dir='ltr' id='par_1_29' title="bbox 484 2796 1438 2870">
     <span class='ocr_line' id='line_1_29' title="bbox 484 2796 1438 2870; baseline -0.004 -17"><span class='ocrx_word' id='word_1_223' title='bbox 484 2799 659 2870; x_wconf 79' lang='lat' dir='ltr'><strong>gloria</strong></span> <span class='ocrx_word' id='word_1_224' title='bbox 684 2813 796 2855; x_wconf 68' lang='lat' dir='ltr'><strong>suae</strong></span> <span class='ocrx_word' id='word_1_225' title='bbox 823 2796 1124 2866; x_wconf 88' lang='lat' dir='ltr'><strong>maiestatis</strong></span> <span class='ocrx_word' id='word_1_226' title='bbox 1146 2796 1438 2867; x_wconf 82' lang='lat' dir='ltr'><strong>expressit.</strong></span> 
     </span>
    </p>
   </div>
   <div class='ocr_carea' id='block_1_30' title="bbox 551 2885 2088 2960">
    <p class='ocr_par' dir='ltr' id='par_1_30' title="bbox 551 2885 2088 2960">
     <span class='ocr_line' id='line_1_30' title="bbox 551 2885 2088 2960; baseline -0.002 -15"><span class='ocrx_word' id='word_1_227' title='bbox 551 2890 679 2947; x_wconf 79' lang='lat'><strong>225.</strong></span> <span class='ocrx_word' id='word_1_228' title='bbox 722 2890 996 2960; x_wconf 90' lang='lat' dir='ltr'><strong>Scriptum</strong></span> <span class='ocrx_word' id='word_1_229' title='bbox 1023 2898 1130 2955; x_wconf 89' lang='lat' dir='ltr'><strong>est,</strong></span> <span class='ocrx_word' id='word_1_230' title='bbox 1157 2887 1406 2959; x_wconf 90' lang='lat' dir='ltr'><strong>inquiunt</strong></span> <span class='ocrx_word' id='word_1_231' title='bbox 1435 2903 1448 2941; x_wconf 91' lang='lat'><strong>:</strong></span> <span class='ocrx_word' id='word_1_232' title='bbox 1485 2885 1742 2952; x_wconf 83' lang='lat' dir='ltr'><strong>Quoniam</strong></span> <span class='ocrx_word' id='word_1_233' title='bbox 1771 2885 1931 2941; x_wconf 88' lang='lat' dir='ltr'><strong>Pater</strong></span> <span class='ocrx_word' id='word_1_234' title='bbox 1976 2903 2088 2942; x_wconf 86' lang='lat' dir='ltr'><strong>nta-</strong></span> 
     </span>
    </p>
   </div>
   <div class='ocr_carea' id='block_1_31' title="bbox 466 2977 2087 3059">
    <p class='ocr_par' dir='ltr' id='par_1_31' title="bbox 466 2977 2087 3059">
     <span class='ocr_line' id='line_1_31' title="bbox 466 2977 2087 3059; baseline -0.004 -19"><span class='ocrx_word' id='word_1_235' title='bbox 466 2988 565 3059; x_wconf 87' lang='lat' dir='ltr'><strong>jor</strong></span> <span class='ocrx_word' id='word_1_236' title='bbox 589 3001 669 3039; x_wconf 91' lang='lat' dir='ltr'><strong>me</strong></span> <span class='ocrx_word' id='word_1_237' title='bbox 691 2992 765 3038; x_wconf 88' lang='lat' dir='ltr'><strong>est</strong></span> <span class='ocrx_word' id='word_1_238' title='bbox 790 2980 971 3057; x_wconf 85' lang='lat' dir='ltr'><strong>(Joan.</strong></span> <span class='ocrx_word' id='word_1_239' title='bbox 987 2997 1099 3049; x_wconf 80' lang='lat' dir='ltr'><strong>xrv,</strong></span> <span class='ocrx_word' id='word_1_240' title='bbox 1124 2980 1242 3053; x_wconf 86' lang='lat'><strong>28).</strong></span> <span class='ocrx_word' id='word_1_241' title='bbox 1268 2979 1374 3036; x_wconf 89' lang='lat' dir='ltr'><strong>Sed</strong></span> <span class='ocrx_word' id='word_1_242' title='bbox 1395 2980 1657 3050; x_wconf 88' lang='lat' dir='ltr'><strong>scriptum</strong></span> <span class='ocrx_word' id='word_1_243' title='bbox 1680 2989 1764 3036; x_wconf 91' lang='lat' dir='ltr'><strong>est</strong></span> <span class='ocrx_word' id='word_1_244' title='bbox 1780 2997 1793 3033; x_wconf 91' lang='lat'><strong>:</strong></span> <span class='ocrx_word' id='word_1_245' title='bbox 1811 2977 1934 3034; x_wconf 85' lang='lat' dir='ltr'><strong>Non</strong></span> <span class='ocrx_word' id='word_1_246' title='bbox 1946 2981 2087 3051; x_wconf 87' lang='lat' dir='ltr'><strong>rapi-</strong></span> 
     </span>
    </p>
   </div>
   <div class='ocr_carea' id='block_1_32' title="bbox 475 3074 2083 3148">
    <p class='ocr_par' dir='ltr' id='par_1_32' title="bbox 475 3074 2083 3148">
     <span class='ocr_line' id='line_1_32' title="bbox 475 3074 2083 3148; baseline -0.003 -15"><span class='ocrx_word' id='word_1_247' title='bbox 475 3095 596 3134; x_wconf 89' lang='lat' dir='ltr'><strong>nam</strong></span> <span class='ocrx_word' id='word_1_248' title='bbox 614 3077 896 3133; x_wconf 81' lang='lat' dir='ltr'><strong>arbitratus</strong></span> <span class='ocrx_word' id='word_1_249' title='bbox 924 3086 997 3132; x_wconf 88' lang='lat' dir='ltr'><strong>est</strong></span> <span class='ocrx_word' id='word_1_250' title='bbox 1022 3092 1078 3131; x_wconf 90' lang='lat' dir='ltr'><strong>se</strong></span> <span class='ocrx_word' id='word_1_251' title='bbox 1102 3092 1209 3131; x_wconf 86' lang='lat' dir='ltr'><strong>esse</strong></span> <span class='ocrx_word' id='word_1_252' title='bbox 1236 3076 1488 3147; x_wconf 68' lang='lat' dir='ltr'><strong>aqualem</strong></span> <span class='ocrx_word' id='word_1_253' title='bbox 1517 3075 1626 3131; x_wconf 87' lang='lat' dir='ltr'><strong>Deo</strong></span> <span class='ocrx_word' id='word_1_254' title='bbox 1655 3074 1887 3148; x_wconf 81' lang='lat' dir='ltr'><strong>(Philip.</strong></span> <span class='ocrx_word' id='word_1_255' title='bbox 1916 3090 1976 3143; x_wconf 86' lang='lat' dir='ltr'><strong>ll,</strong></span> <span class='ocrx_word' id='word_1_256' title='bbox 2004 3074 2083 3147; x_wconf 91' lang='grc'><strong>6).</strong></span> 
     </span>
    </p>
   </div>
   <div class='ocr_carea' id='block_1_33' title="bbox 2124 1775 2172 1835">
    <p class='ocr_par' dir='ltr' id='par_1_33' title="bbox 2124 1775 2172 1835">
     <span class='ocr_line' id='line_1_33' title="bbox 2124 1775 2172 1835; baseline 0 0"><span class='ocrx_word' id='word_1_257' title='bbox 2124 1775 2172 1835; x_wconf 89' lang='grc' dir='ltr'><strong>Β</strong></span> 
     </span>
    </p>
   </div>
   <div class='ocr_carea' id='block_1_34' title="bbox 2207 466 3752 540">
    <p class='ocr_par' dir='ltr' id='par_1_34' title="bbox 2207 466 3752 540">
     <span class='ocr_line' id='line_1_34' title="bbox 2207 466 3752 540; baseline 0 -17"><span class='ocrx_word' id='word_1_258' title='bbox 2207 482 2301 537; x_wconf 93' lang='lat' dir='ltr'><strong>pra</strong></span> <span class='ocrx_word' id='word_1_259' title='bbox 2325 467 2545 539; x_wconf 77' lang='lat' dir='ltr'><strong>angelos</strong></span> <span class='ocrx_word' id='word_1_260' title='bbox 2565 466 2846 525; x_wconf 80' lang='lat' dir='ltr'><strong>conﬁteris</strong></span> <span class='ocrx_word' id='word_1_261' title='bbox 2878 488 2892 524; x_wconf 89' lang='lat'><strong>:</strong></span> <span class='ocrx_word' id='word_1_262' title='bbox 2920 483 3026 540; x_wconf 91' lang='lat' dir='ltr'><strong>ego</strong></span> <span class='ocrx_word' id='word_1_263' title='bbox 3049 467 3317 524; x_wconf 87' lang='lat' dir='ltr'><strong>minorem</strong></span> <span class='ocrx_word' id='word_1_264' title='bbox 3344 466 3540 539; x_wconf 81' lang='lat' dir='ltr'><strong>angelis</strong></span> <span class='ocrx_word' id='word_1_265' title='bbox 3557 466 3678 532; x_wconf 87' lang='lat' dir='ltr'><strong>dico,</strong></span> <span class='ocrx_word' id='word_1_266' title='bbox 3704 479 3752 525; x_wconf 89' lang='lat' dir='ltr'><strong>et</strong></span> 
     </span>
    </p>
   </div>
   <div class='ocr_carea' id='block_1_35' title="bbox 2205 559 3753 635">
    <p class='ocr_par' dir='ltr' id='par_1_35' title="bbox 2205 559 3753 635">
     <span class='ocr_line' id='line_1_35' title="bbox 2205 559 3753 635; baseline 0 -20"><span class='ocrx_word' id='word_1_267' title='bbox 2205 576 2312 616; x_wconf 93' lang='lat' dir='ltr'><strong>non</strong></span> <span class='ocrx_word' id='word_1_268' title='bbox 2340 561 2574 633; x_wconf 88' lang='lat' dir='ltr'><strong>derogo;</strong></span> <span class='ocrx_word' id='word_1_269' title='bbox 2597 563 2723 634; x_wconf 89' lang='lat' dir='ltr'><strong>quia</strong></span> <span class='ocrx_word' id='word_1_270' title='bbox 2756 578 2866 620; x_wconf 93' lang='lat' dir='ltr'><strong>non</strong></span> <span class='ocrx_word' id='word_1_271' title='bbox 2889 562 3227 620; x_wconf 87' lang='lat' dir='ltr'><strong>divinitatem</strong></span> <span class='ocrx_word' id='word_1_272' title='bbox 3251 575 3439 635; x_wconf 91' lang='lat' dir='ltr'><strong>arguo,</strong></span> <span class='ocrx_word' id='word_1_273' title='bbox 3466 559 3554 619; x_wconf 84' lang='lat' dir='ltr'><strong>sed</strong></span> <span class='ocrx_word' id='word_1_274' title='bbox 3580 561 3753 619; x_wconf 85' lang='lat' dir='ltr'><strong>miseri-</strong></span> 
     </span>
    </p>
   </div>
   <div class='ocr_carea' id='block_1_36' title="bbox 2201 650 2730 724">
    <p class='ocr_par' dir='ltr' id='par_1_36' title="bbox 2201 650 2730 724">
     <span class='ocr_line' id='line_1_36' title="bbox 2201 650 2730 724; baseline 0.006 -18"><span class='ocrx_word' id='word_1_275' title='bbox 2201 650 2445 708; x_wconf 83' lang='lat' dir='ltr'><strong>cordiam</strong></span> <span class='ocrx_word' id='word_1_276' title='bbox 2469 651 2730 724; x_wconf 64' lang='lat' dir='ltr'><strong>praedico.</strong></span> 
     </span>
    </p>
   </div>
   <div class='ocr_carea' id='block_1_37' title="bbox 2811 745 3226 806">
    <p class='ocr_par' dir='ltr' id='par_1_37' title="bbox 2811 745 3226 806">
     <span class='ocr_line' id='line_1_37' title="bbox 2811 745 3226 806; baseline 0.002 -3"><span class='ocrx_word' id='word_1_277' title='bbox 2811 745 3044 806; x_wconf 77' lang='lat' dir='ltr'><strong>CAPUT</strong></span> <span class='ocrx_word' id='word_1_278' title='bbox 3080 746 3226 804; x_wconf 80' lang='lat' dir='ltr'><strong>XIX.</strong></span> 
     </span>
    </p>
   </div>
   <div class='ocr_carea' id='block_1_38' title="bbox 2203 860 3756 930">
    <p class='ocr_par' dir='ltr' id='par_1_38' title="bbox 2203 860 3756 930">
     <span class='ocr_line' id='line_1_38' title="bbox 2203 860 3756 930; baseline -0.001 -13"><span class='ocrx_word' id='word_1_279' title='bbox 2203 861 2488 918; x_wconf 79' lang='lat' dir='ltr'><strong>Conversus</strong></span> <span class='ocrx_word' id='word_1_280' title='bbox 2514 862 2583 918; x_wconf 85' lang='lat' dir='ltr'><strong>ad</strong></span> <span class='ocrx_word' id='word_1_281' title='bbox 2604 862 2775 920; x_wconf 87' lang='lat' dir='ltr'><strong>Deum</strong></span> <span class='ocrx_word' id='word_1_282' title='bbox 2794 861 3005 919; x_wconf 82' lang='lat' dir='ltr'><strong>Patrem</strong></span> <span class='ocrx_word' id='word_1_283' title='bbox 3031 863 3127 920; x_wconf 85' lang='lat' dir='ltr'><strong>Vir</strong></span> <span class='ocrx_word' id='word_1_284' title='bbox 3149 871 3381 930; x_wconf 74' lang='lat' dir='ltr'><strong>sanctus,</strong></span> <span class='ocrx_word' id='word_1_285' title='bbox 3403 878 3493 917; x_wconf 81' lang='lat' dir='ltr'><strong>cur</strong></span> <span class='ocrx_word' id='word_1_286' title='bbox 3517 860 3685 917; x_wconf 73' lang='lat' dir='ltr'><strong>Filium</strong></span> <span class='ocrx_word' id='word_1_287' title='bbox 3702 877 3756 917; x_wconf 84' lang='lat' dir='ltr'><strong>eo</strong></span> 
     </span>
    </p>
   </div>
   <div class='ocr_carea' id='block_1_39' title="bbox 2271 957 3755 1029">
    <p class='ocr_par' dir='ltr' id='par_1_39' title="bbox 2271 957 3755 1029">
     <span class='ocr_line' id='line_1_39' title="bbox 2271 957 3755 1029; baseline -0.003 -15"><span class='ocrx_word' id='word_1_288' title='bbox 2271 961 2520 1015; x_wconf 81' lang='lat' dir='ltr'><strong>minorem</strong></span> <span class='ocrx_word' id='word_1_289' title='bbox 2546 977 2648 1016; x_wconf 86' lang='lat' dir='ltr'><strong>non</strong></span> <span class='ocrx_word' id='word_1_290' title='bbox 2674 970 2891 1026; x_wconf 75' lang='lat' dir='ltr'><strong>statuat,</strong></span> <span class='ocrx_word' id='word_1_291' title='bbox 2917 960 3128 1029; x_wconf 73' lang='lat' dir='ltr'><strong>exponit</strong></span> <span class='ocrx_word' id='word_1_292' title='bbox 3155 975 3175 1014; x_wconf 88' lang='lat'><strong><em>:</em></strong></span> <span class='ocrx_word' id='word_1_293' title='bbox 3205 969 3314 1013; x_wconf 85' lang='lat' dir='ltr'><strong>tum</strong></span> <span class='ocrx_word' id='word_1_294' title='bbox 3337 957 3657 1012; x_wconf 80' lang='lat' dir='ltr'><strong>asseritsuum</strong></span> <span class='ocrx_word' id='word_1_295' title='bbox 3670 973 3755 1011; x_wconf 76' lang='lat' dir='ltr'><strong>non</strong></span> 
     </span>
    </p>
   </div>
   <div class='ocr_carea' id='block_1_40' title="bbox 2263 1052 3758 1125">
    <p class='ocr_par' dir='ltr' id='par_1_40' title="bbox 2263 1052 3758 1125">
     <span class='ocr_line' id='line_1_40' title="bbox 2263 1052 3758 1125; baseline -0.003 -16"><span class='ocrx_word' id='word_1_296' title='bbox 2263 1070 2370 1110; x_wconf 80' lang='lat' dir='ltr'><strong>esse</strong></span> <span class='ocrx_word' id='word_1_297' title='bbox 2401 1065 2455 1109; x_wconf 86' lang='lat' dir='ltr'><strong>ut</strong></span> <span class='ocrx_word' id='word_1_298' title='bbox 2481 1055 2723 1111; x_wconf 74' lang='lat' dir='ltr'><strong>metiatur</strong></span> <span class='ocrx_word' id='word_1_299' title='bbox 2755 1054 2854 1111; x_wconf 87' lang='lat' dir='ltr'><strong>Dei</strong></span> <span class='ocrx_word' id='word_1_300' title='bbox 2880 1053 3081 1110; x_wconf 78' lang='lat' dir='ltr'><strong>Filium</strong></span> <span class='ocrx_word' id='word_1_301' title='bbox 3103 1070 3125 1120; x_wconf 86' lang='lat'><strong>;</strong></span> <span class='ocrx_word' id='word_1_302' title='bbox 3149 1070 3264 1109; x_wconf 77' lang='lat' dir='ltr'><strong>cum</strong></span> <span class='ocrx_word' id='word_1_303' title='bbox 3297 1052 3478 1125; x_wconf 75' lang='lat' dir='ltr'><strong>angelo</strong></span> <span class='ocrx_word' id='word_1_304' title='bbox 3496 1052 3647 1107; x_wconf 78' lang='lat' dir='ltr'><strong>metiri</strong></span> <span class='ocrx_word' id='word_1_305' title='bbox 3665 1061 3758 1106; x_wconf 81' lang='lat' dir='ltr'><strong>tan-</strong></span> 
     </span>
    </p>
   </div>
   <div class='ocr_carea' id='block_1_41' title="bbox 2270 1142 3757 1220">
    <p class='ocr_par' dir='ltr' id='par_1_41' title="bbox 2270 1142 3757 1220">
     <span class='ocr_line' id='line_1_41' title="bbox 2270 1142 3757 1220; baseline -0.003 -17"><span class='ocrx_word' id='word_1_306' title='bbox 2270 1158 2379 1203; x_wconf 88' lang='lat' dir='ltr'><strong>tum</strong></span> <span class='ocrx_word' id='word_1_307' title='bbox 2421 1148 2715 1205; x_wconf 72' lang='lat' dir='ltr'><strong>Jerusalem</strong></span> <span class='ocrx_word' id='word_1_308' title='bbox 2741 1150 2919 1203; x_wconf 85' lang='lat' dir='ltr'><strong>datum</strong></span> <span class='ocrx_word' id='word_1_309' title='bbox 2940 1148 3122 1220; x_wconf 80' lang='lat' dir='ltr'><strong>fuerit,</strong></span> <span class='ocrx_word' id='word_1_310' title='bbox 3148 1148 3309 1202; x_wconf 88' lang='lat' dir='ltr'><strong>immo</strong></span> <span class='ocrx_word' id='word_1_311' title='bbox 3335 1156 3386 1201; x_wconf 91' lang='lat' dir='ltr'><strong>et</strong></span> <span class='ocrx_word' id='word_1_312' title='bbox 3431 1147 3559 1217; x_wconf 83' lang='lat' dir='ltr'><strong>forte</strong></span> <span class='ocrx_word' id='word_1_313' title='bbox 3585 1142 3757 1199; x_wconf 77' lang='lat' dir='ltr'><strong>Christo</strong></span> 
     </span>
    </p>
   </div>
   <div class='ocr_carea' id='block_1_42' title="bbox 2269 1239 3759 1308">
    <p class='ocr_par' dir='ltr' id='par_1_42' title="bbox 2269 1239 3759 1308">
     <span class='ocr_line' id='line_1_42' title="bbox 2269 1239 3759 1308; baseline -0.003 -14"><span class='ocrx_word' id='word_1_314' title='bbox 2269 1249 2325 1295; x_wconf 86' lang='lat' dir='ltr'><strong>ut</strong></span> <span class='ocrx_word' id='word_1_315' title='bbox 2354 1240 2551 1295; x_wconf 84' lang='lat' dir='ltr'><strong>homini</strong></span> <span class='ocrx_word' id='word_1_316' title='bbox 2580 1256 2601 1296; x_wconf 92' lang='lat'><strong><em>:</em></strong></span> <span class='ocrx_word' id='word_1_317' title='bbox 2623 1240 2717 1296; x_wconf 82' lang='lat' dir='ltr'><strong>sed</strong></span> <span class='ocrx_word' id='word_1_318' title='bbox 2755 1241 2943 1295; x_wconf 80' lang='lat' dir='ltr'><strong>Arium</strong></span> <span class='ocrx_word' id='word_1_319' title='bbox 2992 1240 3210 1296; x_wconf 75' lang='lat' dir='ltr'><strong>Satante</strong></span> <span class='ocrx_word' id='word_1_320' title='bbox 3259 1239 3559 1293; x_wconf 83' lang='lat' dir='ltr'><strong>imitatorem</strong></span> <span class='ocrx_word' id='word_1_321' title='bbox 3581 1252 3631 1291; x_wconf 88' lang='lat' dir='ltr'><strong>se</strong></span> <span class='ocrx_word' id='word_1_322' title='bbox 3651 1253 3759 1308; x_wconf 79' lang='lat' dir='ltr'><strong>prte-</strong></span> 
     </span>
    </p>
   </div>
   <div class='ocr_carea' id='block_1_43' title="bbox 2271 1332 3759 1406">
    <p class='ocr_par' dir='ltr' id='par_1_43' title="bbox 2271 1332 3759 1406">
     <span class='ocr_line' id='line_1_43' title="bbox 2271 1332 3759 1406; baseline -0.002 -19"><span class='ocrx_word' id='word_1_323' title='bbox 2271 1334 2460 1389; x_wconf 88' lang='lat' dir='ltr'><strong>buisse.</strong></span> <span class='ocrx_word' id='word_1_324' title='bbox 2489 1334 2702 1390; x_wconf 78' lang='lat' dir='ltr'><strong>Temere</strong></span> <span class='ocrx_word' id='word_1_325' title='bbox 2716 1333 2876 1406; x_wconf 85' lang='lat' dir='ltr'><strong>igitur</strong></span> <span class='ocrx_word' id='word_1_326' title='bbox 2890 1335 2954 1390; x_wconf 83' lang='lat' dir='ltr'><strong>de</strong></span> <span class='ocrx_word' id='word_1_327' title='bbox 2966 1334 3140 1390; x_wconf 76' lang='lat' dir='ltr'><strong>divina</strong></span> <span class='ocrx_word' id='word_1_328' title='bbox 3162 1334 3488 1406; x_wconf 81' lang='lat' dir='ltr'><strong>generatione</strong></span> <span class='ocrx_word' id='word_1_329' title='bbox 3507 1332 3759 1402; x_wconf 73' lang='lat' dir='ltr'><strong>disputari;</strong></span> 
     </span>
    </p>
   </div>
   <div class='ocr_carea' id='block_1_44' title="bbox 2269 1427 3759 1500">
    <p class='ocr_par' dir='ltr' id='par_1_44' title="bbox 2269 1427 3759 1500">
     <span class='ocr_line' id='line_1_44' title="bbox 2269 1427 3759 1500; baseline -0.001 -19"><span class='ocrx_word' id='word_1_330' title='bbox 2269 1444 2386 1483; x_wconf 84' lang='lat' dir='ltr'><strong>eum</strong></span> <span class='ocrx_word' id='word_1_331' title='bbox 2416 1438 2616 1484; x_wconf 87' lang='lat' dir='ltr'><strong>tantum</strong></span> <span class='ocrx_word' id='word_1_332' title='bbox 2639 1430 2880 1485; x_wconf 74' lang='lat' dir='ltr'><strong>humanm</strong></span> <span class='ocrx_word' id='word_1_333' title='bbox 2902 1430 3107 1500; x_wconf 83' lang='lat' dir='ltr'><strong>signum</strong></span> <span class='ocrx_word' id='word_1_334' title='bbox 3142 1445 3234 1500; x_wconf 85' lang='lat' dir='ltr'><strong>per</strong></span> <span class='ocrx_word' id='word_1_335' title='bbox 3276 1427 3490 1483; x_wconf 79' lang='lat' dir='ltr'><strong>Esaiam</strong></span> <span class='ocrx_word' id='word_1_336' title='bbox 3515 1427 3577 1482; x_wconf 85' lang='lat' dir='ltr'><strong>sit</strong></span> <span class='ocrx_word' id='word_1_337' title='bbox 3600 1442 3759 1496; x_wconf 76' lang='lat' dir='ltr'><strong>propo-</strong></span> 
     </span>
    </p>
   </div>
   <div class='ocr_carea' id='block_1_45' title="bbox 2266 1517 3758 1595">
    <p class='ocr_par' dir='ltr' id='par_1_45' title="bbox 2266 1517 3758 1595">
     <span class='ocr_line' id='line_1_45' title="bbox 2266 1517 3758 1595; baseline -0.002 -21"><span class='ocrx_word' id='word_1_338' title='bbox 2266 1521 2453 1587; x_wconf 86' lang='lat' dir='ltr'><strong>situm;</strong></span> <span class='ocrx_word' id='word_1_339' title='bbox 2477 1537 2566 1575; x_wconf 80' lang='lat' dir='ltr'><strong>nec</strong></span> <span class='ocrx_word' id='word_1_340' title='bbox 2588 1521 2769 1577; x_wconf 85' lang='lat' dir='ltr'><strong>debeat</strong></span> <span class='ocrx_word' id='word_1_341' title='bbox 2792 1521 3110 1595; x_wconf 84' lang='lat' dir='ltr'><strong>comparatio</strong></span> <span class='ocrx_word' id='word_1_342' title='bbox 3137 1522 3252 1592; x_wconf 79' lang='lat' dir='ltr'><strong>ﬁeri</strong></span> <span class='ocrx_word' id='word_1_343' title='bbox 3276 1522 3330 1575; x_wconf 88' lang='lat' dir='ltr'><strong>in</strong></span> <span class='ocrx_word' id='word_1_344' title='bbox 3354 1520 3553 1575; x_wconf 78' lang='lat' dir='ltr'><strong>divinis.</strong></span> <span class='ocrx_word' id='word_1_345' title='bbox 3582 1517 3758 1573; x_wconf 86' lang='lat' dir='ltr'><strong>Postre-</strong></span> 
     </span>
    </p>
   </div>
   <div class='ocr_carea' id='block_1_46' title="bbox 2268 1612 3757 1688">
    <p class='ocr_par' dir='ltr' id='par_1_46' title="bbox 2268 1612 3757 1688">
     <span class='ocr_line' id='line_1_46' title="bbox 2268 1612 3757 1688; baseline -0.001 -21"><span class='ocrx_word' id='word_1_346' title='bbox 2268 1629 2350 1668; x_wconf 88' lang='lat' dir='ltr'><strong>mo</strong></span> <span class='ocrx_word' id='word_1_347' title='bbox 2388 1622 2635 1684; x_wconf 83' lang='lat' dir='ltr'><strong>quantum</strong></span> <span class='ocrx_word' id='word_1_348' title='bbox 2655 1614 2909 1688; x_wconf 76' lang='lat' dir='ltr'><strong>fugienda</strong></span> <span class='ocrx_word' id='word_1_349' title='bbox 2954 1615 3023 1669; x_wconf 81' lang='lat' dir='ltr'><strong>sit</strong></span> <span class='ocrx_word' id='word_1_350' title='bbox 3049 1614 3162 1669; x_wconf 76' lang='lat' dir='ltr'><strong>Arii</strong></span> <span class='ocrx_word' id='word_1_351' title='bbox 3184 1613 3501 1686; x_wconf 87' lang='lat' dir='ltr'><strong>arrogantia,</strong></span> <span class='ocrx_word' id='word_1_352' title='bbox 3536 1612 3757 1666; x_wconf 78' lang='lat' dir='ltr'><strong>variorum</strong></span> 
     </span>
    </p>
   </div>
   <div class='ocr_carea' id='block_1_47' title="bbox 2268 1708 3653 1782">
    <p class='ocr_par' dir='ltr' id='par_1_47' title="bbox 2268 1708 3653 1782">
     <span class='ocr_line' id='line_1_47' title="bbox 2268 1708 3653 1782; baseline -0.001 -17"><span class='ocrx_word' id='word_1_353' title='bbox 2268 1708 2564 1779; x_wconf 66' lang='lat' dir='ltr'><strong>Scriptura:</strong></span> <span class='ocrx_word' id='word_1_354' title='bbox 2591 1710 2944 1782; x_wconf 71' lang='lat' dir='ltr'><strong>exemplorum</strong></span> <span class='ocrx_word' id='word_1_355' title='bbox 2965 1709 3292 1781; x_wconf 84' lang='lat' dir='ltr'><strong>oppositione</strong></span> <span class='ocrx_word' id='word_1_356' title='bbox 3336 1708 3653 1763; x_wconf 84' lang='lat' dir='ltr'><strong>demonstrat.</strong></span> 
     </span>
    </p>
   </div>
   <div class='ocr_carea' id='block_1_48' title="bbox 2268 1854 3760 1928">
    <p class='ocr_par' dir='ltr' id='par_1_48' title="bbox 2268 1854 3760 1928">
     <span class='ocr_line' id='line_1_48' title="bbox 2268 1854 3760 1928; baseline -0.001 -18"><span class='ocrx_word' id='word_1_357' title='bbox 2268 1855 2395 1911; x_wconf 78' lang='lat'><strong>228.</strong></span> <span class='ocrx_word' id='word_1_358' title='bbox 2438 1856 2519 1911; x_wconf 81' lang='lat' dir='ltr'><strong>Ad</strong></span> <span class='ocrx_word' id='word_1_359' title='bbox 2560 1865 2613 1912; x_wconf 87' lang='lat' dir='ltr'><strong>te</strong></span> <span class='ocrx_word' id='word_1_360' title='bbox 2641 1871 2806 1923; x_wconf 91' lang='lat' dir='ltr'><strong>nunc,</strong></span> <span class='ocrx_word' id='word_1_361' title='bbox 2837 1855 3184 1928; x_wconf 89' lang='lat' dir='ltr'><strong>omnipotens</strong></span> <span class='ocrx_word' id='word_1_362' title='bbox 3227 1856 3412 1924; x_wconf 87' lang='lat' dir='ltr'><strong>Pater,</strong></span> <span class='ocrx_word' id='word_1_363' title='bbox 3452 1868 3569 1911; x_wconf 89' lang='lat' dir='ltr'><strong>cum</strong></span> <span class='ocrx_word' id='word_1_364' title='bbox 3616 1854 3760 1926; x_wconf 62' lang='grc' dir='ltr'><strong>ἰδοῖς-</strong></span> 
     </span>
    </p>
   </div>
   <div class='ocr_carea' id='block_1_49' title="bbox 2196 1946 3759 2021">
    <p class='ocr_par' dir='ltr' id='par_1_49' title="bbox 2196 1946 3759 2021">
     <span class='ocr_line' id='line_1_49' title="bbox 2196 1946 3759 2021; baseline -0.001 -20"><span class='ocrx_word' id='word_1_365' title='bbox 2196 1948 2300 2003; x_wconf 89' lang='lat' dir='ltr'><strong>mis</strong></span> <span class='ocrx_word' id='word_1_366' title='bbox 2348 1949 2512 2005; x_wconf 89' lang='lat' dir='ltr'><strong>verba</strong></span> <span class='ocrx_word' id='word_1_367' title='bbox 2544 1959 2824 2005; x_wconf 81' lang='lat' dir='ltr'><strong>converto.</strong></span> <span class='ocrx_word' id='word_1_368' title='bbox 2856 1949 2970 2021; x_wconf 86' lang='lat' dir='ltr'><strong>Ego</strong></span> <span class='ocrx_word' id='word_1_369' title='bbox 3018 1958 3072 2006; x_wconf 87' lang='lat' dir='ltr'><strong>te</strong></span> <span class='ocrx_word' id='word_1_370' title='bbox 3096 1948 3315 2021; x_wconf 91' lang='lat' dir='ltr'><strong>quidem</strong></span> <span class='ocrx_word' id='word_1_371' title='bbox 3346 1946 3759 2010; x_wconf 85' lang='lat' dir='ltr'><strong>inaccessibilem,</strong></span> 
     </span>
    </p>
   </div>
   <div class='ocr_carea' id='block_1_50' title="bbox 2196 2040 3762 2119">
    <p class='ocr_par' dir='ltr' id='par_1_50' title="bbox 2196 2040 3762 2119">
     <span class='ocr_line' id='line_1_50' title="bbox 2196 2040 3762 2119; baseline 0.001 -24"><span class='ocrx_word' id='word_1_372' title='bbox 2196 2040 2835 2119; x_wconf 72' lang='lat' dir='ltr'><strong>inet-mprelteusibilem,</strong></span> <span class='ocrx_word' id='word_1_373' title='bbox 2882 2043 3315 2099; x_wconf 73' lang='lat' dir='ltr'><strong>inaestimabilem</strong></span> <span class='ocrx_word' id='word_1_374' title='bbox 3372 2050 3610 2114; x_wconf 89' lang='lat' dir='ltr'><strong>prompte</strong></span> <span class='ocrx_word' id='word_1_375' title='bbox 3633 2040 3762 2096; x_wconf 80' lang='lat' dir='ltr'><strong>dixe-</strong></span> 
     </span>
    </p>
   </div>
   <div class='ocr_carea' id='block_1_51' title="bbox 2194 2135 3759 2201">
    <p class='ocr_par' dir='ltr' id='par_1_51' title="bbox 2194 2135 3759 2201">
     <span class='ocr_line' id='line_1_51' title="bbox 2194 2135 3759 2201; baseline -0.003 -9"><span class='ocrx_word' id='word_1_376' title='bbox 2194 2137 2298 2192; x_wconf 85' lang='lat' dir='ltr'><strong>rint</strong></span> <span class='ocrx_word' id='word_1_377' title='bbox 2327 2136 2459 2193; x_wconf 88' lang='lat' dir='ltr'><strong>:sed</strong></span> <span class='ocrx_word' id='word_1_378' title='bbox 2493 2136 2689 2193; x_wconf 85' lang='lat' dir='ltr'><strong>Filium</strong></span> <span class='ocrx_word' id='word_1_379' title='bbox 2724 2147 2889 2201; x_wconf 36' lang='lat' dir='ltr'><strong>tuum,</strong></span> <span class='ocrx_word' id='word_1_380' title='bbox 2907 2137 3175 2193; x_wconf 90' lang='lat' dir='ltr'><strong>minorem</strong></span> <span class='ocrx_word' id='word_1_381' title='bbox 3231 2151 3341 2193; x_wconf 93' lang='lat' dir='ltr'><strong>non</strong></span> <span class='ocrx_word' id='word_1_382' title='bbox 3372 2137 3540 2192; x_wconf 89' lang='lat' dir='ltr'><strong>ausim</strong></span> <span class='ocrx_word' id='word_1_383' title='bbox 3583 2135 3759 2189; x_wconf 86' lang='lat' dir='ltr'><strong>dicere.</strong></span> 
     </span>
    </p>
   </div>
   <div class='ocr_carea' id='block_1_52' title="bbox 2194 2229 3762 2304">
    <p class='ocr_par' dir='ltr' id='par_1_52' title="bbox 2194 2229 3762 2304">
     <span class='ocr_line' id='line_1_52' title="bbox 2194 2229 3762 2304; baseline -0.001 -18"><span class='ocrx_word' id='word_1_384' title='bbox 2194 2230 2327 2286; x_wconf 87' lang='lat' dir='ltr'><strong>Nam</strong></span> <span class='ocrx_word' id='word_1_385' title='bbox 2381 2246 2504 2287; x_wconf 91' lang='lat' dir='ltr'><strong>eum</strong></span> <span class='ocrx_word' id='word_1_386' title='bbox 2546 2232 2702 2287; x_wconf 90' lang='lat' dir='ltr'><strong>illum</strong></span> <span class='ocrx_word' id='word_1_387' title='bbox 2744 2231 3098 2303; x_wconf 88' lang='lat' dir='ltr'><strong>splendorem</strong></span> <span class='ocrx_word' id='word_1_388' title='bbox 3144 2229 3359 2304; x_wconf 63' lang='lat' dir='ltr'><strong>gloria),</strong></span> <span class='ocrx_word' id='word_1_389' title='bbox 3421 2241 3472 2287; x_wconf 89' lang='lat' dir='ltr'><strong>et</strong></span> <span class='ocrx_word' id='word_1_390' title='bbox 3507 2232 3762 2301; x_wconf 85' lang='lat' dir='ltr'><strong>imaginem</strong></span> 
     </span>
    </p>
   </div>
   <div class='ocr_carea' id='block_1_53' title="bbox 2194 2324 3763 2400">
    <p class='ocr_par' dir='ltr' id='par_1_53' title="bbox 2194 2324 3763 2400">
     <span class='ocr_line' id='line_1_53' title="bbox 2194 2324 3763 2400; baseline -0.002 -19"><span class='ocrx_word' id='word_1_391' title='bbox 2194 2326 2515 2383; x_wconf 68' lang='lat' dir='ltr'><strong>substantia:</strong></span> <span class='ocrx_word' id='word_1_392' title='bbox 2540 2337 2647 2383; x_wconf 79' lang='lat' dir='ltr'><strong>tua:</strong></span> <span class='ocrx_word' id='word_1_393' title='bbox 2670 2327 2899 2399; x_wconf 89' lang='lat' dir='ltr'><strong>legerim</strong></span> <span class='ocrx_word' id='word_1_394' title='bbox 2934 2326 3122 2400; x_wconf 84' lang='lat' dir='ltr'><strong>(Hebr.</strong></span> <span class='ocrx_word' id='word_1_395' title='bbox 3154 2344 3193 2390; x_wconf 82' lang='grc' dir='ltr'><strong><em>ι.</em></strong></span> <span class='ocrx_word' id='word_1_396' title='bbox 3223 2327 3283 2397; x_wconf 74' lang='grc' dir='ltr'><strong>ὅ)</strong></span> <span class='ocrx_word' id='word_1_397' title='bbox 3311 2344 3326 2394; x_wconf 94' lang='lat'><strong>;</strong></span> <span class='ocrx_word' id='word_1_398' title='bbox 3350 2341 3540 2382; x_wconf 88' lang='lat' dir='ltr'><strong>vereor</strong></span> <span class='ocrx_word' id='word_1_399' title='bbox 3582 2341 3642 2381; x_wconf 90' lang='lat' dir='ltr'><strong>ne</strong></span> <span class='ocrx_word' id='word_1_400' title='bbox 3676 2324 3763 2379; x_wconf 57' lang='lat' dir='ltr'><strong>mi.</strong></span> 
     </span>
    </p>
   </div>
   <div class='ocr_carea' id='block_1_54' title="bbox 2195 2419 3760 2493">
    <p class='ocr_par' dir='ltr' id='par_1_54' title="bbox 2195 2419 3760 2493">
     <span class='ocr_line' id='line_1_54' title="bbox 2195 2419 3760 2493; baseline -0.003 -17"><span class='ocrx_word' id='word_1_401' title='bbox 2195 2436 2388 2477; x_wconf 91' lang='lat' dir='ltr'><strong>norem</strong></span> <span class='ocrx_word' id='word_1_402' title='bbox 2421 2421 2709 2493; x_wconf 88' lang='lat' dir='ltr'><strong>imaginem</strong></span> <span class='ocrx_word' id='word_1_403' title='bbox 2742 2430 2846 2477; x_wconf 62' lang='lat' dir='ltr'><strong>tua:</strong></span> <span class='ocrx_word' id='word_1_404' title='bbox 2867 2421 3102 2477; x_wconf 89' lang='lat' dir='ltr'><strong>dicendo</strong></span> <span class='ocrx_word' id='word_1_405' title='bbox 3138 2420 3479 2489; x_wconf 63' lang='lat' dir='ltr'><strong>substantiae,</strong></span> <span class='ocrx_word' id='word_1_406' title='bbox 3526 2419 3760 2475; x_wconf 83' lang='lat' dir='ltr'><strong>minorem</strong></span> 
     </span>
    </p>
   </div>
   <div class='ocr_carea' id='block_1_55' title="bbox 2192 2511 3762 2585">
    <p class='ocr_par' dir='ltr' id='par_1_55' title="bbox 2192 2511 3762 2585">
     <span class='ocr_line' id='line_1_55' title="bbox 2192 2511 3762 2585; baseline -0.003 -15"><span class='ocrx_word' id='word_1_407' title='bbox 2192 2513 2552 2570; x_wconf 89' lang='lat' dir='ltr'><strong>substantiam</strong></span> <span class='ocrx_word' id='word_1_408' title='bbox 2579 2524 2724 2570; x_wconf 86' lang='lat' dir='ltr'><strong>tuam</strong></span> <span class='ocrx_word' id='word_1_409' title='bbox 2746 2514 2929 2571; x_wconf 90' lang='lat' dir='ltr'><strong>dicere</strong></span> <span class='ocrx_word' id='word_1_410' title='bbox 2949 2514 3162 2581; x_wconf 90' lang='lat' dir='ltr'><strong>videar,</strong></span> <span class='ocrx_word' id='word_1_411' title='bbox 3189 2514 3347 2585; x_wconf 90' lang='lat' dir='ltr'><strong>cuius</strong></span> <span class='ocrx_word' id='word_1_412' title='bbox 3392 2514 3565 2584; x_wconf 87' lang='lat' dir='ltr'><strong>imago</strong></span> <span class='ocrx_word' id='word_1_413' title='bbox 3591 2512 3655 2568; x_wconf 91' lang='lat' dir='ltr'><strong>sit</strong></span> <span class='ocrx_word' id='word_1_414' title='bbox 3684 2511 3762 2566; x_wconf 79' lang='lat' dir='ltr'><strong>Fi-</strong></span> 
     </span>
    </p>
   </div>
   <div class='ocr_carea' id='block_1_56' title="bbox 2193 2604 3760 2682">
    <p class='ocr_par' dir='ltr' id='par_1_56' title="bbox 2193 2604 3760 2682">
     <span class='ocr_line' id='line_1_56' title="bbox 2193 2604 3760 2682; baseline -0.003 -20"><span class='ocrx_word' id='word_1_415' title='bbox 2193 2607 2319 2675; x_wconf 90' lang='lat' dir='ltr'><strong>lius,</strong></span> <span class='ocrx_word' id='word_1_416' title='bbox 2342 2622 2468 2663; x_wconf 93' lang='lat' dir='ltr'><strong>cum</strong></span> <span class='ocrx_word' id='word_1_417' title='bbox 2496 2607 2775 2678; x_wconf 86' lang='lat' dir='ltr'><strong>plenitudo</strong></span> <span class='ocrx_word' id='word_1_418' title='bbox 2804 2616 2912 2664; x_wconf 65' lang='lat' dir='ltr'><strong>tuae</strong></span> <span class='ocrx_word' id='word_1_419' title='bbox 2924 2608 3231 2682; x_wconf 85' lang='lat' dir='ltr'><strong>divinitatis</strong></span> <span class='ocrx_word' id='word_1_420' title='bbox 3258 2608 3441 2663; x_wconf 92' lang='lat' dir='ltr'><strong>omnis</strong></span> <span class='ocrx_word' id='word_1_421' title='bbox 3463 2607 3515 2663; x_wconf 94' lang='lat' dir='ltr'><strong>in</strong></span> <span class='ocrx_word' id='word_1_422' title='bbox 3534 2604 3662 2662; x_wconf 85' lang='lat' dir='ltr'><strong>Filio</strong></span> <span class='ocrx_word' id='word_1_423' title='bbox 3679 2605 3760 2660; x_wconf 88' lang='lat' dir='ltr'><strong>sit.</strong></span> 
     </span>
    </p>
   </div>
   <div class='ocr_carea' id='block_1_57' title="bbox 2189 2701 3760 2776">
    <p class='ocr_par' dir='ltr' id='par_1_57' title="bbox 2189 2701 3760 2776">
     <span class='ocr_line' id='line_1_57' title="bbox 2189 2701 3760 2776; baseline -0.001 -19"><span class='ocrx_word' id='word_1_424' title='bbox 2189 2701 2522 2759; x_wconf 80' lang='lat' dir='ltr'><strong>Immensum</strong></span> <span class='ocrx_word' id='word_1_425' title='bbox 2547 2711 2601 2759; x_wconf 91' lang='lat' dir='ltr'><strong>te</strong></span> <span class='ocrx_word' id='word_1_426' title='bbox 2625 2702 2931 2776; x_wconf 86' lang='lat' dir='ltr'><strong>Filiumque</strong></span> <span class='ocrx_word' id='word_1_427' title='bbox 2962 2713 3112 2759; x_wconf 92' lang='lat' dir='ltr'><strong>tuum</strong></span> <span class='ocrx_word' id='word_1_428' title='bbox 3143 2713 3200 2760; x_wconf 92' lang='lat' dir='ltr'><strong>et</strong></span> <span class='ocrx_word' id='word_1_429' title='bbox 3228 2702 3491 2776; x_wconf 88' lang='lat' dir='ltr'><strong>Spiritum</strong></span> <span class='ocrx_word' id='word_1_430' title='bbox 3521 2711 3760 2769; x_wconf 85' lang='lat' dir='ltr'><strong>sanctum,</strong></span> 
     </span>
    </p>
   </div>
   <div class='ocr_carea' id='block_1_58' title="bbox 2193 2793 3762 2865">
    <p class='ocr_par' dir='ltr' id='par_1_58' title="bbox 2193 2793 3762 2865">
     <span class='ocr_line' id='line_1_58' title="bbox 2193 2793 3762 2865; baseline -0.001 -17"><span class='ocrx_word' id='word_1_431' title='bbox 2193 2794 2770 2865; x_wconf 91' lang='lat' dir='ltr'><strong>incircumscriptum,</strong></span> <span class='ocrx_word' id='word_1_432' title='bbox 2851 2795 3327 2863; x_wconf 60' lang='lat' dir='ltr'><strong>inaestimabilem,</strong></span> <span class='ocrx_word' id='word_1_433' title='bbox 3377 2793 3762 2850; x_wconf 86' lang='lat' dir='ltr'><strong>inenarrabilem</strong></span> 
     </span>
    </p>
   </div>
   <div class='ocr_carea' id='block_1_59' title="bbox 2191 2888 3761 2960">
    <p class='ocr_par' dir='ltr' id='par_1_59' title="bbox 2191 2888 3761 2960">
     <span class='ocr_line' id='line_1_59' title="bbox 2191 2888 3761 2960; baseline -0.002 -15"><span class='ocrx_word' id='word_1_434' title='bbox 2191 2888 2295 2960; x_wconf 86' lang='lat' dir='ltr'><strong>legi</strong></span> <span class='ocrx_word' id='word_1_435' title='bbox 2318 2889 2654 2959; x_wconf 82' lang='lat' dir='ltr'><strong>frequenter,</strong></span> <span class='ocrx_word' id='word_1_436' title='bbox 2683 2889 2850 2947; x_wconf 90' lang='lat' dir='ltr'><strong>credo</strong></span> <span class='ocrx_word' id='word_1_437' title='bbox 2876 2890 3133 2947; x_wconf 87' lang='lat' dir='ltr'><strong>libenter.</strong></span> <span class='ocrx_word' id='word_1_438' title='bbox 3154 2890 3221 2946; x_wconf 89' lang='lat' dir='ltr'><strong>Et</strong></span> <span class='ocrx_word' id='word_1_439' title='bbox 3243 2889 3370 2947; x_wconf 89' lang='lat' dir='ltr'><strong>ideo</strong></span> <span class='ocrx_word' id='word_1_440' title='bbox 3395 2889 3655 2946; x_wconf 71' lang='lat' dir='ltr'><strong>aestimare</strong></span> <span class='ocrx_word' id='word_1_441' title='bbox 3668 2902 3761 2943; x_wconf 89' lang='lat' dir='ltr'><strong>non</strong></span> 
     </span>
    </p>
   </div>
   <div class='ocr_carea' id='block_1_60' title="bbox 2198 2982 3143 3054">
    <p class='ocr_par' dir='ltr' id='par_1_60' title="bbox 2198 2982 3143 3054">
     <span class='ocr_line' id='line_1_60' title="bbox 2198 2982 3143 3054; baseline -0.001 -16"><span class='ocrx_word' id='word_1_442' title='bbox 2198 2997 2444 3054; x_wconf 91' lang='lat' dir='ltr'><strong>possum,</strong></span> <span class='ocrx_word' id='word_1_443' title='bbox 2477 2991 2538 3036; x_wconf 95' lang='lat' dir='ltr'><strong>ut</strong></span> <span class='ocrx_word' id='word_1_444' title='bbox 2560 2982 2878 3039; x_wconf 84' lang='lat' dir='ltr'><strong>examinare</strong></span> <span class='ocrx_word' id='word_1_445' title='bbox 2920 2982 3143 3054; x_wconf 86' lang='lat' dir='ltr'><strong>possim.</strong></span> 
     </span>
    </p>
   </div>
   <div class='ocr_carea' id='block_1_61' title="bbox 2265 3077 3764 3151">
    <p class='ocr_par' dir='ltr' id='par_1_61' title="bbox 2265 3077 3764 3151">
     <span class='ocr_line' id='line_1_61' title="bbox 2265 3077 3764 3151; baseline -0.001 -20"><span class='ocrx_word' id='word_1_446' title='bbox 2265 3077 2394 3134; x_wconf 85' lang='lat'><strong>229.</strong></span> <span class='ocrx_word' id='word_1_447' title='bbox 2439 3078 2569 3134; x_wconf 85' lang='lat' dir='ltr'><strong>Esto</strong></span> <span class='ocrx_word' id='word_1_448' title='bbox 2592 3088 2800 3146; x_wconf 89' lang='lat' dir='ltr'><strong>tamen,</strong></span> <span class='ocrx_word' id='word_1_449' title='bbox 2830 3079 3025 3150; x_wconf 80' lang='lat' dir='ltr'><strong>spiritu</strong></span> <span class='ocrx_word' id='word_1_450' title='bbox 3053 3093 3298 3151; x_wconf 88' lang='lat' dir='ltr'><strong>ausuque</strong></span> <span class='ocrx_word' id='word_1_451' title='bbox 3347 3078 3628 3135; x_wconf 85' lang='lat' dir='ltr'><strong>temerario</strong></span> <span class='ocrx_word' id='word_1_452' title='bbox 3664 3090 3764 3132; x_wconf 86' lang='lat' dir='ltr'><strong>nte-</strong></span> 
     </span>
    </p>
   </div>
   <div class='ocr_carea' id='block_1_62' title="bbox 476 3162 3759 3242">
    <p class='ocr_par' dir='ltr' id='par_1_62' title="bbox 476 3162 3759 3242">
     <span class='ocr_line' id='line_1_62' title="bbox 476 3162 3759 3242; baseline -0 -16"><span class='ocrx_word' id='word_1_453' title='bbox 476 3169 755 3242; x_wconf 87' lang='lat' dir='ltr'><strong>Scriptum</strong></span> <span class='ocrx_word' id='word_1_454' title='bbox 787 3180 873 3226; x_wconf 93' lang='lat' dir='ltr'><strong>est</strong></span> <span class='ocrx_word' id='word_1_455' title='bbox 895 3168 1041 3241; x_wconf 90' lang='lat' dir='ltr'><strong>quod</strong></span> <span class='ocrx_word' id='word_1_456' title='bbox 1074 3177 1365 3239; x_wconf 91' lang='lat' dir='ltr'><strong>propterea</strong></span> <span class='ocrx_word' id='word_1_457' title='bbox 1424 3167 1681 3224; x_wconf 89' lang='lat' dir='ltr'><strong>volebant</strong></span> <span class='ocrx_word' id='word_1_458' title='bbox 1729 3167 1882 3222; x_wconf 82' lang='lat' dir='ltr'><strong>illum</strong></span> <span class='ocrx_word' id='word_1_459' title='bbox 1912 3165 2083 3223; x_wconf 65' lang='lat' dir='ltr'><strong>Judaei</strong></span> <span class='ocrx_word' id='word_1_460' title='bbox 2114 3162 2159 3227; x_wconf 88' lang='lat' dir='ltr'>C</span> <span class='ocrx_word' id='word_1_461' title='bbox 2191 3169 2281 3225; x_wconf 93' lang='lat' dir='ltr'><strong>tiri</strong></span> <span class='ocrx_word' id='word_1_462' title='bbox 2327 3180 2378 3225; x_wconf 90' lang='lat' dir='ltr'><strong>te</strong></span> <span class='ocrx_word' id='word_1_463' title='bbox 2433 3170 2625 3238; x_wconf 91' lang='lat' dir='ltr'><strong>velim;</strong></span> <span class='ocrx_word' id='word_1_464' title='bbox 2663 3170 2828 3237; x_wconf 90' lang='lat' dir='ltr'><strong>unde,</strong></span> <span class='ocrx_word' id='word_1_465' title='bbox 2874 3186 3083 3241; x_wconf 69' lang='lat' dir='ltr'><strong>quaeso,</strong></span> <span class='ocrx_word' id='word_1_466' title='bbox 3120 3181 3172 3229; x_wconf 93' lang='lat' dir='ltr'><strong>te</strong></span> <span class='ocrx_word' id='word_1_467' title='bbox 3201 3173 3436 3229; x_wconf 78' lang='lat' dir='ltr'><strong>metiar?</strong></span> <span class='ocrx_word' id='word_1_468' title='bbox 3472 3171 3759 3229; x_wconf 85' lang='lat' dir='ltr'><strong>Funiculum</strong></span> 
     </span>
    </p>
   </div>
   <div class='ocr_carea' id='block_1_63' title="bbox 473 3245 2083 3334">
    <p class='ocr_par' dir='ltr' id='par_1_63' title="bbox 473 3245 2083 3334">
     <span class='ocr_line' id='line_1_63' title="bbox 473 3245 2083 3334; baseline -0.002 -16"><span class='ocrx_word' id='word_1_469' title='bbox 473 3263 755 3328; x_wconf 91' lang='lat' dir='ltr'><strong>occidere,</strong></span> <span class='ocrx_word' id='word_1_470' title='bbox 778 3262 904 3334; x_wconf 91' lang='lat' dir='ltr'><strong>quia</strong></span> <span class='ocrx_word' id='word_1_471' title='bbox 926 3260 1125 3317; x_wconf 87' lang='lat' dir='ltr'><strong>Filium</strong></span> <span class='ocrx_word' id='word_1_472' title='bbox 1148 3274 1208 3316; x_wconf 90' lang='lat' dir='ltr'><strong>se</strong></span> <span class='ocrx_word' id='word_1_473' title='bbox 1237 3260 1455 3316; x_wconf 86' lang='lat' dir='ltr'><strong>dicebat</strong></span> <span class='ocrx_word' id='word_1_474' title='bbox 1476 3245 1597 3326; x_wconf 78' lang='lat' dir='ltr'><strong>Dei,</strong></span> <span class='ocrx_word' id='word_1_475' title='bbox 1621 3260 1882 3331; x_wconf 73' lang='lat' dir='ltr'><strong>tequalem</strong></span> <span class='ocrx_word' id='word_1_476' title='bbox 1914 3274 1975 3316; x_wconf 91' lang='lat' dir='ltr'><strong>se</strong></span> <span class='ocrx_word' id='word_1_477' title='bbox 2006 3260 2083 3315; x_wconf 80' lang='lat' dir='ltr'><strong>ia-</strong></span> 
     </span>
    </p>
   </div>
   <div class='ocr_carea' id='block_1_64' title="bbox 475 3352 2082 3428">
    <p class='ocr_par' dir='ltr' id='par_1_64' title="bbox 475 3352 2082 3428">
     <span class='ocr_line' id='line_1_64' title="bbox 475 3352 2082 3428; baseline -0.004 -15"><span class='ocrx_word' id='word_1_478' title='bbox 475 3357 628 3415; x_wconf 87' lang='lat' dir='ltr'><strong>ciens</strong></span> <span class='ocrx_word' id='word_1_479' title='bbox 656 3357 768 3412; x_wconf 89' lang='lat' dir='ltr'><strong>Deo</strong></span> <span class='ocrx_word' id='word_1_480' title='bbox 794 3354 976 3427; x_wconf 79' lang='lat' dir='ltr'><strong>(Joan.</strong></span> <span class='ocrx_word' id='word_1_481' title='bbox 1005 3372 1059 3423; x_wconf 91' lang='lat' dir='ltr'><strong>v,</strong></span> <span class='ocrx_word' id='word_1_482' title='bbox 1088 3352 1201 3426; x_wconf 83' lang='lat' dir='ltr'><strong>l8).</strong></span> <span class='ocrx_word' id='word_1_483' title='bbox 1228 3354 1503 3426; x_wconf 87' lang='lat' dir='ltr'><strong>Scriptum</strong></span> <span class='ocrx_word' id='word_1_484' title='bbox 1536 3362 1621 3409; x_wconf 88' lang='lat' dir='ltr'><strong>est</strong></span> <span class='ocrx_word' id='word_1_485' title='bbox 1650 3370 1665 3408; x_wconf 91' lang='lat'><strong>:</strong></span> <span class='ocrx_word' id='word_1_486' title='bbox 1694 3353 1810 3428; x_wconf 81' lang='lat' dir='ltr'><strong>Ego</strong></span> <span class='ocrx_word' id='word_1_487' title='bbox 1844 3363 1891 3408; x_wconf 90' lang='lat' dir='ltr'><strong>et</strong></span> <span class='ocrx_word' id='word_1_488' title='bbox 1921 3352 2082 3408; x_wconf 88' lang='lat' dir='ltr'><strong>Pater</strong></span> 
     </span>
    </p>
   </div>
   <div class='ocr_carea' id='block_1_65' title="bbox 472 3445 2078 3519">
    <p class='ocr_par' dir='ltr' id='par_1_65' title="bbox 472 3445 2078 3519">
     <span class='ocr_line' id='line_1_65' title="bbox 472 3445 2078 3519; baseline 0.002 -20"><span class='ocrx_word' id='word_1_489' title='bbox 472 3465 633 3503; x_wconf 83' lang='lat' dir='ltr'><strong>unum</strong></span> <span class='ocrx_word' id='word_1_490' title='bbox 658 3464 835 3504; x_wconf 87' lang='lat' dir='ltr'><strong>sumus</strong></span> <span class='ocrx_word' id='word_1_491' title='bbox 864 3447 1044 3519; x_wconf 85' lang='lat' dir='ltr'><strong>(Joan.</strong></span> <span class='ocrx_word' id='word_1_492' title='bbox 1071 3464 1128 3515; x_wconf 86' lang='grc' dir='ltr'><strong>ι,</strong></span> <span class='ocrx_word' id='word_1_493' title='bbox 1150 3447 1263 3518; x_wconf 72' lang='grc'><strong>50).</strong></span> <span class='ocrx_word' id='word_1_494' title='bbox 1296 3447 1478 3504; x_wconf 89' lang='lat' dir='ltr'><strong>Unum</strong></span> <span class='ocrx_word' id='word_1_495' title='bbox 1516 3445 1726 3519; x_wconf 89' lang='lat' dir='ltr'><strong>legunt,</strong></span> <span class='ocrx_word' id='word_1_496' title='bbox 1760 3447 1923 3503; x_wconf 88' lang='lat' dir='ltr'><strong>multa</strong></span> <span class='ocrx_word' id='word_1_497' title='bbox 1972 3462 2078 3503; x_wconf 93' lang='lat' dir='ltr'><strong>non</strong></span> 
     </span>
    </p>
   </div>
   <div class='ocr_carea' id='block_1_66' title="bbox 474 3539 2081 3612">
    <p class='ocr_par' dir='ltr' id='par_1_66' title="bbox 474 3539 2081 3612">
     <span class='ocr_line' id='line_1_66' title="bbox 474 3539 2081 3612; baseline -0.001 -16"><span class='ocrx_word' id='word_1_498' title='bbox 474 3542 686 3611; x_wconf 87' lang='lat' dir='ltr'><strong>legunt.</strong></span> <span class='ocrx_word' id='word_1_499' title='bbox 717 3539 992 3612; x_wconf 86' lang='lat' dir='ltr'><strong>Numquid</strong></span> <span class='ocrx_word' id='word_1_500' title='bbox 1023 3555 1154 3611; x_wconf 89' lang='lat' dir='ltr'><strong>ergo</strong></span> <span class='ocrx_word' id='word_1_501' title='bbox 1185 3549 1240 3595; x_wconf 89' lang='lat' dir='ltr'><strong>et</strong></span> <span class='ocrx_word' id='word_1_502' title='bbox 1261 3542 1439 3596; x_wconf 92' lang='lat' dir='ltr'><strong>minor</strong></span> <span class='ocrx_word' id='word_1_503' title='bbox 1464 3551 1518 3597; x_wconf 92' lang='lat' dir='ltr'><strong>et</strong></span> <span class='ocrx_word' id='word_1_504' title='bbox 1544 3541 1771 3611; x_wconf 82' lang='lat' dir='ltr'><strong>:equalis</strong></span> <span class='ocrx_word' id='word_1_505' title='bbox 1798 3556 1895 3612; x_wconf 89' lang='lat' dir='ltr'><strong>per</strong></span> <span class='ocrx_word' id='word_1_506' title='bbox 1919 3551 2081 3596; x_wconf 87' lang='lat' dir='ltr'><strong>natu-</strong></span> 
     </span>
    </p>
   </div>
   <div class='ocr_carea' id='block_1_67' title="bbox 476 3633 2079 3702">
    <p class='ocr_par' dir='ltr' id='par_1_67' title="bbox 476 3633 2079 3702">
     <span class='ocr_line' id='line_1_67' title="bbox 476 3633 2079 3702; baseline 0.001 -13"><span class='ocrx_word' id='word_1_507' title='bbox 476 3649 596 3689; x_wconf 87' lang='lat' dir='ltr'><strong>ram</strong></span> <span class='ocrx_word' id='word_1_508' title='bbox 620 3634 871 3691; x_wconf 88' lang='lat' dir='ltr'><strong>eamdem</strong></span> <span class='ocrx_word' id='word_1_509' title='bbox 905 3641 1084 3702; x_wconf 89' lang='lat' dir='ltr'><strong>potest</strong></span> <span class='ocrx_word' id='word_1_510' title='bbox 1130 3634 1292 3690; x_wconf 86' lang='lat' dir='ltr'><strong>esse?</strong></span> <span class='ocrx_word' id='word_1_511' title='bbox 1333 3633 1441 3691; x_wconf 85' lang='lat' dir='ltr'><strong>Sed</strong></span> <span class='ocrx_word' id='word_1_512' title='bbox 1467 3633 1614 3690; x_wconf 88' lang='lat' dir='ltr'><strong>aliud</strong></span> <span class='ocrx_word' id='word_1_513' title='bbox 1643 3633 1709 3689; x_wconf 88' lang='lat' dir='ltr'><strong>ad</strong></span> <span class='ocrx_word' id='word_1_514' title='bbox 1738 3633 2079 3690; x_wconf 82' lang='lat' dir='ltr'><strong>divinitatem</strong></span> 
     </span>
    </p>
   </div>
   <div class='ocr_carea' id='block_1_68' title="bbox 474 3724 1290 3795">
    <p class='ocr_par' dir='ltr' id='par_1_68' title="bbox 474 3724 1290 3795">
     <span class='ocr_line' id='line_1_68' title="bbox 474 3724 1290 3795; baseline -0.005 -13"><span class='ocrx_word' id='word_1_515' title='bbox 474 3725 734 3795; x_wconf 82' lang='lat' dir='ltr'><strong>refertur,</strong></span> <span class='ocrx_word' id='word_1_516' title='bbox 770 3724 915 3780; x_wconf 89' lang='lat' dir='ltr'><strong>aliud</strong></span> <span class='ocrx_word' id='word_1_517' title='bbox 946 3725 1290 3781; x_wconf 75' lang='lat' dir='ltr'><strong>ad’carnem.</strong></span> 
     </span>
    </p>
   </div>
   <div class='ocr_carea' id='block_1_69' title="bbox 544 3804 2075 3894">
    <p class='ocr_par' dir='ltr' id='par_1_69' title="bbox 544 3804 2075 3894">
     <span class='ocr_line' id='line_1_69' title="bbox 544 3804 2075 3894; baseline -0.003 -12"><span class='ocrx_word' id='word_1_518' title='bbox 544 3825 672 3882; x_wconf 88' lang='lat'><strong>226.</strong></span> <span class='ocrx_word' id='word_1_519' title='bbox 718 3824 983 3881; x_wconf 81' lang='lat' dir='ltr'><strong>Minorem</strong></span> <span class='ocrx_word' id='word_1_520' title='bbox 1015 3822 1246 3879; x_wconf 88' lang='lat' dir='ltr'><strong>dicunt:</strong></span> <span class='ocrx_word' id='word_1_521' title='bbox 1288 3838 1476 3894; x_wconf 69' lang='lat' dir='ltr'><strong>quaero</strong></span> <span class='ocrx_word' id='word_1_522' title='bbox 1504 3804 1649 3894; x_wconf 80' lang='lat' dir='ltr'><strong>quis</strong></span> <span class='ocrx_word' id='word_1_523' title='bbox 1707 3837 1931 3879; x_wconf 91' lang='lat' dir='ltr'><strong>mensus</strong></span> <span class='ocrx_word' id='word_1_524' title='bbox 1981 3823 2075 3888; x_wconf 89' lang='lat' dir='ltr'><strong>sit,</strong></span> 
     </span>
    </p>
   </div>
   <div class='ocr_carea' id='block_1_70' title="bbox 473 3914 2079 3992">
    <p class='ocr_par' dir='ltr' id='par_1_70' title="bbox 473 3914 2079 3992">
     <span class='ocr_line' id='line_1_70' title="bbox 473 3914 2079 3992; baseline -0.002 -18"><span class='ocrx_word' id='word_1_525' title='bbox 473 3919 599 3992; x_wconf 90' lang='lat' dir='ltr'><strong>quis</strong></span> <span class='ocrx_word' id='word_1_526' title='bbox 625 3927 735 3974; x_wconf 91' lang='lat' dir='ltr'><strong>tam</strong></span> <span class='ocrx_word' id='word_1_527' title='bbox 766 3917 987 3974; x_wconf 82' lang='lat' dir='ltr'><strong>exaltati</strong></span> <span class='ocrx_word' id='word_1_528' title='bbox 1009 3915 1213 3982; x_wconf 90' lang='lat' dir='ltr'><strong>cordis,</strong></span> <span class='ocrx_word' id='word_1_529' title='bbox 1232 3915 1323 3987; x_wconf 88' lang='lat' dir='ltr'><strong>qui</strong></span> <span class='ocrx_word' id='word_1_530' title='bbox 1341 3915 1492 3972; x_wconf 83' lang='lat' dir='ltr'><strong>velut</strong></span> <span class='ocrx_word' id='word_1_531' title='bbox 1518 3924 1644 3972; x_wconf 87' lang='lat' dir='ltr'><strong>ante</strong></span> <span class='ocrx_word' id='word_1_532' title='bbox 1666 3914 1901 3971; x_wconf 89' lang='lat' dir='ltr'><strong>tribunal</strong></span> <span class='ocrx_word' id='word_1_533' title='bbox 1922 3930 2079 3992; x_wconf 74' lang='lat' dir='ltr'><strong>supm</strong></span> 
     </span>
    </p>
   </div>
   <div class='ocr_carea' id='block_1_71' title="bbox 472 4008 2081 4079">
    <p class='ocr_par' dir='ltr' id='par_1_71' title="bbox 472 4008 2081 4079">
     <span class='ocr_line' id='line_1_71' title="bbox 472 4008 2081 4079; baseline -0.002 -11"><span class='ocrx_word' id='word_1_534' title='bbox 472 4012 693 4069; x_wconf 90' lang='lat' dir='ltr'><strong>Patrem</strong></span> <span class='ocrx_word' id='word_1_535' title='bbox 726 4011 893 4066; x_wconf 89' lang='lat' dir='ltr'><strong>Deum</strong></span> <span class='ocrx_word' id='word_1_536' title='bbox 935 4018 990 4066; x_wconf 91' lang='lat' dir='ltr'><strong>et</strong></span> <span class='ocrx_word' id='word_1_537' title='bbox 1009 4008 1207 4065; x_wconf 89' lang='lat' dir='ltr'><strong>Filium</strong></span> <span class='ocrx_word' id='word_1_538' title='bbox 1234 4009 1561 4074; x_wconf 91' lang='lat' dir='ltr'><strong>constituat;</strong></span> <span class='ocrx_word' id='word_1_539' title='bbox 1596 4017 1656 4064; x_wconf 92' lang='lat' dir='ltr'><strong>ut</strong></span> <span class='ocrx_word' id='word_1_540' title='bbox 1674 4008 1743 4064; x_wconf 93' lang='lat' dir='ltr'><strong>de</strong></span> <span class='ocrx_word' id='word_1_541' title='bbox 1765 4008 2081 4079; x_wconf 71' lang='lat' dir='ltr'><strong>prmlatione</strong></span> 
     </span>
    </p>
   </div>
   <div class='ocr_carea' id='block_1_72' title="bbox 470 4101 2082 4177">
    <p class='ocr_par' dir='ltr' id='par_1_72' title="bbox 470 4101 2082 4177">
     <span class='ocr_line' id='line_1_72' title="bbox 470 4101 2082 4177; baseline -0.004 -15"><span class='ocrx_word' id='word_1_542' title='bbox 470 4103 781 4177; x_wconf 79' lang='lat' dir='ltr'><strong>diiudicet?</strong></span> <span class='ocrx_word' id='word_1_543' title='bbox 811 4103 933 4158; x_wconf 88' lang='lat' dir='ltr'><strong>Non</strong></span> <span class='ocrx_word' id='word_1_544' title='bbox 956 4112 1030 4158; x_wconf 88' lang='lat' dir='ltr'><strong>est</strong></span> <span class='ocrx_word' id='word_1_545' title='bbox 1048 4102 1334 4158; x_wconf 70' lang='lat' dir='ltr'><strong>exaltatum</strong></span> <span class='ocrx_word' id='word_1_546' title='bbox 1372 4118 1464 4156; x_wconf 88' lang='lat' dir='ltr'><strong>cor</strong></span> <span class='ocrx_word' id='word_1_547' title='bbox 1479 4117 1671 4167; x_wconf 89' lang='lat' dir='ltr'><strong>meum,</strong></span> <span class='ocrx_word' id='word_1_548' title='bbox 1702 4117 1864 4171; x_wconf 86' lang='lat' dir='ltr'><strong>neque</strong></span> <span class='ocrx_word' id='word_1_549' title='bbox 1909 4101 1965 4155; x_wconf 88' lang='lat' dir='ltr'><strong>in</strong></span> <span class='ocrx_word' id='word_1_550' title='bbox 1992 4116 2082 4155; x_wconf 82' lang='lat' dir='ltr'><strong>tta—</strong></span> 
     </span>
    </p>
   </div>
   <div class='ocr_carea' id='block_1_73' title="bbox 471 4193 2076 4267">
    <p class='ocr_par' dir='ltr' id='par_1_73' title="bbox 471 4193 2076 4267">
     <span class='ocr_line' id='line_1_73' title="bbox 471 4193 2076 4267; baseline -0.004 -10"><span class='ocrx_word' id='word_1_551' title='bbox 471 4219 597 4257; x_wconf 90' lang='lat' dir='ltr'><strong>num</strong></span> <span class='ocrx_word' id='word_1_552' title='bbox 625 4201 749 4255; x_wconf 89' lang='lat' dir='ltr'><strong>elati</strong></span> <span class='ocrx_word' id='word_1_553' title='bbox 772 4208 890 4255; x_wconf 89' lang='lat' dir='ltr'><strong>sunt</strong></span> <span class='ocrx_word' id='word_1_554' title='bbox 917 4198 1059 4254; x_wconf 85' lang='lat' dir='ltr'><strong>oculi</strong></span> <span class='ocrx_word' id='word_1_555' title='bbox 1084 4198 1205 4263; x_wconf 88' lang='lat' dir='ltr'><strong>mei,</strong></span> <span class='ocrx_word' id='word_1_556' title='bbox 1226 4195 1396 4253; x_wconf 87' lang='lat' dir='ltr'><strong>David</strong></span> <span class='ocrx_word' id='word_1_557' title='bbox 1427 4195 1562 4252; x_wconf 88' lang='lat' dir='ltr'><strong>dicit</strong></span> <span class='ocrx_word' id='word_1_558' title='bbox 1604 4194 1779 4267; x_wconf 83' lang='lat' dir='ltr'><strong>(Psal.</strong></span> <span class='ocrx_word' id='word_1_559' title='bbox 1808 4210 1974 4262; x_wconf 83' lang='lat' dir='ltr'><strong>cxxx,</strong></span> <span class='ocrx_word' id='word_1_560' title='bbox 2001 4193 2076 4265; x_wconf 81' lang='grc'><strong>1).</strong></span> 
     </span>
    </p>
   </div>
   <div class='ocr_carea' id='block_1_74' title="bbox 470 4289 2076 4356">
    <p class='ocr_par' dir='ltr' id='par_1_74' title="bbox 470 4289 2076 4356">
     <span class='ocr_line' id='line_1_74' title="bbox 470 4289 2076 4356; baseline -0.004 -5"><span class='ocrx_word' id='word_1_561' title='bbox 470 4294 589 4351; x_wconf 78' lang='lat' dir='ltr'><strong>Rex</strong></span> <span class='ocrx_word' id='word_1_562' title='bbox 618 4293 787 4350; x_wconf 89' lang='lat' dir='ltr'><strong>David</strong></span> <span class='ocrx_word' id='word_1_563' title='bbox 814 4293 1061 4350; x_wconf 82' lang='lat' dir='ltr'><strong>exaltare</strong></span> <span class='ocrx_word' id='word_1_564' title='bbox 1104 4306 1201 4348; x_wconf 91' lang='lat' dir='ltr'><strong>cor</strong></span> <span class='ocrx_word' id='word_1_565' title='bbox 1257 4291 1457 4348; x_wconf 89' lang='lat' dir='ltr'><strong>metuit</strong></span> <span class='ocrx_word' id='word_1_566' title='bbox 1496 4291 1550 4346; x_wconf 91' lang='lat' dir='ltr'><strong>in</strong></span> <span class='ocrx_word' id='word_1_567' title='bbox 1592 4290 1760 4346; x_wconf 89' lang='lat' dir='ltr'><strong>rebus</strong></span> <span class='ocrx_word' id='word_1_568' title='bbox 1798 4289 2076 4356; x_wconf 90' lang='lat' dir='ltr'><strong>humanis,</strong></span> 
     </span>
    </p>
   </div>
   <div class='ocr_carea' id='block_1_75' title="bbox 471 4381 2080 4453">
    <p class='ocr_par' dir='ltr' id='par_1_75' title="bbox 471 4381 2080 4453">
     <span class='ocr_line' id='line_1_75' title="bbox 471 4381 2080 4453; baseline -0.003 -11"><span class='ocrx_word' id='word_1_569' title='bbox 471 4400 575 4443; x_wconf 90' lang='lat' dir='ltr'><strong>nos</strong></span> <span class='ocrx_word' id='word_1_570' title='bbox 619 4385 922 4442; x_wconf 79' lang='lat' dir='ltr'><strong>exaltamus</strong></span> <span class='ocrx_word' id='word_1_571' title='bbox 950 4382 1214 4439; x_wconf 90' lang='lat' dir='ltr'><strong>adversus</strong></span> <span class='ocrx_word' id='word_1_572' title='bbox 1256 4383 1438 4440; x_wconf 88' lang='lat' dir='ltr'><strong>divina</strong></span> <span class='ocrx_word' id='word_1_573' title='bbox 1464 4390 1696 4438; x_wconf 89' lang='lat' dir='ltr'><strong>secreta.</strong></span> <span class='ocrx_word' id='word_1_574' title='bbox 1748 4381 1881 4450; x_wconf 87' lang='lat' dir='ltr'><strong>Quis</strong></span> <span class='ocrx_word' id='word_1_575' title='bbox 1913 4381 2080 4453; x_wconf 88' lang='lat' dir='ltr'><strong>igitur</strong></span> 
     </span>
    </p>
   </div>
   <div class='ocr_carea' id='block_1_76' title="bbox 464 4473 2074 4549">
    <p class='ocr_par' dir='ltr' id='par_1_76' title="bbox 464 4473 2074 4549">
     <span class='ocr_line' id='line_1_76' title="bbox 464 4473 2074 4549; baseline -0.006 -14"><span class='ocrx_word' id='word_1_576' title='bbox 464 4477 678 4549; x_wconf 84' lang='lat' dir='ltr'><strong>iudicat</strong></span> <span class='ocrx_word' id='word_1_577' title='bbox 697 4477 765 4533; x_wconf 91' lang='lat' dir='ltr'><strong>de</strong></span> <span class='ocrx_word' id='word_1_578' title='bbox 793 4476 887 4532; x_wconf 89' lang='lat' dir='ltr'><strong>Dei</strong></span> <span class='ocrx_word' id='word_1_579' title='bbox 913 4475 1090 4532; x_wconf 84' lang='lat' dir='ltr'><strong>Filio?</strong></span> <span class='ocrx_word' id='word_1_580' title='bbox 1116 4475 1348 4540; x_wconf 82' lang='lat' dir='ltr'><strong>Throni,</strong></span> <span class='ocrx_word' id='word_1_581' title='bbox 1398 4474 1830 4536; x_wconf 82' lang='lat' dir='ltr'><strong>Dominationes.</strong></span> <span class='ocrx_word' id='word_1_582' title='bbox 1862 4473 2074 4544; x_wconf 84' lang='lat' dir='ltr'><strong>Angeli,</strong></span> 
     </span>
    </p>
   </div>
   <div class='ocr_carea' id='block_1_77' title="bbox 2185 3261 3760 3339">
    <p class='ocr_par' dir='ltr' id='par_1_77' title="bbox 2185 3261 3760 3339">
     <span class='ocr_line' id='line_1_77' title="bbox 2185 3261 3760 3339; baseline 0.001 -22"><span class='ocrx_word' id='word_1_583' title='bbox 2185 3261 2639 3333; x_wconf 90' lang='lat' dir='ltr'><strong>agrimensorium</strong></span> <span class='ocrx_word' id='word_1_584' title='bbox 2686 3264 2822 3319; x_wconf 88' lang='lat' dir='ltr'><strong>vidit</strong></span> <span class='ocrx_word' id='word_1_585' title='bbox 2865 3264 3128 3336; x_wconf 85' lang='lat' dir='ltr'><strong>propheta</strong></span> <span class='ocrx_word' id='word_1_586' title='bbox 3168 3263 3390 3339; x_wconf 75' lang='lat' dir='ltr'><strong>(Ezech.</strong></span> <span class='ocrx_word' id='word_1_587' title='bbox 3438 3283 3529 3332; x_wconf 80' lang='grc' dir='ltr'><strong><em>ιι,</em></strong></span> <span class='ocrx_word' id='word_1_588' title='bbox 3571 3264 3642 3339; x_wconf 79' lang='grc'><strong>5),</strong></span> <span class='ocrx_word' id='word_1_589' title='bbox 3664 3279 3760 3336; x_wconf 90' lang='lat' dir='ltr'><strong>quo</strong></span> 
     </span>
    </p>
   </div>
   <div class='ocr_carea' id='block_1_78' title="bbox 2187 3356 3759 3429">
    <p class='ocr_par' dir='ltr' id='par_1_78' title="bbox 2187 3356 3759 3429">
     <span class='ocr_line' id='line_1_78' title="bbox 2187 3356 3759 3429; baseline 0.003 -17"><span class='ocrx_word' id='word_1_590' title='bbox 2187 3356 2512 3427; x_wconf 77' lang='lat' dir='ltr'><strong>metiebatur</strong></span> <span class='ocrx_word' id='word_1_591' title='bbox 2556 3358 2786 3429; x_wconf 89' lang='lat' dir='ltr'><strong>angelus</strong></span> <span class='ocrx_word' id='word_1_592' title='bbox 2849 3358 3174 3417; x_wconf 85' lang='lat' dir='ltr'><strong>Jerusalem.</strong></span> <span class='ocrx_word' id='word_1_593' title='bbox 3226 3360 3546 3418; x_wconf 81' lang='lat' dir='ltr'><strong>Metiebatur</strong></span> <span class='ocrx_word' id='word_1_594' title='bbox 3602 3371 3759 3416; x_wconf 87' lang='lat' dir='ltr'><strong>tamen</strong></span> 
     </span>
    </p>
   </div>
   <div class='ocr_carea' id='block_1_79' title="bbox 2184 3450 3756 3523">
    <p class='ocr_par' dir='ltr' id='par_1_79' title="bbox 2184 3450 3756 3523">
     <span class='ocr_line' id='line_1_79' title="bbox 2184 3450 3756 3523; baseline 0.001 -18"><span class='ocrx_word' id='word_1_595' title='bbox 2184 3450 2432 3521; x_wconf 87' lang='lat' dir='ltr'><strong>angelus,</strong></span> <span class='ocrx_word' id='word_1_596' title='bbox 2488 3466 2598 3505; x_wconf 87' lang='lat' dir='ltr'><strong>non</strong></span> <span class='ocrx_word' id='word_1_597' title='bbox 2655 3451 2823 3507; x_wconf 84' lang='lat' dir='ltr'><strong>Arius</strong></span> <span class='ocrx_word' id='word_1_598' title='bbox 2863 3469 2875 3506; x_wconf 94' lang='lat'>:</span> <span class='ocrx_word' id='word_1_599' title='bbox 2925 3453 3252 3509; x_wconf 89' lang='lat' dir='ltr'><strong>metiebatur</strong></span> <span class='ocrx_word' id='word_1_600' title='bbox 3297 3453 3616 3523; x_wconf 84' lang='lat' dir='ltr'><strong>Jerusalem,</strong></span> <span class='ocrx_word' id='word_1_601' title='bbox 3664 3467 3756 3507; x_wconf 90' lang='lat' dir='ltr'><strong>non</strong></span> 
     </span>
    </p>
   </div>
   <div class='ocr_carea' id='block_1_80' title="bbox 2189 3541 3758 3617">
    <p class='ocr_par' dir='ltr' id='par_1_80' title="bbox 2189 3541 3758 3617">
     <span class='ocr_line' id='line_1_80' title="bbox 2189 3541 3758 3617; baseline 0.003 -22"><span class='ocrx_word' id='word_1_602' title='bbox 2189 3542 2376 3597; x_wconf 90' lang='lat' dir='ltr'><strong>Deum.</strong></span> <span class='ocrx_word' id='word_1_603' title='bbox 2429 3541 2499 3598; x_wconf 87' lang='lat' dir='ltr'><strong>Et</strong></span> <span class='ocrx_word' id='word_1_604' title='bbox 2543 3541 2780 3600; x_wconf 85' lang='lat' dir='ltr'><strong>fortasse</strong></span> <span class='ocrx_word' id='word_1_605' title='bbox 2830 3559 2931 3599; x_wconf 85' lang='lat' dir='ltr'><strong>nec</strong></span> <span class='ocrx_word' id='word_1_606' title='bbox 2979 3543 3284 3601; x_wconf 85' lang='lat' dir='ltr'><strong>Jerusalem</strong></span> <span class='ocrx_word' id='word_1_607' title='bbox 3344 3546 3521 3601; x_wconf 88' lang='lat' dir='ltr'><strong>metiri</strong></span> <span class='ocrx_word' id='word_1_608' title='bbox 3576 3554 3758 3617; x_wconf 85' lang='lat' dir='ltr'><strong>poterat</strong></span> 
     </span>
    </p>
   </div>
   <div class='ocr_carea' id='block_1_81' title="bbox 2188 3634 3757 3710">
    <p class='ocr_par' dir='ltr' id='par_1_81' title="bbox 2188 3634 3757 3710">
     <span class='ocr_line' id='line_1_81' title="bbox 2188 3634 3757 3710; baseline 0.003 -22"><span class='ocrx_word' id='word_1_609' title='bbox 2188 3634 2445 3707; x_wconf 89' lang='lat' dir='ltr'><strong>angelus;</strong></span> <span class='ocrx_word' id='word_1_610' title='bbox 2472 3635 2558 3691; x_wconf 92' lang='lat' dir='ltr'><strong>vir</strong></span> <span class='ocrx_word' id='word_1_611' title='bbox 2580 3634 2722 3691; x_wconf 90' lang='lat' dir='ltr'><strong>enim</strong></span> <span class='ocrx_word' id='word_1_612' title='bbox 2747 3646 2884 3691; x_wconf 89' lang='lat' dir='ltr'><strong>erat.</strong></span> <span class='ocrx_word' id='word_1_613' title='bbox 2922 3636 3167 3710; x_wconf 89' lang='lat' dir='ltr'><strong>Denique</strong></span> <span class='ocrx_word' id='word_1_614' title='bbox 3208 3639 3288 3694; x_wconf 92' lang='lat' dir='ltr'><strong>sic</strong></span> <span class='ocrx_word' id='word_1_615' title='bbox 3311 3637 3482 3695; x_wconf 87' lang='lat' dir='ltr'><strong>babes</strong></span> <span class='ocrx_word' id='word_1_616' title='bbox 3507 3658 3520 3692; x_wconf 90' lang='lat'>:</span> <span class='ocrx_word' id='word_1_617' title='bbox 3547 3637 3609 3694; x_wconf 83' lang='lat' dir='ltr'><strong>Et</strong></span> <span class='ocrx_word' id='word_1_618' title='bbox 3647 3638 3757 3693; x_wconf 78' lang='lat' dir='ltr'><strong>olle-</strong></span> 
     </span>
    </p>
   </div>
   <div class='ocr_carea' id='block_1_82' title="bbox 2183 3730 3753 3808">
    <p class='ocr_par' dir='ltr' id='par_1_82' title="bbox 2183 3730 3753 3808">
     <span class='ocr_line' id='line_1_82' title="bbox 2183 3730 3753 3808; baseline 0.001 -24"><span class='ocrx_word' id='word_1_619' title='bbox 2183 3731 2296 3785; x_wconf 85' lang='grc' dir='ltr'><strong>υαυὶ</strong></span> <span class='ocrx_word' id='word_1_620' title='bbox 2323 3730 2524 3798; x_wconf 87' lang='lat' dir='ltr'><strong>oculos,</strong></span> <span class='ocrx_word' id='word_1_621' title='bbox 2555 3739 2607 3786; x_wconf 87' lang='lat' dir='ltr'><strong>et</strong></span> <span class='ocrx_word' id='word_1_622' title='bbox 2629 3730 2733 3786; x_wconf 84' lang='lat' dir='ltr'><strong>vidi</strong></span> <span class='ocrx_word' id='word_1_623' title='bbox 2756 3748 2776 3787; x_wconf 90' lang='lat'><strong><em>:</em></strong></span> <span class='ocrx_word' id='word_1_624' title='bbox 2803 3741 2851 3787; x_wconf 89' lang='lat' dir='ltr'><strong>et</strong></span> <span class='ocrx_word' id='word_1_625' title='bbox 2889 3748 3004 3788; x_wconf 86' lang='lat' dir='ltr'><strong>ecce</strong></span> <span class='ocrx_word' id='word_1_626' title='bbox 3045 3733 3145 3800; x_wconf 78' lang='lat' dir='ltr'><strong>uir,</strong></span> <span class='ocrx_word' id='word_1_627' title='bbox 3167 3742 3217 3788; x_wconf 88' lang='lat' dir='ltr'><strong>et</strong></span> <span class='ocrx_word' id='word_1_628' title='bbox 3238 3734 3292 3788; x_wconf 88' lang='lat' dir='ltr'><strong>in</strong></span> <span class='ocrx_word' id='word_1_629' title='bbox 3318 3750 3477 3789; x_wconf 86' lang='lat' dir='ltr'><strong>manu</strong></span> <span class='ocrx_word' id='word_1_630' title='bbox 3505 3737 3609 3808; x_wconf 74' lang='lat' dir='ltr'><strong>ejus</strong></span> <span class='ocrx_word' id='word_1_631' title='bbox 3634 3732 3753 3806; x_wconf 71' lang='lat' dir='ltr'><strong>{stti-</strong></span> 
     </span>
    </p>
   </div>
   <div class='ocr_carea' id='block_1_83' title="bbox 2183 3824 3746 3901">
    <p class='ocr_par' dir='ltr' id='par_1_83' title="bbox 2183 3824 3746 3901">
     <span class='ocr_line' id='line_1_83' title="bbox 2183 3824 3746 3901; baseline 0.001 -20"><span class='ocrx_word' id='word_1_632' title='bbox 2183 3827 2333 3881; x_wconf 85' lang='lat' dir='ltr'><strong>culus</strong></span> <span class='ocrx_word' id='word_1_633' title='bbox 2371 3826 2778 3897; x_wconf 85' lang='lat' dir='ltr'><strong>agrimensorius</strong></span> <span class='ocrx_word' id='word_1_634' title='bbox 2806 3824 3027 3898; x_wconf 86' lang='lat' dir='ltr'><strong>(Ibid.).</strong></span> <span class='ocrx_word' id='word_1_635' title='bbox 3061 3826 3157 3883; x_wconf 77' lang='lat' dir='ltr'><strong>Vir</strong></span> <span class='ocrx_word' id='word_1_636' title='bbox 3187 3837 3304 3883; x_wconf 90' lang='lat' dir='ltr'><strong>erat</strong></span> <span class='ocrx_word' id='word_1_637' title='bbox 3329 3829 3455 3901; x_wconf 88' lang='lat' dir='ltr'><strong>quia</strong></span> <span class='ocrx_word' id='word_1_638' title='bbox 3484 3838 3632 3901; x_wconf 89' lang='lat' dir='ltr'><strong>typus</strong></span> <span class='ocrx_word' id='word_1_639' title='bbox 3649 3841 3746 3883; x_wconf 84' lang='lat' dir='ltr'><strong>sns-</strong></span> 
     </span>
    </p>
   </div>
   <div class='ocr_carea' id='block_1_84' title="bbox 2183 3919 3754 3992">
    <p class='ocr_par' dir='ltr' id='par_1_84' title="bbox 2183 3919 3754 3992">
     <span class='ocr_line' id='line_1_84' title="bbox 2183 3919 3754 3992; baseline 0 -16"><span class='ocrx_word' id='word_1_640' title='bbox 2183 3919 2421 3990; x_wconf 91' lang='lat' dir='ltr'><strong>cipiendi</strong></span> <span class='ocrx_word' id='word_1_641' title='bbox 2439 3921 2688 3992; x_wconf 90' lang='lat' dir='ltr'><strong>corporis</strong></span> <span class='ocrx_word' id='word_1_642' title='bbox 2714 3920 3113 3977; x_wconf 88' lang='lat' dir='ltr'><strong>dcclarabatur.</strong></span> <span class='ocrx_word' id='word_1_643' title='bbox 3160 3920 3259 3977; x_wconf 78' lang='lat' dir='ltr'><strong>Vir</strong></span> <span class='ocrx_word' id='word_1_644' title='bbox 3286 3932 3405 3979; x_wconf 90' lang='lat' dir='ltr'><strong>erat</strong></span> <span class='ocrx_word' id='word_1_645' title='bbox 3434 3922 3548 3987; x_wconf 91' lang='lat' dir='ltr'><strong>ille,</strong></span> <span class='ocrx_word' id='word_1_646' title='bbox 3576 3922 3639 3979; x_wconf 90' lang='lat' dir='ltr'><strong>de</strong></span> <span class='ocrx_word' id='word_1_647' title='bbox 3662 3936 3754 3992; x_wconf 88' lang='lat' dir='ltr'><strong>quo</strong></span> 
     </span>
    </p>
   </div>
   <div class='ocr_carea' id='block_1_85' title="bbox 2185 4014 3753 4089">
    <p class='ocr_par' dir='ltr' id='par_1_85' title="bbox 2185 4014 3753 4089">
     <span class='ocr_line' id='line_1_85' title="bbox 2185 4014 3753 4089; baseline 0 -19"><span class='ocrx_word' id='word_1_648' title='bbox 2185 4024 2268 4070; x_wconf 87' lang='lat' dir='ltr'><strong>est</strong></span> <span class='ocrx_word' id='word_1_649' title='bbox 2288 4014 2491 4070; x_wconf 88' lang='lat' dir='ltr'><strong>dictum</strong></span> <span class='ocrx_word' id='word_1_650' title='bbox 2519 4033 2533 4068; x_wconf 89' lang='lat'><strong>:</strong></span> <span class='ocrx_word' id='word_1_651' title='bbox 2562 4014 2692 4071; x_wconf 84' lang='lat' dir='ltr'><strong>Post</strong></span> <span class='ocrx_word' id='word_1_652' title='bbox 2720 4032 2801 4071; x_wconf 87' lang='lat' dir='ltr'><strong>me</strong></span> <span class='ocrx_word' id='word_1_653' title='bbox 2820 4017 2957 4071; x_wconf 82' lang='lat' dir='ltr'><strong>venit</strong></span> <span class='ocrx_word' id='word_1_654' title='bbox 2986 4018 3085 4082; x_wconf 82' lang='lat' dir='ltr'><strong>vir,</strong></span> <span class='ocrx_word' id='word_1_655' title='bbox 3114 4017 3265 4083; x_wconf 76' lang='lat' dir='ltr'><strong>cujus</strong></span> <span class='ocrx_word' id='word_1_656' title='bbox 3305 4033 3413 4072; x_wconf 91' lang='lat' dir='ltr'><strong>non</strong></span> <span class='ocrx_word' id='word_1_657' title='bbox 3456 4034 3569 4073; x_wconf 76' lang='lat' dir='ltr'><strong>sum</strong></span> <span class='ocrx_word' id='word_1_658' title='bbox 3595 4018 3753 4089; x_wconf 74' lang='lat' dir='ltr'><strong>dignas</strong></span> 
     </span>
    </p>
   </div>
   <div class='ocr_carea' id='block_1_86' title="bbox 2183 4107 3748 4183">
    <p class='ocr_par' dir='ltr' id='par_1_86' title="bbox 2183 4107 3748 4183">
     <span class='ocr_line' id='line_1_86' title="bbox 2183 4107 3748 4183; baseline -0.003 -19"><span class='ocrx_word' id='word_1_659' title='bbox 2183 4107 2380 4164; x_wconf 81' lang='lat' dir='ltr'><strong>solvere</strong></span> <span class='ocrx_word' id='word_1_660' title='bbox 2436 4108 2715 4181; x_wconf 84' lang='lat' dir='ltr'><strong>corrigiam</strong></span> <span class='ocrx_word' id='word_1_661' title='bbox 2764 4108 3099 4165; x_wconf 84' lang='lat' dir='ltr'><strong>calceamenti</strong></span> <span class='ocrx_word' id='word_1_662' title='bbox 3165 4113 3277 4183; x_wconf 83' lang='lat' dir='ltr'><strong>ejus</strong></span> <span class='ocrx_word' id='word_1_663' title='bbox 3332 4108 3512 4182; x_wconf 84' lang='lat' dir='ltr'><strong>(Joan.</strong></span> <span class='ocrx_word' id='word_1_664' title='bbox 3562 4126 3613 4179; x_wconf 82' lang='grc' dir='ltr'><strong>ι,</strong></span> <span class='ocrx_word' id='word_1_665' title='bbox 3644 4109 3748 4175; x_wconf 78' lang='grc'><strong>27).</strong></span> 
     </span>
    </p>
   </div>
   <div class='ocr_carea' id='block_1_87' title="bbox 2184 4199 3751 4274">
    <p class='ocr_par' dir='ltr' id='par_1_87' title="bbox 2184 4199 3751 4274">
     <span class='ocr_line' id='line_1_87' title="bbox 2184 4199 3751 4274; baseline -0.001 -18"><span class='ocrx_word' id='word_1_666' title='bbox 2184 4200 2331 4272; x_wconf 87' lang='lat' dir='ltr'><strong>Ergo</strong></span> <span class='ocrx_word' id='word_1_667' title='bbox 2361 4200 2611 4257; x_wconf 86' lang='lat' dir='ltr'><strong>Christus</strong></span> <span class='ocrx_word' id='word_1_668' title='bbox 2656 4201 2709 4257; x_wconf 91' lang='lat' dir='ltr'><strong>in</strong></span> <span class='ocrx_word' id='word_1_669' title='bbox 2756 4208 2884 4274; x_wconf 87' lang='lat' dir='ltr'><strong>typo</strong></span> <span class='ocrx_word' id='word_1_670' title='bbox 2918 4200 3218 4258; x_wconf 81' lang='lat' dir='ltr'><strong>Jerusalem</strong></span> <span class='ocrx_word' id='word_1_671' title='bbox 3270 4201 3517 4268; x_wconf 86' lang='lat' dir='ltr'><strong>metitur,</strong></span> <span class='ocrx_word' id='word_1_672' title='bbox 3567 4199 3751 4257; x_wconf 78' lang='lat' dir='ltr'><strong>llArius</strong></span> 
     </span>
    </p>
   </div>
   <div class='ocr_carea' id='block_1_88' title="bbox 2184 4294 2374 4351">
    <p class='ocr_par' dir='ltr' id='par_1_88' title="bbox 2184 4294 2374 4351">
     <span class='ocr_line' id='line_1_88' title="bbox 2184 4294 2374 4351; baseline 0 -2"><span class='ocrx_word' id='word_1_673' title='bbox 2184 4294 2374 4351; x_wconf 89' lang='lat' dir='ltr'><strong>Deum.</strong></span> 
     </span>
    </p>
   </div>
   <div class='ocr_carea' id='block_1_89' title="bbox 2253 4384 3747 4461">
    <p class='ocr_par' dir='ltr' id='par_1_89' title="bbox 2253 4384 3747 4461">
     <span class='ocr_line' id='line_1_89' title="bbox 2253 4384 3747 4461; baseline 0.004 -20"><span class='ocrx_word' id='word_1_674' title='bbox 2253 4386 2379 4445; x_wconf 76' lang='lat'><strong>230.</strong></span> <span class='ocrx_word' id='word_1_675' title='bbox 2421 4386 2490 4442; x_wconf 83' lang='lat' dir='ltr'><strong>Et</strong></span> <span class='ocrx_word' id='word_1_676' title='bbox 2504 4387 2735 4444; x_wconf 88' lang='lat' dir='ltr'><strong>Satanas</strong></span> <span class='ocrx_word' id='word_1_677' title='bbox 2760 4386 3109 4458; x_wconf 82' lang='lat' dir='ltr'><strong>transﬁgurat</strong></span> <span class='ocrx_word' id='word_1_678' title='bbox 3154 4401 3216 4444; x_wconf 92' lang='lat' dir='ltr'><strong>se</strong></span> <span class='ocrx_word' id='word_1_679' title='bbox 3243 4387 3295 4443; x_wconf 93' lang='lat' dir='ltr'><strong>in</strong></span> <span class='ocrx_word' id='word_1_680' title='bbox 3322 4387 3568 4461; x_wconf 89' lang='lat' dir='ltr'><strong>angelum</strong></span> <span class='ocrx_word' id='word_1_681' title='bbox 3603 4384 3747 4447; x_wconf 78' lang='lat' dir='ltr'><strong>lucis;</strong></span> 
     </span>
    </p>
   </div>
   <div class='ocr_carea' id='block_1_90' title="bbox 2183 4479 3748 4550">
    <p class='ocr_par' dir='ltr' id='par_1_90' title="bbox 2183 4479 3748 4550">
     <span class='ocr_line' id='line_1_90' title="bbox 2183 4479 3748 4550; baseline 0.001 -17"><span class='ocrx_word' id='word_1_682' title='bbox 2183 4479 2315 4550; x_wconf 89' lang='lat' dir='ltr'><strong>quid</strong></span> <span class='ocrx_word' id='word_1_683' title='bbox 2376 4480 2571 4535; x_wconf 90' lang='lat' dir='ltr'><strong>mirum</strong></span> <span class='ocrx_word' id='word_1_684' title='bbox 2620 4480 2666 4535; x_wconf 92' lang='lat' dir='ltr'><strong>si</strong></span> <span class='ocrx_word' id='word_1_685' title='bbox 2716 4479 2881 4537; x_wconf 86' lang='lat' dir='ltr'><strong>Arius</strong></span> <span class='ocrx_word' id='word_1_686' title='bbox 2927 4494 3084 4536; x_wconf 88' lang='lat' dir='ltr'><strong>suum</strong></span> <span class='ocrx_word' id='word_1_687' title='bbox 3132 4480 3377 4538; x_wconf 81' lang='lat' dir='ltr'><strong>imitatur</strong></span> <span class='ocrx_word' id='word_1_688' title='bbox 3398 4487 3748 4542; x_wconf 87' lang='lat' dir='ltr'><strong>auctorem,nt</strong></span> 
     </span>
    </p>
   </div>
   <div class='ocr_carea' id='block_1_91' title="bbox 471 4554 3749 4648">
    <p class='ocr_par' dir='ltr' id='par_1_91' title="bbox 471 4554 3749 4648">
     <span class='ocr_line' id='line_1_91' title="bbox 471 4554 3749 4648; baseline 0 -22"><span class='ocrx_word' id='word_1_689' title='bbox 471 4568 935 4627; x_wconf 67' lang='lat' dir='ltr'><strong>PotestatesYSed</strong></span> <span class='ocrx_word' id='word_1_690' title='bbox 953 4569 1283 4626; x_wconf 81' lang='lat' dir='ltr'><strong>famulantur</strong></span> <span class='ocrx_word' id='word_1_691' title='bbox 1304 4569 1466 4642; x_wconf 81' lang='lat'><strong>593</strong></span> <span class='ocrx_word' id='word_1_692' title='bbox 1492 4577 1545 4624; x_wconf 90' lang='lat' dir='ltr'><strong>et</strong></span> <span class='ocrx_word' id='word_1_693' title='bbox 1563 4568 1811 4625; x_wconf 90' lang='lat' dir='ltr'><strong>serviunt</strong></span> <span class='ocrx_word' id='word_1_694' title='bbox 1827 4554 2079 4624; x_wconf 16' lang='lat' dir='ltr'><strong>Arcltan-i</strong></span> <span class='ocrx_word' id='word_1_695' title='bbox 2097 4565 2153 4626; x_wconf 85' lang='grc'><strong>1)</strong></span> <span class='ocrx_word' id='word_1_696' title='bbox 2179 4583 2403 4644; x_wconf 90' lang='lat' dir='ltr'><strong>usurpet</strong></span> <span class='ocrx_word' id='word_1_697' title='bbox 2449 4573 2636 4630; x_wconf 88' lang='lat' dir='ltr'><strong>illicita</strong></span> <span class='ocrx_word' id='word_1_698' title='bbox 2666 4573 2734 4644; x_wconf 92' lang='lat' dir='ltr'><strong>(ll</strong></span> <span class='ocrx_word' id='word_1_699' title='bbox 2786 4573 2902 4630; x_wconf 90' lang='lat' dir='ltr'><strong>Cor.</strong></span> <span class='ocrx_word' id='word_1_700' title='bbox 2958 4574 3210 4647; x_wconf 61' lang='lat'><strong>$1,“)?</strong></span> <span class='ocrx_word' id='word_1_701' title='bbox 3265 4575 3417 4632; x_wconf 89' lang='lat' dir='ltr'><strong>Licet</strong></span> <span class='ocrx_word' id='word_1_702' title='bbox 3441 4575 3578 4648; x_wconf 89' lang='lat' dir='ltr'><strong>quod</strong></span> <span class='ocrx_word' id='word_1_703' title='bbox 3616 4575 3749 4631; x_wconf 83' lang='lat' dir='ltr'><strong>Pater</strong></span> 
     </span>
    </p>
   </div>
   <div class='ocr_carea' id='block_1_92' title="bbox 470 4659 2078 4735">
    <p class='ocr_par' dir='ltr' id='par_1_92' title="bbox 470 4659 2078 4735">
     <span class='ocr_line' id='line_1_92' title="bbox 470 4659 2078 4735; baseline -0.002 -15"><span class='ocrx_word' id='word_1_704' title='bbox 470 4664 601 4735; x_wconf 88' lang='lat' dir='ltr'><strong>geli,</strong></span> <span class='ocrx_word' id='word_1_705' title='bbox 628 4662 724 4718; x_wconf 88' lang='lat' dir='ltr'><strong>sed</strong></span> <span class='ocrx_word' id='word_1_706' title='bbox 751 4662 1061 4718; x_wconf 86' lang='lat' dir='ltr'><strong>ministrant</strong></span> <span class='ocrx_word' id='word_1_707' title='bbox 1086 4659 1381 4719; x_wconf 88' lang='lat' dir='ltr'><strong>Cherubim</strong></span> <span class='ocrx_word' id='word_1_708' title='bbox 1405 4671 1461 4717; x_wconf 91' lang='lat' dir='ltr'><strong>et</strong></span> <span class='ocrx_word' id='word_1_709' title='bbox 1491 4660 1803 4731; x_wconf 86' lang='lat' dir='ltr'><strong>Serapltim,</strong></span> <span class='ocrx_word' id='word_1_710' title='bbox 1835 4659 1931 4715; x_wconf 84' lang='lat' dir='ltr'><strong>sed</strong></span> <span class='ocrx_word' id='word_1_711' title='bbox 1963 4660 2078 4716; x_wconf 87' lang='lat' dir='ltr'><strong>lau-</strong></span> 
     </span>
    </p>
   </div>
   <div class='ocr_carea' id='block_1_93' title="bbox 473 4752 2078 4825">
    <p class='ocr_par' dir='ltr' id='par_1_93' title="bbox 473 4752 2078 4825">
     <span class='ocr_line' id='line_1_93' title="bbox 473 4752 2078 4825; baseline -0.002 -13"><span class='ocrx_word' id='word_1_712' title='bbox 473 4755 630 4813; x_wconf 89' lang='lat' dir='ltr'><strong>dant.</strong></span> <span class='ocrx_word' id='word_1_713' title='bbox 674 4754 807 4825; x_wconf 82' lang='lat' dir='ltr'><strong>Quis</strong></span> <span class='ocrx_word' id='word_1_714' title='bbox 848 4753 1011 4825; x_wconf 90' lang='lat' dir='ltr'><strong>igitur</strong></span> <span class='ocrx_word' id='word_1_715' title='bbox 1054 4752 1260 4825; x_wconf 85' lang='lat' dir='ltr'><strong>judicat</strong></span> <span class='ocrx_word' id='word_1_716' title='bbox 1289 4752 1358 4808; x_wconf 88' lang='lat' dir='ltr'><strong>de</strong></span> <span class='ocrx_word' id='word_1_717' title='bbox 1392 4753 1487 4809; x_wconf 92' lang='lat' dir='ltr'><strong>Dei</strong></span> <span class='ocrx_word' id='word_1_718' title='bbox 1537 4752 1700 4818; x_wconf 86' lang='lat' dir='ltr'><strong>Filio,</strong></span> <span class='ocrx_word' id='word_1_719' title='bbox 1727 4768 1851 4808; x_wconf 93' lang='lat' dir='ltr'><strong>cum</strong></span> <span class='ocrx_word' id='word_1_720' title='bbox 1884 4753 2078 4822; x_wconf 88' lang='lat' dir='ltr'><strong>legerit</strong></span> 
     </span>
    </p>
   </div>
   <div class='ocr_carea' id='block_1_94' title="bbox 471 4844 2076 4920">
    <p class='ocr_par' dir='ltr' id='par_1_94' title="bbox 471 4844 2076 4920">
     <span class='ocr_line' id='line_1_94' title="bbox 471 4844 2076 4920; baseline -0.002 -15"><span class='ocrx_word' id='word_1_721' title='bbox 471 4848 602 4920; x_wconf 91' lang='lat' dir='ltr'><strong>quia</strong></span> <span class='ocrx_word' id='word_1_722' title='bbox 632 4848 750 4919; x_wconf 91' lang='lat' dir='ltr'><strong>ipse</strong></span> <span class='ocrx_word' id='word_1_723' title='bbox 785 4846 951 4902; x_wconf 86' lang='lat' dir='ltr'><strong>Pater</strong></span> <span class='ocrx_word' id='word_1_724' title='bbox 984 4846 1203 4903; x_wconf 86' lang='lat' dir='ltr'><strong>noverit</strong></span> <span class='ocrx_word' id='word_1_725' title='bbox 1242 4845 1463 4913; x_wconf 84' lang='lat' dir='ltr'><strong>Filium,</strong></span> <span class='ocrx_word' id='word_1_726' title='bbox 1515 4861 1622 4902; x_wconf 92' lang='lat' dir='ltr'><strong>non</strong></span> <span class='ocrx_word' id='word_1_727' title='bbox 1643 4845 1880 4915; x_wconf 87' lang='lat' dir='ltr'><strong>iudicet;</strong></span> <span class='ocrx_word' id='word_1_728' title='bbox 1907 4844 2076 4901; x_wconf 87' lang='lat' dir='ltr'><strong>Nemo</strong></span> 
     </span>
    </p>
   </div>
   <div class='ocr_carea' id='block_1_95' title="bbox 466 4937 2072 5013">
    <p class='ocr_par' dir='ltr' id='par_1_95' title="bbox 466 4937 2072 5013">
     <span class='ocr_line' id='line_1_95' title="bbox 466 4937 2072 5013; baseline -0.003 -13"><span class='ocrx_word' id='word_1_729' title='bbox 466 4943 604 5000; x_wconf 88' lang='lat' dir='ltr'><strong>enim</strong></span> <span class='ocrx_word' id='word_1_730' title='bbox 644 4942 784 4997; x_wconf 78' lang='lat' dir='ltr'><strong>novit</strong></span> <span class='ocrx_word' id='word_1_731' title='bbox 815 4940 1041 5007; x_wconf 83' lang='lat' dir='ltr'><strong>Filium,</strong></span> <span class='ocrx_word' id='word_1_732' title='bbox 1069 4941 1168 4996; x_wconf 89' lang='lat' dir='ltr'><strong>nisi</strong></span> <span class='ocrx_word' id='word_1_733' title='bbox 1198 4938 1359 4995; x_wconf 89' lang='lat' dir='ltr'><strong>Pater</strong></span> <span class='ocrx_word' id='word_1_734' title='bbox 1385 4938 1605 5013; x_wconf 83' lang='lat' dir='ltr'><strong>(Matth.</strong></span> <span class='ocrx_word' id='word_1_735' title='bbox 1628 4955 1706 5004; x_wconf 86' lang='grc' dir='ltr'><strong>ιι,</strong></span> <span class='ocrx_word' id='word_1_736' title='bbox 1733 4937 1853 5010; x_wconf 74' lang='grc'><strong>27).</strong></span> <span class='ocrx_word' id='word_1_737' title='bbox 1890 4937 2072 5005; x_wconf 81' lang='lat' dir='ltr'><strong>Nouit,</strong></span> 
     </span>
    </p>
   </div>
   <div class='ocr_carea' id='block_1_96' title="bbox 465 5032 2062 5108">
    <p class='ocr_par' dir='ltr' id='par_1_96' title="bbox 465 5032 2062 5108">
     <span class='ocr_line' id='line_1_96' title="bbox 465 5032 2062 5108; baseline -0.002 -17"><span class='ocrx_word' id='word_1_738' title='bbox 465 5036 665 5108; x_wconf 87' lang='lat' dir='ltr'><strong>inquit,</strong></span> <span class='ocrx_word' id='word_1_739' title='bbox 695 5049 805 5092; x_wconf 90' lang='lat' dir='ltr'><strong>non</strong></span> <span class='ocrx_word' id='word_1_740' title='bbox 827 5034 1055 5105; x_wconf 90' lang='lat' dir='ltr'><strong>iudicat.</strong></span> <span class='ocrx_word' id='word_1_741' title='bbox 1089 5032 1251 5089; x_wconf 84' lang='lat' dir='ltr'><strong>Aliud</strong></span> <span class='ocrx_word' id='word_1_742' title='bbox 1274 5042 1359 5089; x_wconf 89' lang='lat' dir='ltr'><strong>est</strong></span> <span class='ocrx_word' id='word_1_743' title='bbox 1406 5047 1589 5099; x_wconf 90' lang='lat' dir='ltr'><strong>nosse,</strong></span> <span class='ocrx_word' id='word_1_744' title='bbox 1619 5032 1764 5089; x_wconf 87' lang='lat' dir='ltr'><strong>aliud</strong></span> <span class='ocrx_word' id='word_1_745' title='bbox 1790 5032 2062 5104; x_wconf 87' lang='lat' dir='ltr'><strong>iudicare.</strong></span> 
     </span>
    </p>
   </div>
   <div class='ocr_carea' id='block_1_97' title="bbox 467 5124 2064 5196">
    <p class='ocr_par' dir='ltr' id='par_1_97' title="bbox 467 5124 2064 5196">
     <span class='ocr_line' id='line_1_97' title="bbox 467 5124 2064 5196; baseline -0.003 -12"><span class='ocrx_word' id='word_1_746' title='bbox 467 5127 646 5185; x_wconf 82' lang='lat' dir='ltr'><strong>Habet</strong></span> <span class='ocrx_word' id='word_1_747' title='bbox 693 5127 858 5184; x_wconf 89' lang='lat' dir='ltr'><strong>Pater</strong></span> <span class='ocrx_word' id='word_1_748' title='bbox 884 5128 936 5182; x_wconf 92' lang='lat' dir='ltr'><strong>in</strong></span> <span class='ocrx_word' id='word_1_749' title='bbox 968 5140 1030 5183; x_wconf 88' lang='lat' dir='ltr'><strong>se</strong></span> <span class='ocrx_word' id='word_1_750' title='bbox 1079 5124 1397 5193; x_wconf 91' lang='lat' dir='ltr'><strong>scientiam,</strong></span> <span class='ocrx_word' id='word_1_751' title='bbox 1451 5125 1625 5181; x_wconf 89' lang='lat' dir='ltr'><strong>Filius</strong></span> <span class='ocrx_word' id='word_1_752' title='bbox 1663 5139 1824 5196; x_wconf 87' lang='lat' dir='ltr'><strong>supra</strong></span> <span class='ocrx_word' id='word_1_753' title='bbox 1856 5140 1916 5181; x_wconf 92' lang='lat' dir='ltr'><strong>se</strong></span> <span class='ocrx_word' id='word_1_754' title='bbox 1956 5140 2064 5180; x_wconf 89' lang='lat' dir='ltr'><strong>non</strong></span> 
     </span>
    </p>
   </div>
   <div class='ocr_carea' id='block_1_98' title="bbox 467 5213 2064 5290">
    <p class='ocr_par' dir='ltr' id='par_1_98' title="bbox 467 5213 2064 5290">
     <span class='ocr_line' id='line_1_98' title="bbox 467 5213 2064 5290; baseline -0.001 -17"><span class='ocrx_word' id='word_1_755' title='bbox 467 5217 636 5275; x_wconf 85' lang='lat' dir='ltr'><strong>habet</strong></span> <span class='ocrx_word' id='word_1_756' title='bbox 684 5226 1034 5290; x_wconf 86' lang='lat' dir='ltr'><strong>potestatem.</strong></span> <span class='ocrx_word' id='word_1_757' title='bbox 1078 5215 1146 5272; x_wconf 89' lang='lat' dir='ltr'><strong>Et</strong></span> <span class='ocrx_word' id='word_1_758' title='bbox 1187 5230 1420 5271; x_wconf 90' lang='lat' dir='ltr'><strong>rursus:</strong></span> <span class='ocrx_word' id='word_1_759' title='bbox 1449 5214 1617 5272; x_wconf 86' lang='lat' dir='ltr'><strong>Nemo</strong></span> <span class='ocrx_word' id='word_1_760' title='bbox 1661 5213 2064 5283; x_wconf 79' lang='lat' dir='ltr'><strong>novitPatrem,</strong></span> 
     </span>
    </p>
   </div>
   <div class='ocr_carea' id='block_1_99' title="bbox 466 5307 2071 5381">
    <p class='ocr_par' dir='ltr' id='par_1_99' title="bbox 466 5307 2071 5381">
     <span class='ocr_line' id='line_1_99' title="bbox 466 5307 2071 5381; baseline 0 -16"><span class='ocrx_word' id='word_1_761' title='bbox 466 5311 566 5366; x_wconf 84' lang='lat' dir='ltr'><strong>nisi</strong></span> <span class='ocrx_word' id='word_1_762' title='bbox 593 5309 804 5376; x_wconf 84' lang='lat' dir='ltr'><strong>Filius;</strong></span> <span class='ocrx_word' id='word_1_763' title='bbox 834 5318 890 5366; x_wconf 89' lang='lat' dir='ltr'><strong>et</strong></span> <span class='ocrx_word' id='word_1_764' title='bbox 928 5310 1047 5381; x_wconf 92' lang='lat' dir='ltr'><strong>ipse</strong></span> <span class='ocrx_word' id='word_1_765' title='bbox 1086 5308 1237 5365; x_wconf 91' lang='lat' dir='ltr'><strong>novit</strong></span> <span class='ocrx_word' id='word_1_766' title='bbox 1279 5307 1520 5376; x_wconf 89' lang='lat' dir='ltr'><strong>Patrem,</strong></span> <span class='ocrx_word' id='word_1_767' title='bbox 1571 5309 1862 5365; x_wconf 89' lang='lat' dir='ltr'><strong>sicut&#39;eum</strong></span> <span class='ocrx_word' id='word_1_768' title='bbox 1907 5308 2071 5365; x_wconf 87' lang='lat' dir='ltr'><strong>Pater</strong></span> 
     </span>
    </p>
   </div>
   <div class='ocr_carea' id='block_1_100' title="bbox 470 5406 642 5462">
    <p class='ocr_par' dir='ltr' id='par_1_100' title="bbox 470 5406 642 5462">
     <span class='ocr_line' id='line_1_100' title="bbox 470 5406 642 5462; baseline -0.012 -3"><span class='ocrx_word' id='word_1_769' title='bbox 470 5406 642 5462; x_wconf 89' lang='lat' dir='ltr'><strong>novit.</strong></span> 
     </span>
    </p>
   </div>
   <div class='ocr_carea' id='block_1_101' title="bbox 538 5496 2067 5570">
    <p class='ocr_par' dir='ltr' id='par_1_101' title="bbox 538 5496 2067 5570">
     <span class='ocr_line' id='line_1_101' title="bbox 538 5496 2067 5570; baseline 0.001 -19"><span class='ocrx_word' id='word_1_770' title='bbox 538 5496 668 5552; x_wconf 88' lang='lat'><strong>227.</strong></span> <span class='ocrx_word' id='word_1_771' title='bbox 707 5496 814 5553; x_wconf 83' lang='lat' dir='ltr'><strong>Sed</strong></span> <span class='ocrx_word' id='word_1_772' title='bbox 854 5496 993 5554; x_wconf 89' lang='lat' dir='ltr'><strong>dicis</strong></span> <span class='ocrx_word' id='word_1_773' title='bbox 1019 5497 1146 5570; x_wconf 92' lang='lat' dir='ltr'><strong>quia</strong></span> <span class='ocrx_word' id='word_1_774' title='bbox 1175 5499 1441 5555; x_wconf 89' lang='lat' dir='ltr'><strong>minorem</strong></span> <span class='ocrx_word' id='word_1_775' title='bbox 1480 5514 1540 5555; x_wconf 92' lang='lat' dir='ltr'><strong>se</strong></span> <span class='ocrx_word' id='word_1_776' title='bbox 1587 5498 1724 5554; x_wconf 81' lang='lat' dir='ltr'><strong>dixit</strong></span> <span class='ocrx_word' id='word_1_777' title='bbox 1744 5496 1922 5570; x_wconf 82' lang='lat' dir='ltr'><strong>(Joan.</strong></span> <span class='ocrx_word' id='word_1_778' title='bbox 1951 5515 2067 5568; x_wconf 83' lang='grc' dir='ltr'><strong><em>ιιν,</em></strong></span> 
     </span>
    </p>
   </div>
   <div class='ocr_carea' id='block_1_102' title="bbox 468 5586 2070 5661">
    <p class='ocr_par' dir='ltr' id='par_1_102' title="bbox 468 5586 2070 5661">
     <span class='ocr_line' id='line_1_102' title="bbox 468 5586 2070 5661; baseline 0.006 -21"><span class='ocrx_word' id='word_1_779' title='bbox 468 5586 566 5658; x_wconf 83' lang='grc'><strong>28)</strong></span> <span class='ocrx_word' id='word_1_780' title='bbox 598 5606 611 5641; x_wconf 87' lang='lat'><strong>:</strong></span> <span class='ocrx_word' id='word_1_781' title='bbox 635 5588 771 5643; x_wconf 82' lang='lat' dir='ltr'><strong>dixit</strong></span> <span class='ocrx_word' id='word_1_782' title='bbox 792 5599 848 5645; x_wconf 89' lang='lat' dir='ltr'><strong>et</strong></span> <span class='ocrx_word' id='word_1_783' title='bbox 872 5589 1125 5661; x_wconf 89' lang='lat' dir='ltr'><strong>lapidem.</strong></span> <span class='ocrx_word' id='word_1_784' title='bbox 1150 5591 1279 5648; x_wconf 91' lang='lat' dir='ltr'><strong>Plus</strong></span> <span class='ocrx_word' id='word_1_785' title='bbox 1306 5592 1466 5658; x_wconf 89' lang='lat' dir='ltr'><strong>dicis,</strong></span> <span class='ocrx_word' id='word_1_786' title='bbox 1491 5600 1548 5647; x_wconf 93' lang='lat' dir='ltr'><strong>et</strong></span> <span class='ocrx_word' id='word_1_787' title='bbox 1574 5591 1741 5661; x_wconf 87' lang='lat' dir='ltr'><strong>impie</strong></span> <span class='ocrx_word' id='word_1_788' title='bbox 1765 5592 2070 5649; x_wconf 87' lang='lat' dir='ltr'><strong>calumnia-</strong></span> 
     </span>
    </p>
   </div>
   <div class='ocr_carea' id='block_1_103' title="bbox 506 5722 2053 5798">
    <p class='ocr_par' dir='ltr' id='par_1_103' title="bbox 506 5722 2053 5798">
     <span class='ocr_line' id='line_1_103' title="bbox 506 5722 2053 5798; baseline 0.007 -20"><span class='ocrx_word' id='word_1_789' title='bbox 506 5735 568 5798; x_wconf 39' lang='grc' dir='ltr'><strong>λι</strong></span> <span class='ocrx_word' id='word_1_790' title='bbox 610 5725 909 5798; x_wconf 74' lang='lat' dir='ltr'><strong>Vet.edit.,</strong></span> <span class='ocrx_word' id='word_1_791' title='bbox 951 5728 1072 5782; x_wconf 81' lang='lat' dir='ltr'><strong>Non</strong></span> <span class='ocrx_word' id='word_1_792' title='bbox 1124 5726 1275 5785; x_wconf 77' lang='lat' dir='ltr'><strong>Arius</strong></span> <span class='ocrx_word' id='word_1_793' title='bbox 1324 5722 1719 5794; x_wconf 69' lang='lat' dir='ltr'><strong>Deum;,Rom.’</strong></span> <span class='ocrx_word' id='word_1_794' title='bbox 1765 5736 1890 5786; x_wconf 74' lang='lat' dir='ltr'><strong>cum</strong></span> <span class='ocrx_word' id='word_1_795' title='bbox 1919 5747 2053 5790; x_wconf 81' lang='lat' dir='ltr'><strong>mss.</strong></span> 
     </span>
    </p>
   </div>
   <div class='ocr_carea' id='block_1_104' title="bbox 462 5785 2064 5870">
    <p class='ocr_par' dir='ltr' id='par_1_104' title="bbox 462 5785 2064 5870">
     <span class='ocr_line' id='line_1_104' title="bbox 462 5785 2064 5870; baseline 0.007 -22"><span class='ocrx_word' id='word_1_796' title='bbox 462 5785 671 5863; x_wconf 68' lang='lat' dir='ltr'><strong>aliquot</strong></span> <span class='ocrx_word' id='word_1_797' title='bbox 709 5785 927 5851; x_wconf 77' lang='lat' dir='ltr'><strong>Sustulit</strong></span> <span class='ocrx_word' id='word_1_798' title='bbox 953 5802 1311 5867; x_wconf 74' lang='lat' dir='ltr'><strong>negationem,</strong></span> <span class='ocrx_word' id='word_1_799' title='bbox 1345 5800 1490 5870; x_wconf 85' lang='lat' dir='ltr'><strong>quod</strong></span> <span class='ocrx_word' id='word_1_800' title='bbox 1506 5785 1887 5868; x_wconf 52' lang='lat' dir='ltr'><strong>&#39;etsequimur.</strong></span> <span class='ocrx_word' id='word_1_801' title='bbox 1916 5785 2064 5861; x_wconf 58' lang='lat' dir='ltr'><strong>N66;</strong></span> 
     </span>
    </p>
   </div>
   <div class='ocr_carea' id='block_1_105' title="bbox 2178 4665 3747 4740">
    <p class='ocr_par' dir='ltr' id='par_1_105' title="bbox 2178 4665 3747 4740">
     <span class='ocr_line' id='line_1_105' title="bbox 2178 4665 3747 4740; baseline -0.001 -17"><span class='ocrx_word' id='word_1_802' title='bbox 2178 4682 2311 4723; x_wconf 89' lang='lat' dir='ltr'><strong>suus</strong></span> <span class='ocrx_word' id='word_1_803' title='bbox 2335 4667 2588 4724; x_wconf 85' lang='lat' dir='ltr'><strong>diabolus</strong></span> <span class='ocrx_word' id='word_1_804' title='bbox 2607 4684 2704 4740; x_wconf 91' lang='lat' dir='ltr'><strong>per</strong></span> <span class='ocrx_word' id='word_1_805' title='bbox 2729 4669 3086 4739; x_wconf 89' lang='lat' dir='ltr'><strong>semetipsum</strong></span> <span class='ocrx_word' id='word_1_806' title='bbox 3119 4685 3226 4726; x_wconf 87' lang='lat' dir='ltr'><strong>non</strong></span> <span class='ocrx_word' id='word_1_807' title='bbox 3263 4670 3415 4738; x_wconf 78' lang='lat' dir='ltr'><strong>fecit,</strong></span> <span class='ocrx_word' id='word_1_808' title='bbox 3462 4665 3747 4727; x_wconf 79' lang='lat' dir='ltr'><strong>intolerabi-</strong></span> 
     </span>
    </p>
   </div>
   <div class='ocr_carea' id='block_1_106' title="bbox 2181 4761 3746 4836">
    <p class='ocr_par' dir='ltr' id='par_1_106' title="bbox 2181 4761 3746 4836">
     <span class='ocr_line' id='line_1_106' title="bbox 2181 4761 3746 4836; baseline -0.001 -19"><span class='ocrx_word' id='word_1_809' title='bbox 2181 4761 2323 4819; x_wconf 86' lang='lat' dir='ltr'><strong>linre</strong></span> <span class='ocrx_word' id='word_1_810' title='bbox 2344 4761 2508 4836; x_wconf 59' lang='lat'><strong>594</strong></span> <span class='ocrx_word' id='word_1_811' title='bbox 2545 4764 2646 4820; x_wconf 92' lang='lat' dir='ltr'><strong>iste</strong></span> <span class='ocrx_word' id='word_1_812' title='bbox 2674 4762 2960 4835; x_wconf 88' lang='lat' dir='ltr'><strong>sacrilegio</strong></span> <span class='ocrx_word' id='word_1_813' title='bbox 3007 4763 3317 4821; x_wconf 87' lang='lat' dir='ltr'><strong>divinorum</strong></span> <span class='ocrx_word' id='word_1_814' title='bbox 3359 4764 3466 4822; x_wconf 87' lang='lat' dir='ltr'><strong>sibi</strong></span> <span class='ocrx_word' id='word_1_815' title='bbox 3494 4763 3746 4820; x_wconf 86' lang='lat' dir='ltr'><strong>scientiam</strong></span> 
     </span>
    </p>
   </div>
   <div class='ocr_carea' id='block_1_107' title="bbox 2180 4842 3746 4929">
    <p class='ocr_par' dir='ltr' id='par_1_107' title="bbox 2180 4842 3746 4929">
     <span class='ocr_line' id='line_1_107' title="bbox 2180 4842 3746 4929; baseline 0 -20"><span class='ocrx_word' id='word_1_816' title='bbox 2180 4863 2537 4921; x_wconf 89' lang='lat' dir='ltr'><strong>secretorum,</strong></span> <span class='ocrx_word' id='word_1_817' title='bbox 2562 4864 2619 4911; x_wconf 91' lang='lat' dir='ltr'><strong>et</strong></span> <span class='ocrx_word' id='word_1_818' title='bbox 2640 4870 2895 4928; x_wconf 66' lang='lat' dir='ltr'><strong>superna:</strong></span> <span class='ocrx_word' id='word_1_819' title='bbox 2921 4857 3291 4926; x_wconf 88' lang='lat' dir='ltr'><strong>generationis</strong></span> <span class='ocrx_word' id='word_1_820' title='bbox 3334 4873 3529 4915; x_wconf 88' lang='lat' dir='ltr'><strong>arcana</strong></span> <span class='ocrx_word' id='word_1_821' title='bbox 3568 4842 3746 4929; x_wconf 64' lang='lat' dir='ltr'><strong>prase-</strong></span> 
     </span>
    </p>
   </div>
   <div class='ocr_carea' id='block_1_108' title="bbox 2180 4947 3743 5014">
    <p class='ocr_par' dir='ltr' id='par_1_108' title="bbox 2180 4947 3743 5014">
     <span class='ocr_line' id='line_1_108' title="bbox 2180 4947 3743 5014; baseline -0.001 -11"><span class='ocrx_word' id='word_1_822' title='bbox 2180 4957 2331 5014; x_wconf 90' lang='lat' dir='ltr'><strong>mat;</strong></span> <span class='ocrx_word' id='word_1_823' title='bbox 2379 4947 2630 5005; x_wconf 87' lang='lat' dir='ltr'><strong>diabolus</strong></span> <span class='ocrx_word' id='word_1_824' title='bbox 2668 4949 2817 5006; x_wconf 90' lang='lat' dir='ltr'><strong>enim</strong></span> <span class='ocrx_word' id='word_1_825' title='bbox 2864 4963 3054 5006; x_wconf 89' lang='lat' dir='ltr'><strong>verum</strong></span> <span class='ocrx_word' id='word_1_826' title='bbox 3106 4949 3204 5007; x_wconf 86' lang='lat' dir='ltr'><strong>Dei</strong></span> <span class='ocrx_word' id='word_1_827' title='bbox 3240 4950 3438 5008; x_wconf 87' lang='lat' dir='ltr'><strong>Filium</strong></span> <span class='ocrx_word' id='word_1_828' title='bbox 3483 4949 3743 5011; x_wconf 79' lang='lat' dir='ltr'><strong>fatebatur,</strong></span> 
     </span>
    </p>
   </div>
   <div class='ocr_carea' id='block_1_109' title="bbox 2179 5040 2554 5113">
    <p class='ocr_par' dir='ltr' id='par_1_109' title="bbox 2179 5040 2554 5113">
     <span class='ocr_line' id='line_1_109' title="bbox 2179 5040 2554 5113; baseline 0 -16"><span class='ocrx_word' id='word_1_829' title='bbox 2179 5040 2344 5097; x_wconf 82' lang='lat' dir='ltr'><strong>Arius</strong></span> <span class='ocrx_word' id='word_1_830' title='bbox 2371 5050 2554 5113; x_wconf 87' lang='lat' dir='ltr'><strong>negat.</strong></span> 
     </span>
    </p>
   </div>
   <div class='ocr_carea' id='block_1_110' title="bbox 2239 5133 3742 5209">
    <p class='ocr_par' dir='ltr' id='par_1_110' title="bbox 2239 5133 3742 5209">
     <span class='ocr_line' id='line_1_110' title="bbox 2239 5133 3742 5209; baseline 0 -20"><span class='ocrx_word' id='word_1_831' title='bbox 2239 5133 2365 5192; x_wconf 77' lang='lat' dir='ltr'><strong>23L</strong></span> <span class='ocrx_word' id='word_1_832' title='bbox 2390 5135 2447 5192; x_wconf 92' lang='lat' dir='ltr'><strong>Si</strong></span> <span class='ocrx_word' id='word_1_833' title='bbox 2466 5150 2597 5207; x_wconf 84' lang='lat' dir='ltr'><strong>ergo</strong></span> <span class='ocrx_word' id='word_1_834' title='bbox 2625 5135 2804 5193; x_wconf 88' lang='lat' dir='ltr'><strong>metiri</strong></span> <span class='ocrx_word' id='word_1_835' title='bbox 2822 5145 2899 5202; x_wconf 93' lang='lat' dir='ltr'><strong>te,</strong></span> <span class='ocrx_word' id='word_1_836' title='bbox 2919 5136 3265 5209; x_wconf 90' lang='lat' dir='ltr'><strong>omnipotens</strong></span> <span class='ocrx_word' id='word_1_837' title='bbox 3293 5138 3472 5206; x_wconf 88' lang='lat' dir='ltr'><strong>Pater,</strong></span> <span class='ocrx_word' id='word_1_838' title='bbox 3491 5148 3742 5208; x_wconf 87' lang='lat' dir='ltr'><strong>nonqueo,</strong></span> 
     </span>
    </p>
   </div>
   <div class='ocr_carea' id='block_1_111' title="bbox 2173 5227 3744 5300">
    <p class='ocr_par' dir='ltr' id='par_1_111' title="bbox 2173 5227 3744 5300">
     <span class='ocr_line' id='line_1_111' title="bbox 2173 5227 3744 5300; baseline -0.003 -17"><span class='ocrx_word' id='word_1_839' title='bbox 2173 5241 2475 5299; x_wconf 90' lang='lat' dir='ltr'><strong>possumne</strong></span> <span class='ocrx_word' id='word_1_840' title='bbox 2495 5228 2613 5284; x_wconf 89' lang='lat' dir='ltr'><strong>sine</strong></span> <span class='ocrx_word' id='word_1_841' title='bbox 2640 5227 2928 5299; x_wconf 89' lang='lat' dir='ltr'><strong>sacrilegio</strong></span> <span class='ocrx_word' id='word_1_842' title='bbox 2956 5227 3024 5283; x_wconf 92' lang='lat' dir='ltr'><strong>de</strong></span> <span class='ocrx_word' id='word_1_843' title='bbox 3053 5238 3158 5283; x_wconf 69' lang='lat' dir='ltr'><strong>tute</strong></span> <span class='ocrx_word' id='word_1_844' title='bbox 3202 5231 3560 5300; x_wconf 88' lang='lat' dir='ltr'><strong>generationis</strong></span> <span class='ocrx_word' id='word_1_845' title='bbox 3584 5227 3744 5296; x_wconf 84' lang='lat' dir='ltr'><strong>dispu-</strong></span> 
     </span>
    </p>
   </div>
   <div class='ocr_carea' id='block_1_112' title="bbox 2175 5316 3743 5395">
    <p class='ocr_par' dir='ltr' id='par_1_112' title="bbox 2175 5316 3743 5395">
     <span class='ocr_line' id='line_1_112' title="bbox 2175 5316 3743 5395; baseline -0.001 -21"><span class='ocrx_word' id='word_1_846' title='bbox 2175 5328 2292 5374; x_wconf 88' lang='lat' dir='ltr'><strong>tare</strong></span> <span class='ocrx_word' id='word_1_847' title='bbox 2319 5320 2570 5375; x_wconf 77' lang='lat' dir='ltr'><strong>secreto?</strong></span> <span class='ocrx_word' id='word_1_848' title='bbox 2600 5318 2905 5376; x_wconf 89' lang='lat' dir='ltr'><strong>Possumne</strong></span> <span class='ocrx_word' id='word_1_849' title='bbox 2927 5316 3112 5377; x_wconf 88' lang='lat' dir='ltr'><strong>dicere</strong></span> <span class='ocrx_word' id='word_1_850' title='bbox 3135 5322 3281 5392; x_wconf 89' lang='lat' dir='ltr'><strong>quod</strong></span> <span class='ocrx_word' id='word_1_851' title='bbox 3321 5322 3520 5395; x_wconf 87' lang='lat' dir='ltr'><strong>aliquid</strong></span> <span class='ocrx_word' id='word_1_852' title='bbox 3546 5321 3669 5377; x_wconf 87' lang='lat' dir='ltr'><strong>inter</strong></span> <span class='ocrx_word' id='word_1_853' title='bbox 3691 5326 3743 5372; x_wconf 90' lang='lat' dir='ltr'><strong>te</strong></span> 
     </span>
    </p>
   </div>
   <div class='ocr_carea' id='block_1_113' title="bbox 2178 5413 3740 5489">
    <p class='ocr_par' dir='ltr' id='par_1_113' title="bbox 2178 5413 3740 5489">
     <span class='ocr_line' id='line_1_113' title="bbox 2178 5413 3740 5489; baseline -0.003 -19"><span class='ocrx_word' id='word_1_854' title='bbox 2178 5422 2234 5470; x_wconf 91' lang='lat' dir='ltr'><strong>et</strong></span> <span class='ocrx_word' id='word_1_855' title='bbox 2256 5413 2451 5470; x_wconf 87' lang='lat' dir='ltr'><strong>Filium</strong></span> <span class='ocrx_word' id='word_1_856' title='bbox 2489 5423 2637 5470; x_wconf 92' lang='lat' dir='ltr'><strong>tuum</strong></span> <span class='ocrx_word' id='word_1_857' title='bbox 2671 5415 2791 5486; x_wconf 90' lang='lat' dir='ltr'><strong>plus</strong></span> <span class='ocrx_word' id='word_1_858' title='bbox 2840 5414 3088 5472; x_wconf 78' lang='lat' dir='ltr'><strong>minusve</strong></span> <span class='ocrx_word' id='word_1_859' title='bbox 3130 5415 3231 5483; x_wconf 92' lang='lat' dir='ltr'><strong>sit;</strong></span> <span class='ocrx_word' id='word_1_860' title='bbox 3280 5431 3405 5473; x_wconf 90' lang='lat' dir='ltr'><strong>cum</strong></span> <span class='ocrx_word' id='word_1_861' title='bbox 3436 5418 3550 5489; x_wconf 87' lang='lat' dir='ltr'><strong>ipse</strong></span> <span class='ocrx_word' id='word_1_862' title='bbox 3574 5416 3740 5487; x_wconf 78' lang='lat' dir='ltr'><strong>quies</strong></span> 
     </span>
    </p>
   </div>
   <div class='ocr_carea' id='block_1_114' title="bbox 2180 5509 3732 5581">
    <p class='ocr_par' dir='ltr' id='par_1_114' title="bbox 2180 5509 3732 5581">
     <span class='ocr_line' id='line_1_114' title="bbox 2180 5509 3732 5581; baseline -0.001 -16"><span class='ocrx_word' id='word_1_863' title='bbox 2180 5517 2232 5565; x_wconf 90' lang='lat' dir='ltr'><strong>te</strong></span> <span class='ocrx_word' id='word_1_864' title='bbox 2275 5519 2429 5566; x_wconf 90' lang='lat' dir='ltr'><strong>natus</strong></span> <span class='ocrx_word' id='word_1_865' title='bbox 2467 5523 2571 5578; x_wconf 79' lang='lat' dir='ltr'><strong>est,</strong></span> <span class='ocrx_word' id='word_1_866' title='bbox 2600 5509 2808 5567; x_wconf 79' lang='lat' dir='ltr'><strong>dixerit</strong></span> <span class='ocrx_word' id='word_1_867' title='bbox 2842 5529 2855 5565; x_wconf 93' lang='lat'>:</span> <span class='ocrx_word' id='word_1_868' title='bbox 2884 5510 3077 5566; x_wconf 84' lang='lat' dir='ltr'><strong>Omnia</strong></span> <span class='ocrx_word' id='word_1_869' title='bbox 3107 5528 3221 5581; x_wconf 78' lang='lat' dir='ltr'><strong>qua:</strong></span> <span class='ocrx_word' id='word_1_870' title='bbox 3254 5512 3415 5568; x_wconf 86' lang='lat' dir='ltr'><strong>Pater</strong></span> <span class='ocrx_word' id='word_1_871' title='bbox 3443 5512 3581 5567; x_wconf 79' lang='lat' dir='ltr'><strong>habet</strong></span> <span class='ocrx_word' id='word_1_872' title='bbox 3629 5523 3732 5563; x_wconf 79' lang='lat' dir='ltr'><strong>meo</strong></span> 
     </span>
    </p>
   </div>
   <div class='ocr_carea' id='block_1_115' title="bbox 2176 5603 3740 5680">
    <p class='ocr_par' dir='ltr' id='par_1_115' title="bbox 2176 5603 3740 5680">
     <span class='ocr_line' id='line_1_115' title="bbox 2176 5603 3740 5680; baseline -0.003 -21"><span class='ocrx_word' id='word_1_873' title='bbox 2176 5613 2294 5659; x_wconf 87' lang='lat' dir='ltr'><strong>sunt</strong></span> <span class='ocrx_word' id='word_1_874' title='bbox 2317 5603 2499 5675; x_wconf 85' lang='lat' dir='ltr'><strong>(Joan.</strong></span> <span class='ocrx_word' id='word_1_875' title='bbox 2533 5622 2643 5671; x_wconf 81' lang='lat' dir='ltr'><strong>xvi,</strong></span> <span class='ocrx_word' id='word_1_876' title='bbox 2670 5605 2799 5677; x_wconf 70' lang='lat'><strong>15)?</strong></span> <span class='ocrx_word' id='word_1_877' title='bbox 2823 5606 2958 5675; x_wconf 92' lang='lat' dir='ltr'><strong>Quis</strong></span> <span class='ocrx_word' id='word_1_878' title='bbox 2979 5621 3068 5663; x_wconf 90' lang='lat' dir='ltr'><strong>me</strong></span> <span class='ocrx_word' id='word_1_879' title='bbox 3095 5608 3379 5663; x_wconf 88' lang='lat' dir='ltr'><strong>constituit</strong></span> <span class='ocrx_word' id='word_1_880' title='bbox 3393 5608 3614 5680; x_wconf 87' lang='lat' dir='ltr'><strong>iudicem</strong></span> <span class='ocrx_word' id='word_1_881' title='bbox 3652 5611 3740 5657; x_wconf 88' lang='lat' dir='ltr'><strong>aut</strong></span> 
     </span>
    </p>
   </div>
   <div class='ocr_carea' id='block_1_116' title="bbox 2166 5715 3735 5814">
    <p class='ocr_par' dir='ltr' id='par_1_116' title="bbox 2166 5715 3735 5814">
     <span class='ocr_line' id='line_1_116' title="bbox 2166 5715 3735 5814; baseline 0.001 -20"><span class='ocrx_word' id='word_1_882' title='bbox 2166 5741 2307 5814; x_wconf 77' lang='lat' dir='ltr'><strong>nulli</strong></span> <span class='ocrx_word' id='word_1_883' title='bbox 2332 5751 2511 5799; x_wconf 88' lang='lat' dir='ltr'><strong>tamen</strong></span> <span class='ocrx_word' id='word_1_884' title='bbox 2535 5715 2623 5798; x_wconf 91' lang='lat' dir='ltr'><strong>alii</strong></span> <span class='ocrx_word' id='word_1_885' title='bbox 2651 5747 2785 5798; x_wconf 86' lang='lat' dir='ltr'><strong>mss.</strong></span> <span class='ocrx_word' id='word_1_886' title='bbox 2818 5715 3166 5814; x_wconf 78' lang='lat' dir='ltr'><strong>negationem</strong></span> <span class='ocrx_word' id='word_1_887' title='bbox 3201 5735 3420 5810; x_wconf 82' lang='lat' dir='ltr'><strong>habent;</strong></span> <span class='ocrx_word' id='word_1_888' title='bbox 3451 5744 3541 5801; x_wconf 84' lang='lat' dir='ltr'><strong>sed</strong></span> <span class='ocrx_word' id='word_1_889' title='bbox 3567 5755 3735 5799; x_wconf 77' lang='lat' dir='ltr'><strong>vocem</strong></span> 
     </span>
    </p>
   </div>
   <div class='ocr_carea' id='block_1_117' title="bbox 2173 5802 3381 5882">
    <p class='ocr_par' dir='ltr' id='par_1_117' title="bbox 2173 5802 3381 5882">
     <span class='ocr_line' id='line_1_117' title="bbox 2173 5802 3381 5882; baseline 0.002 -16"><span class='ocrx_word' id='word_1_890' title='bbox 2173 5802 2342 5867; x_wconf 80' lang='lat' dir='ltr'><strong>Deum</strong></span> <span class='ocrx_word' id='word_1_891' title='bbox 2370 5829 2477 5868; x_wconf 85' lang='lat' dir='ltr'><strong>non</strong></span> <span class='ocrx_word' id='word_1_892' title='bbox 2505 5824 2829 5882; x_wconf 81' lang='lat' dir='ltr'><strong>agnoscunt,</strong></span> <span class='ocrx_word' id='word_1_893' title='bbox 2860 5802 3000 5871; x_wconf 62' lang='lat' dir='ltr'><strong>haud</strong></span> <span class='ocrx_word' id='word_1_894' title='bbox 3026 5803 3168 5870; x_wconf 75' lang='lat' dir='ltr'><strong>ittan</strong></span> <span class='ocrx_word' id='word_1_895' title='bbox 3197 5802 3381 5871; x_wconf 77' lang='lat' dir='ltr'><strong>sensu.</strong></span> 
     </span>
    </p>
   </div>
  </div>
