4016 6292
229 294 336 350 697
538 259 542 264 I
879 309 893 324 '
1061 293 1150 350 DE
1188 293 1455 352 SPIRITU
1499 293 1768 352 SANCTO
1808 293 1988 351 LIBRI
2030 293 2231 351 TBES.
2275 293 2670 352 ADMONITIO.
2903 269 2908 280 ‘
3429 293 3537 352 698

223 411 521 466 divisorem
553 410 623 466 de
677 410 841 466 rebus
895 409 1188 465 humanis?
1229 409 1342 466 Hoc
1396 409 1567 465 Filius
1591 410 1744 478 dicit,
1775 420 1831 466 et
1857 423 1909 482 Α
1937 421 2183 482 peratum
2232 412 2283 467 in
2318 412 2626 468 ministerio
2663 410 2904 468 declinat
2961 410 3285 483 obsequium
3322 429 3334 466 :
3368 412 3536 469 Arius

225 518 328 560 nos
354 504 499 560 inter
521 504 734 559 Patrem
761 512 816 558 et
843 503 1038 558 Filium
1064 502 1388 558 divisionem
1431 503 1590 558 nobis
1611 513 1666 558 et
1684 502 1829 572 judi-
1932 515 2208 562 scrutatur
2264 505 2426 582 etiam
2483 505 2589 561 alta
2645 505 2776 562 Dei?
2817 505 2928 562 Sed
2971 520 3081 560 non
3110 505 3269 560 Arius
3293 505 3534 578 Spiritus

221 598 366 656 cium
395 599 736 654 vindicamus
756 597 780 652 ?
802 598 949 653 Bona
979 599 1149 668 pietas
1185 597 1421 654 arbitros
1441 597 1638 667 refugit
1663 598 1825 652 etiam
1929 609 2150 655 sanctus
2174 617 2190 654 :
2223 599 2318 655 sed
2349 600 2478 654 Ario
2503 607 2559 653 et
2587 598 2899 654 hominibus
2928 596 3132 654 dictum
3168 607 3256 654 est
3283 618 3299 656 :
3327 597 3532 654 Alliam

222 690 276 746 in
305 690 577 747 divisione
605 689 938 762 patrimonii.
966 688 1078 745 Nos
1099 706 1229 760 ergo
1275 690 1479 744 erimus
1504 689 1718 754 arbitri,
1769 699 1828 743 ut
1931 709 1980 748 te
2001 711 2061 748 ne
2077 694 2346 764 quasieris
2373 691 2545 763 (Eccl.
2575 708 2660 760 nt,
2689 691 2806 764 22).

220 784 365 840 inter
391 793 520 840 teet
551 783 926 839 Filiumtuutn
961 791 987 819 ιι
1023 782 1276 838 ἰιιοτθίιιω
1325 781 1664 851 majestatem
1697 780 1826 835 sub—
2016 783 2144 838 256.
2189 784 2404 854 Moyses
2451 783 2659 838 vultum
2715 782 2931 839 Domini
2981 783 3300 855 prohibetur
3347 781 3535 839 videre

217 877 439 933 stantia
465 875 818 932 dividamus?
1927 877 2125 950 (Exod.
2152 893 2345 944 xum,
2397 877 2491 948 25)
2525 893 2540 932 :
2571 877 2737 934 Arius
2767 878 2966 934 meruit
2995 877 3182 934 videre
3237 884 3532 934 secretum.

286 970 416 1028 252.
458 970 777 1036 Genet-otio,
833 968 1044 1040 inquit,
1098 972 1241 1037 haec,
1295 969 1557 1043 generatio
1606 987 1822 1041 nequam
1927 969 2136 1044 Moyses
2163 981 2218 1027 et
2247 971 2428 1026 Aaron
2480 971 2534 1026 in
2584 971 2965 1028 sacerdotibus
3018 971 3162 1042 ejus,
3190 970 3408 1044 Moyses
3437 973 3530 1041 qui

215 1077 292 1122 est
318 1085 340 1122 :
369 1069 578 1138 signum
623 1068 829 1138 quierit,
877 1077 924 1122 et
967 1068 1173 1139 signum
1226 1082 1329 1120 non
1369 1067 1576 1122 dabitur
1607 1068 1675 1133 ei,
1723 1068 1824 1122 nisi
1924 1080 2045 1121 cum
2077 1067 2307 1122 Domino
2331 1076 2560 1139 apparet
2587 1068 2640 1122 in
2663 1067 2866 1140 gloria;
2898 1066 3111 1137 Moyses
3139 1065 3379 1137 ergoille
3407 1079 3533 1136 pos-

211 1161 421 1233 signum
445 1157 597 1215 Jonte
650 1160 918 1230 propheta:
943 1157 1095 1231 (Luc.
1123 1175 1202 1226 xt,
1229 1156 1345 1231 29).
1379 1160 1600 1230 Signum
1633 1161 1822 1230 utique
1926 1163 2120 1217 leriora
2145 1163 2514 1219 tantummodo
2546 1163 2642 1219 Dei
2669 1165 2722 1218 in
2747 1172 2882 1236 typo
2919 1163 3056 1218 vidit
3089 1182 3104 1219 :
3137 1163 3299 1218 Arius
3352 1171 3526 1218 totum

212 1253 378 1309 datur
410 1268 517 1308 non
548 1252 870 1318 divinitatis,
903 1252 998 1309 sed
1039 1253 1452 1309 incarnationis.
1485 1253 1726 1325 Denique
1751 1253 1820 1310 de
1925 1251 2095 1308 Deum
2145 1251 2281 1309 facie
2335 1253 2401 1309 ad
2450 1256 2642 1311 faciem
2689 1253 3123 1327 comprehendit.
3176 1254 3283 1310 Sed
3337 1271 3523 1320 nemo,

219 1347 603 1403 incarnatione
633 1347 878 1403 dicturus
907 1347 1024 1402 ait:
1064 1346 1187 1402 Pete
1207 1348 1300 1402 tibi
1323 1349 1548 1420 signum.
1584 1348 1653 1403 Et
1695 1363 1817 1404 cum
1923 1347 2127 1419 inquit,
2170 1349 2343 1405 uidere
2392 1359 2554 1418 potest
2603 1351 2788 1421 facient
2817 1363 3007 1418 meum,
3059 1362 3106 1407 et
3151 1352 3272 1406 vivit
3321 1350 3520 1421 (Exod.

191 1442 306 1516 (ille
338 1441 613 1497 dixisset:
650 1439 773 1495 Non
812 1450 1005 1509 petant,
1051 1456 1213 1512 neque
1258 1440 1460 1494 tentabo
1511 1438 1775 1495 Dominun

684 1439 773 1494 ἴση
812 1450 1005 1509 petant,
1051 1456 1213 1512 neque
1258 1440 1460 1494 tentabo
1511 1438 1814 1508 Dominum,
1920 1458 2116 1510 χχχιιι,
2143 1444 2270 1515 20).

209 1550 541 1606 responsum
565 1543 650 1590 est
683 1550 696 1588 :
727 1533 858 1588 Ecce
883 1534 1027 1606 virgo
1052 1535 1105 1588 in
1135 1543 1279 1588 utero
1301 1534 1516 1606 accipiet
1535 1533 1814 1604 (Esai.vn,
1989 1537 2115 1591 257.
2159 1538 2358 1594 Paulus
2385 1541 2549 1596 etiam
2579 1541 2648 1596 de
2677 1540 3032 1597 inferioribus
3061 1541 3197 1597 dicit
3230 1559 3243 1595 :
3270 1540 3356 1596 Ea:
3383 1550 3530 1612 parte
3581 1571 3588 1582 ι

207 1628 271 1683 Η
302 1638 351 1681 et
379 1644 485 1696 seq.
520 1627 560 1697 ).
588 1626 732 1698 Ergo
759 1631 976 1697 signum
1004 1625 1304 1681 divinitatis
1336 1627 1522 1682 videre
1548 1641 1654 1682 non
1689 1641 1815 1696 pos-
1917 1631 2271 1701 cognoscimus
2297 1640 2342 1686 et
2365 1648 2428 1686 ea:
2448 1642 2596 1703 parte
2615 1633 2771 1688 etiam
2795 1633 3165 1705 prophetamus
3185 1632 3230 1707 (Ι
3250 1630 3370 1687 Cor.
3401 1647 3523 1695 xm,

205 1737 422 1786 sumus,
442 1737 756 1778 mensuram
775 1721 1208 1792 quaerimusz
1238 1723 1442 1778 misero
1469 1722 1626 1787 mihi,
1646 1721 1812 1792 impie
1917 1722 1994 1794 9).
2014 1722 2176 1777 Arius
2204 1721 2336 1778 dicit
2361 1741 2375 1778 :
2403 1721 2488 1778 Ex
2511 1733 2625 1780 toto
2647 1724 2836 1792 Deum,
2860 1739 2966 1780 non
2997 1739 3063 1780 ex
3093 1735 3248 1795 parte
3269 1723 3520 1794 cognovi.

202 1815 483 1872 discutere
505 1815 958 1885 audemus,quem
979 1816 1142 1887 digne
1174 1831 1366 1887 rogare
1389 1832 1495 1871 non
1516 1816 1812 1886 possimus?
1843 1817 1889 1876 Β
1918 1814 2148 1870 Inferior
2175 1831 2307 1886 ergo
2333 1817 2554 1883 Paulus,
2578 1833 2738 1888 quam
2766 1818 2967 1884 Arius;
3009 1827 3066 1873 et
3112 1831 3212 1873 vas
3236 1817 3524 1873 electionis

273 1907 404 1964 255.
447 1907 474 1946 δ
505 1907 758 1964 Viderint
814 1919 994 1964 tamen
1049 1908 1176 1980 quid
1201 1909 1399 1965 faciant
1444 1911 1628 1964 Ariani
1661 1928 1674 1963 :
1707 1926 1808 1981 ego
1915 1923 1980 1963 ex
2006 1919 2154 1979 parte
2175 1910 2298 1973 scit,
2327 1923 2424 1963 vas
2446 1909 2768 1978 perditionis
2791 1910 3118 1966 totumscit:
3151 1909 3298 1976 Scio,
3323 1909 3524 1981 inquit,

201 2011 284 2070 te,
327 2001 512 2068 Pater,
554 2002 598 2056 si
630 2001 890 2072 majorem
923 2003 1179 2057 omnibus
1207 2001 1419 2066 dixero,
1464 2003 1724 2073 injuriose
1757 2009 1808 2058 te
1914 2005 2378 2072 Itominem,sioein
2397 2022 2634 2076 corpore,
2658 2005 2936 2079 595sive
2955 2017 3104 2062 extra
3124 2007 3520 2076 corpusnescio,

195 2099 310 2153 tuis
335 2096 594 2167 operibus
621 2097 929 2166 comparavi
957 2115 970 2150 :
999 2097 1043 2152 si
1073 2096 1331 2167 majorem
1356 2097 1519 2163 Filio,
1569 2108 1622 2152 ut
1646 2097 1807 2153 Arius
1914 2099 2052 2155 Deus
2079 2101 2196 2166 scit,
2229 2100 2475 2170 quoniam
2504 2111 2686 2169 raptus
2706 2112 2777 2156 est
2797 2102 2851 2155 in
2880 2101 3206 2168 paradisum,
3242 2109 3289 2154 et
3327 2099 3526 2153 audivit

193 2187 420 2254 asserit,
453 2187 900 2258 impiejudicavi.
932 2189 1007 2244 De
1031 2198 1082 2243 te
1113 2188 1264 2258 prior
1292 2192 1398 2244 erit
1439 2189 1528 2244 illa
1583 2199 1804 2246 senten-
1913 2199 2062 2253 verba
2113 2196 2642 2269 ineffabilia(llCor.
2695 2213 2792 2264 xu,
2844 2197 2898 2262 4,
2933 2199 3014 2267 5).
3068 2196 3273 2252 Paulus
3334 2204 3524 2266 raptus

193 2284 297 2349 lia,
328 2298 452 2338 nam
484 2298 662 2355 neotte
709 2283 818 2340 ulla
873 2285 986 2340 ﬁeri
1034 2295 1208 2355 potest
1249 2286 1352 2338 nisi
1403 2301 1470 2340 ex
1521 2301 1807 2354 compnl'n-
1912 2307 2083 2361 uSque
2111 2290 2176 2344 ad
2209 2292 2431 2346 tertium
2490 2291 2714 2358 coalum,
2748 2307 2808 2346 se
2839 2293 3016 2363 ipsum
3061 2289 3328 2345 nescivit:
3359 2289 3526 2345 Arius

190 2374 347 2430 tione
392 2376 644 2446 praelatio
667 2418 682 2444 ,
733 2391 909 2448 neque
960 2377 1208 2447 μητίετιί
1258 2377 1570 2448 quisquam,
1609 2379 1709 2434 nisi
1736 2378 1804 2434 de
1910 2386 1963 2439 in
1988 2394 2232 2440 stercore
2258 2383 2534 2438 volutatus
2567 2385 2733 2439 Deum
2767 2383 2947 2438 scivit.
2981 2383 3187 2439 Paulus
3211 2381 3436 2438 dicitde
3461 2396 3525 2438 se

187 2482 306 2538 quo
339 2468 490 2537 prius
518 2468 677 2525 fuerit
699 2470 1019 2540 judicatum.
1910 2479 2028 2547 ipso
2061 2494 2074 2530 :
2110 2476 2250 2531 Deus
2277 2479 2414 2544 scit;
2447 2478 2608 2532 Arius
2638 2477 2705 2532 de
2733 2477 2846 2533 Deo
2873 2477 3003 2533 diett
3030 2495 3042 2530 :
3079 2476 3192 2546 Ego
3220 2474 3370 2531 novi.

263 2559 396 2614 254.
439 2559 634 2616 Jurare
665 2562 822 2616 nobis
851 2578 948 2634 per
978 2563 1174 2618 caelum
1207 2578 1313 2616 non
1347 2563 1471 2618 licet
1499 2562 1716 2635 (Matth.
1743 2581 1796 2633 v,
1978 2571 2107 2627 258.
2148 2569 2252 2627 Sed
2283 2587 2389 2625 non
2425 2571 2588 2626 Arius
2637 2581 2826 2641 raptus
2878 2573 2931 2626 in
2986 2571 3210 2635 coelum,
3267 2571 3521 2641 quamvis

184 2654 272 2725 5),
302 2665 326 2692 ο
357 2653 606 2724 judicare
635 2655 703 2710 de
733 2655 847 2710 Deo
872 2655 1034 2711 licet:
1067 2655 1164 2712 sed
1197 2655 1335 2712 Filio
1386 2665 1479 2712 tuo
1507 2657 1610 2713 soli
1653 2659 1798 2730 judi-
1907 2662 2070 2736 596
2106 2678 2229 2718 eum
2258 2673 2478 2719 secutus
2503 2664 2595 2731 sit,
2626 2665 2717 2732 qui
2763 2663 3064 2735 jactatione
3093 2661 3394 2718 damnabili
3435 2662 3519 2718 di-

183 2750 336 2803 cium
365 2749 433 2804 de
457 2748 717 2804 omnibus
737 2749 1008 2804 detulisti.
1907 2759 2031 2811 vina
2057 2761 2442 2827 {praesumeret
2464 2798 2478 2822 ,
2526 2756 2720 2812 dicens
2754 2773 2766 2811 :
2801 2755 3006 2810 Ponam
3058 2755 3300 2811 thronum
3343 2772 3515 2810 meum

255 2843 393 2898 255.
435 2841 676 2900 Joannes
702 2859 924 2899 carnem
952 2845 1162 2900 Domini
1194 2845 1470 2915 baptizare
1499 2849 1798 2915 metuebat,
1907 2865 2062 2918 super
2091 2849 2270 2913 nubes,
2304 2857 2353 2902 et
2382 2865 2470 2903 ero
2515 2849 2704 2904 similis
2730 2847 2998 2902 Altissimo
3021 2846 3197 2919 (Esai.
3225 2863 3338 2912 xlv,
3375 2846 3467 2919 Μ)
3501 2865 3514 2911 ;

181 2934 432 2991 Joannes
458 2934 784 3007 prohibebat
821 2935 1010 2991 dicens
1045 2935 1251 3010 :Egoa
1275 2949 1320 2993 te
1341 2940 1498 2993 debeo
1525 2939 1799 3010 baptizari,
1905 2942 2044 2997 sicut
2092 2943 2238 2998 enim
2285 2941 2372 2996 ille
2398 2937 2589 2996 'dixit:
2627 2940 2734 2995 Ero
2775 2941 2960 2995 similis
3011 2941 3317 2995 Altissimo:
3349 2942 3428 2996 sic
3457 2951 3517 2996 et

182 3040 231 3083 et
253 3041 310 3084 tu
338 3031 484 3084 venis
509 3029 580 3082 ad
607 3028 922 3101 me(illatth.
974 3046 1052 3098 ιιι,
1089 3032 1218 3101 H);
1273 3045 1328 3087 et
1367 3047 1470 3104 ego
1507 3031 1784 3088 Christum
1907 3033 2071 3089 Arius
2119 3033 2444 3089 altissimum
2470 3033 2565 3088 Dei
2587 3033 2785 3088 Filium
2809 3032 2890 3086 sui
2914 3032 3143 3087 similem
3178 3032 3290 3085 vult
3322 3029 3516 3086 videri:

179 3122 394 3193 judicio
422 3137 545 3178 meo
573 3123 839 3179 subdam?
1905 3143 2068 3199 quem
2098 3143 2205 3184 non
2239 3128 2291 3184 in
2320 3127 2623 3186 divinitatis
2645 3136 2866 3182 aeterna:
2885 3125 3170 3196 majestate
3190 3133 3512 3195 veneratur,

258 3214 390 3270 255.
430 3210 460 3252 (ι
499 3213 715 3286 Moyses
745 3223 977 3272 excusat
1029 3217 1422 3288 sacerdotium,
1476 3219 1666 3275 Petrus
1693 3221 1797 3275 im-
1826 3217 1874 3281 C
1906 3220 2004 3278 sed
2034 3237 2101 3278 ex
2132 3222 2317 3278 carnis
2338 3223 2651 3280 inﬁrmitate
2678 3221 2924 3278 metitur.

266 3411 293 3481 ξι
335 3401 712 3481 Mss_._aliquot,
748 3405 990 3459 increatte
1011 3407 1294 3476 majestatis
1315 3407 1673 3462 substantiam.
1965 3405 1994 3445 ιι
2037 3407 2162 3481 Ve}.
2190 3409 2352 3477 edit.,
2386 3409 2594 3481 Moyses
2631 3419 2879 3474 excusat;
2905 3407 3066 3464 Rom.
3098 3408 3261 3481 edit.,
3321 3423 3376 3461 se.
3420 3424 3509 3462 ea:-

264 3473 292 3550 ξ’
333 3473 740 3550 ltaltorn._cu_m
767 3487 924 3550 parte
969 3473 1100 3533 mss.
1143 3491 1252 3533 vet.
1278 3490 1458 3534 autem
1491 3481 1624 3534 edit.
1667 3495 1792 3534 cum
1895 3492 2062 3546 cusat,
2097 3479 2308 3543 Petrus,
2337 3473 2635 3545 etc.;'mss.
2664 3473 3154 3544 autemnonnulli,
3209 3479 3415 3550 Moyses
3457 3496 3511 3532 se

179 3545 311 3621 aliis
342 3546 468 3600 cod.
511 3545 783 3619 scriptis,
814 3546 998 3604 Videre
1047 3560 1338 3610 tamen.....
1361 3593 1375 3618 ,
1427 3552 1491 3606 de
1542 3562 1590 3606 te
1646 3555 1789 3621 prius
1895 3545 2104 3609 excusat
2122 3555 2431 3619 sacerdotio,
2457 3551 2670 3616 Petrus,
2695 3564 2801 3607 etc.
2826 3569 2841 3618 ;
2870 3552 3062 3621 plures
3081 3568 3142 3605 ac
3173 3545 3419 3621 potiores
3451 3561 3511 3604 ut

178 3618 307 3682 "5’.
337 3628 447 3692 ἔξιθι
1646 3618 1654 3621 ⁷
1897 3640 1997 3680 nos
2026 3625 2078 3680 in
2125 3636 2298 3680 textu.
2349 3618 2488 3680 Infra
2535 3639 2668 3679 vero
2699 3624 2788 3678 ubi
2818 3618 3012 3677 mimus
3041 3618 3185 3677 edit.
3210 3639 3273 3676 ac
3323 3622 3509 3692 plures

258 3701 283 3728 ο
326 3690 534 3744 Omnes
565 3690 747 3767 _edit.,
772 3693 1016 3767 judicare
1054 3697 1118 3748 de
1150 3694 1246 3767 Dei
1280 3693 1420 3750 Filio
1443 3713 1462 3751 :
1493 3710 1626 3751 mss.
1659 3709 1792 3751 cou-
1897 3711 2030 3752 mss.
2055 3697 2316 3752 exhibent
2341 3697 2396 3750 in
2442 3697 2750 3760 ministerio,
2779 3695 3003 3767 quidam
3029 3696 3124 3750 alii
3147 3696 3274 3750 eod.
3309 3690 3507 3765 praefe-

177 3769 265 3816 tra
302 3777 480 3832 prope
511 3761 576 3817 ad
608 3761 796 3830 unum,
810 3764 1054 3834 judicare
1096 3768 1162 3822 de
1191 3766 1321 3822 Deo.
1899 3779 2050 3838 runt,
2076 3774 2130 3827 in
2159 3767 2422 3842 mysterio.

542 3942 3469 3970 mw

192 3942 534 3965 _

473 4111 598 4194 ΙΝ
671 4108 1092 4195 LIBROS
1167 4107 1329 4195 DE
1406 4110 1891 4196 SPIRITU
1969 4110 2434 4195 SANCTO
2515 4107 3240 4194 ADMONITIO.

241 4437 556 4493 Gratianus
583 4435 882 4508 Augustus,
914 4449 1034 4490 cum
1066 4435 1268 4506 primos
1300 4434 1437 4490 duos
1467 4435 1638 4491 libros
1667 4437 1730 4491 de
1758 4433 1894 4492 Fide
1920 4435 1990 4491 ab
2023 4436 2311 4492 Ambrosio
2338 4452 2433 4508 per
2467 4436 2676 4493 litteras
2705 4445 2946 4506 peteret,
2977 4450 3102 4491 eum
3135 4433 3334 4498 etiam,
3365 4440 3424 4487 ut
3453 4433 3506 4488 in

165 4531 577 4587 Admonitioue
624 4529 690 4583 ad
733 4527 866 4585 illud
907 4528 1057 4599 Opus
1090 4528 1504 4584 observavimus
1545 4531 1561 4600 (
1596 4529 1738 4599 Sup.
1779 4548 1903 4600 pag.
1938 4530 2045 4587 459
2072 4530 2128 4602 ),
2168 4542 2491 4603 rogaverat,
2537 4548 2606 4587 ne
2644 4531 2714 4587 de
2754 4530 2986 4599 Spiritus
3027 4529 3197 4586 sancti
3229 4528 3518 4584 divinitate

165 4624 710 4682 commentationem
738 4638 956 4695 quoque
985 4622 1230 4678 scribere
1256 4634 1596 4694 gravaretur.
1630 4625 1762 4680 Tam
1795 4626 1896 4696 pia:
1920 4623 2154 4681 Caesaris
2185 4627 2451 4682 voluntati
2480 4643 2684 4682 morem
2714 4643 2821 4681 non
2845 4641 3044 4697 gerere
3071 4632 3260 4679 saneto
3286 4621 3513 4678 Prtesuli

163 4735 280 4777 non
305 4720 546 4784 licebat;
586 4733 798 4774 moram
850 4727 1058 4774 tantum
1099 4718 1469 4788 postulaverat
1513 4718 1727 4791 (Epist.
1775 4720 1842 4774 ad
1887 4718 2178 4789 Gratiam),
2229 4729 2290 4775 ut
2318 4720 2644 4776 destinatam
2687 4720 3114 4790 disputationem
3153 4715 3324 4786 magis
3365 4716 3512 4770 serio

164 4813 560 4869 meditaretur.
612 4811 761 4867 Illam
810 4811 971 4883 igitur
1011 4813 1067 4868 in
1096 4821 1208 4869 tres
1253 4811 1421 4869 libros
1471 4813 1568 4868 abs
1611 4827 1670 4868 se
1717 4813 1945 4869 divisam
1972 4855 1988 4882 ,
2023 4829 2277 4886 suprema
2307 4831 2468 4870 manu
2498 4815 2750 4886 imposita
2774 4856 2789 4882 ,
2823 4812 3222 4885 quamprimum
3256 4810 3402 4866 misit
3442 4809 3511 4863 ad

160 4906 596 4978 imperatorem.

241 4999 442 5055 Primo
488 5000 626 5055 libro
675 5001 959 5070 praemittit
1003 5001 1284 5056 exordium
1334 5000 1598 5072 (Prolog.
1641 5018 1694 5055 η.
1743 5002 1768 5055 1
1818 5010 1866 5056 et
1906 5018 2014 5072 seq.
2052 5003 2068 5071 )
2112 5017 2220 5072 quo
2269 5001 2582 5057 (iedeonem
2617 5018 2724 5056 non
2757 5009 2966 5054 tantum
3006 4996 3207 5053 Christi
3241 4999 3464 5066 tiguram
3493 5035 3510 5062 ,

158 5096 416 5153 liberato
438 5111 538 5152 suo
569 5097 788 5169 populo,
822 5112 933 5168 prze
961 5111 1022 5153 se
1046 5097 1266 5164 tulisse,
1299 5112 1488 5175 verum
1521 5096 1686 5151 etiam
1730 5096 1929 5167 ingenti
1964 5097 2057 5150 illo
2094 5094 2340 5166 prodigio
2373 5095 2517 5150 roris
2548 5095 2710 5150 modo
2749 5095 2800 5147 in
2830 5092 3028 5157 vellus,
3055 5090 3216 5146 modo
3244 5090 3296 5144 iu
3325 5103 3507 5143 aream

156 5190 510 5258 decidentis,
534 5190 854 5247 effusionem
902 5192 1076 5246 sancti
1107 5189 1344 5261 Spiritus
1385 5204 1416 5243 a
1453 5188 1656 5244 Iudaeis
1701 5189 1764 5242 ad
1812 5186 2153 5244 Christianos
2183 5188 2510 5260 quandoque
2551 5187 2984 5242 transferendam
3012 5226 3026 5249 ,
3070 5193 3124 5238 et
3156 5183 3309 5252 cujus
3337 5197 3505 5250 opera

159 5284 484 5340 novissime
528 5291 608 5335 tot
659 5281 940 5336 hominum
999 5280 1166 5336 millia
1216 5281 1266 5336 in
1323 5280 1583 5336 Ecclesiae
1636 5282 1901 5351 gremium
1944 5281 2182 5338 revocati
2229 5292 2450 5347 essent,
2482 5280 2824 5350 expressisse
2874 5277 3100 5349 pulchre
3156 5277 3499 5332 demonstrat

156 5381 177 5453 (
205 5378 393 5443 Ibid.,
421 5392 564 5431 num.
599 5376 651 5441 5,
686 5377 752 5431 17
774 5375 815 5448 ).
851 5376 986 5432 Hinc
1024 5384 1403 5447 argumentum
1443 5390 1602 5429 suum
1637 5389 1965 5444 aggressus,
2007 5389 2171 5444 supra
2203 5375 2544 5430 conditarum
2576 5386 2757 5430 rerum
2778 5371 3050 5434 ordinem,
3080 5383 3143 5422 ac
3174 5382 3300 5422 vere
3332 5367 3505 5424 Deutn

155 5491 293 5533 esse
325 5473 604 5544 Spiritum
631 5482 877 5528 sanctum
909 5473 1104 5543 probat
1129 5472 1280 5544 (Cap.
1307 5473 1360 5538 Ι,
1401 5472 1458 5545 5)
1484 5487 1551 5528 ex
1575 5486 1642 5528 eo
1664 5473 2029 5543 potissimum,
2060 5473 2202 5544 quod
2227 5473 2279 5528 in
2308 5473 2601 5544 Evangelio
2623 5481 2881 5545 peceatum
2904 5470 2959 5523 in
2986 5466 3246 5539 Spiritum
3277 5475 3514 5535 negatur

159 5573 219 5627 in
247 5570 366 5624 hoc
399 5565 653 5622 futurove
671 5568 874 5623 saeculo
905 5567 1310 5623 remittendum.
1343 5566 1776 5622 Additeumdem
1808 5567 1859 5622 in
1889 5567 2062 5623 sacris
2089 5567 2373 5624 codicibus
2389 5567 2654 5638 appellari
2681 5567 2776 5620 Dei
2803 5562 3090 5634 Spiritum,
3127 5560 3366 5615 locutum
3393 5575 3516 5616 esse

159 5678 266 5735 per
294 5657 609 5732 prophetas
637 5670 801 5730 atque
834 5660 1114 5733 apostolos
1137 5702 1152 5726 ,
1185 5661 1561 5730 inﬁnitamque
1594 5660 1764 5730 ipsius
1796 5659 2094 5715 bonitatem
2129 5660 2280 5731 juxta
2316 5663 2367 5715 in
2395 5659 2826 5716 sanctiﬁcatione
2855 5665 3230 5711 creaturarum
3271 5656 3515 5711 innotes-

192 5773 295 5814 ere
319 5796 346 5826 ,⁴
383 5765 456 5808 ac
496 5752 549 5826 in
581 5754 661 5830 sui
693 5747 971 5830 lell'usione
1009 5749 1107 5826 per
1136 5770 1326 5820 omnes
1367 5754 1515 5809 locos
1557 5765 1720 5824 atque
1753 5746 2002 5810 homines
2026 5748 2196 5830 simul
2235 5755 2400 5810 didita
2427 5798 2440 5821 ,
2467 5753 2888 5810 immensitatem
2917 5793 2930 5816 ,
2973 5750 3474 5809 immutabilitatem
3497 5792 3512 5821 ,

156 5827 554 5906 tiétern'ilatem
590 5827 847 5916 (Capt,
877 5827 1002 5919 lii).
1043 5833 1110 5902 Et
1153 5832 1252 5903 hoc
1297 5831 1514 5916 mystici
1551 5838 1844 5912 unguenti,
1884 5831 1953 5903 de
1980 5829 2088 5916 qito
2142 5845 2418 5916 Scriptura
2459 5838 2728 5914 loquitur,
2771 5839 3113 5913 ex'positibne
3151 5843 3475 5901 confirmato
3501 5879 3519 5915 ,
