4016 6292
517 197 622 259 699
1855 195 2098 257 SANCTI
2136 195 2464 264 AUBBOSII
3671 201 3748 258 700

511 311 936 380 Stthslnntialem
969 313 1092 388 ejus
1134 328 1262 382 cum
1289 313 1412 382 aliis
1443 313 1650 378 duabus
1687 312 1948 386 personis
1991 311 2258 382 unitatem
2287 311 2460 384 aperit
2497 311 2653 391 (Cap.
2689 311 2814 386 ll);
2856 313 2942 371 cui
2971 311 3161 367 unitati
3207 310 3510 392 missionem
3537 311 3754 370 adversari

511 405 744 465 omnino
771 415 936 480 negat
958 406 1113 482 (Cap.
1147 406 1261 480 12);
1293 423 1415 466 cum
1459 407 1599 472 inter
1635 405 1854 468 divinas
1875 420 2066 462 omnes
2104 420 2367 490 personas
2399 406 2577 462 unitas
2605 405 2907 462 intercedat
2950 405 3102 490 pacis
3138 405 3367 480 gratiae,
3412 405 3680 474 charitatis,
3709 423 3759 464 ac

513 508 836 566 ceterarum
859 501 1051 562 dotum
1075 510 1130 562 et
1152 501 1470 574 qualitatum
1501 499 1653 574 (Cap.
1685 500 1754 566 15
1782 509 1830 559 et
1855 497 2010 580 αφ).

591 591 646 648 In
680 592 804 665 ipso
829 594 955 650 libri
995 594 1220 651 secundi
1251 594 1499 662 exordio,
1529 595 1803 669 proposita
1833 609 1940 648 non
1988 592 2172 650 multis
2213 589 2402 649 verbis
2447 591 2731 650 Samsonis
2753 592 2988 650 historia
3009 635 3024 662 ,
3066 591 3230 654 docet
3267 590 3526 668 (Prolog.)
3551 607 3766 666 prospere

509 686 664 754 illum
695 687 825 748 dum
856 690 1096 762 Spiritus
1121 700 1341 756 sanctus
1367 690 1416 752 ei
1446 688 1645 756 adfuit,
1668 703 1888 766 semper
1907 688 2123 765 egisse:
2156 688 2498 762 improspere
2519 697 2726 758 autem,
2763 689 2853 745 ubi
2885 691 3118 760 primum
3149 691 3342 747 eodem
3375 689 3605 762 prasidio
3629 689 3764 746 desti-

515 789 664 840 tutus
685 791 792 844 est.
815 783 1008 848 Postea
1027 783 1304 850 declarato
1327 787 1496 858 ipsam
1521 784 1660 846 hane
1681 783 1922 858 Spiritus
1941 784 2118 848 sancti
2144 783 2398 840 virtutem
2429 784 2676 840 eamdem
2698 800 2820 841 esse
2843 800 2962 856 quae
2988 785 3164 843 Patris
3185 797 3242 844 et
3263 785 3410 848 Filii,
3433 799 3525 842 nec
3542 783 3767 840 diversum

512 876 684 950 ipsius
711 885 876 951 atque
917 877 1136 936 illorum
1164 879 1491 944 consilium;
1523 877 1720 938 aStrnit
1766 886 2014 939 noetram
2045 879 2287 948 omnium
2314 879 2476 934 vitam
2514 893 2618 936 non
2652 880 2821 954 magis
2848 880 2902 934 in
2934 880 3036 936 hoc
3057 895 3178 937 esse
3207 883 3462 954 positam,
3491 889 3544 936 ut
3567 880 3671 937 illos
3694 892 3766 935 ω·

516 983 866 1041 gnoscumus,
891 986 1052 1042 quam
1083 980 1144 1026 ut
1167 972 1365 1042 ipsum,
1395 970 1551 1046 cujus
1583 971 1900 1052 operatione
1923 971 2152 1046 perinde
2177 983 2341 1045 atque
2369 972 2655 1034 ainborum
2676 973 3014 1029 vivificamur
3034 971 3190 1050 (Cap.
3225 975 3275 1046 l,
3307 973 3386 1054 4).
3413 975 3519 1033 8ιώ
3537 973 3774 1044 hmcpost-

517 1081 680 1138 quam
720 1081 842 1128 eum
871 1083 1051 1124 rerum
1083 1066 1443 1133 conditorem,
1470 1077 1636 1142 atque
1663 1069 1802 1130 adeo
1827 1068 2150 1138 adoratione
2169 1067 2464 1134 colendum
2493 1084 2616 1123 esse
2648 1068 2834 1134 multis
2875 1069 3103 1131 asseruit
3135 1069 3289 1144 (Cap.
3319 1067 3403 1144 5),
3432 1068 3774 1140 objectionibus

521 1162 845 1234 quibusdam
893 1164 1181 1234 expeditis.
1215 1164 1270 1222 in
1304 1163 1550 1226 Ecclesia
1579 1165 1962 1225 constituenda
1993 1181 2154 1229 unam
2193 1164 2420 1236 Spiritui
2448 1179 2573 1223 cum
2611 1163 2774 1220 Patre
2799 1179 2862 1219 ac
2889 1159 3032 1220 Filio
3059 1165 3426 1232 voluntatem,
3456 1165 3770 1230 vocationem,

522 1263 578 1310 et
621 1255 1042 1329 praeceptionem
1075 1256 1238 1322 [uisse
1268 1257 1484 1330 planum
1514 1257 1641 1314 facit
1672 1255 1823 1329 (Cap.
1853 1255 1908 1326 6,
1945 1257 2059 1332 10).
2089 1256 2293 1326 Deinde
2322 1256 2466 1313 [tunc
2509 1259 2682 1328 ipsum
2717 1272 2816 1314 nec
2843 1255 2988 1316 Patri
3019 1274 3119 1314 nec
3142 1257 3282 1314 Filio
3308 1257 3530 1314 scientia
3553 1256 3776 1314 decedere

415 1351 424 1356 '
519 1349 608 1405 ubi
637 1350 906 1407 firmatum
945 1360 1029 1408 est
1056 1350 1211 1422 (Cap.
1243 1353 1358 1424 11),
1393 1351 1773 1424 nonnullasque
1801 1353 1944 1422 circa
1972 1367 2093 1417 eam
2125 1367 2239 1414 rem
2269 1350 2615 1414 difﬁcultates
2642 1351 2872 1406 evoluta.-
2900 1347 3056 1426 (Cap.
3085 1349 3208 1426 12),
3233 1349 3409 1410 eidem
3434 1347 3776 1404 institutionem

511 1442 794 1516 propheta:
831 1453 996 1516 atque
1024 1443 1362 1526 apostolatus
1394 1454 1663 1518 tamquam
1689 1445 1790 1516 ipsi
1820 1459 1941 1506 cum
1971 1442 2182 1509 duabus
2209 1441 2331 1513 aliis
2363 1441 2612 1516 personis
2642 1456 2984 1498 communem
3014 1441 3254 1498 vindicat
3289 1440 3460 1514 (Cap.
3491 1439 3586 1514 15)
3620 1457 3633 1494 :
3661 1439 3778 1496 unde

515 1553 675 1604 unam
702 1553 828 1603 esse
857 1538 1022 1606 trium
1045 1539 1260 1604 illarum
1289 1539 1664 1610 operationem
1693 1539 1828 1600 scite
1855 1538 2083 1614 colligit.

583 1654 946 1718 Contionatu-
971 1655 1023 1710 in
1049 1655 1212 1710 tertio
1234 1653 1374 1712 libro
1389 1664 1630 1725 emptum
1662 1652 1714 1715 in
1730 1652 2014 1724 superiore
2035 1662 2412 1724 argumentum
2431 1694 2448 1720 ,
2465 1661 2521 1710 et
2547 1665 2652 1711 non
2675 1650 2854 1716 solum
2881 1649 3270 1726 prophetarum
3303 1648 3776 1732 apostolorumqoe,

519 1746 615 1805 sed
638 1757 694 1804 et
717 1747 889 1820 ipsius
908 1761 1126 1819 quoque
1148 1747 1360 1806 Domini
1381 1747 1699 1812 missionem
1727 1745 1793 1805 ad
1823 1744 2084 1815 Spiritum
2111 1743 2450 1810 referendam
2481 1759 2606 1802 esse
2628 1741 2885 1805 metuitur
2907 1740 3140 1816 (Capi,
3172 1739 3276 1815 '2);
3318 1740 3463 1798 unde
3491 1751 3654 1796 tamen
3690 1755 3780 1807 non

516 1841 812 1914 putandum
839 1852 925 1898 est
939 1841 1107 1897 ullam
1137 1840 1202 1897 ad
1223 1839 1415 1898 Filium
1445 1838 1626 1899 redire
1652 1838 2048 1908 subiectionem
2075 1879 2090 1904 .
2111 1853 2237 1901 cum
2269 1839 2498 1910 ipsi-met
2525 1837 2764 1908 Spiritus
2790 1837 2954 1901 etiam
2983 1838 3229 1898 mittatur
3251 1851 3284 1890 a
3309 1835 3472 1892 Patre
3497 1847 3547 1892 et
3570 1835 3708 1900 Filio.
3729 1834 3778 1896 la

513 1933 618 1994 hoc
646 1933 830 2005 itaque
867 1934 1006 1990 nihil
1047 1941 1250 2004 prater
1282 1935 1544 2001 anitatem
1568 1931 1871 1997 divinimis
1915 1931 2358 2004 intelligendum.
2395 1933 2541 1995 sicut
2569 1946 2672 1997 nec
2709 1932 2764 1988 in
2807 1930 2962 1998 hisce
2989 1929 3350 1998 loctttionibus
3372 1971 3388 1996 ,
3413 1931 3564 2002 queis
3597 1930 3782 2002 digitus,

512 2027 722 2082 dextera
742 2067 758 2094 ,
779 2036 836 2082 et
862 2043 1046 2084 manus
1073 2027 1366 2094 vocitatur,
1389 2042 1499 2090 non
1519 2040 1682 2084 secus
1699 2034 1863 2097 atque
1889 2025 1980 2085 ubi
2005 2041 2244 2098 arguere,
2269 2025 2523 2096 iudicare,
2546 2025 2834 2102 vindicare,
2851 2024 3150 2085 contristari
3167 2064 3186 2094 ,
3209 2025 3460 2088 tentarive
3491 2026 3786 2098 signiﬁcatur

511 2120 686 2195 (Cap.
731 2123 802 2189 5,
844 2120 939 2194 9).
983 2119 1177 2182 Fuslor
1212 2122 1458 2193 exsurgit
1494 2119 1666 2196 (Cap,
1708 2121 1811 2190 l0,
1855 2121 1956 2186 11)
1995 2118 2292 2195 disputatio
2335 2119 2406 2177 de
2441 2118 2668 2178 Joannis
2724 2118 2934 2189 verbis,
2973 2117 3208 2193 Spiritus
3245 2129 3320 2185 est
3357 2117 3535 2190 Dem.
3571 2135 3677 2190 qua
3718 2135 3780 2176 ex

513 2213 796 2285 Evangelii
817 2213 1092 2286 dintychis
1127 2214 1387 2286 sacrilega
1414 2213 1724 2276 temeritate
1753 2224 2134 2285 expunxerant
2173 2230 2188 2270 :
2221 2229 2328 2284 quo
2358 2213 2576 2284 quidem
2613 2213 2734 2270 loco
2765 2228 2872 2271 non
2903 2227 3063 2270 secus
3087 2227 3155 2272 ac
3181 2213 3505 2284 quibusdam
3534 2215 3642 2273 aliis
3663 2229 3786 2294 quos

511 2307 863 2378 suppeditant
890 2307 1130 2367 Paulinae
1157 2306 1403 2376 epistolas
1426 2348 1443 2374 ,
1477 2305 1712 2376 Spiritus
1731 2305 1987 2371 divinitas
2017 2303 2347 2372 validissime
2372 2305 2762 2376 comprobatur
2794 2303 2966 2377 (Cap.
3003 2305 3092 2376 12,
3129 2305 3262 2376 14).
3293 2303 3603 2365 Ostenditur
3626 2317 3784 2362 autem

509 2399 529 2472 (
557 2397 689 2470 Cap.
719 2401 820 2468 15,
855 2399 964 2474 15)
997 2416 1064 2458 ne
1093 2409 1205 2458 tres
1237 2399 1318 2458 Dii
1348 2402 1432 2458 vel
1477 2399 1692 2466 Domini
1734 2400 1804 2462 ob
1839 2398 1946 2456 hoc
1982 2399 2270 2465 dicantur,
2295 2397 2590 2468 periculum
2623 2413 2730 2453 non
2772 2411 2933 2454 esse:
2971 2395 3412 2472 quandoquidem
3453 2397 3638 2452 divinae
3679 2405 3782 2454 tres

507 2506 756 2564 persona:
789 2493 978 2556 eadem
1019 2502 1273 2553 constent
1310 2494 1597 2558 sanctitate
1635 2501 1797 2562 atque
1827 2501 2019 2552 natura
2046 2489 2218 2566 (Cap.
2265 2491 2367 2563 16,
2393 2492 2460 2550 17
2485 2492 2528 2564 ὶ.
2557 2489 2844 2556 Postremo
2881 2490 3151 2554 revocatis
3197 2499 3470 2565 tamquam
3515 2490 3566 2554 in
3605 2489 3783 2550 fascem

507 2587 796 2659 pmcipttis
827 2590 991 2644 totius
1016 2589 1493 2655 eommentationis
1517 2586 1785 2660 capitibus
1809 2627 1827 2656 ,
1851 2585 2237 2659 nonnullisqne
2265 2585 2482 2650 illorum
2507 2583 2688 2656 denuo
2711 2584 2956 2648 tractatis
2981 2593 3038 2642 et
3055 2585 3320 2654 assertis.
3346 2599 3484 2666 opus
3519 2597 3785 2648 coronatur

513 2684 688 2760 (Cap.
733 2685 800 2743 te
829 2696 878 2741 ιι
903 2703 1008 2758 seq.
1035 2685 1079 2758 ).
1677 2685 1686 2695 ’

578 2798 715 2855 Illud
748 2815 877 2856 vero
899 2815 1007 2856 non
1037 2799 1194 2856 aliter
1221 2799 1543 2872 inscriptum
1583 2809 1870 2874 oportere,
1899 2813 2062 2870 quam
2101 2798 2168 2854 de
2199 2797 2404 2869 Spiritu
2433 2805 2611 2852 sancte
2641 2811 2710 2854 es
2741 2795 2836 2863 iis,
2867 2809 2991 2864 qua
3029 2793 3294 2854 hactenus
3330 2793 3595 2866 explicate
3631 2803 3742 2858 sunt
3766 2835 3780 2860 .

507 2892 718 2965 liquido
745 2903 990 2962 constat;
1017 2896 1263 2966 quamvis
1290 2901 1470 2951 tamen
1493 2894 1854 2952 conﬁteamur
1871 2891 2086 2964 etapud
2105 2891 2371 2964 quosdam
2395 2894 2694 2959 scriptores
2723 2887 2864 2963 (ltro.
2891 2885 3098 2957 Deerat.
3123 2897 3263 2959 pert.
3291 2903 3353 2954 ιι,
3385 2905 3501 2956 cep.
3533 2889 3592 2954 7;
3613 2885 3776 2954 Grut.

504 2987 629 3059 etc.)
682 2985 905 3042 citatum
955 2988 1184 3058 reperiri
1217 2987 1321 3044 sub
1349 2987 1506 3042 titulo
1535 2987 1600 3042 de
1616 2986 1893 3054 Τήιιίιαω,
1924 2985 2059 3042 etin
2087 2983 2366 3040 codicibus
2397 2997 2504 3036 non
2543 2982 2728 3052 paucis
2753 2980 3001 3045 eamdem
3041 2979 3246 3051 φηςιῧεὶ
3295 2980 3470 3042 tribus
3509 2979 3592 3038 his
3618 2979 3778 3044 libris.

507 3095 614 3135 non
664 3095 822 3136 secus
863 3095 926 3136 ac
957 3081 1196 3153 quinque
1227 3081 1603 3152 superioribus
1638 3079 2072 3152 luseriptlonetn.
2117 3077 2174 3133 In
2217 3086 2447 3148 utroque
2477 3075 2653 3146 Opere
2698 3090 2823 3131 cum
2865 3073 3072 3132 eisdem
3113 3074 3440 3134 adversariis
3479 3075 3782 3146 conﬂigit".

502 3173 757 3231 videlicet
805 3190 927 3230 cunt
973 3176 1192 3230 Arionis
1216 3215 1232 3242 ,
1268 3176 1360 3246 qui
1398 3175 1658 3247 Spiritum
1697 3173 2018 3230 asserebant
2069 3171 2208 3227 Filio
2248 3167 2567 3226 interiorem
2603 3185 2766 3234 esse,
2811 3169 3026 3227 tametsi
3067 3183 3235 3240 puros
3283 3167 3782 3227 Poeninum-uacuos

503 3269 669 3325 certis
695 3270 828 3326 locis
857 3271 1202 3343 aggrediatur
1224 3271 1243 3344 (
1267 3267 1380 3324 Lib.
1416 3285 1496 3336 III,
1526 3286 1644 3340 cap.
1675 3269 1744 3324 15
1763 3276 1811 3322 et
1830 3266 1904 3322 al.
1928 3267 1974 3334 ).
2003 3266 2114 3322 Hos
2143 3264 2313 3320 libros
2351 3281 2456 3319 non
2481 3263 2584 3319 nisi
2619 3271 2741 3334 post
2773 3273 3102 3320 memoratos
3131 3262 3372 3334 quinque
3403 3262 3468 3316 de
3487 3259 3615 3316 Fide
3641 3261 3776 3316 lucu.

515 3362 702 3418 bratos
749 3378 872 3420 esse
920 3379 1080 3419 nemo
1121 3380 1229 3420 non
1280 3366 1464 3431 videt;
1503 3365 1554 3421 id
1588 3379 1718 3440 ergo
1749 3379 1914 3432 unum
1943 3360 2397 3436 superaddimns,
2435 3376 2762 3436 qttnmquent
2803 3361 3106 3418 Galliarum
3149 3377 3246 3416 rex
3290 3359 3672 3423 Athanaricus.
3699 3355 3780 3424 olli

501 3454 974 3526 Constantinoltoli
1005 3457 1140 3519 obiit
1164 3475 1258 3518 vnt
1284 3459 1394 3522 kal.
1427 3458 1590 3528 Febr.
1625 3475 1714 3529 an.
1740 3460 1870 3534 581,
1893 3459 2007 3534 iam
2037 3467 2150 3526 tum
2195 3475 2226 3516 e
2257 3458 2394 3515 vivis
2437 3469 2772 3529 excesserat,
2817 3473 2939 3514 cum
2981 3457 3114 3512 illud
3165 3458 3348 3532 operis
3376 3455 3544 3514 edidit
3577 3463 3780 3512 sanctus

511 3550 742 3618 Doctor;
775 3567 898 3606 etmt
921 3560 1100 3608 tamen
1131 3551 1397 3610 nihildum
1427 3555 1657 3617 rescisse
1687 3553 1755 3616 de
1779 3563 1958 3619 morte
1985 3552 2134 3623 Petri
2184 3551 2563 3618 Alexandrini,
2611 3551 2708 3609 sed
2741 3567 2842 3608 nec
2881 3551 2948 3607 de
2995 3550 3244 3622 Gregorii
3283 3550 3646 3616 abdicatione,
3684 3561 3780 3630 qua

507 3654 660 3695 novre
691 3640 880 3696 Romae
921 3641 1286 3713 patriarcbatu
1325 3645 1493 3700 cessit
1533 3647 1591 3700 in
1622 3643 1834 3717 synodo
1857 3659 1898 3700 rt
1931 3643 2176 3715 gener-li
2214 3643 2324 3700 illic
2349 3644 2531 3700 habita
2571 3660 2589 3700 :
2617 3643 2777 3715 cuius
2805 3641 2999 3715 synodi
3037 3657 3163 3702 eum
3205 3641 3351 3702 nulla
3380 3641 3439 3702 in
3470 3641 3611 3702 hisee
3643 3637 3782 3698 libris

509 3742 686 3788 exstet
707 3733 934 3802 mentio,
965 3733 1087 3788 illos
1108 3735 1210 3791 sub
1234 3735 1469 3791 medium
1498 3727 1697 3792 annum
1719 3733 1821 3792 58!
1851 3735 1920 3792 ad
1949 3735 2262 3793 umbilicum
2293 3737 2556 3793 adductos
2585 3737 2774 3808 liquet.

574 3848 774 3906 Verum
797 3852 945 3907 enim
983 3867 1112 3909 vero
1137 3852 1563 3928 Hieronymiana
1577 3855 2086 3913 censuralibrorum
2105 3855 2173 3913 de
2197 3855 2406 3927 Spiritu
2432 3863 2645 3924 sancto,
2679 3871 2816 3927 quos
2858 3855 3024 3917 tacito
3062 3855 3347 3926 scriptoris
3371 3853 3602 3921 nomine.
3633 3850 3776 3922 P3010

497 3945 778 4001 severiore
819 3947 978 4004 obelo
1029 3947 1192 4017 fodit,
1242 3951 1398 4008 nobis
1430 3951 1572 4006 haud
1606 3952 1823 4022 paulum
1853 3950 2070 4008 facessit
2095 3951 2315 4022 negotii.
2351 3951 2551 4007 Volunt
2578 3952 2822 4024 plerique
2846 3967 2954 4007 non
2981 3951 3142 4006 alium
3187 3950 3275 4006 hic
3326 3948 3591 4020 designari
3633 3959 3780 4017 quam

502 4035 873 4106 Ambrosium,
913 4053 1018 4110 qua
1049 4039 1119 4104 de
1150 4055 1210 4098 re
1235 4048 1294 4100 nt
1331 4041 1516 4112 quivis
1544 4044 1709 4109 tutius
1731 4043 1876 4108 ferre
1906 4044 2083 4114 valeat
2111 4043 2395 4115 iudicium,
2419 4059 2556 4107 neve
2583 4043 2806 4108 eludere
2839 4042 3182 4104 difficultatis
3223 4046 3427 4108 nodum
3468 4043 3666 4116 ipsimet
3703 4041 3776 4093 vi-

501 4125 749 4194 deamur,
781 4130 957 4186 locum
985 4129 1252 4202 integrum
1281 4133 1368 4190 hic
1395 4133 1714 4206 subjicimus
1747 4151 1761 4189 :
1795 4154 1814 4188 ι
1849 4134 2190 4192 Malnialieni
2223 4135 2402 4206 operis
2427 4135 2695 4206 interpres
2715 4135 3144 4206 existere,quam
3173 4135 3270 4208 (ut
3306 4136 3524 4206 quidam
3554 4133 3738 4189 faciunt
3765 4131 3782 4200 )

508 4221 757 4278 informis
785 4225 1060 4280 cornicula
1091 4225 1284 4282 alienis
1305 4243 1392 4284 me
1417 4227 1692 4284 coloribus
1717 4227 2004 4284 adornare.
2039 4227 2166 4300 Legi
2191 4227 2394 4284 dudum
2439 4228 2720 4300 cujusdam
2747 4227 2960 4284 libellos
2991 4227 3060 4284 de
3085 4227 3292 4300 Spiritu
3324 4238 3532 4294 sancto,
3563 4233 3612 4281 et
3629 4223 3772 4292 juxta

512 4319 706 4374 comici
735 4319 1058 4375 sententiam
1087 4337 1151 4376 ex
1175 4321 1382 4378 Grtecis
1399 4321 1560 4378 bonis
1581 4321 1768 4378 Latina
1798 4322 1904 4378 vidi
1933 4337 2039 4378 non
2073 4323 2235 4388 bona,
2269 4323 2411 4378 Nihil
2441 4325 2514 4380 ibi
2541 4321 2906 4383 dialecticum.
2937 4322 3069 4377 nihil
3097 4322 3272 4387 virile,
3290 4321 3424 4378 nihil
3452 4319 3736 4377 districtum
3760 4359 3776 4382 ,

501 4412 647 4491 quod
677 4413 934 4472 lectorem
985 4415 1069 4472 vel
1103 4417 1348 4491 ingratiis
1375 4418 1440 4472 ad
1483 4432 1764 4474 assensum
1799 4416 1977 4474 trahat
2006 4437 2020 4474 :
2047 4416 2144 4479 sed
2173 4425 2343 4474 totum
2377 4417 2684 4486 ﬂaccidnm,
2719 4417 2906 4483 molle,
2937 4415 3166 4474 nitidum
3189 4424 3353 4489 atque
3399 4411 3698 4474 fumosam,
3723 4419 3780 4466 el

505 4504 794 4580 exquisitis
825 4503 948 4559 hinc
979 4506 1102 4562 inde
1125 4507 1386 4563 odoribus
1409 4511 1822 4579 pigmentatnm.
1858 4509 2118 4583 Dydimus
2148 4524 2281 4566 vero
2313 4523 2466 4564 meus
2486 4509 2700 4564 oculum
2739 4507 2945 4564 habens
2971 4523 3280 4578 sponse...
3315 4507 3478 4565 Certe
3513 4507 3596 4577 qui
3637 4504 3780 4559 hunc

500 4597 712 4669 legerit,
741 4596 1054 4654 Latinorum
1085 4597 1225 4656 furta
1252 4609 1568 4672 cognoscet,
1598 4610 1652 4656 et
1681 4607 1993 4658 contemnet
2023 4599 2250 4670 rivulos,
2273 4617 2394 4658 cum
2423 4603 2651 4672 creperlt
2677 4601 2894 4657 haurire
2923 4601 2993 4657 de
3021 4601 3262 4658 fontibus
3303 4601 3501 4676 (Epist.
3527 4600 3592 4655 ad
3612 4595 3786 4653 Pelli-

499 4691 644 4749 nian.
672 4690 793 4746 huic
823 4693 980 4772 Operi
1002 4691 1261 4770 prie/ima).
1299 4713 1320 4749 ι
1341 4693 1474 4760 Ouis
1504 4694 2016 4751 commentationem
2053 4693 2218 4751 ullam
2242 4694 2552 4750 durioribus
2580 4693 2760 4750 verbis
2782 4709 3033 4766 umquam
3063 4695 3342 4752 traduxit?

579 4807 824 4876 Rufinus,
852 4824 976 4866 cum
1001 4809 1249 4865 simultas
1278 4812 1420 4866 inter
1451 4811 1624 4882 ipsum
1656 4821 1818 4882 atque
1850 4797 2235 4886 Hieronymum
2268 4814 2457 4870 oborta
2489 4822 2653 4880 esset,
2677 4829 2886 4870 summa
2917 4831 3036 4870 cum
3080 4815 3448 4888 indignatione
3485 4816 3534 4873 in
3578 4823 3687 4869 eum
3717 4809 3786 4865 ob

494 4903 644 4962 illam
691 4905 864 4980 ipsam
893 4907 1218 4968 sententiam
1249 4907 1531 4978 insurgens
1563 4925 1577 4960 :
1624 4925 1644 4963 ι
1690 4906 1796 4967 Sed
1821 4907 2075 4988 quoniam
2099 4906 2328 4982 polliciti
2359 4923 2570 4980 sumus,
2600 4907 2792 4985 inquit,
2817 4909 3142 4985 probaturos
3167 4926 3266 4964 nos
3296 4909 3558 4980 quomodo
3593 4904 3785 4960 lateret

499 4997 672 5059 virum
695 4997 938 5054 omnium
968 4997 1327 5060 admiratione
1355 4996 1576 5070 dignum
1609 4997 1962 5056 Ambrosium
1989 4999 2329 5072 episcOpum,
2359 5000 2450 5076 qui
2485 5016 2591 5055 non
2626 4988 2802 5056 solum
2835 4999 3252 5060 Mediolanensis
3293 4998 3574 5072 Ecrlesia’,
3602 5014 3784 5054 rerum

495 5092 658 5151 etiam
682 5093 926 5152 omnium
959 5091 1328 5150 Ecclesiarum
1357 5092 1614 5148 columna
1643 5091 1912 5171 quasdam,
1943 5103 1998 5150 et
2029 5092 2192 5163 turris
2217 5091 2658 5176 inexpugnabilis
2683 5095 2777 5152 fuit
2799 5093 2937 5170 (Lib.
2963 5113 3000 5170 ll
3025 5095 3273 5152 Iuventio.
3303 5099 3358 5154 in
3383 5093 3722 5174 Hieronymi.
3757 5111 3777 5145 ι

499 5187 565 5246 Et
595 5187 781 5244 multis
811 5185 1120 5260 interiectis
1149 5185 1326 5256 pergit
1355 5185 1408 5242 in
1441 5189 1584 5248 hunc
1615 5187 1868 5256 modum:
1895 5185 2172 5260 «Audistis
2201 5189 2662 5262 quemadmodum
2693 5207 2856 5262 quem
2889 5207 3109 5251 corvum
3139 5205 3266 5249 ante
3295 5193 3506 5250 dixerat
3532 5203 3578 5248 et
3611 5196 3782 5243 ιοιιιιιι

491 5281 868 5348 tenebrosum,
901 5295 1045 5357 nunc
1087 5282 1283 5341 iterum
1307 5277 1644 5346 corniculum
1688 5281 1835 5350 dicat
1875 5281 2070 5346 alienis
2111 5296 2174 5338 se
2201 5281 2399 5354 pennis
2426 5282 2510 5337 vel
2540 5285 2817 5340 coloribus
2845 5281 3229 5360 depingentem
3259 5303 3275 5345 ;
3301 5295 3356 5346 et
3383 5303 3536 5364 quam
3564 5279 3786 5354 turpiter

494 5378 719 5446 laceret,
754 5385 811 5434 et
831 5375 968 5440 nihil
996 5375 1155 5442 virile
1181 5373 1328 5446 dicat
1356 5374 1562 5435 habere
1587 5378 1788 5447 virum,
1818 5377 1906 5452 qui
1937 5375 2002 5448 ad
2036 5373 2404 5450 Ecclesiarum
2438 5375 2642 5440 Christi
2667 5373 2894 5453 gloriam
2927 5376 3136 5434 electus
3161 5395 3188 5433 a
3225 5379 3336 5436 Deo
3362 5391 3462 5447 est;
3490 5376 3571 5450 qui
3599 5376 3641 5428 in
3673 5381 3786 5430 les-

497 5472 740 5532 lituOniis
766 5469 984 5530 Domini
1013 5471 1226 5533 locutus
1251 5479 1338 5532 est
1363 5470 1415 5532 in
1443 5479 1741 5541 conspectu
1781 5481 2190 5548 persecutorum
2219 5483 2406 5547 regum
2429 5516 2442 5539 ,
2476 5481 2529 5540 et
2569 5487 2678 5532 non
2718 5481 2803 5529 est
2828 5471 3104 5528 confusus.
3137 5472 3456 5530 Ambrosius
3479 5477 3673 5526 sanctus
3714 5466 3784 5522 de

500 5562 708 5634 Spiritu
735 5575 926 5624 sancto
949 5581 1058 5626 non
1089 5565 1266 5626 solum
1292 5563 1477 5625 verbis
1515 5563 1609 5635 sed
1645 5573 1700 5620 et
1727 5563 1990 5638 sanguine
2029 5579 2130 5630 suo
2159 5567 2395 5636 scripsit.
2425 5565 2632 5621 Obtulit
2662 5566 2808 5623 enim
2843 5564 3284 5636 persecutoribus
3305 5563 3598 5636 sanguinem
3621 5569 3779 5613 suum

499 5675 664 5738 quem
707 5661 764 5722 in
785 5676 846 5727 te
883 5665 1042 5734 ludit.
1071 5665 1167 5724 sed
1205 5681 1236 5722 a
1264 5665 1378 5726 Deo
1397 5663 1465 5734 ad
1495 5663 1633 5730 alios
1660 5665 1838 5733 adhuc
1863 5669 2246 5740 reservabatur
2275 5669 2514 5732 labores.
2547 5667 2702 5744 Quod
2731 5667 2942 5738 etiamsi
2966 5677 3188 5724 secutus
3221 5675 3305 5724 est
3327 5664 3539 5724 Graecos
3563 5655 3784 5718 catholi-

506 5767 603 5829 μοι
627 5761 950 5870 πυρκαιυὲ
967 5757 1284 5842 scriptores,
1307 5768 1365 5832 et
1387 5759 1593 5862 aliquid
1621 5759 1690 5851 de
1718 5773 1910 5845 eorum
1937 5763 2092 5848 script

2195 5767 2546 5844 praesumpsit.
2577 5781 2686 5844 non
2705 5765 2968 5839 continuo
2998 5763 3115 5836 haec
3140 5763 3328 5854 debuit
3343 5773 3433 5854 tua
3449 5773 3637 5857 summa
3657 5773 3781 5848 es”
