4016 6292
271 278 362 335 τοι
1095 274 1184 330 DE
1223 273 1495 331 SPlRI’l‘U
1536 246 1807 339 SANG’I‘O
1846 272 1857 330 l

1981 272 2027 333 ιι
2053 271 2258 339 TRES.
2315 270 2711 330 ADMONITIO.
3443 275 3474 335 7
3495 274 3567 339 οὶ

271 388 509 455 cura,hic
541 388 715 467 labor,
743 388 845 445 hoc
863 390 1122 454 studium,
1154 396 1213 444 ut
1243 403 1339 463 pro
1364 393 1463 444 hac
1492 404 1657 445 causa
1682 390 2120 458 iuterpretareris
2146 386 2342 443 librum
2373 388 2586 460 Didymi
2614 389 2683 444 de
2704 387 2911 460 Spiritu
2940 398 3150 457 saneto,
3177 399 3237 445 ut
3259 389 3401 446 illius
3431 394 3569 445 furta

267 493 853 555 coguoscercntur......
890 483 947 541 Si
974 499 1104 555 ergo
1132 498 1311 552 neque
1343 491 1493 538 tanto
1517 497 1581 539 ac
1611 482 1706 537 tali
1734 481 1853 538 viro
1881 480 2174 537 Ambrosio
2203 480 2517 553 pepercisti,
2551 491 2689 538 etc.)

329 576 611 637 Baronius,
639 591 763 632 cum
795 591 1112 648 persuasum
1142 574 1371 631 haberet
1408 575 1758 631 Ambrosium
1791 590 1897 630 non
1931 576 2178 645 exiguam
2210 576 2404 645 Operis
2434 576 2516 630 sui
2547 584 2756 647 partem
2787 591 2816 630 a
2848 576 3047 632 Basilio
3075 585 3380 633 mutuatum
3404 594 3527 635 esse
3550 618 3567 643 ,

261 672 501 727 Rufinum
543 671 878 729 insimulavit
907 672 1031 743 (Ad
1048 687 1174 729 ann.
1208 670 1306 729 '58!
1335 671 1355 743 )
1386 670 1674 729 calumnia:
1703 668 1757 727 in
1790 669 2216 740 Hieronymum;
2248 669 2448 743 quippe
2470 671 2615 738 quod
2649 669 2736 729 hic
2769 672 2919 740 prius
2947 689 3059 727 tua:
3108 672 3413 745 Didymiani
3448 671 3573 727 libri

263 765 714 836 interpretationi,
742 781 905 835 quam
945 765 1012 822 ab
1037 765 1130 822 illo
1151 764 1517 821 conderentur
1545 765 1632 821 isti
1658 775 1766 820 tres
1796 765 1918 822 libri
1947 807 1963 831 ,
1998 781 2215 821 manum
2241 766 2569 822 admoverit.
2605 765 2805 822 Verum
2829 777 2888 822 ut
2914 769 3229 823 omittamus
3252 766 3570 841 Hieronymi

260 861 552 915 versionem
582 874 689 914 non
720 858 822 914 nisi
857 868 979 929 post
1019 858 1233 915 Damasi
1275 861 1484 914 obitum
1510 860 1813 915 absolutam
1857 874 2016 928 esse,
2040 870 2205 931 atque
2256 861 2392 915 adeo
2425 870 2548 932 post
2591 861 2863 931 vulgatam
2909 863 2977 917 ah
3003 863 3161 917 annis
3204 862 3316 933 jam
3362 863 3568 932 aliquot

261 954 520 1009 Ambrosii
553 953 981 1009 lucubrationem
1001 992 1018 1018 ,
1051 954 1171 1022 quis
1194 969 1450 1024 umquam
1477 953 1665 1012 credat
1704 952 1958 1013 Rufinum
1987 963 2097 1011 tam
2121 964 2363 1013 atrocem
2389 955 2790 1013 accusationem
2816 997 2830 1019 ,
2860 954 2961 1008 nisi
2986 972 3098 1009 rem
3132 958 3300 1028 ipsam
3327 957 3569 1011 certissi-

259 1059 393 1100 mam
429 1042 1031 1113 exploratissimamque
1060 1044 1370 1112 habuisset,
1405 1054 1553 1099 tanta
1599 1044 1932 1099 confidentia
1976 1044 2370 1100 intentaturum
2415 1044 2585 1101 fuisse
2626 1046 2957 1118 Hieronymo
2988 1063 3003 1100 :
3029 1049 3109 1102 vel
3139 1048 3522 1117 Hieronymum
3546 1091 3562 1115 ,

262 1151 359 1206 qua
387 1145 499 1191 erat
531 1133 870 1189 vehementia
898 1144 953 1193 et
979 1134 1160 1191 animo
1193 1150 1382 1205 parum
1413 1135 1478 1190 ad
1512 1134 1767 1202 iniuriam
1794 1134 2245 1197 dissimulandatn
2280 1146 2437 1201 nato,
2467 1135 2571 1197 sibi
2605 1147 3026 1208 temperaturum
3054 1181 3069 1203 ,
3097 1138 3223 1207 quin
3255 1141 3561 1194 accusatori

254 1245 347 1286 suo
374 1228 619 1284 meritam
643 1228 936 1285 calomnis
966 1239 1146 1287 notam
1178 1228 1471 1300 indigeret,
1508 1245 1631 1285 cum
1663 1240 1844 1289 tamen
1877 1228 2191 1301 impositum
2214 1230 2317 1289 sibi
2351 1232 2451 1287 hoc
2494 1238 2704 1287 tantum
2748 1230 2958 1290 crimen
2989 1246 3253 1301 nusquam
3285 1232 3566 1302 depellat?

320 1324 390 1380 At
413 1324 560 1379 enim
591 1323 726 1379 nihil
753 1338 891 1392 opus
917 1322 1103 1379 estbis
1129 1323 1490 1393 coniecturis;
1535 1338 1658 1377 nam
1695 1322 1946 1393 quisquis
1998 1338 2121 1377 cum
2167 1322 2380 1395 Didymi
2433 1331 2666 1377 tractatu
2705 1322 3128 1377 Antbmsianum
3183 1322 3564 1386 contenderit,

229 1404 545 1487 ‘eotuperiet
570 1431 676 1471 non
708 1431 875 1486 pauca
903 1395 969 1471 ex
994 1416 1087 1472 illo
1116 1416 1169 1471 in
1202 1415 1345 1471 hunc
1376 1415 1636 1472 translata
1665 1430 1789 1472 esse
1815 1455 1833 1483 ,
1864 1423 1926 1475 ut
1956 1427 2086 1486 puta
2114 1430 2232 1489 qua:
2265 1415 2335 1471 de
2358 1414 2592 1486 Spiritus
2619 1414 2792 1468 sancti
2819 1413 3084 1469 effusione
3116 1413 3256 1485 (Lib.
3281 1430 3321 1479 ι,
3352 1431 3471 1486 cap.
3495 1411 3530 1465 5
3550 1451 3564 1475 ,

251 1513 279 1567 7
303 1512 353 1584 ),
383 1509 811 1569 sanctificatione
842 1508 1000 1584 (Lib.
1032 1526 1092 1576 ll,
1115 1527 1233 1580 cap.
1268 1512 1355 1577 il,
1387 1509 1489 1582 12)
1512 1551 1528 1577 ,
1577 1509 1805 1566 scientia
1832 1550 1847 1576 ,
1880 1508 2148 1580 donisque
2183 1509 2200 1580 (
2227 1506 2341 1563 Lib.
2372 1524 2422 1576 t,
2450 1525 2571 1580 cap.
2604 1508 2671 1563 15
2696 1518 2744 1563 et
2772 1524 2877 1577 seq.
2905 1509 2924 1580 )
2957 1508 3302 1579 disputantur
3323 1548 3339 1574 ,
3370 1507 3568 1577 quibus

247 1605 403 1658 etiam
433 1602 615 1657 locum
661 1601 963 1672 prophetia!
1008 1604 1179 1658 Alnos
1219 1601 1372 1672 (Lib.
1406 1602 1707 1675 tt)juugas
1752 1601 1959 1659 licebit.
2010 1600 2198 1683 Neque
2228 1610 2411 1663 tamen
2454 1602 2528 1659 ita
2560 1601 2787 1676 Didyme
2816 1601 3070 1656 addictus
3106 1603 3203 1655 fuit
3242 1600 3566 1657 Ambrosius

250 1705 429 1751 noster
457 1737 472 1760 ,
512 1705 571 1749 ut
607 1709 729 1765 quae
769 1694 822 1748 in
851 1694 1084 1748 aliorum
1116 1693 1335 1764 scriptis
1375 1702 1700 1764 argumento
1743 1707 1843 1748 suo
1873 1706 2178 1764 congruere
2205 1691 2590 1758 existimabat,
2622 1692 3085 1769 decerpereinde
3112 1732 3128 1759 ,
3173 1692 3439 1761 operique
3466 1706 3566 1746 suo

244 1792 488 1847 inserere
525 1786 817 1843 fastidiret.
848 1786 1035 1856 Itaque
1058 1800 1181 1841 cum
1225 1801 1350 1842 eum
1391 1786 1581 1842 Patres
1609 1784 1915 1840 Florentini
1945 1783 2134 1856 (Seu.
2166 1783 2268 1849 εει,
2301 1801 2418 1854 sap.
2452 1783 2521 1854 6)
2560 1784 2795 1855 plurima
2830 1782 3031 1837 Basilio
3070 1782 3273 1839 debere
3313 1781 3561 1837 animad-

239 1883 533 1937 vertissent
583 1879 744 1954 (Lib.
780 1897 840 1945 ιι,
874 1897 992 1951 cap.
1024 1881 1251 1952 ϐεττερ.
1280 1880 1322 1954 ),
1359 1896 1465 1935 non
1504 1879 1701 1950 injuria
1747 1879 2156 1943 afﬁrmaverunt
2208 1881 2384 1948 ipsum
2439 1886 2551 1932 tres
2592 1877 2760 1931 libros
2803 1876 2989 1933 Basilii
3038 1878 3100 1930 de
3152 1875 3357 1949 Spiritu
3381 1884 3566 1929 sancto

240 1977 571 2043 exposuisse
597 1990 613 2029 :
655 1990 889 2044 quorum
915 1977 1241 2029 sententiam
1273 1982 1522 2030 secutum
1553 1972 1798 2028 videmus
1818 1986 2069 2043 magnum
2098 1972 2414 2027 Baronium.
2439 1970 2745 2027 Occurrunt
2770 1981 3036 2041 praeterea
3057 1974 3240 2040 petitw
3263 1987 3325 2026 ex
3362 1971 3563 2026 Athan.

240 2068 504 2138 Gregorio
533 2068 697 2140 Nyss.
729 2068 1115 2139 nouunllisque
1141 2068 1262 2122 aliis
1286 2067 1668 2137 probationes;
1695 2073 1754 2123 ut
1781 2081 1886 2126 non
1905 2066 2142 2127 absurde
2169 2067 2350 2138 quivis
2375 2066 2583 2137 iudicet
2608 2066 2898 2121 Doctorem
2933 2074 3202 2130 nostrum,
3229 2067 3359 2121 dum
3388 2066 3564 2137 scrip-

238 2162 365 2217 tioni
387 2178 502 2218 sua:
533 2177 759 2231 operam
790 2162 977 2224 daret,
1020 2162 1501 2237 prmstantissimas
1526 2174 1767 2231 quasque
1790 2161 2309 2226 commentationes,
2335 2175 2459 2231 qua:
2481 2161 2533 2214 in
2562 2159 2806 2215 eamdem
2837 2160 3122 2216 materiam
3141 2160 3300 2215 editae
3324 2159 3565 2227 fuerant,

237 2255 308 2311 ob
332 2258 523 2313 oculos
554 2255 660 2313 sibi
695 2257 1066 2329 proposuisse.

303 2349 647 2421 Quamquam
680 2356 859 2405 autem
886 2365 1007 2419 quze
1030 2350 1082 2404 in
1113 2364 1229 2405 rem
1261 2365 1413 2404 suam
1443 2347 1628 2405 facere
1654 2357 1844 2420 putat,
1870 2347 2001 2411 hinc
2026 2347 2154 2415 inde
2178 2349 2385 2419 carpit:
2418 2363 2523 2413 non
2558 2356 2741 2411 tamen
2777 2356 2987 2415 temere
3020 2364 3085 2413 ac
3108 2347 3422 2421 promiscue
3459 2349 3561 2404 de-

232 2445 439 2516 lapsas,
491 2455 549 2499 ut
582 2455 770 2501 narrat
799 2444 1162 2518 Hieronymus
1186 2490 1199 2510 ,
1251 2445 1318 2500 ab
1347 2444 1471 2499 aliis
1503 2446 1692 2498 avibus
1736 2441 2014 2513 Esopica
2036 2442 2347 2505 «cornicula:
2375 2445 2547 2511 instar
2587 2442 2777 2518 diripit
2815 2442 3027 2514 plumas
3056 2459 3069 2496 :
3100 2442 3194 2499 sed
3224 2443 3405 2515 potius
3444 2443 3563 2512 apis

232 2542 520 2599 industria:
549 2558 617 2599 ac
642 2542 920 2614 diligentis
949 2558 1124 2610 more,
1148 2541 1340 2597 florum
1369 2541 1805 2612 plantarumqne,
1838 2538 1988 2599 unde
2017 2539 2180 2601 mella
2206 2554 2302 2599 sua
2333 2539 2547 2615 colligat
2568 2579 2584 2611 ,
2609 2553 2803 2599 succos
2828 2537 3240 2611 distinguentis,
3268 2538 3371 2601 alia
3400 2537 3563 2604 tollit,

229 2637 332 2693 alia
359 2638 617 2706 respuit,
651 2633 898 2711 qtncdatn
928 2638 1214 2702 immutat,
1245 2635 1493 2708 quaedam
1518 2636 1856 2708 irattsponil,
1889 2648 1995 2693 non
2030 2649 2200 2706 pauca
2231 2634 2451 2695 demum
2494 2633 2702 2707 profert
2730 2632 2801 2691 de
2830 2647 2961 2701 suo,
2993 2650 3113 2705 quin
3139 2632 3281 2704 apud
3322 2631 3557 2689 aliorum

229 2742 513 2789 auctorum
544 2734 819 2788 neminem
847 2732 1113 2807 reperias.
1147 2729 1345 2788 Verum
1371 2743 1548 2788 tamen
1570 2730 1780 2788 etiamsi
1810 2728 1946 2784 nihil
1966 2728 2263 2789 haberetur
2289 2729 2342 2787 in
2376 2726 2525 2785 hisce
2558 2726 2732 2791 libris,
2758 2725 2902 2799 quod
2934 2724 2989 2783 in
3013 2726 3246 2787 aliorum
3276 2741 3382 2783 non
3415 2726 3561 2799 lege-

224 2840 407 2896 retur;
457 2828 612 2885 baud
657 2839 945 2903 propterea
993 2828 1273 2886 videretur
1307 2827 1704 2884 consectarium
1743 2824 1927 2887 omnia
1972 2839 2039 2885 ex
2082 2823 2279 2885 alienis
2318 2822 2533 2890 scriptis
2559 2820 2845 2895 desumpta
2873 2834 3016 2879 esse.
3053 2820 3186 2891 Quis
3207 2818 3353 2875 enim
3386 2819 3563 2874 nescit

222 2925 428 2997 saepius
455 2924 890 2999 eoutingere,ut
911 2923 1000 2995 qui
1037 2923 1087 2976 in
1105 2922 1296 2977 eodem
1330 2920 1596 2977 desudant
1630 2924 1953 2990 argumento
1976 2958 1992 2985 ,
2021 2915 2128 2977 etsi
2158 2930 2451 2989 numquam
2481 2912 2625 2971 inter
2651 2928 2712 2975 se
2730 2912 2896 2977 animi
2935 2912 3168 2985 cogitata
3195 2911 3565 2971 communica-

219 3020 405 3075 verint
425 3064 440 3091 ,
473 3019 531 3095 pi
551 3020 722 3074 urima
749 3031 926 3074 tamen
957 3016 1188 3074 efferant
1210 3017 1371 3086 longe
1412 3014 1692 3071 simillima
1719 3030 1734 3083 ;
1785 3011 2027 3071 maxime
2058 3025 2192 3073 vero
2236 3009 2285 3065 si
2317 3010 2694 3081 unusquisque
2739 3006 3094 3081 probationes
3123 3020 3248 3089 suas
3273 3021 3337 3065 ex
3365 3002 3559 3061 iisdem

223 3113 489 3181 fontibus,
516 3124 588 3169 ιιι
613 3124 737 3184 puta
765 3128 796 3169 e
826 3113 1121 3183 Scriptura:
1149 3111 1349 3167 divinae
1369 3110 1627 3177 oraculis,
1656 3109 1837 3175 ducat,
1864 3116 2030 3178 atque
2056 3105 2291 3171 hauriat.

291 3205 656 3276 Quapmpter
682 3205 916 3276 ingenue
939 3203 1171 3260 fatemur
1214 3202 1473 3258 Rufinum
1507 3202 1880 3271 indignatione
1909 3214 2006 3257 sua
2038 3201 2176 3257 ultra
2208 3214 2369 3270 quam
2412 3211 2506 3266 par
2533 3195 2668 3265 fuit,
2701 3196 2986 3269 abreptum
3017 3208 3172 3261 esse,
3218 3210 3337 3255 cum
3369 3196 3563 3259 Hiero-

232 3313 455 3369 nymum
486 3297 822 3353 criminatus
845 3306 925 3352 est
947 3339 961 3363 ,
989 3296 1145 3368 quasi
1172 3311 1238 3352 eo
1272 3304 1479 3351 tantum
1510 3292 1762 3361 consilio,
1792 3294 2003 3366 Didymi
2029 3292 2199 3359 iihtOS
2222 3294 2275 3353 in
2315 3292 2567 3353 Latinam
2591 3291 2829 3362 linguam
2865 3291 3273 3358 convertisset,
3300 3302 3354 3345 tu
3376 3292 3519 3351 illius
3548 3334 3561 3359 ,

225 3390 505 3447 Ambrosii
534 3391 789 3457 scilicet,
818 3395 959 3463 {arta
987 3399 1411 3461 cognoscerentur
1438 3388 1598 3461 (Loc.
1624 3388 1711 3442 cit.
1737 3386 1778 3459 ).
1811 3386 1920 3444 Sed
1953 3401 2143 3449 rursus
2185 3402 2292 3443 non
2332 3386 2798 3451 dissituulaltiututt
2839 3398 3195 3457 memoratam
3243 3387 3560 3461 Hieronymi

228 3497 555 3553 censuram,
584 3485 637 3542 si
669 3499 798 3540 vere
826 3484 1079 3539 Ambros.
1110 3483 1200 3538 illa
1232 3481 1661 3554 perstringebat,
1691 3479 2133 3552 exaggerationis
2157 3479 2382 3543 modum
2408 3477 2551 3541 haud
2582 3492 2772 3550 parum
2798 3493 2923 3539 esse
2952 3491 3418 3553 praetergressum.
3454 3478 3564 3535 Nec

218 3592 355 3633 sane
394 3579 488 3634 hic
520 3579 899 3634 dissensurum
918 3592 948 3631 a
977 3578 1136 3635 nobis
1165 3577 1332 3631 luisse
1367 3563 1628 3645 putamus
1668 3574 1844 3643 ipsum
1871 3574 2162 3637 Baroninm
2184 3589 2199 3640 ;
2223 3573 2663 3646 quandoquidem
2688 3572 2792 3646 (Ad
2813 3591 2938 3635 ann.
2969 3573 3094 3646 585)
3120 3574 3171 3635 in
3196 3575 3563 3642 accusatione,

220 3688 328 3743 qua
362 3672 517 3729 idem
552 3673 921 3752 Hieronymus
942 3673 1244 3730 Romanam
1277 3673 1484 3729 ibidem
1517 3672 1750 3729 traducit
1790 3672 2092 3730 Ecclesiam
2120 3714 2136 3741 ,
2161 3683 2409 3745 apertam
2439 3675 2775 3747 hyperbolen
2800 3691 3102 3748 agnoscere
3139 3691 3246 3737 non
3273 3676 3562 3737 dubitavit.

217 3766 385 3820 Enim
423 3782 566 3821 vero
598 3782 774 3838 neque
797 3764 1024 3823 comedi
1068 3774 1249 3843 potest
1268 3776 1515 3823 sanctum
1554 3766 1849 3825 Prwsulem
1895 3767 2270 3840 Didytniauatn
2300 3770 2813 3829 commentationem
2846 3785 2915 3826 eo
2937 3770 3097 3826 modo
3124 3772 3430 3844 expilasse,
3458 3786 3566 3843 quo

216 3856 351 3913 illud
404 3871 606 3917 actum
636 3859 880 3921 indicare
925 3859 1144 3916 videtur
1173 3861 1372 3917 citatus
1423 3861 1639 3917 Doctor.
1672 3858 1739 3914 Et
1764 3870 1913 3915 certe
1942 3870 2002 3915 ut
2048 3861 2218 3931 magis
2264 3860 2605 3917 dialecticum
2646 3877 2766 3917 sese
2814 3862 3074 3941 Didymus
3117 3872 3370 3933 praastet,
3403 3880 3563 3935 quam

207 3956 591 4024 Ambrosius;
633 3958 792 4028 hujus
846 3966 1027 4013 tamen
1073 3955 1245 4013 dictio
1272 3956 1515 4013 nobilior
1544 3967 1656 4022 est,
1707 3956 1884 4015 oratio
1927 3956 2241 4027 cepiosior,
2273 3955 2408 4012 ordo
2437 3956 2790 4023 concinnior;
2820 3957 3019 4028 quique
3061 3960 3566 4027 argumentationes

211 4054 520 4127 utriusque
567 4052 860 4108 attentiore
905 4051 1088 4111 animo
1116 4050 1499 4122 perpenderit,
1532 4049 1690 4106 facile
1730 4062 1991 4127 agnoscet
2016 4053 2159 4107 hunc
2188 4066 2295 4105 non
2342 4050 2523 4115 minus
2565 4051 2739 4106 valide
2767 4052 3109 4124 propositum
3152 4064 3307 4106 suum
3340 4051 3561 4129 assequi

205 4156 383 4220 atque
407 4144 735 4213 coniicere,
777 4160 938 4219 quam
988 4144 1297 4221 Didymum.
1350 4140 1469 4200 Non
1502 4144 1665 4215 igitur
1701 4143 1998 4201 absurdum
2030 4142 2226 4210 fuerit,
2259 4143 2304 4199 si
2335 4143 2727 4218 Hieronymum
2776 4146 2918 4200 idem
2969 4143 3268 4199 dixerimus
3315 4143 3416 4197 hoc
3443 4144 3564 4202 loco

207 4249 471 4309 passum.
498 4235 653 4311 quod
670 4236 844 4293 solent
869 4236 931 4305 ii,
954 4238 1045 4317 qui
1074 4248 1328 4295 auctores
1358 4236 1411 4291 in
1440 4251 1577 4309 quos
1598 4235 1804 4308 aliquid
1827 4235 2016 4301 studii,
2033 4244 2196 4309 atque
2218 4252 2401 4307 operte
2422 4248 2742 4313 posuerunt,
2771 4237 3563 4315 nimiis'eucomiiscutuulasse

206 4332 463 4390 minime
488 4335 768 4399 contenti,
791 4333 957 4389 etiam
981 4330 1158 4389 editas
1184 4332 1252 4388 ab
1279 4331 1402 4388 aliis
1434 4331 1504 4388 de
1540 4331 1729 4389 eadem
1780 4332 2005 4389 materia
2060 4320 2499 4403 lucubrationes,
2528 4331 2669 4388 infra
2691 4346 2851 4409 quam
2883 4333 3085 4388 veritas
3123 4339 3285 4404 atque
3337 4331 3566 4402 a-qnitas

208 4429 375 4496 sinit,
409 4428 772 4500 deprimunt.

284 4529 437 4597 Qua:
463 4541 603 4582 eum
633 4525 703 4581 ita
732 4525 864 4591 sint,
894 4523 1143 4597 quisquis
1171 4539 1356 4585 verum
1380 4538 1443 4579 ac
1472 4523 1772 4595 legitimum
1802 4521 1869 4579 de
1898 4522 2002 4579 hac
2027 4522 2301 4579 Ambrosii
2332 4524 2794 4580 commentatione
2819 4521 3086 4595 judicium
3137 4522 3279 4579 ferre
3311 4520 3566 4593 voluerit,

210 4619 519 4696 aequiores
554 4617 916 4674 aestimatores
946 4616 1052 4673 sibi
1082 4617 1252 4673 duces
1282 4619 1334 4681 in
1367 4615 1469 4672 hoc
1499 4614 1684 4691 eligat,
1717 4631 1875 4675 sacra
1905 4615 2119 4673 scilicet
2142 4616 2371 4673 concilia
2401 4614 2689 4699 (Florent.,
2716 4634 2839 4673 seu.
2864 4600 3030 4684 22,“
3057 4615 3220 4688 mn),
3256 4617 3566 4685 multosque

198 4713 604 4773 doctissimos
657 4712 803 4769 viros
824 4710 1088 4787 (Cassiod.
1136 4711 1192 4767 in
1224 4709 1400 4767 quit.
1455 4710 1560 4765 diu.
1584 4710 1687 4765 litt.
1713 4726 1831 4781 cap.
1861 4711 1931 4767 16
1962 4721 2009 4767 et
2035 4712 2108 4766 al.
2140 4709 2181 4783 ),
2217 4710 2307 4783 qui
2338 4712 2711 4771 testimonium
2737 4719 2896 4782 atque
2927 4711 3305 4765 auctoritatem
3337 4710 3553 4767 illorum

202 4815 643 4878 prepouentes.
676 4804 865 4875 quanti
893 4820 988 4867 eos
1013 4803 1279 4873 facerent,
1311 4802 1687 4857 ostenderunt.
1737 4804 1800 4856 At
1832 4802 2101 4875 imprimis
2131 4812 2335 4877 praesto
2358 4802 2514 4859 nobis
2539 4813 2644 4875 est,
2668 4818 2827 4872 quem
2859 4802 3216 4857 Slridoniensi
3251 4802 3570 4873 presbytero

195 4914 617 4974 opponamus,
645 4898 1010 4969 Hipponensis
1035 4896 1257 4968 prtesul,
1286 4895 1440 4973 cujus
1469 4896 1520 4948 in
1554 4892 1838 4967 polcmieis
1869 4894 2131 4964 operibus
2155 4908 2286 4949 sane
2315 4911 2478 4963 qunm
2511 4895 2944 4951 exercitatissimi
2978 4891 3248 4948 sententia
3280 4892 3367 4945 illa
3398 4899 3476 4945 est
3501 4890 3568 4946 de

197 4990 312 5049 hoc
348 4994 564 5065 Opere
597 5008 609 5045 :
647 5010 665 5043 r
712 4990 947 5048 Sanctus
976 4988 1319 5052 Ambrosius,
1348 5002 1470 5043 cum
1492 4992 1614 5055 agat
1642 4999 1756 5041 rem
1803 4998 2052 5059 magnam
2084 4984 2151 5037 de
2174 4984 2383 5053 Spiritu
2409 4993 2619 5053 saneto,
2655 4994 2712 5038 ut
2735 5001 2857 5040 eum
2892 4983 3037 5039 Patri
3064 4994 3118 5037 et
3147 4983 3287 5038 Filio
3310 4982 3566 5035 demons—

196 5098 313 5146 tret
338 5086 643 5163 aequalem
670 5102 684 5153 ;
715 5084 989 5140 submisso
1012 5093 1189 5139 tamen
1219 5080 1432 5140 dicendi
1458 5095 1665 5155 genere
1705 5079 1914 5143 utitur;
1965 5078 2219 5151 quoniam
2251 5095 2337 5133 res
2367 5089 2618 5148 suscepta
2653 5094 2759 5135 non
2784 5079 2848 5133 ad
2881 5090 3205 5135 ornamenta
3246 5075 3561 5139 verborum,

196 5194 300 5242 aut
337 5183 415 5239 ad
444 5179 768 5237 ﬂectendos
818 5178 1053 5252 animos,
1104 5192 1283 5236 rerum
1326 5176 1651 5231 documenta
1675 5170 1950 5229 desiderat
1980 5169 2119 5243 (Lib.
2143 5179 2196 5227 ιν
2229 5172 2292 5225 de
2315 5168 2495 5226 Doctr.
2521 5171 2748 5239 Christ.,
2771 5189 2820 5227 c.
2850 5172 2944 5238 21,
2979 5189 3031 5225 η.
3054 5170 3166 5240 ιε).
3209 5186 3228 5219 ι
3261 5165 3415 5232 Quod
3448 5168 3569 5236 qui-

192 5281 333 5339 dem
361 5277 693 5355 judicium,
719 5292 827 5350 quo
857 5277 944 5332 vix
967 5275 1112 5330 aliud
1139 5290 1263 5331 cum
1293 5270 1724 5345 Hieronymiano
1751 5268 1922 5341 magis
1944 5282 2186 5338 pugnare
2215 5277 2413 5340 petest,
2451 5284 2613 5323 nemo
2644 5267 2852 5321 dixerit
2879 5282 2907 5319 a
2932 5264 3199 5334 diseipulo
3222 5260 3288 5315 ad
3316 5275 3561 5331 princep-

194 5353 648 5445 toris-gratiam
682 5371 846 5425 latum
877 5388 890 5423 :
920 5368 1135 5441 quando
1163 5378 1219 5425 et
1240 5382 1338 5438 per
1365 5382 1424 5422 se
1448 5378 1799 5434 summopere
1829 5362 2171 5419 moderatum
2200 5371 2303 5425 est,
2328 5373 2381 5418 et
2408 5361 2714 5432 Augustino
2729 5376 2793 5416 ex
2824 5358 3099 5414 Ambrosii
3125 5353 3448 5412 tractatibus
3475 5355 3564 5410 alii

188 5473 379 5527 erant
406 5462 490 5525 ad
522 5475 774 5529 manere.
804 5474 944 5532 quos
966 5460 1017 5515 in
1042 5459 1334 5527 submissa
1360 5456 1622 5523 dictionis
1644 5455 1923 5531 specimen
1953 5464 2305 5525 proponeret,
2338 5455 2384 5511 si
2412 5453 2558 5511 hunc
2590 5473 2609 5507 ι
2648 5451 2956 5527 naccidum,
2984 5450 3171 5518 molle,
3199 5447 3429 5513 nitidum
3482 5458 3561 5514 at-

191 5574 314 5635 que
348 5558 696 5616 formosum
729 5574 751 5611 ι
780 5555 1170 5615 esistimasset.
