4016 6292
490 293 600 353 Ὶοῦ

1856 289 2088 381 SANQTI

2191 287 2462 348 MBROSII
3628 290 3706 347 τοι

494 433 3707 496 ω

872 625 1903 803 SANCTI
2076 621 3480 811 AMBROSII,

1624 943 2208 1030 MEDIOLANENSIS
2262 942 2604 1029 EPISCOPI
2624 1011 2642 1041 ,

1122 1146 1424 1302 DE
1490 1153 2275 1306 SPIRITU
2371 1147 3173 1300 SANCTO

1749 1426 2057 1502 LIBRI
2129 1426 2412 1501 TRES
2445 1414 2504 1516 ⁸,

1275 1620 1432 1704 AD
1507 1615 2231 1705 GRATIANUM
2313 1609 3023 1698 AUGUSTUM.

1693 1921 2043 2008 LIBER
2114 1918 2599 2007 PRIMUS.

997 2236 1163 2310 ξω
1200 2230 1585 2291 pnouocus.

491 2375 561 2433 In
587 2375 842 2431 Gedeonis
879 2373 1131 2430 electione
1153 2368 1444 2427 Dominicte
1469 2365 1843 2425 incarnationis
1869 2364 2093 2436 ﬁguram

564 2469 765 2540 fuisse:
803 2467 858 2522 in
901 2466 1037 2522 laedi
1088 2464 1347 2536 sacriﬁcio
1388 2470 1721 2536 peccatorum
1770 2474 1860 2529 per
1898 2455 2093 2513 Christi

564 2577 753 2630 corpus
797 2558 1174 2631 expiandorum
1200 2572 1220 2612 :
1249 2557 1305 2611 in
1334 2555 1509 2623 uituli,
1538 2556 1876 2627 profanorum
1923 2564 2094 2604 sacro-

561 2671 683 2710 rum
702 2653 1073 2709 abolendorum
1093 2668 1112 2707 :
1142 2651 1195 2706 in
1222 2650 1458 2706 trecentis
1492 2649 1708 2718 denique
1735 2644 1982 2701 militibus
2009 2644 2093 2714 fu-

565 2758 696 2803 turae
721 2762 813 2818 per
838 2761 1044 2800 crucem
1081 2743 1473 2812 redemptionis.
1513 2740 1666 2809 Quod
1702 2739 1857 2810 plura
1887 2738 2092 2808 petierit

562 2841 713 2911 signa
742 2838 880 2894 ident
900 2835 1132 2904 Gedeon,
1155 2836 1384 2908 mysterii
1409 2835 1603 2907 fuisse;
1623 2849 1713 2906 per
1733 2831 1936 2887 uelleris
1958 2829 2091 2885 enim

561 2935 843 2991 siccitatem
871 2951 935 2989 ac
970 2933 1417 3006 madefactionem,
1457 2930 1764 2985 ludeorum
1810 2927 2093 2999 inﬁdelita—

558 3039 680 3094 tem.
704 3029 1031 3102 gentiumque
1052 3027 1373 3083 vocationem
1404 3025 1731 3096 signiﬁcatus
1754 3040 1773 3078 :
1804 3039 1893 3093 per
1920 3038 2091 3077 rorem

556 3130 729 3178 autem
774 3120 910 3191 pelei
948 3128 1217 3189 exceptum
1243 3119 1430 3189 pedum
1458 3118 1812 3189 apostolorum
1864 3115 2091 3171 ablutio-

560 3228 695 3268 nem.
739 3210 855 3267 Hac
888 3211 986 3268 sibi
1017 3212 1203 3283 pedum
1235 3210 1479 3265 mundari
1507 3210 1682 3263 sordes
1708 3216 1824 3262 orat
1865 3205 2088 3261 Ambro-

561 3308 696 3373 sius,
737 3305 994 3377 simulque
1038 3302 1228 3360 Christi
1266 3304 1627 3372 benignitatem
1670 3302 1872 3357 laudat.
1906 3302 2090 3369 Quam

559 3402 688 3457 utile
724 3402 791 3457 sit
816 3401 952 3456 hanc
973 3400 1167 3456 imitari
1187 3400 1208 3453 .'
1239 3398 1491 3454 Eamtlem
1518 3413 1706 3468 aquam
1743 3412 1775 3449 a
1815 3395 1912 3450 Dei
1947 3393 2090 3450 Filia

561 3495 772 3549 missam
791 3494 846 3548 in
878 3493 997 3548 orbe
1030 3493 1290 3549 mirabiles
1322 3491 1680 3548 conversiones
1720 3490 1972 3562 operari:
1998 3488 2089 3543 sed

534 3588 625 3641 ‘ab
649 3586 756 3641 alio
799 3586 931 3640 mitti
976 3602 1077 3642 non
1121 3602 1293 3657 posse.
1350 3601 1469 3641 cum
1516 3585 1583 3640 sit
1624 3583 1813 3651 elusio
1857 3582 2089 3653 Spiritus

561 3678 774 3745 Sancti,
801 3679 890 3750 qui
915 3677 1099 3733 alierue
1122 3678 1364 3751 potestati
1389 3693 1494 3733 non
1523 3676 1820 3751 subjicitur.

563 3815 615 3869 1.
660 3813 942 3870 Hierobaal
972 3829 1096 3870 cum
1126 3813 1229 3870 sub
1257 3812 1473 3883 arbore,
1501 3822 1558 3868 ut
1598 3812 1831 3884 legimus
1877 3811 2085 3885 (ludia.

488 3924 574 3976 vn,
600 3908 712 3982 ll),
744 3908 1156 3981 quercu,tritici
1186 3922 1421 3964 messem
1454 3906 1605 3977 virga
1646 3905 1903 3974 exederet,
1931 3921 2090 3962 acce-

486 4002 565 4074 pit
590 4001 896 4071 oraculum,
928 4011 1039 4057 uta
1069 4009 1338 4073 potestate
1362 3999 1790 4069 alienigenarum
1834 4000 1888 4056 in
1923 4000 2092 4056 liber-

484 4103 651 4153 tatem
682 4094 779 4152 Dei
825 4095 1085 4168 populum
1136 4095 1461 4152 vindicaret.
1506 4093 1618 4150 Nec
1665 4094 1865 4149 mirum
1914 4094 1959 4148 si
2006 4104 2091 4150 est

482 4186 690 4245 electus
718 4187 785 4243 ad
815 4188 1043 4260 gratiatn
1063 4231 1078 4255 ,
1108 4203 1233 4245 cum
1263 4188 1365 4244 sub
1400 4188 1593 4243 umbra
1622 4186 1734 4256 jam
1769 4196 1883 4243 tum
1916 4202 2089 4244 sacra:

484 4283 666 4337 crucis
690 4290 749 4336 et
792 4281 1121 4337 venerabilis
1164 4282 1451 4352 sapientia:
1484 4280 1869 4352 praedestinato
1910 4282 2090 4338 incar-

485 4371 724 4428 nationis
762 4372 958 4428 I’uturte
989 4374 1249 4445 mysterio
1273 4373 1630 4440 constitutus,
1660 4372 1860 4430 feracis
1886 4374 2089 4445 segetis

484 4464 767 4521 sensibilis
794 4464 863 4521 de
908 4465 1151 4522 latibulis
1190 4465 1462 4522 frumenta
1493 4466 1839 4537 produceret,
1868 4467 2090 4523 electio-

486 4572 721 4629 nemque
764 4567 1077 4614 sanctorum
1123 4575 1152 4612 a
1200 4560 1568 4630 purgamentis
1596 4560 1773 4616 inanis
1802 4560 2088 4631 paleaese-

484 4660 837 4724 questraret:
869 4651 897 4690 δ
925 4653 1016 4725 qui
1064 4662 1337 4725 tamquam
1370 4654 1522 4727 virga
1548 4654 1794 4711 veritatis
1836 4655 2084 4723 exerciti,

483 4744 759 4819 superﬂua
787 4747 990 4802 veteris
1021 4746 1258 4804 hominis
1280 4763 1401 4803 cum
1430 4749 1551 4819 ejus
1579 4748 1788 4804 actibus
1813 4748 2090 4821 deponen-

485 4850 593 4911 tes,
622 4840 777 4914 quasi
810 4841 864 4897 in
899 4841 1179 4909 torculari,
1210 4843 1284 4898 ita
1316 4842 1369 4897 iu
1388 4840 1634 4897 Ecclesia
1656 4850 2087 4913 congregantur;

490 4932 739 4990 Ecclesia
770 4934 915 4989 enim
946 4936 1186 4990 torcular
1209 4943 1294 4990 est
1320 4932 1485 4989 fontis
1515 4934 1735 4999 aeterni,
1765 4934 1816 4989 in
1843 4949 1946 5005 qua
1975 4948 2091 4989 ca:-

483 5026 638 5083 lestis
663 5026 789 5083 vitis
815 5026 1023 5083 fructus
1051 5027 1313 5084 exundat.

552 5122 609 5177 2.
655 5132 677 5161 ο
726 5122 846 5191 Quo
890 5133 1069 5179 motus
1115 5123 1340 5179 oraculo
1383 5121 1633 5190 Gedeon,
1674 5138 1796 5179 cum
1844 5121 2088 5177 audisset

482 5213 630 5287 quod
653 5213 1033 5273 deﬁcientibus
1064 5216 1193 5271 licet
1217 5215 1539 5286 populorum
1581 5216 1842 5282 millibus,
1876 5215 1931 5270 in
1976 5231 2086 5271 uno

483 5309 602 5366 viro
646 5308 909 5366 Dominus
939 5310 1153 5382 plebem
1183 5324 1335 5366 suam
1367 5310 1436 5365 ab
1469 5310 1717 5366 hostibus
1745 5311 1911 5383 600
1940 5310 2081 5366 libe-

553 5476 581 5537 ἐι
619 5466 821 5537 Scripti
847 5483 993 5524 anno
1012 5468 1141 5524 381.

554 5536 583 5615 ξ’
624 5540 715 5594 Sic
740 5536 933 5615 omnes
962 5540 1096 5615 edit.
1132 5554 1350 5615 ac_mss.
1386 5542 1486 5597 nisi
1517 5542 1667 5615 quod
1687 5544 1740 5599 in
1764 5544 1953 5615 paucis
1981 5558 2082 5614 pro

482 5612 572 5696 qui
597 5618 883 5696 tauquam,
895 5612 1130 5696 legitur,
1165 5611 1235 5696 Et
1250 5622 1515 5696 tamquam
1536 5611 1563 5696 ξ.
1582 5624 1639 5669 et
1656 5614 1728 5696 in_
1743 5611 1899 5696 Rom.
1942 5611 2077 5671 edit.

484 5693 586 5751 pro
607 5685 753 5755 virga
778 5685 1031 5755 ueritatis,
1058 5685 1357 5755 repositum
1379 5696 1483 5749 est,
1511 5686 1657 5755 uirga
1679 5687 1898 5741 uirtutis.

558 5763 582 5789 ο
651 5750 811 5823 Rom.
846 5752 1007 5823 odit...
1056 5750 1355 5823 Commotus
1398 5750 1647 5820 oraculo;
1687 5768 1796 5814 vet.
1844 5767 1899 5812 et
1943 5773 2074 5823 mss.

480 5812 644 5891 longe
672 5812 914 5889 plurimi,
941 5810 1061 5889 σὶιο
1088 5817 1257 5878 niottis
1287 5810 1795 5898 articulottttiidattt
1814 5810 1927 5894 alii,

2122 2225 2346 2283 Araret
2375 2220 2573 2297 (Ibid.,
2612 2222 2736 2292 l4);
2784 2223 2982 2279 obtulit
3009 2222 3225 2280 haedum
3274 2196 3579 2295 caprarum,
3622 2220 3753 2290 cujus

2197 2331 2442 2384 carnem,
2474 2316 2777 2374 secundum
2812 2327 3143 2389 prmceptum
3171 2317 3373 2389 angeli.
3406 2325 3463 2373 et
3488 2328 3657 2388 azyma
3678 2326 3753 2366 su-

2196 2423 2292 2480 pra
2320 2418 2526 2482 petram
2561 2409 2738 2481 posuit
2763 2407 2791 2447 τι
2832 2418 2889 2466 et
2924 2424 2987 2471 ea
3021 2409 3149 2479 jure
3177 2408 3452 2479 perfudit:
3482 2422 3596 2480 qua:
3619 2403 3753 2461 simul

2197 2509 2256 2556 ut
2279 2502 2445 2572 virga:
2472 2502 2943 2573 cacumine,quam
2968 2501 3190 2573 gerebat
3216 2500 3469 2573 angelus,
3503 2498 3591 2554 Dei
3611 2497 3756 2553 couti-

2194 2592 2292 2664 git.
2317 2592 2387 2650 de
2415 2604 2565 2664 petra
2598 2594 2736 2664 ignis
2757 2594 2966 2662 erupit;
2993 2602 3156 2662 atque
3184 2592 3257 2647 ita
3286 2590 3609 2648 sacriﬁcium
3636 2585 3755 2659 quod

2196 2686 2545 2753 oﬁ'erebatur,
2577 2687 2922 2759 absumptum
2952 2698 3037 2744 eat
3065 2684 3232 2759 (Ibid.
3256 2728 3270 2754 ,
3315 2686 3381 2743 i9
3410 2696 3457 2740 et
3482 2684 3627 2756 seq.).
3654 2682 3755 2750 Quo

2197 2777 2397 2833 indicio
2426 2778 2760 2834 declaratum
2803 2777 3019 2835 videtur
3059 2778 3205 2850 quod
3263 2787 3419 2849 petra
3466 2777 3555 2834 illa
3598 2786 3753 2848 typum

2195 2871 2445 2929 habuerit
2470 2873 2715 2944 corporis
2737 2871 2976 2939 Christi;
3008 2874 3135 2943 quia
3168 2871 3434 2943 scriptum
3478 2879 3560 2927 est
3590 2888 3604 2925 :
3632 2867 3754 2923 Bibe-

2194 2966 2315 3021 bant
2344 2967 2408 3021 de
2440 2967 2768 3038 consequenti
2806 2983 2891 3022 eos
2919 2977 3086 3038 petra,
3114 2976 3261 3040 petra
3287 2975 3461 3021 autem
3486 2975 3587 3021 erat
3611 2963 3757 3019 Claris-

2194 3071 2277 3117 tus
2308 3060 2352 3135 (l
2380 3059 2501 3117 Car.
2545 3077 2601 3126 χ,
2650 3059 2733 3132 4).
2763 3060 2917 3129 Quod
2948 3060 3136 3132 utique
3181 3075 3288 3116 non
3330 3058 3397 3114 ad
3453 3058 3755 3115 divinitatem

2194 3156 2335 3224 ejus,
2380 3153 2478 3211 sed
2524 3153 2591 3209 ad
2638 3170 2861 3210 carnem
2913 3155 3145 3211 relatum
3195 3163 3301 3222 est,
3334 3169 3459 3225 qua:
3498 3151 3759 3208 sitientium

2194 3250 2364 3306 corda
2390 3251 2712 3322 populorum
2742 3250 2970 3323 perenni
3015 3250 3135 3307 rivo
3177 3250 3263 3307 sui
3309 3249 3583 3321 sanguinis
3623 3248 3759 3303 inun-

2193 3341 2361 3399 davit.

2266 3438 2321 3493 5.
2361 3436 2481 3494 Jam
2515 3446 2643 3494 tunc
2691 3436 2857 3508 igitur
2905 3439 2960 3495 in
3011 3438 3274 3510 mysterio
3303 3436 3625 3494 declaratum
3664 3444 3756 3499 est,

2193 3534 2320 3606 quia
2351 3533 2614 3589 Dominus
2640 3533 2801 3590 Jesus
2830 3533 2884 3589 in
2918 3548 3085 3590 carne
3122 3549 3219 3589 sua
3261 3534 3430 3588 totius
3457 3531 3628 3588 mundi
3655 3543 3763 3599 pec-

2123 3625 2170 3685 B
2196 3634 2314 3684 cata
2344 3625 2636 3682 cruciﬁxus
2678 3626 2971 3683 aboleret:
3013 3641 3113 3682 nec
3155 3625 3334 3681 solum
3378 3624 3573 3681 delicta
3616 3623 3761 3677 iacto-

2196 3734 2339 3783 rum,
2370 3718 2466 3774 scd
2514 3719 2675 3774 etiam
2725 3718 3056 3789 cupiditates
3084 3719 3416 3774 animorum.
3463 3714 3598 3773 Caro
3635 3714 3760 3771 enim

2195 3810 2338 3868 hzedi
2367 3811 2435 3867 ad
2463 3811 2678 3881 culpam
2711 3812 2838 3867 facti
2871 3810 3107 3868 refertur
3127 3829 3142 3878 ;
3162 3811 3251 3881 jus
3280 3810 3348 3867 ad
3382 3810 3650 3866 illecebras
3682 3821 3763 3860 cu-

2197 3906 2505 3977 piditatum,
2535 3908 2674 3962 sicut
2704 3908 2964 3977 scriptum
2987 3917 3073 3963 est
3098 3923 3111 3961 :
3144 3906 3281 3976 Quia
3312 3906 3600 3975 concupiuit
3621 3918 3764 3973 popa-

2195 4000 2277 4054 lus
2303 3999 2638 4071 cupiditatem
2677 4000 2956 4071 pessimam
2978 4042 2994 4065 ,
3033 4010 3081 4055 et
3124 4000 3371 4055 dixerunt
3402 4017 3417 4055 :
3448 3999 3575 4066 Quis
3600 4011 3678 4051 nos
3701 3995 3764 4048 ci-

2193 4096 2327 4152 babit
2352 4112 2505 4151 carne
2527 4094 2719 4168 (Nam.
2755 4111 2808 4150 xi
2825 4138 2839 4162 ,
2868 4094 2963 4168 ψ
2989 4093 3145 4165 Quod
3173 4094 3335 4166 igitur
3358 4092 3596 4149 extendit
3619 4102 3762 4159 auge

2193 4190 2279 4245 lus
2306 4191 2536 4261 virgam,
2570 4198 2626 4245 et
2674 4189 2850 4261 tetigit
2899 4199 3143 4259 petram,
3175 4186 3244 4243 de
3290 4201 3398 4258 qua
3444 4185 3578 4259 ignis
3618 4181 3761 4238 exivit

2192 4281 2394 4356 (Judic.
2419 4299 2471 4339 νι
2491 4325 2507 4349 ,
2538 4283 2672 4357 2t);
2717 4282 2963 4339 05tendit
3000 4281 3147 4355 quod
3174 4296 3304 4337 caro
3334 4280 3545 4336 Domini
3584 4275 3761 4349 Spiritu

2192 4376 2405 4447 repleta
2444 4375 2654 4443 divino,
2684 4382 2909 4447 peccata
2948 4375 3131 4431 omnia
3171 4373 3425 4429 humanae
3471 4368 3765 4428 conditionis

2190 4475 2468 4526 exureret.
2497 4466 2654 4524 Unde
2682 4476 2737 4524 et
2770 4467 3033 4523 Dominus
3066 4466 3145 4521 ait
3176 4483 3191 4520 :
3224 4463 3415 4539 Ignem
3444 4463 3552 4519 ueni
3589 4461 3765 4516 mittere

2188 4564 2245 4617 in
2266 4571 2454 4617 terram
2486 4561 2640 4632 (Luc.
2668 4577 2779 4627 xtl,
2817 4561 2932 4631 l9).

2260 4656 2315 4710 4.
2362 4655 2610 4711 Advertit
2637 4656 2798 4727 igitur
2842 4654 2926 4710 vir
2968 4653 3166 4710 doctus
3214 4661 3272 4709 et
3310 4666 3582 4725 przesagus
3614 4644 3765 4703 luturi

2192 4764 2424 4820 superna
2460 4747 2753 4821 mysteria;
2791 4756 2845 4803 et
2866 4747 2991 4802 ideo
3020 4744 3323 4802 secundum
3346 4745 3560 4801 oracula
3582 4739 3765 4797 occidit

2193 4844 2418 4899 vitulum
2466 4858 2496 4899 a
2540 4852 2692 4913 patre
2732 4857 2832 4898 suo
2864 4840 3022 4897 idolis
3047 4841 3391 4913 deputatutn,
3420 4852 3475 4898 et
3518 4841 3621 4912 ipse
3644 4850 3769 4906 sep-

2194 4948 2412 4994 tennem
2436 4937 2601 4992 alium
2622 4936 2848 4992 vitulum
2870 4935 3169 4991 immolavit
3202 4936 3315 4993 Deo
3347 4937 3543 5007 (ludio.
3570 4950 3633 5001 τι,
3651 4928 3766 5001 25).

2115 5011 2161 5075 C
2191 5030 2311 5100 Quo
2353 5031 2495 5087 facto
2539 5029 2982 5086 manifestissime
3032 5028 3299 5085 revelavit
3341 5039 3463 5100 post
3498 5028 3768 5084 adventum

2195 5125 2411 5182 Domini
2438 5124 2619 5181 omnia
2642 5124 2961 5196 gentilitatis
2982 5122 3249 5179 abolenda
3274 5123 3558 5190 sacriﬁcia,
3578 5119 3768 5176 solum-

2188 5235 2297 5292 que
2345 5218 2674 5275 sacriﬁcium
2726 5218 2836 5273 Deo
2889 5217 3188 5273 Duminica:
3242 5218 3508 5287 passionis
3546 5227 3635 5286 pro
3673 5225 3767 5265 re-

2187 5313 2501 5387 demptione
2542 5312 2726 5386 populi
2776 5311 3163 5369 deferendum.
3202 5311 3422 5368 Etenim
3451 5308 3631 5366 vitulus
3668 5303 3769 5360 ille

2181 5473 2367 5527 doctus
2394 5471 2641 5539 oraculo;
2675 5481 2731 5528 et
2765 5486 2899 5528 sane
2924 5472 3067 5528 infra
3091 5471 3317 5528 Gedeon
3346 5471 3654 5529 nominatur,
3687 5466 3769 5539 air

2185 5545 2390 5610 doctus,
2413 5554 2473 5600 ut
2499 5537 2664 5600 etiam
2687 5545 2828 5615 apud
2848 5543 3140 5615 Origenem
3163 5545 3315 5601 hom.
3340 5546 3394 5601 in
3415 5540 3665 5602 eumdem.
3688 5537 3768 5590 ιὶτ

2184 5616 2434 5671 eruditus.

2255 5684 2283 5724 ἀ
2324 5688 2455 5743 Mss.
2485 5687 2711 5762 aliquot,
2738 5698 2814 5762 et_
2833 5704 2993 5762 super
3038 5703 3151 5746 eam
3193 5692 3290 5762 jus
3327 5686 3544 5759 eludit;
3589 5678 3767 5740 Albin.

2184 5774 2357 5829 unus,
2387 5770 2434 5815 et
2464 5775 2524 5817 ea
2558 5760 2709 5815 thure
2737 5757 2943 5827 e/j'udit.
