4016 6292
246 291 345 348 705

1376 286 1462 343 DE
1505 283 1774 347 SPIRITU
1813 285 2085 347 SANCTO
2125 285 2254 344 LIB.
2300 286 2340 343 I.

3417 289 3524 348 706

241 415 354 461 erat
385 405 434 460 in
464 412 588 476 typo
615 405 887 470 Christus,
911 406 961 462 in
984 417 1091 478 quo
1112 414 1319 476 septem
1345 406 1670 475 spiritalium
1705 407 1822 475 ple-
1850 417 1900 472 Α
1929 404 2142 468 ferens;
2176 413 2231 458 et
2258 402 2381 458 ideo
2405 399 2515 473 jam
2565 412 2665 457 nos
2706 397 2962 468 bibimus,
3005 398 3096 472 qui
3137 408 3263 458 ante
3303 401 3529 459 εἰιίιιιιει-

240 499 418 556 nitudo
448 500 727 565 virtutum,
774 503 913 556 sicut
941 498 1126 556 Esaias
1151 499 1289 554 dixit
1319 498 1489 572 (Esai.
1520 514 1569 565 I,
1599 499 1684 567 ‘2),
1720 499 1816 552 lm~

239 591 458 646 bitabat.
509 590 659 647 IIuttc
691 593 916 647 vitulum
949 602 1001 646 et
1030 590 1303 646 Abraham
1346 589 1573 656 obtulit,
1603 591 1820 660 quando

235 684 372 739 diem
417 685 623 740 Domini
652 685 804 752 vidit,
837 694 891 741 et
926 684 1144 755 gavisus
1183 694 1268 740 est
1305 681 1487 754 (Joan.
1545 699 1668 748 vtu,
1701 683 1814 753 56).

237 777 331 833 llic
361 786 444 833 est
472 777 558 849 qui
600 794 742 833 nunc
772 778 824 832 in
859 778 995 833 haedi
1027 788 1175 850 typo,
1207 778 1367 850 ωι
1397 792 1539 831 nunc
1583 777 1635 830 in
1667 777 1816 844 ovis,

235 885 373 926 nunc
402 869 455 924 in
489 870 638 925 vituli
669 870 1020 926 offerebatur.
1075 870 1252 936 Hmdi,
1299 871 1442 941 quod
1487 869 1815 925 sacrificium

234 979 328 1034 pro
355 963 569 1018 delictis
590 965 698 1030 sit;
729 965 868 1030 ovis,
900 963 1043 1035 quod
1067 964 1368 1020 voluntaria
1391 962 1565 1018 hostia
1597 979 1609 1015 :
1638 960 1816 1026 vituli,

230 1056 368 1127 quod
395 1057 740 1112 immaculata
773 1059 846 1112 sit
865 1060 1100 1114 victima.

297 1152 346 1205 5.
395 1151 648 1206 Prmvidit
671 1167 800 1222 ergo
832 1153 1148 1223 mysterium
1178 1160 1398 1207 sanctus
1429 1151 1674 1208 Gedeon.
1708 1150 1818 1207 De-

226 1245 386 1315 nique
421 1252 693 1300 trecentos
718 1245 881 1316 elegit
908 1247 972 1298 ad
1006 1245 1245 1315 praelium
1273 1245 1477 1318 (Judic.
1503 1262 1572 1301 vn
1592 1285 1608 1311 ,
1637 1245 1724 1316 6);
1759 1255 1819 1299 ut

225 1335 540 1392 ostenderet
581 1352 687 1392 non
716 1337 772 1392 in
804 1353 1030 1393 numero
1075 1338 1459 1404 multitudinis,
1491 1337 1586 1394 sed
1629 1339 1682 1392 in
1729 1351 1817 1392 sa-

223 1438 502 1486 cramento
529 1429 708 1486 crucis
737 1432 994 1486 mundum
1018 1432 1087 1486 ab
1115 1433 1334 1486 incursu
1355 1427 1662 1502 graviorum
1690 1430 1818 1486 hos-

223 1525 351 1579 tium
390 1525 756 1580 liberandum.
817 1525 881 1580 Et
927 1537 1109 1580 tamen
1161 1525 1290 1581 licet
1333 1525 1490 1580 {ortis
1543 1536 1598 1580 et
1649 1523 1812 1587 ﬁdus,

219 1618 462 1688 pleniora
495 1617 675 1673 adhuc
716 1617 786 1674 de
842 1619 1072 1674 Domino
1125 1619 1318 1672 futura:
1366 1619 1606 1673 victoriae
1650 1618 1816 1674 docu-

219 1720 397 1766 menta
424 1711 732 1781 qumrebat,
768 1711 995 1768 dicens:
1031 1712 1091 1767 Si
1123 1713 1293 1767 salvas
1311 1714 1366 1768 in
1394 1729 1547 1766 manu
1586 1729 1698 1766 mea
1731 1711 1816 1768 Is-

1927 513 2082 562 mus,
2125 506 2180 552 et
2209 496 2454 551 divinum
2498 493 2650 549 illum
2701 492 2959 564 Spiritum
3020 496 3210 549 haustu
3266 493 3525 560 interiore

1927 598 2197 660 potamus.

1995 681 2048 737 9.
2093 681 2206 737 lloc
2228 697 2357 753 ergo
2383 681 2633 751 praevidit
2656 689 2880 738 sanctus
2905 679 3154 749 Gedeon,
3179 681 3305 754 quia
3333 697 3520 740 verum

1922 786 1977 830 et
2008 776 2309 845 spiritalem
2338 790 2517 832 rorem
2548 775 2712 832 etiam
2734 776 2977 847 gentium
3005 776 3254 832 nationes
3277 785 3432 832 erant
3463 775 3528 831 li-

1921 869 2009 925 dei
2045 871 2393 940 perceptione
2422 871 2706 936 bibiturtc,
2745 880 2800 928 et
2829 871 2954 928 ideo
2992 869 3308 942 diligentius
3335 871 3524 943 explo-

1920 963 2087 1028 ravit;
2119 974 2202 1018 est
2223 965 2367 1018 enim
2395 963 2704 1021 necessaria
2730 965 2944 1021 cautela
2976 973 3312 1022 sanctorum.
3339 965 3522 1036 Siqui-

1920 1052 2045 1110 dem
2087 1057 2250 1110 etiam
2291 1055 2450 1112 .Iesus
2480 1057 2625 1113 Nave
2652 1072 2775 1114 cum
2808 1057 3036 1114 vidisset
3073 1058 3265 1116 ducem
3314 1058 3523 1114 militia:

1920 1147 2180 1214 caelestis,
2235 1151 2629 1223 interrogavit:
2668 1151 2861 1208 Noster
2887 1169 2970 1218 es,
3015 1169 3082 1208 an
3109 1153 3526 1208 aduersariorum

1920 1237 2079 1309 (los.
2108 1257 2160 1309 v,
2192 1242 2261 1298 I3
2288 1241 2351 1312 )‘l
2397 1260 2465 1300 ne
2522 1243 2662 1302 forte
2704 1246 2971 1317 aliquibus
3017 1247 3181 1320 603
3231 1246 3530 1304 adversarii

1920 1332 2208 1403 praestigiis
2235 1332 2532 1390 falleretur.

1994 1423 2082 1479 10.
2152 1423 2268 1481 Non
2319 1435 2502 1483 tamen
2558 1429 2735 1485 otiose
2776 1429 2922 1501 quod
2954 1431 3128 1488 vellus
3179 1447 3287 1489 non
3339 1433 3422 1490 vel
3470 1434 3524 1490 in

1917 1533 2113 1588 campo
2140 1519 2338 1589 posuit,
2373 1520 2456 1576 vel
2486 1521 2538 1576 in
2570 1531 2762 1592 prato:
2801 1524 2897 1580 sed
2939 1525 3118 1596 posuit
3147 1525 3202 1581 in
3244 1543 3396 1594 area,
3427 1527 3523 1586 ubi

1918 1612 2113 1666 messis
2143 1622 2226 1667 est
2253 1611 2416 1668 tritici
2441 1628 2456 1668 :
2492 1613 2681 1669 Messis
2713 1617 2851 1670 enim
2881 1617 3065 1685 multa,
3094 1621 3320 1690 operarii
3353 1631 3526 1678 autem

1919 1706 2072 1775 pauci
2103 1704 2257 1775 (Luc.
2284 1722 2339 1773 x,
2378 1707 2500 1779 12);
2528 1723 2596 1764 eo
2621 1709 2764 1779 quod
2793 1725 2891 1781 per
2917 1711 3077 1769 fidem
3109 1714 3319 1772 Domini
3347 1714 3531 1773 futura

215 1805 359 1871 rael,
411 1805 852 1875 quemadmodum
901 1807 1100 1860 locutus
1145 1822 1222 1870 es,
1269 1804 1522 1873 Domine;
1565 1823 1679 1862 ecce
1723 1823 1820 1878 ego
1850 1819 1898 1879 B
1924 1810 2070 1856 esse!
2098 1803 2296 1857 meSSiS
2324 1802 2557 1859 fecunda
2589 1804 2870 1861 Virtutum.

213 1913 349 1965 pono
373 1895 515 1951 lance
541 1899 703 1953 vellus
725 1900 778 1952 in
815 1915 939 1954 area
963 1915 981 1954 :
1002 1909 1050 1954 et
1075 1902 1120 1954 si
1153 1917 1238 1956 ros
1275 1902 1445 1972 factus
1478 1902 1636 1971 fuerit
1665 1917 1820 1972 super

211 1989 394 2055 tellus,
444 2000 496 2044 et
543 2007 695 2062 super
738 2009 939 2047 onmem
985 2003 1176 2047 terram
1224 1994 1459 2058 siccitas,
1515 2010 1821 2065 cognoscam

215 2085 333 2153 quia
357 2085 412 2139 in
431 2101 591 2141 manu
617 2102 731 2141 mea
763 2086 1041 2143 secundum
1087 2089 1336 2160 promissa
1365 2097 1452 2142 tua
1481 2092 1728 2160 populum
1751 2088 1819 2143 li.

212 2177 441 2232 berabis.
503 2178 574 2234 Et
621 2179 694 2234 ita
750 2185 944 2251 factum
1000 2192 1073 2236 est
1115 2179 1318 2253 (Judic.
1355 2197 1438 2249 vn,
1479 2182 1548 2238 56
1579 2192 1626 2236 et
1659 2184 1817 2254 seq.).

207 2266 315 2323 Sed
355 2269 569 2342 adjecit
611 2280 823 2342 postea,
856 2281 915 2327 ut
956 2259 1170 2328 rursum
1202 2289 1293 2328 ros
1326 2273 1620 2344 proflueret
1655 2289 1820 2345 super

206 2367 372 2415 totam
401 2371 637 2429 terram,
665 2373 720 2420 et
748 2363 964 2420 siccitas
988 2377 1134 2420 esset
1164 2366 1216 2420 in
1245 2366 1472 2422 vellere.

280 2457 335 2511 6.
378 2457 596 2524 Quaerit
637 2456 864 2514 fortasse
891 2459 1083 2528 aliquis
1115 2470 1420 2515 utrumnam
1457 2459 1609 2532 quasi
1640 2460 1820 2516 incre-

203 2549 366 2606 (Iulus
395 2565 528 2606 esse
551 2549 820 2617 videatur,
850 2552 939 2621 qui
974 2553 1346 2622 frequentibus
1378 2553 1700 2608 informatus
1735 2553 1820 2608 in-

202 2642 361 2698 diciis
389 2641 581 2699 adhuc
612 2643 765 2713 plura
789 2645 1081 2714 poscebat?
1105 2645 1211 2702 Sed
1241 2646 1697 2716 quemadmodum
1724 2663 1820 2716 po-

205 2745 313 2793 test
342 2737 523 2793 videri
558 2737 712 2809 quasi
741 2738 1023 2809 ambiguus
1053 2739 1400 2810 incertusque
1442 2749 1701 2802 tentasse.
1728 2739 1818 2811 qui

203 2831 470 2901 mysteria
507 2830 864 2901 loquebatur?
906 2831 1024 2886 Non
1064 2848 1193 2903 ergo
1225 2833 1317 2888 ille
1359 2833 1681 2904 ambiguus,
1721 2832 1818 2889 sed

203 2921 520 2993 providus,
559 2938 636 2996 ‘ne
669 2937 768 2979 nos
809 2924 1228 2994 ambigeremus.
1263 2924 1393 2979 Nam
1423 2925 1697 2995 quoruodo
1729 2926 1821 2982 ille

200 3015 528 3086 ambiguus,
557 3014 716 3086 cujus
765 3017 1006 3086 precatio
1053 3015 1286 3072 habebat
1325 3016 1616 3072 ell'ectum?
1663 3016 1818 3073 Unde

201 3120 388 3164 autem
418 3122 654 3164 securus
691 3107 922 3164 adorsus
955 3118 1104 3164 esset
1148 3109 1412 3180 prarlium,
1461 3110 1561 3164 nisi
1602 3109 1816 3165 intelle-

1997 1897 2086 1951 Η.
2124 1896 2235 1953 Nec
2267 1897 2398 1953 illud
2423 1898 2601 1955 otiose
2625 1900 2770 1971 quod
2802 1902 3102 1959 exsiccavit
3140 1903 3316 1962 vellus
3333 1905 3526 1964 Judai-

1921 2004 2066 2057 cum,
2117 1999 2171 2046 et
2203 2005 2381 2047 rorem
2427 1991 2547 2062 ejus
2585 1993 2736 2049 misit
2777 1994 2831 2049 iu
2867 1995 3091 2066 pelvim,
3137 2009 3195 2054 ut
3225 1999 3530 2070 repleretut'

1920 2097 2082 2152 aqua,
2114 2099 2221 2139 non
2253 2093 2432 2141 tamen
2463 2086 2580 2157 ipse
2605 2101 2674 2143 eo
2705 2103 2832 2143 rore
2864 2088 3029 2158 pedes
3047 2090 3186 2146 lavit
3213 2089 3420 2162 (Jsdic.
3446 2107 3524 2160 vr,

1921 2173 2011 2241 39,
2050 2175 2164 2245 40).
2214 2177 2319 2232 Alii
2361 2176 2666 2234 debebatur
2696 2179 2833 2235 tanti
2865 2183 3222 2254 przcrogativa
3250 2184 3524 2256 mysterii.

1921 2265 2354 2336 Esspectabatur
2383 2268 2475 2324 ille
2513 2269 2604 2340 qui
2645 2270 2838 2327 sordes
2867 2274 3112 2329 omnium
3151 2274 3303 2331 solus
3343 2285 3530 2346 posset

1919 2357 2162 2414 abluere.
2183 2358 2300 2415 Non
2329 2369 2446 2416 erat
2474 2370 2656 2417 tantus
2681 2361 2926 2430 Gedeon,
2954 2366 3047 2436 qui
3075 2365 3179 2422 hoc
3193 2366 3296 2424 sibi
3323 2367 3350 2407 δ
3372 2383 3526 2440 mys-

1923 2451 2116 2506 terium
2140 2453 2461 2510 vindicaret.
2497 2454 2613 2510 Non
2644 2455 2790 2512 enim
2821 2457 3066 2527 Gedeon,
3099 2459 3196 2516 sed
3225 2458 3401 2515 Filius
3432 2461 3529 2518 ho-

1920 2547 2073 2600 minis
2104 2547 2240 2601 venit
2266 2564 2369 2602 non
2391 2549 2703 2615 ministrari,
2727 2551 2818 2605 sed
2845 2551 3141 2608 ministrare
3171 2552 3390 2624 (Matth.
3420 2570 3522 2624 xx,

1919 2637 2034 2708 28).
2049 2639 2233 2708 Itaque
2244 2655 2638 2712 cognoscamus
2651 2643 2704 2698 in
2717 2658 2825 2714 quo
2838 2643 2956 2700 haec
2972 2645 3228 2718 mysteria
3242 2646 3529 2706 videantur

1920 2744 2044 2786 esse
2073 2733 2366 2802 completa.
2397 2732 2514 2789 Non
2539 2735 2592 2789 in
2624 2744 2815 2791 sancto
2831 2735 3119 2795 Hierobaal
3142 2755 3156 2805 ;
3183 2739 3362 2798 adhuc
3377 2742 3526 2799 enim

1921 2833 2077 2879 erant
2101 2824 2196 2879 illa
2218 2827 2505 2898 principia.
2537 2826 2667 2884 Ideo
2693 2836 2886 2900 gentes
2912 2830 3092 2900 victae,
3145 2834 3273 2906 quia
3303 2836 3529 2892 siccitas

1922 2925 2040 2971 erat
2068 2916 2244 2974 adhuc
2273 2919 2325 2974 in
2354 2919 2608 2990 gentibus
2642 2937 2657 2976 :
2699 2922 2822 2980 ideo
2869 2923 3035 2982 Israel
3078 2927 3232 2994 vicit,
3277 2927 3400 3000 quia
3432 2942 3528 2986 ros

1923 3014 2055 3064 tunc
2079 3011 2332 3066 manebat
2355 3011 2407 3067 in
2439 3012 2661 3070 vellere.

2000 3104 2088 3159 12.
2133 3103 2428 3162 Veniamus
2454 3107 2522 3164 ad
2556 3108 2657 3166 Dei
2685 3110 3059 3184 Evangelium.
3093 3115 3315 3172 Invenio
3341 3117 3528 3175 Domi-

201 3203 380 3258 sisset
420 3205 713 3260 oraculum
749 3221 761 3258 :
797 3218 889 3259 ros
930 3203 1074 3260 enim
1107 3204 1160 3258 in
1206 3203 1408 3260 vellere
1448 3204 1582 3259 fides
1613 3215 1732 3260 erat
1765 3205 1815 3260 in
1846 3209 1890 3272 ρ
1925 3212 2052 3251 num
2076 3199 2404 3268 SPOIianlem
2437 3217 2498 3258 se
2547 3205 2895 3272 vestimenta,
2928 3215 2984 3263 et
3014 3209 3436 3281 prmcingentem
3462 3227 3527 3270 se

206 3294 399 3352 Iudaea
420 3315 436 3363 ;
460 3299 616 3370 quia,
648 3296 787 3354 sicut
814 3312 926 3365 ros,
957 3297 1051 3354 Dei
1079 3297 1241 3354 verba
1265 3297 1598 3353 descendunt
1631 3296 1811 3369 (Deut.

202 3403 357 3444 χχιιι
378 3431 395 3457 ,
419 3389 502 3461 2).

279 3483 332 3537 7.
379 3483 536 3556 Ergo
557 3483 778 3555 quando
801 3478 950 3540 lotus
978 3484 1126 3540 orbis
1153 3484 1493 3540 infructuosa
1521 3493 1658 3540 aestu
1688 3499 1820 3556 gen-

195 3576 316 3633 tilis
350 3577 770 3650 superstitionis
791 3580 1001 3645 arebat,
1035 3589 1163 3635 tunc
1185 3589 1304 3635 erat
1334 3595 1424 3636 ros
1454 3580 1545 3636 ille
1574 3581 1818 3638 cmlestis

195 3670 550 3727 visitationis
595 3672 647 3726 in
677 3671 902 3728 vellere.
937 3673 1129 3728 Postea
1159 3688 1290 3728 vero
1327 3688 1488 3744 quam
1533 3689 1667 3729 oves
1697 3689 1819 3744 qua:

193 3763 434 3837 (Matth.
482 3780 578 3831 xv,
609 3763 705 3836 ‘24)
742 3766 1018 3834 perierunt
1058 3765 1254 3822 domus
1280 3767 1444 3822 Israel
1485 3767 1649 3838 (unde
1688 3775 1819 3840 puto

189 3859 440 3929 figuram
459 3858 676 3915 Judaici
695 3859 913 3916 velleris
935 3861 1361 3934 adumbratam),
1386 3879 1536 3930 oves,
1564 3865 1781 3936 inquam
1801 3906 1816 3931 ,

187 3953 306 4009 illa:
341 3953 569 4014 fontem
605 3969 761 4024 aqua:
800 3956 938 4010 vivm
983 3965 1251 4026 negarunt
1303 3955 1523 4030 (Jerem.
1579 3973 1646 4024 tt,
1701 3957 1817 4026 15),

187 4061 286 4104 ros
312 4047 455 4104 fidei
492 4047 768 4103 Iiutnentis
795 4049 1009 4104 exaruit
1039 4049 1090 4103 in
1128 4049 1436 4119 pectoribus
1463 4049 1778 4106 Iudaeorum
1802 4092 1816 4115 ,

183 4151 542 4211 meatusque
587 4156 714 4197 suos
757 4140 880 4198 fons
923 4142 1012 4197 ille
1039 4142 1257 4198 divinus
1289 4143 1340 4197 in
1371 4141 1535 4198 corda
1575 4143 1819 4214 gentium

183 4232 486 4290 derivavit
521 4231 691 4306 (Esai.
725 4249 815 4300 ιιι,
837 4232 918 4304 2).
942 4233 1070 4289 Inde
1097 4244 1182 4289 est
1209 4234 1350 4305 quod
1380 4249 1521 4290 nunc
1544 4235 1668 4291 fidei
1693 4251 1820 4293 rore

183 4335 343 4384 totus
377 4325 548 4382 orbis
573 4326 878 4382 liumescit:
911 4336 967 4381 at
989 4341 1117 4384 vero
1143 4327 1314 4384 Judaei
1358 4328 1650 4400 prophetas
1691 4345 1820 4387 suos

180 4429 242 4476 et
274 4418 652 4476 consiliarios
681 4418 1052 4490 perdiderunt.

258 4512 322 4568 8.
404 4508 530 4566 Nec
577 4511 778 4566 mirum
825 4511 871 4566 si
927 4511 1168 4583 perfidiae
1214 4513 1450 4570 subeant
1492 4514 1817 4583 siccitatem,

1920 3290 2112 3356 linteo,
2139 3293 2444 3349 mittentem
2475 3311 2670 3367 aquam
2703 3299 2756 3352 in
2789 3299 3012 3368 pelvim,
3047 3300 3326 3360 lavantem
3355 3304 3528 3376 pedes

1918 3383 2307 3455 discipulorum
2351 3387 2531 3460 (Joatt.
2583 3405 2706 3457 xui,
2739 3389 2773 3444 4
2803 3401 2850 3446 et
2890 3393 3048 3466 αφ).
3076 3393 3205 3451 Haec
3247 3408 3362 3454 erat
3386 3413 3527 3471 aqua

1920 3491 2011 3532 ros
2041 3477 2130 3534 ille
2159 3479 2423 3547 ctelestis,
2453 3479 2555 3536 hoc
2587 3482 3018 3554 propltetabatur
3042 3497 3065 3526 ο
3096 3487 3243 3558 quod
3276 3489 3372 3546 illo
3400 3506 3530 3550 rore

1920 3570 2130 3626 coalesti
2169 3571 2566 3643 discipulorum
2607 3589 2830 3632 suorum
2865 3577 3126 3636 Dominus
3162 3580 3324 3638 Jesus
3355 3583 3528 3655 pedes

1921 3661 2147 3719 lavaret.
2183 3665 2249 3719 Et
2287 3681 2428 3722 nunc
2456 3667 2821 3724 extendantur
2851 3670 3017 3740 pedes
3050 3673 3360 3732 animorum
3392 3693 3524 3734 nos-

1922 3764 2152 3813 trorum.
2179 3758 2304 3815 Vult
2330 3760 2588 3816 Dominus
2611 3761 2767 3818 Jesus
2789 3771 2845 3819 et
2869 3773 3091 3822 nostros
3117 3766 3298 3822 lavare
3322 3768 3523 3839 pedes;

1923 3866 2032 3908 non
2069 3854 2212 3908 enim
2260 3853 2423 3911 Petro
2471 3856 2597 3924 soli,
2652 3856 2747 3913 sed
2803 3859 3094 3931 unicuique
3141 3861 3276 3917 dicit
3332 3863 3524 3920 fideli:

1924 3945 2046 4000 Nisi
2072 3948 2242 4002 lavero
2293 3949 2382 4003 tibi
2430 3950 2605 4020 pedes,
2654 3967 2758 4006 non
2813 3952 3024 4008 habebis
3072 3970 3270 4010 mecum
3323 3965 3525 4027 partem

1923 4035 2124 4106 (Ibid,
2155 4039 2235 4111 ε).

1996 4134 2084 4190 15.
2120 4133 2252 4190 Veni
2295 4149 2448 4207 ergo,
2493 4135 2722 4194 Domine
2747 4137 2898 4206 Jesu,
2929 4155 3067 4197 exue
3097 4150 3148 4198 te
3174 4142 3521 4211 vestimenta,

1923 4242 2043 4298 quae
2075 4237 2295 4299 pr0pter
2326 4245 2414 4286 me
2445 4229 2665 4286 induisti
2700 4248 2713 4286 :
2748 4242 2870 4289 esto
2896 4233 3070 4289 nudus
3096 4276 3109 4300 ,
3143 4243 3202 4291 ut
3227 4250 3327 4292 nos
3358 4237 3529 4295 misc-

1925 4318 2159 4375 ricordia
2191 4331 2277 4375 tua
2308 4321 2526 4378 vestias.
2555 4321 2834 4396 Praecinge
2864 4335 2917 4381 te
2944 4336 3170 4398 propter
3201 4343 3302 4385 nos
3333 4329 3535 4399 linteo,

1924 4421 1982 4467 ut
2013 4428 2114 4469 nos
2145 4415 2219 4470 tui
2253 4416 2498 4472 muneris
2538 4417 2951 4475 immortalitate
2995 4421 3318 4494 praecingas.
3375 4424 3531 4482 Mitte

1925 4522 2119 4577 aquam
2148 4507 2201 4562 in
2226 4507 2424 4577 pelvim
2458 4527 2470 4562 :
2506 4507 2622 4564 lava
2654 4525 2763 4566 non
2785 4511 2960 4567 solum
2990 4511 3177 4583 pedes,
3203 4514 3299 4571 sed
3319 4514 3482 4572 etiam
3501 4515 3530 4554 ἀ

177 4621 334 4677 quos
364 4605 651 4661 Dominus
683 4605 826 4662 Deus
857 4606 1161 4677 prophetici
1209 4608 1398 4664 imbris
1427 4608 1676 4665 ubertate
1705 4609 1816 4681 pri.
1841 4605 1896 4666 D
1919 4611 2083 4672 caput
2111 4619 2130 4656 ι
2157 4617 2257 4658 nec
2281 4602 2460 4659 solum
2497 4605 2747 4676 corporis
2773 4605 2972 4674 nostri,
3004 4606 3102 4664 sed
3133 4607 3298 4664 etiam
3326 4610 3531 4668 mentis

177 4705 381 4771 vavit,
420 4703 625 4758 dicens
667 4719 680 4757 :
713 4701 974 4757 Mandabo
1015 4702 1230 4758 nubibus
1261 4702 1386 4756 meis
1425 4718 1486 4756 ne
1514 4703 1696 4773 pluunt
1732 4720 1822 4757 su-

174 4815 278 4870 per
321 4798 553 4852 vineam
581 4799 731 4852 istaut
761 4795 934 4870 (Esai.
969 4811 1022 4860 v,
1053 4796 1130 4868 6).
1169 4797 1269 4850 Est
1305 4795 1450 4851 enim
1491 4795 1821 4866 prophetica

172 4892 362 4948 nubis
388 4888 585 4961 pluvia
617 4888 894 4953 salutaris,
927 4887 1141 4943 sicutet
1163 4885 1511 4942 Daviddixit:
1550 4885 1823 4942 Descendit

167 4987 323 5041 sicut
381 4982 578 5054 pluvia
607 4983 657 5037 in
685 4982 871 5048 vellus,
905 4990 952 5036 et
981 4980 1114 5035 sicut
1158 4979 1424 5034 stillicidia
1450 4978 1703 5034 stillantia
1737 4995 1824 5033 su-

167 5094 275 5148 per
309 5086 534 5131 terram
576 5074 752 5148 (Psal.
811 5090 970 5139 Lxxt,
1030 5073 1109 5144 6).
1143 5072 1294 5128 Hanc
1326 5071 1483 5127 nobis
1523 5069 1821 5142 Scriptura:

166 5172 406 5226 divina:
447 5169 617 5224 totius
655 5167 840 5223 mundi
873 5166 1104 5238 pluviam
1135 5165 1562 5236 pollicebantur,
1589 5179 1711 5234 quas
1749 5165 1822 5219 ri-

162 5271 353 5336 garet
408 5259 611 5315 orbem
643 5260 743 5316 sub
787 5259 999 5315 Domini
1029 5257 1329 5315 Salvatoris
1367 5258 1604 5314 adventu
1638 5267 1663 5295 ⁸
1697 5259 1822 5330 Spi-

168 5358 338 5412 ritus
387 5368 536 5409 rore
575 5354 760 5409 divini.
790 5353 947 5410 Venit
973 5369 1102 5423 ergo
1125 5353 1238 5422 jam
1267 5352 1552 5421 Dominus,
1594 5353 1741 5408 venit
1767 5362 1824 5409 et

166 5450 420 5524 pluvia,
459 5447 615 5504 venit
645 5447 903 5504 Dominus
930 5446 1205 5504 stillicidia
1233 5447 1697 5506 secumemlestia
1727 5447 1823 5504 de-

254 5647 287 5716 _a
336 5631 629 5716 l‘ionnulli
658 5648 816 5702 mss.,
849 5634 1078 5716 Spiritus
1099 5652 1185 5691 ore
1211 5635 1405 5690 divino.
1638 5704 1652 5716 ‘
1753 5701 1790 5716 ﬂ

245 5707 284 5749 ιι
337 5707 434 5762 Ita
465 5703 605 5758 edit.
633 5720 821 5761 omnes
845 5703 908 5760 ac
931 5707 1112 5771 plures
1138 5723 1270 5763 mss.
1291 5724 1305 5774 ;
1329 5718 1382 5763 at
1415 5721 1521 5762 non
1548 5704 1690 5762 male
1717 5703 1822 5759 ali-

159 5789 331 5856 quot.
341 5777 510 5856 alii,
543 5777 874 5856 ministerium
901 5778 1200 5856 uindicaret.

256 5865 284 5896 ε
337 5850 506 5910 Mss.
532 5849 772 5904 nonnulli
791 5890 806 5917 ,
829 5849 966 5918 quod
997 5850 1088 5906 illo
1118 5867 1268 5922 opere
1292 5850 1505 5920 ctelesti,
1528 5859 1634 5908 etc.

1923 4695 2173 4765 vestigia.
2204 4694 2340 4752 Volo
2363 4711 2568 4753 exuere
2595 4712 2788 4754 omnes
2815 4707 3021 4756 nostrae
3042 4700 3235 4758 sordes
3271 4701 3535 4774 fragilita-

1926 4788 2030 4855 tis;
2061 4796 2122 4844 ut
2149 4798 2208 4846 et
2248 4805 2350 4862 ego
2391 4789 2612 4848 dicam:
2667 4791 2838 4850 Nocte
2888 4795 3008 4850 exui
3057 4796 3288 4852 tunicam
3336 4813 3524 4866 nteant,

1923 4885 2178 4956 quomodo
2208 4886 2422 4940 induam
2437 4886 2595 4943 eam?
2626 4886 2752 4943 Lavi
2776 4889 2930 4961 pedes
2961 4905 3125 4958 meos,
3159 4891 3418 4963 quomodo
3446 4891 3531 4944 in-

1925 4979 2146 5047 quinabo
2168 4980 2285 5034 illos
2313 4978 2490 5052 (Cant.
2516 4996 2572 5049 v,
2599 4980 2693 5050 3)?

1997 5073 2086 5128 M.
2120 5071 2328 5141 Quanta
2357 5071 2457 5128 ista
2490 5073 2744 5146 majestas
2766 5077 2880 5133 est!
2905 5075 3338 5145 Quaslminister
3359 5075 3528 5148 pedes

1924 5165 2244 5221 famulorum
2287 5176 2500 5222 tuorum
2546 5168 2725 5236 lavas,
2752 5171 2908 5242 quasi
2936 5171 3079 5227 Deus
3118 5185 3302 5228 rorem
3354 5167 3530 5228 mittis

1923 5273 1956 5314 e
1983 5257 2142 5314 coelo.
2172 5256 2280 5314 Nec
2310 5257 2490 5315 solum
2523 5260 2690 5332 pedes
2719 5261 2890 5330 lavas,
2921 5263 3018 5319 sed
3047 5262 3212 5318 etiam
3243 5271 3301 5317 ut
3344 5270 3526 5320 tecum

1925 5351 2308 5408 recumbamus
2357 5352 2580 5421 invitas,
2628 5363 2682 5412 et
2708 5353 2959 5426 exemplo
2983 5367 3084 5408 nos
3111 5362 3218 5407 tua:
3259 5352 3532 5424 dignatio-

1925 5447 2011 5502 nis
2062 5445 2298 5501 hortaris
2345 5447 2536 5504 dicens
2583 5463 2596 5501 :
2630 5445 2835 5502 Vocatis
2862 5460 2942 5499 me
2961 5444 3230 5500 dominum
3251 5455 3308 5513 et
3336 5446 3532 5518 magis-

2000 5631 2028 5669 ά
2067 5629 2269 5686 Omnes
2295 5629 2426 5687 edit.
2467 5645 2532 5686 ac
2570 5643 2702 5685 mss.
2732 5641 2839 5683 non
2872 5626 3052 5696 pauci,
3084 5637 3261 5699 caput.
3293 5629 3409 5688 Nec
3433 5651 3528 5691 so-

1927 5704 2128 5759 lum...
2165 5701 2410 5780 _eestigia_
2439 5701 2555 5780 uolo
2581 5714 2818 5780 (exuere,
2848 5713 3061 5780 omnes;
3107 5700 3204 5757 sed
3245 5703 3340 5760 alii
3384 5721 3522 5772 mss.

1927 5773 2269 5831 commodius
2297 5769 2460 5828 verba
2486 5769 2845 5838 distinguunt,
2870 5777 2931 5824 ut
2959 5769 3016 5824 in
3045 5779 3218 5830 textu.
