4016 6292
229 331 341 390 τοι)

1418 334 1502 390 DE
1539 325 1805 392 SPIRITU
1849 331 2124 391 SANCTO
2161 333 2290 390 LIB.
2337 335 2378 391 Ι,

3450 339 3555 393 ἨΟ

233 451 444 521 Spiritu
479 468 593 507 mea
623 468 782 519 super
813 467 1010 506 onmem
1047 465 1287 515 carnem,
1329 457 1376 503 et
1420 448 1837 521 prOpItetalnmt'1
1871 453 1922 510 Α
1950 449 2257 505 ﬂectantur.
2301 449 2533 504 Possunt
2577 450 2719 505 enim
2764 449 2948 504 dicere
2992 449 3044 504 itt
3095 451 3399 521 principio:
3444 451 3553 507 Nec

235 545 333 614 ﬁlii
360 556 408 601 et
439 541 570 616 ﬁlia:
599 563 776 600 eorum
805 541 964 618 (Joel.
999 561 1070 612 tt,
1112 541 1228 615 2|).
1262 541 1357 598 llic
1386 553 1466 598 cst
1503 545 1553 597 in
1595 549 1726 614 typo
1756 558 1845 596 ros

233 635 328 692 ille
356 637 606 696 caelestis
637 655 650 690 :
685 637 798 692 lucc
831 635 1009 708 pluvia
1044 635 1375 702 voluntaria,
1404 638 1543 690 sicut
1577 635 1801 707 legimus
1829 653 1841 688 :

236 727 484 785 Pluviam
528 731 876 786 voluntariam
919 748 1192 806 segregans
1231 727 1366 783 Deus
1408 728 1698 784 Increditolt'
1738 746 1846 784 sua!

236 820 415 891 (I’sal.
450 839 596 877 vau
624 865 639 890 ,
678 823 788 892 i8).
825 817 990 894 (Alias
1018 839 1134 893 cap.
1176 821 1240 894 Ι.)
1277 820 1395 876 Non
1426 821 1572 876 enim
1603 820 1842 890 Spiritus

231 926 461 972 Sanctus
500 927 590 969 aut
629 916 880 985 potestati
907 916 1098 971 aliena:
1129 925 1212 970 est
1250 914 1526 985 subjectus
1565 925 1656 968 aut
1695 914 1840 984 juri;

231 1003 330 1062 sed
381 1022 495 1064 stne
547 1005 815 1062 libertatis
868 1005 1096 1072 arbiter,
1149 1006 1329 1060 omnia
1383 1019 1480 1076 pro
1522 1005 1846 1062 auctoritate

232 1101 472 1170 propria:
523 1099 818 1154 voluntatis
848 1097 1134 1164 dividens,
1169 1097 1309 1155 sicut
1355 1099 1588 1171 legimus
1618 1091 1684 1171 (i
1719 1097 1837 1154 Ger.

233 1208 333 1258 xu,
366 1189 475 1262 10),
509 1192 736 1264 singulis
766 1199 926 1266 prout
955 1193 1089 1248 vult.

757 1328 984 1388 CAPUT
1024 1328 1315 1389 PRIMUM.

230 1423 612 1494 Argumentum
638 1435 788 1478 suum
824 1438 1096 1494 aggressus
1121 1423 1448 1491 Ambrosius,
1482 1425 1841 1496 imperatorem

305 1532 424 1571 cum
453 1523 666 1586 propter
697 1517 853 1584 fidem
873 1558 889 1583 ,
934 1527 1042 1572 tum
1063 1529 1276 1589 propter
1306 1517 1572 1576 baeiticant
1593 1515 1844 1578 Ecclesia?

309 1611 606 1666 restitutam
657 1610 886 1666 laudat:
927 1609 1049 1666 hinc
1089 1611 1177 1666 ubi
1221 1613 1353 1668 dixit
1399 1612 1751 1678 adversarios,
1797 1611 1843 1667 ti

303 1703 567 1775 Spiritum
590 1713 828 1759 sanctum
856 1707 1050 1760 servire
1069 1708 1363 1778 negaverint
1388 1747 1404 1771 ,
1444 1707 1569 1777 quin
1591 1708 1655 1761 ait
1687 1722 1841 1776 super

305 1800 512 1866 tritinia,
539 1799 754 1871 difﬁteri
779 1816 882 1854 non
913 1815 1096 1870 posse;
1122 1800 1268 1856 addit
1298 1801 1558 1868 Spiritum
1587 1801 1838 1864 euutdeut,

301 1907 421 1946 eum
449 1890 579 1945 duit
607 1907 625 1946 :
660 1889 924 1950 Uuivnrsa
948 1893 1195 1948 serviunt
1229 1894 1362 1959 tibi,
1395 1893 1780 1952 reticulatum
1808 1909 1841 1945 a

303 1985 556 2037 creaturis
578 1999 634 2038 se
659 1984 890 2054 separari
927 1999 946 2038 :
989 1985 1126 2055 quod
1165 1985 1283 2038 aliis
1308 2001 1510 2055 quoque
1539 1985 1842 2046 testiamniis

308 2078 586 2133 astruitur.

315 2214 404 2271 i9.
445 2213 562 2270 Non
587 2229 720 2287 ergo
753 2216 893 2271 inter
917 2215 1135 2284 omnia,
1167 2216 1266 2272 sed
1302 2229 1467 2286 super
1496 2217 1680 2271 omnia
1713 2216 1840 2286 Spi-

231 2305 394 2362 ritus'
421 2318 644 2362 sanctus
694 2309 798 2363 est.
837 2305 955 2363 iam
989 2308 1133 2362 enitn
1175 2309 1243 2364 de
1272 2323 1338 2364 eo
1361 2307 1379 2377 (
1406 2305 1432 2346 ⁵
1473 2309 1734 2378 quoniam
1769 2309 1840 2362 ita

231 2402 395 2472 plene
438 2400 505 2456 de
551 2401 643 2456 Dei
685 2399 854 2471 Filio,
903 2401 1336 2458 clementissime
1376 2401 1698 2473 imperator,
1754 2402 1841 2458 iu-

228 2497 476 2550 structus
505 2509 564 2549 es
589 2536 601 2558 ,
639 2507 695 2550 ut
719 2496 834 2566 ipse
857 2495 965 2568 jam
991 2493 1213 2568 doceas)
1241 2498 1549 2568 cupientem
1577 2507 1626 2550 te
1648 2503 1703 2551 et
1723 2497 1840 2551 cxi-

227 2596 456 2659 gentem
512 2589 702 2646 audire
753 2589 956 2662 aliquid
1014 2592 1495 2659 expressius,non
1555 2590 1838 2657 morabor;

227 2683 544 2752 presserunt
573 2696 698 2738 cum
729 2684 804 2739 ita
837 2695 890 2741 te
917 2687 1226 2742 assertione
1249 2685 1556 2746 istiusmodi
1585 2686 1844 2744 testiﬁca—

231 2783 325 2830 tus
362 2773 444 2830 sis
477 2775 726 2845 proxima
758 2779 1123 2844 delectatum,
1167 2789 1228 2836 ut
1271 2781 1548 2838 basilicam
1588 2780 1845 2838 Ecclesia:

229 2867 362 2924 sine
388 2871 504 2924 ullo
533 2877 806 2928 inunitore
835 2877 1159 2945 praeceperis
1188 2874 1500 2931 reformari.

307 2965 403 3047 ξο,
447 2965 600 3020 Fidei
635 2967 814 3037 itaque
839 2977 947 3023 tuas
967 2969 1196 3038 gratiam
1218 3010 1232 3034 ,
1261 2979 1316 3025 et
1335 2981 1537 3024 nostra
1563 2970 1842 3040 premium

227 3056 346 3128 jam
380 3067 659 3125 tenemus;
712 3075 886 3130 neque
917 3063 1062 3115 enim
1105 3061 1248 3116 aliud
1291 3072 1580 3131 possumus
1615 3061 1801 3117 dicere
1825 3102 1839 3128 ,

234 3153 348 3208 nisi
386 3155 559 3209 sancti
593 3153 835 3224 Spiritus
879 3155 1017 3209 banc
1052 3154 1220 3211 fuisse
1249 3159 1477 3228 gratiam
1518 3158 1657 3223 quod
1688 3156 1844 3228 igno-

1951 557 2048 596 ηος
2091 540 2323 597 dicimus
2361 545 2568 598 servire
2610 544 2893 611 Spiritum.
2928 543 3036 596 Sed
3064 559 3187 597 cum
3219 543 3400 597 dicunt
3439 559 3554 599 ser-

1951 635 2063 690 vire
2092 635 2368 690 Christum
2389 679 2401 700 ,
2431 636 2707 706 quomodo
2734 644 2958 704 possunt
2987 652 3184 705 negare
3211 636 3278 690 de
3305 636 3555 704 Spiritu?

1949 726 2104 794 Quod
2133 729 2177 784 si
2212 725 2510 785 secundum
2553 743 2778 785 carnem
2822 731 2876 784 in
2917 733 3060 784 servi
3104 732 3273 783 tut-ma
3317 745 3554 785 consen-

1950 821 2089 876 tiunt
2120 830 2144 858 ο
2169 820 2446 877 Christum
2476 822 2672 893 fuisse,
2702 833 2915 877 constat
2943 829 3000 878 et
3027 825 3303 877 convenit.
3338 824 3478 893 Ergo
3504 824 3552 879 si

1947 913 2248 969 secundum
2274 915 2612 969 divinitatem
2641 929 2791 970 suam
2814 914 3066 970 Christus
3089 931 3196 969 non
3222 915 3412 977 servit,
3444 931 3552 970 non

1948 1011 2116 1063 servit
2154 1011 2316 1064 etiam
2347 1010 2603 1079 Spiritus.
2647 1010 2801 1078 Quod
2844 1010 2888 1064 si
2921 1026 3025 1064 non
3070 1009 3235 1064 servit
3281 1010 3551 1080 Spiritus,

1947 1104 2129 1159 Omnia
2170 1114 2352 1159 autem
2388 1106 2671 1160 serviunt:
2703 1119 2870 1170 super
2897 1105 3077 1158 omnia
3115 1104 3278 1174 igitur
3315 1103 3553 1174 Spiritus

1948 1205 2027 1250 est
2049 1238 2062 1258 ,
2094 1197 2185 1268 qui
2216 1212 2322 1251 non
2352 1198 2519 1252 servit
2551 1195 2569 1236 ί
2602 1196 2745 1253 sicut
2771 1196 2976 1252 omnia.

2017 1291 2109 1346 i7).
2155 1290 2309 1346 Nunc
2351 1291 2585 1359 idipsum
2626 1289 2770 1361 quod
2810 1289 3084 1356 diximus,
3115 1288 3441 1346 testimoniis
3468 1302 3554 1343 as-

1949 1394 2216 1438 t-rttztutus.
2241 1383 2574 1453 Principium
2603 1382 2992 1451 disputationis
3013 1392 3094 1440 est
3113 1421 3128 1448 ,
3153 1382 3280 1450 quia
3307 1381 3553 1438 serviunt

1946 1478 2146 1536 omnia.
2176 1479 2400 1535 Set-viro
2441 1487 2622 1534 autem
2653 1481 2834 1534 omnia
2868 1478 3066 1548 liquet,
3093 1477 3349 1547 quoniam
3379 1476 3554 1546 scrip-

1951 1581 2060 1627 tum
2109 1581 2230 1629 est:
2287 1571 2538 1628 Universa
2583 1573 2810 1626 serviunt
2838 1573 2930 1626 tibi
2979 1570 3170 1642 (Psal.
3193 1585 3392 1638 cxvut,
3418 1569 3479 1626 9i
3509 1569 3549 1636 ).

1950 1665 2092 1720 Dixit
2132 1665 2234 1720 hoc
2272 1664 2506 1734 Spiritus
2539 1680 2634 1736 per
2665 1663 3012 1730 PrOpbctam.
3063 1662 3185 1716 Non
3222 1662 3361 1715 dixit
3398 1683 3410 1714 ;
3445 1677 3551 1714 ser-

1947 1759 2147 1824 vimus;
2181 1757 2301 1819 sed,
2326 1758 2551 1812 seruiunt
2579 1756 2701 1820 tibi;
2720 1764 2784 1840 ut
2809 1756 3064 1811 crederes
3095 1755 3236 1824 quod
3267 1769 3295 1808 a
3324 1753 3551 1808 servitio

1872 1854 1920 1913 B
1947 1849 2010 1904 sit
2043 1851 2158 1920 ipse
2185 1853 2467 1920 exceptus.
2502 1850 2642 1921 Ergo
2676 1863 2800 1904 cum
2839 1850 3097 1905 universa
3135 1848 3374 1904 serviant
3398 1888 3413 1913 ,
3445 1862 3550 1902 non

1950 1943 2153 1998 serviat
2187 1944 2446 2014 Spiritus,
2485 1943 2673 2014 utique
2709 1945 2852 1998 inter
2883 1945 3144 1999 universa
3169 1957 3276 1997 non
3314 1953 3396 1998 est
3431 1941 3556 2011 Spi-

1947 2036 2085 2092 ritus
2118 2049 2363 2094 sanctus.

2015 2127 2108 2184 24.
2157 2128 2287 2184 Nam
2335 2130 2379 2184 si
2427 2127 2570 2185 inter
2617 2131 2794 2184 omnia
2841 2129 3074 2185 dicimus
3117 2142 3242 2184 esse
3286 2128 3550 2196 Spiritum

1944 2233 2188 2277 sanctum
2212 2264 2226 2288 ,
2267 2224 2453 2293 utique
2489 2239 2607 2278 cum
2650 2224 2944 2293 legerimus
2975 2223 3102 2292 quia
3138 2222 3246 2276 alta
3286 2223 3375 2275 Dei
3403 2234 3554 2276 scru-

1946 2324 2089 2370 tatur
2115 2316 2350 2387 Spiritus
2377 2315 2427 2387 (Ι
2457 2315 2577 2372 Cor.
2610 2334 2677 2378 tt.
2709 2318 2833 2388 ili).
2868 2317 3039 2372 Deum
3068 2317 3288 2372 Patrem
3317 2331 3438 2370 esse
3464 2330 3554 2370 su-

1946 2425 2041 2480 per
2067 2412 2245 2465 omnia
2275 2410 2630 2480 denegamus.
2663 2410 2878 2466 Etenim
2917 2424 3040 2464 cum
3069 2424 3136 2466 ex
3165 2411 3277 2465 Deo
3311 2409 3546 2480 Spiritus

1945 2504 2045 2569 sit,
2074 2511 2129 2559 et
2154 2503 2390 2575 Spiritus
2419 2506 2532 2560 oris
2571 2505 2726 2575 ejus,
2766 2504 3041 2576 quomodo
3079 2518 3367 2574 poswntus
3409 2502 3555 2558 inter

1951 2596 2129 2650 omnia
2173 2597 2355 2652 dicere
2395 2596 2660 2661 Spiritum
2701 2607 2979 2659 sanctum;
3009 2610 3134 2650 cunt
3168 2612 3331 2665 super
3369 2595 3554 2652 omnia

1947 2687 2090 2744 Dcus
2117 2690 2217 2754 sit,
2247 2690 2404 2760 cujus
2433 2699 2515 2744 est
2538 2689 2808 2760 Spiritus,
2841 2688 3014 2760 plent:
3042 2689 3228 2759 utique
3261 2691 3549 2760 perfectio-

1946 2781 2030 2836 nis
2053 2824 2066 2846 ,
2098 2781 2468 2852 perfectaeque
2497 2782 2756 2836 virtutis?

2014 2874 2106 2931 25.
2149 2873 2227 2929 Ac
2270 2887 2338 2929 ne
2377 2875 2696 2944 Apostolnm
2739 2876 3076 2932 srbritcntur
3114 2890 3364 2942 errasse,
3408 2878 3552 2934 acci-

1947 2967 2130 3036 piant,
2182 2982 2344 3037 quem
2391 2966 2603 3022 liducim
2652 2967 2814 3037 hujus
2855 2968 2927 3021 sit
2969 2977 3192 3023 secutus
3237 2977 3542 3025 auctorem.

1951 3059 2209 3114 Dominus
2249 3061 2394 3115 enim
2435 3060 2487 3114 in
2531 3060 2827 3130 Evangelia
2868 3061 3036 3116 dixit:
3063 3061 3193 3115 Cum
3221 3063 3410 3117 venerit
3441 3061 3552 3117 Pa-

1947 3155 2160 3208 rnetittu
2183 3197 2198 3221 ,
2240 3169 2389 3224 quem
2425 3169 2518 3227 ego
2556 3155 2757 3207 mittam
2797 3155 2937 3208 vobis
2974 3173 3006 3208 a
3047 3152 3207 3208 Patre
3245 3170 3392 3218 meo.
3427 3154 3557 3222 Spi-

237 3247 490 3302 rautibus
518 3251 771 3306 omnibus
791 3292 806 3312 ,
853 3250 1034 3305 subito
1062 3249 1344 3305 basilicam
1376 3250 1684 3306 reddidisti.
1715 3251 1838 3322 Spi-
1871 3241 1915 3304 C
1947 3248 2101 3322 ritum
2130 3248 2354 3302 ueritatis
2377 3289 2392 3314 ,
2422 3248 2505 3317 qui
2535 3265 2568 3301 a
2593 3246 2751 3301 Patre
2783 3247 3054 3316 iwocedit;
3085 3249 3176 3302 ille
3204 3249 3551 3303 testimonium

243 3341 407 3407 ritus,
427 3343 666 3415 inquam,
697 3343 872 3400 sanCIi
899 3345 999 3399 hoc
1021 3362 1234 3410 mittitis,
1265 3345 1368 3400 hoc
1399 3362 1534 3418 opus
1556 3351 1658 3413 est,
1693 3347 1839 3418 quia

237 3438 624 3507 nobisquidem
644 3453 663 3476 ο
685 3451 811 3495 tunc
822 3441 1339 3509 praedicabatur,sed
1356 3442 1407 3495 in
1427 3452 1477 3497 te
1490 3442 1837 3512 operabatur.

312 3531 404 3589 ‘21.
446 3531 556 3589 Nec
622 3535 921 3604 superioris
983 3536 1248 3608 temporis
1309 3535 1508 3591 damna
1572 3535 1838 3615 deploro;

232 3626 684 3698 quandoquidem
726 3628 1094 3700 sequestratio
1134 3629 1222 3684 illa
1265 3628 1525 3694 basilit-ar,
1558 3628 1840 3700 cujusdam

232 3721 448 3776 fenoris
476 3721 637 3776 traxit
665 3738 881 3778 usuras.
913 3722 1125 3778 Etenim
1154 3721 1428 3779 basilicam
1461 3723 1840 3794 sequestrasti,

233 3825 297 3871 ut
328 3815 492 3872 tidem
525 3817 805 3887 probares.
841 3817 1089 3889 implevit
1127 3817 1291 3890 igitur
1318 3819 1654 3889 propositum
1678 3833 1839 3874 suum

231 3910 421 3982 pietas
451 3918 560 3976 tua,
591 3926 712 3982 qua:
740 3912 818 3966 sic
849 3921 1314 3983 sequestraverat,
1355 3921 1412 3966 ut
1444 3910 1733 3981 probaret;
1764 3912 1844 3967 sic

233 4003 514 4074 probavit,
551 4015 609 4059 ut
657 4005 932 4061 redderet.
971 4003 1134 4086 605
1167 4005 1274 4062 Nec
1307 4007 1534 4061 fructum
1566 4007 1750 4070 amisi,
1789 4016 1844 4062 ct

223 4099 505 4171 judicium
544 4108 733 4166 teneo,
764 4101 1044 4172 patuitque
1090 4099 1423 4157 omnibusin
1452 4101 1684 4173 quadam
1716 4100 1842 4156 facti

231 4194 576 4251 discretione
621 4196 910 4252 discretam
954 4196 1048 4251 tibi
1081 4211 1374 4266 numquam
1410 4194 1580 4252 fuisse
1622 4204 1841 4250 senten-

235 4289 399 4343 tiam.
433 4285 646 4356 Patuit,
680 4287 896 4357 inquam
924 4331 937 4349 ,
971 4287 1224 4343 omnibus
1252 4297 1305 4344 et
1329 4293 1477 4344 tttum
1509 4303 1615 4344 non
1650 4285 1839 4358 fuisse,

231 4396 366 4436 cum
400 4391 777 4451 sequestrares
810 4400 822 4436 :
857 4385 912 4437 et
941 4387 1086 4436 tuum
1120 4398 1266 4448 esse,
1298 4397 1421 4438 cum
1452 4379 1732 4438 redderes.

310 4473 406 4528 22.
449 4473 686 4529 Primum
725 4474 886 4546 igitur
921 4475 989 4530 ab
1016 4471 1738 4542 inferioribusinchoemus,
1783 4485 1842 4531 ttt

227 4567 395 4638 quasi
428 4583 522 4637 per
548 4571 748 4640 gradus
774 4568 1032 4641 quosdam
1064 4577 1324 4625 tractatus
1349 4578 1536 4626 noster
1558 4571 1840 4638 ascendat,

1948 3341 2226 3412 per/libebit
2271 3341 2336 3396 de
2383 3359 2462 3396 me
2508 3339 2702 3413 (Joan.
2735 3355 2832 3407 ιν,
2861 3340 2994 3411 96).
3041 3342 3182 3412 Ergo
3225 3351 3282 3395 et
3316 3358 3346 3395 a
3390 3342 3552 3399 Patre

1947 3433 2192 3507 procedit
2237 3435 2478 3506 Spiritus
2523 3446 2776 3498 sanctus,
2821 3444 2876 3488 et
2918 3434 3238 3490 testiﬁcatur
3277 3434 3347 3489 de
3386 3432 3548 3489 Filio.

1944 3528 2294 3583 T'cstllicatur
2317 3529 2480 3582 etaim
2509 3526 2577 3581 de
2608 3527 2770 3582 Patre
2797 3526 2951 3581 testis
2978 3536 3035 3580 et
3065 3527 3240 3582 itdelis
3265 3539 3317 3580 et
3346 3542 3508 3583 verus
3535 3545 3547 3581 :

1946 3639 2052 3694 qtto
2109 3622 2238 3677 nihil
2292 3621 2356 3676 ad
2409 3621 2820 3692 expressionem
2867 3620 3064 3676 divinae
3113 3621 3418 3688 maiestatis
3466 3629 3555 3676 est

1947 3715 2198 3788 plenius;
2229 3725 2254 3763 Β
2283 3715 2416 3770 nihil
2461 3715 2527 3769 ad
2569 3716 2826 3768 unitatem
2869 3714 3072 3768 divinae
3115 3713 3396 3782 potestatis
3441 3713 3556 3768 evi-

1946 3809 2195 3873 dentius;
2225 3821 2347 3864 cum
2388 3808 2528 3864 idem
2562 3809 2773 3863 noverit
2810 3805 3047 3878 Spiritus
3077 3808 3220 3876 quod
3249 3816 3308 3861 et
3343 3806 3546 3874 Fib’us,

1947 3904 2036 3974 qui
2079 3909 2425 3973 paternorum
2469 3902 2622 3958 testis
2660 3909 2713 3956 et
2751 3913 2978 3955 Consors
3018 3897 3326 3954 individuus
3369 3913 3551 3956 secte-

1947 4006 2122 4053 torunt
2155 4003 2255 4054 est.

2015 4095 2108 4151 26.
2153 4091 2391 4149 Exclusit
2419 4093 2605 4163 itaque
2633 4106 2662 4147 α
2690 4090 3001 4162 cognitione
3031 4089 3125 4145 Dei
3158 4090 3471 4144 societatem
3495 4099 3548 4144 et

1948 4185 2344 4242 multitudinem
2369 4194 2635 4241 creaturae
2667 4204 2679 4240 :
2711 4200 2816 4241 non
2845 4182 3195 4240 excludenda
3222 4193 3402 4238 autem
3431 4183 3554 4252 Spi-

1945 4283 2110 4338 ritum
2142 4292 2386 4337 sanctum
2410 4324 2426 4349 ,
2457 4280 2697 4336 ostendit
2724 4295 2830 4335 non
2859 4293 2988 4334 esse
3015 4279 3226 4334 socium
3256 4288 3546 4332 creaturas.
3613 4328 3622 4336 .

1950 4375 2102 4433 Unde
2142 4385 2197 4432 et
2234 4373 2364 4430 illud
2405 4373 2549 4445 quod
2590 4374 2768 4430 locum
2813 4383 2898 4430 est
2939 4373 2994 4428 in
3031 4365 3365 4443 Evangelio:
3411 4370 3549 4438 Quia

1946 4467 2114 4524 Deum
2145 4485 2293 4525 nemo
2323 4469 2452 4524 vidit
2481 4483 2763 4540 umquam,
2795 4467 2895 4522 nisi
2935 4467 3231 4537 unigenitns
3263 4463 3438 4520 Filius
3461 4465 3549 4534 qui

1945 4565 2116 4620 est-in
2153 4565 2270 4619 sinu
2314 4559 2529 4629 Patris,
2572 4564 2688 4632 ipse
2735 4563 2994 4616 enarravit
3031 4561 3214 4633 (toan.
3250 4575 3289 4627 t,
3322 4561 3448 4630 iis);
3481 4558 3548 4613 ad

227 4676 347 4732 quo
376 4659 588 4716 facilius
617 4659 669 4715 lti
697 4662 788 4734 qui
813 4662 840 4698 ά
870 4661 1032 4719 [idem
1061 4679 1166 4719 non
1198 4663 1487 4732 delerunt,
1515 4663 1600 4719 vel
1632 4664 1845 4720 ratione
1869 4656 1925 4718 Ι)
1951 4659 2325 4730 exceptionem
2350 4656 2582 4729 pertinet
2615 4655 2850 4727 Spiritus
2872 4655 3066 4710 sancti.
3093 4653 3377 4722 Quomodo
3403 4650 3549 4708 enim

311 4875 338 4938 ξι
381 4865 697 4938 βοιηειξάίι.
725 4865 869 4938 sola,
893 4865 993 4938 ﬁlii
1010 4866 1164 4924 uestri
1194 4876 1238 4921 et
1265 4866 1409 4938 ﬁlim.
1581 4935 1610 4938 Α
1706 4927 1710 4938 Σ

311 4935 336 4975 δ
381 4935 456 4992 it-t
488 4935 613 4992 Gill.
641 4951 701 4990 ac
725 4931 1042 4992 Romfedit.
1073 4949 1194 4992 cum
1223 4931 1465 5004 pluribus
1489 4935 1834 4994 melioribus-

225 5024 346 5080 que
378 5024 512 5063 mss.
537 5025 552 5074 ;
578 5017 684 5064 vet.
713 5011 1052 5080 autemedit.
1073 5018 1132 5063 et
1154 5021 1282 5064 mss.
1317 5007 1507 5078 reliqui
1533 5005 1606 5065 ab
1631 5010 1710 5064 eis
1733 5011 1836 5064 ltoc

223 5079 362 5138 dolo
380 5081 748 5146 dissentiunt,
773 5079 918 5151 quod
960 5097 1056 5148 pro
1089 5081 1336 5151 quoniam
1373 5081 1480 5134 illa:
1505 5082 1835 5148 «iubeant,

221 5155 521 5226 quianon;
553 5161 608 5208 et
641 5168 769 5226 pro,
801 5161 853 5208 ut
888 5152 998 5226 ipse
1022 5155 1140 5226 jam
1169 5152 1384 5216 doceas.
1420 5151 1618 5226 legitur
1653 5154 1704 5208 in
1738 5154 1836 5207 iis-

223 5223 362 5280 dem
399 5240 530 5277 tnss.
559 5229 611 5276 nt
642 5225 740 5296 ipsi
758 5227 874 5296 jam
916 5223 1304 5278 instructionem
1329 5223 1568 5277 audimus
1596 5240 1614 5278 :
1643 5226 1838 5292 quibus

223 5296 429 5352 verbis
455 5297 606 5366 addit,
633 5295 766 5350 cod.
804 5296 914 5365 Dig.
939 5337 954 5361 ,
988 5305 1044 5350 ut
1071 5296 1230 5352 lector
1256 5297 1437 5356 doceat
1475 5297 1761 5366 cupientem
1791 5305 1840 5350 et

224 5368 551 5439 exigentem.
586 5367 692 5439 Sed
727 5368 916 5422 ist.th
947 5382 1102 5439 mera
1117 5375 1446 5439 commenta.

224 5382 551 5439 exigentem.
586 5382 692 5423 bed
729 5382 916 5422 tsmzec
947 5382 1095 5428 mera
1117 5382 1182 5422 co
1300 5382 1446 5428 tanta.

158 5502 163 5506 ,
315 5450 339 5479 ε
384 5440 546 5510 Bonl.
591 5437 748 5504 edin,
775 5449 893 5492 tunc
930 5382 1542 5510 precabatmursilan
1571 5455 1725 5494 error
1753 5446 1838 5509 ty-

224 5509 635 5582 pographicus,
676 5510 729 5568 in
756 5509 953 5568 multas
981 5520 1159 5568 tamen
1188 5511 1317 5568 edit.
1343 5509 1680 5581 posteriores
1712 5525 1840 5584 pro-

223 5592 603 5708 pagaigf’vet.
627 5649 786 5714 edit..
815 5667 944 5706 mss.
970 5669 1036 5708 ac
1058 5649 1301 5708 melioris
1327 5662 1500 5717 notae;
1542 5652 1638 5708 alii
1662 5659 1841 5712 autem

222 5740 354 5783 non
389 5726 569 5793 pauci,
595 5726 681 5793 qui
704 5723 859 5792 ﬁdem
881 5741 981 5780 non
1002 5726 1282 5782 deserunt:
1305 5725 1504 5793 melius
1524 5724 1682 5780 Rom.
1710 5723 1842 5784 edit.

218 5814 370 5855 cum
390 5787 810 5862 insuetum.
845 5795 930 5860 qni
960 5795 1082 5862 ﬁdei
1110 5805 1211 5850 non
1233 5787 1490 5864 deferunt.
1523 5794 1639 5850 Non
1665 5797 1845 5850 tamen

219 5865 558 5940 abjicienda
592 5867 762 5936 prima
797 5867 990 5931 lectio;
1022 5881 1144 5922 nam
1178 5877 1298 5938 post
1326 5865 1806 5933 dictionem-ﬁdem
1831 5903 1844 5928 ,

1936 4864 2094 4920 facile
2151 4862 2483 4933 subintelligi
2517 4861 2764 4933 ’pmest,
2822 4863 2890 4915 ad
2949 4870 3197 4916 tractatus
3253 4859 3539 4916 lectionem.

2011 4902 2040 4974 ί
2065 4902 2468 5004 ίηιιειῗι
2503 4902 2656 4987 ιη’ἶιιῑί
2681 4976 2696 4999 ,
2726 4902 2992 4989 έιινξειιι-ηι
3023 4937 3255 4989 suvius.

2014 5007 2034 5047 ⁸
2077 5009 2225 5063 Sicut
2275 5002 2477 5069 omnia,
2527 5006 2873 5076 subjuogitur
2918 5007 2976 5060 in
3019 5017 3134 5060 ant.
3185 5007 3318 5065 edit.
3369 5019 3431 5060 ac
3487 5002 3542 5058 in

1939 5081 2095 5136 Paris
2112 5121 2130 5143 ,
2159 5080 2462 5142 nonnullis,
2501 5075 2621 5132 Non
2646 5075 2755 5132 esse
2777 5094 2895 5149 ergo
2923 5080 3052 5134 inter
3075 5086 3340 5149 creaturas
3367 5076 3545 5149 Spiri-

1945 5162 2055 5208 tum
2085 5160 2322 5205 sanctum
2343 5193 2356 5216 ,
2391 5166 2480 5204 nec
2509 5149 2642 5206 inter
2668 5145 2862 5214 omnia,
2886 5151 2975 5202 sed
3005 5165 3163 5212 super
3202 5147 3394 5199 omnia.
3427 5145 3547 5199 Non

1947 5225 2082 5279 enim
2107 5219 2291 5276 alienae
2317 5232 2404 5275 aut
2436 5222 2706 5287 potestati,
2748 5230 2836 5274 ant
2865 5222 2979 5290 juri
3020 5220 3280 5292 subject-ue
3307 5225 3420 5271 est:
3459 5217 3548 5270 sed

1946 5311 2056 5352 tua:
2084 5294 2334 5359 libertatis
2363 5303 2438 5348 est
2464 5293 2674 5346 arbiter.
2709 5292 2978 5362 Siquidem
3019 5293 3194 5344 omnia
3234 5305 3332 5362 pro
3369 5301 3548 5342 anma-

1947 5369 2098 5422 ritate
2128 5366 2349 5438 propria:
2377 5366 2662 5438 voluntatis
2681 5360 2915 5438 dieidem
2940 5404 2957 5438 ,_
2987 5364 3114 5438 sicut
3142 5360 3391 5438 scriptum
3435 5370 3507 5414 est
3528 5402 3543 5426 ,

1948 5429 2169 5507 singulis
2201 5429 2354 5509 prout
2385 5438 2515 5490 vult.
2559 5435 2665 5491 Sed
2685 5434 2782 5509 illa
2813 5451 2917 5488 non
2946 5435 3227 5509 habentur
3247 5429 3300 5482 in
3331 5443 3467 5486 mss.
3497 5441 3554 5509 et

1951 5503 2140 5578 puiiam
2169 5503 2349 5578 p'utatn
2385 5507 2866 5578 interpolationem
2897 5516 3052 5566 esse,
3093 5503 3288 5571 partim
3322 5517 3353 5554 e
3392 5503 3550 5578 titulo

1950 5574 2109 5650 bujus
2155 5574 2380 5649 cupitis,
2413 5574 2573 5648 prout
2616 5576 2811 5650 legitur
2855 5576 2910 5629 in
2957 5588 3087 5628 mss.
3120 5580 3186 5650 ‘et
3231 5582 3339 5626 vet.
3389 5574 3547 5650 editi,

1949 5643 2141 5722 partim
2171 5643 2236 5705 ei
2277 5643 2396 5718 ipso
2414 5643 2580 5722 'textu
2603 5689 2618 5714 ,
2658 5643 2799 5701 sicut
2836 5653 2983 5714 patet
3015 5659 3086 5722 ex
3117 5643 3221 5697 line
3247 5647 3549 5722 superioris

1949 5715 2178 5794 prologi,
2197 5715 2577 5794 consarcinata
2587 5733 2636 5771 ut
2650 5721 3090 5794 atqueasgutam
3112 5728 3247 5794 nega
3257 5715 3336 5768 bit.
3362 5729 3547 5773 nonut.

2022 5783 2262 5852 sPaﬁs.
2307 5790 2554 5861 quaedam
2597 5787 2768 5848 edit.,
2817 5783 2950 5840 nihil
2985 5787 3059 5839 ad
3099 5783 3395 5852 cerium,
3435 5797 3546 5845 sta.

1949 5862 2066 5918 Non
2108 5863 2239 5918 satis
2284 5868 2450 5916 recte.
