4016 6292
569 252 671 312 7H

1914 248 2159 311 SANC'I'I
2195 244 2523 311 AMBROSII
3699 254 3771 314 712

571 365 753 422 Deum
786 378 893 421 non
924 362 1084 435 vidit,
1114 363 1209 438 qui
1238 369 1520 423 scrutatur
1546 361 1708 420 etiam
1737 361 1844 419 alta
1871 362 2017 420 Dei?
2042 379 2170 434 quo-
2202 367 2257 428 Α
2280 361 2400 418 sine
2447 360 2630 433 regula
2678 361 2926 419 veritatis
2967 360 3105 419 ﬁdes
3148 368 3321 419 stare.
3361 358 3495 419 Nam
3533 362 3606 433 qui
3636 379 3773 436 negare

572 458 741 513 modo
757 457 924 513 Deum
939 473 1044 514 non
1061 456 1317 529 vidit,qui
1340 457 1593 530 cognovit
1607 470 1725 528 quae
1738 455 1833 511 Dei
1851 464 1978 511 sunt
1995 455 2039 526 (ι
2053 453 2176 511 Cor.

574 566 635 620 ιι,
669 550 804 620 10)?
825 550 1102 622 quomodo
1127 551 1293 623 606
1318 550 1490 608 Deum
1525 565 1630 607 non
1661 549 1818 617 vidit,
1850 549 1943 620 qui
1971 563 2037 604 ex
2069 549 2179 604 Deo

570 642 696 700 est?
721 643 866 715 Ergo
890 659 1020 700 cum
1051 644 1124 700 ita
1157 644 1391 715 positum
1422 643 1493 700 sit
1516 644 1640 715 quia
1674 640 1844 698 Deum
1875 659 2021 697 nemo
2051 641 2179 696 vidit

579 753 844 808 umquam,
875 736 1014 793 vidit
1039 745 1221 794 autem
1262 736 1529 809 Spiritus;
1560 736 1747 808 utique
1789 746 2053 809 exceptus
2092 746 2180 794 est

572 830 835 903 Spiritus.
854 833 1033 905 Super
1062 832 1248 889 omnia
1277 831 1443 903 igitur
1467 839 1574 901 est,
1591 832 1686 906 qui
1715 842 1798 890 est
1822 842 2084 906 exceptus
2108 848 2180 891 ex

577 923 853 981 omnibus.

1205 1019 1433 1079 CAPUT
1478 978 1546 1078 tt.

579 1133 839 1206 Spiritum
860 1141 1094 1190 sanctum
1123 1149 1231 1190 esse
1254 1134 1392 1190 inter
1418 1134 1595 1190 omnia
1617 1152 1719 1191 non
1740 1135 1952 1207 probari
1978 1152 2042 1191 ex
2068 1135 2177 1190 illis

648 1225 1073 1283 oerbis:0mnia
1114 1242 1212 1299 per
1251 1227 1428 1299 ipsum
1476 1228 1613 1285 facta
1661 1240 1829 1298 sunt;
1860 1246 1978 1285 cum
2006 1233 2178 1304 factus

648 1335 752 1375 non
772 1319 858 1375 sit.
893 1318 1140 1391 Namque
1181 1322 1318 1377 alias
1358 1322 1572 1393 perinde
1611 1323 1918 1394 probaretur
1959 1322 2135 1381 Filius
2158 1366 2173 1390 ,

647 1416 803 1472 immo
830 1418 989 1472 etiam
1020 1415 1185 1473 Pater
1214 1419 1571 1475 numerandus
1612 1419 1746 1476 inter
1774 1421 1972 1479 omnia.
2025 1419 2178 1489 Quod

645 1521 720 1567 est
750 1511 986 1581 eiusdem
1009 1513 1310 1584 impietatis.

642 1674 735 1730 27.
778 1673 1041 1743 Videtur,
1071 1680 1262 1731 sancte
1308 1673 1629 1745 imperator,
1661 1673 1825 1746 plena
1869 1672 2011 1729 ratio
2051 1686 2176 1730 esse

2279 453 2513 526 coeperit
2559 456 2819 512 unitatem
2850 456 3136 527 potestatis
3160 454 3215 512 in
3242 456 3409 513 Patre
3435 465 3490 513 et
3509 457 3618 514 Filio
3635 471 3677 515 et
3695 461 3778 531 Spi-

2280 549 2389 604 ritu
2414 557 2601 604 sancto
2622 592 2637 616 ,
2667 563 2775 604 non
2802 557 2983 621 potest
3022 550 3210 622 utique
3240 549 3312 605 ibi
3340 590 3355 616 ,
3388 550 3479 605 ubi
3507 551 3623 606 nulla
3642 552 3777 611 divisio

2277 642 2371 709 sit,
2406 641 2568 698 ﬁdem
2601 642 2835 715 probare
2861 642 3114 699 divisam.
3142 643 3285 716 Ergo
3305 642 3429 715 quia
3453 642 3635 714 pietatis
3654 645 3782 701 unitas

2279 741 2366 790 est
2403 734 2541 791 bene
2584 734 2813 792 credere
2836 777 2851 802 ,
2882 734 3050 793 etiam
3078 734 3265 791 unitas
3295 735 3576 807 impietatis
3597 743 3663 792 est
3682 737 3781 794 male

2219 826 2225 835 ’
2280 827 2528 884 credere.

2350 922 2442 979 3t.
2494 922 2679 995 Itaque
2727 925 2817 995 qui
2868 930 3059 994 putant
3122 923 3386 996 Spiritum
3440 931 3653 981 sanetum
3689 925 3786 981 inter

2274 1016 2440 1089 607
2468 1018 2651 1073 omnia
2704 1018 2911 1074 debere
2952 1019 3275 1086 numerari,
3325 1019 3453 1090 quia
3481 1018 3791 1092 omniategunt

2279 1109 2419 1167 facta
2450 1125 2548 1180 per
2578 1109 2773 1166 Filium
2799 1152 2815 1178 ,
2862 1110 3029 1167 etiam
3062 1110 3263 1167 Filium
3305 1112 3493 1182 utique
3519 1112 3638 1168 inter
3658 1115 3787 1167 omnia

2277 1203 2751 1260 annumerandum
2780 1212 2996 1276 putant,
3032 1205 3158 1277 quia
3183 1205 3373 1277 legunt
3402 1222 3415 1259 :
3440 1203 3519 1260 Ex
3544 1203 3636 1260 Deo
3667 1205 3795 1260 omnis

2277 1296 2347 1367 (ll
2388 1296 2509 1352 Cor.
2545 1313 2578 1352 v
2603 1339 2619 1365 ,
2654 1296 2766 1371 18).
2817 1297 3233 1370 Consequenter
3281 1309 3462 1354 autem
3509 1313 3597 1355 nec
3634 1299 3791 1355 Patrem

2276 1401 2572 1448 secernunt
2599 1396 2669 1448 ab
2697 1393 2952 1450 omnibus
2969 1431 2986 1460 ,
3010 1393 3106 1464 qui
3136 1409 3166 1448 a
3192 1392 3462 1450 creaturis
3501 1392 3794 1449 omnibust“:-

2278 1485 2413 1542 lium
2441 1503 2550 1542 non
2576 1495 2903 1554 secernunt;
2933 1489 3189 1559 quoniam
3219 1488 3364 1544 sicut
3389 1502 3457 1543 ex
3482 1487 3626 1543 Patre
3647 1486 3795 1550 omnia,

2278 1580 2355 1636 ita
2379 1581 2542 1637 etiam
2578 1597 2674 1653 per
2697 1581 2896 1638 Filium
2936 1583 3143 1639 omnia.
3176 1581 3204 1621 δ
3235 1580 3353 1638 Hoc
3384 1583 3556 1654 ipsum
3578 1580 3626 1637 in
3647 1578 3798 1651 Spiritu

2279 1673 2584 1743 praevidens
2609 1674 2926 1746 Apostolus,
2954 1674 3130 1731 dixit:
3152 1690 3223 1731 ne
3253 1675 3398 1732 inter
3423 1674 3594 1730 omnia
3615 1675 3801 1746 posuisse

575 1768 819 1840 pietatis,
850 1766 948 1824 sed
980 1766 1164 1840 impiis
1211 1782 1319 1823 non
1354 1764 1592 1835 videtur.
1628 1765 1872 1837 Denique
1898 1765 2027 1837 quid
2056 1782 2175 1823 mo—
2201 1763 2251 1826 B
2279 1763 2475 1820 Filium
2520 1765 2606 1822 vel
2638 1766 2817 1837 impiis
2863 1764 3170 1830 videretur,
3204 1767 3296 1838 qui
3341 1765 3619 1823 audierant
3649 1764 3801 1821 dixisse

569 1862 775 1921 liantur
813 1861 1062 1919 adverte.
1113 1861 1305 1919 Solent
1343 1860 1489 1917 enim
1524 1859 1709 1916 dicere
1755 1858 2002 1917 haeretici
2046 1858 2172 1916 ideo

570 1956 715 2013 inter
751 1956 932 2012 omnia
971 1954 1234 2027 Spiritum
1282 1965 1531 2011 sanctum
1569 1967 1692 2010 esse
1728 1952 2125 2009 numerandum
2151 1994 2168 2020 ,

566 2049 694 2119 quia
725 2048 989 2120 scriptum
1030 2056 1116 2106 est
1168 2047 1237 2105 de
1287 2047 1383 2105 Dei
1429 2034 1569 2104 Fit-io
1599 2065 1613 2103 :
1645 2047 1837 2104 Omnia
1878 2065 1972 2118 per
1998 2049 2169 2119 ipsum

566 2147 709 2215 facta
734 2151 855 2198 sunt
881 2140 1064 2217 (Joan.
1098 2156 1137 2208 ι,
1160 2141 1241 2213 5).

635 2236 728 2293 18.
770 2235 944 2303 Quam
972 2233 1115 2291 male
1136 2243 1164 2272 ι
1180 2232 1536 2291 confunditur
1555 2233 1721 2301 actio,
1747 2248 1867 2305 quae
1889 2248 1997 2289 non
2021 2241 2168 2290 tenet

565 2329 882 2398 veritatem,
907 2337 964 2385 et
990 2334 1327 2400 praepostero
1354 2325 1550 2383 ordine
1579 2325 1901 2383 assertionis
1931 2325 2168 2382 involvi-

562 2427 684 2484 tur!
716 2424 833 2483 lloc
857 2424 1002 2482 enim
1035 2432 1166 2480 tunc
1190 2423 1417 2490 valeret,
1450 2431 1512 2477 ut
1538 2422 1679 2478 inter
1705 2421 1887 2477 omnia
1917 2420 2165 2477 dicerent

556 2538 682 2582 esse
705 2523 967 2595 Spiritum
989 2530 1262 2588 sanetum,
1285 2520 1332 2577 si
1357 2520 1554 2576 tactum
1580 2518 1892 2590 probarent.
1918 2516 2165 2589 Namque

559 2618 744 2676 omnia
793 2632 888 2689 per
937 2615 1135 2673 Filium
1185 2614 1468 2687 Scriptura
1512 2613 1645 2670 dicit
1686 2627 1831 2682 esse,
1860 2628 1981 2684 qua:
2023 2612 2161 2670 facta

559 2719 690 2768 sunt
715 2727 730 2766 :
755 2725 878 2767 cum
906 2718 1090 2766 autem
1115 2707 1293 2765 factus
1322 2723 1429 2763 non
1451 2705 1714 2763 doceatur
1740 2705 1979 2777 Spiritus
2002 2717 2163 2760 sanc-

557 2816 687 2873 tus;
727 2805 919 2875 utique
942 2817 1045 2860 nec
1075 2803 1219 2859 inter
1254 2802 1440 2858 omnia
1470 2800 1686 2873 probari
1718 2809 1920 2871 potest,
1947 2798 2039 2870 qui
2068 2813 2161 2855 ne-

554 2914 664 2971 que
693 2897 867 2954 tactus
896 2905 983 2953 est
1008 2896 1153 2953 sicut
1174 2899 1360 2952 omnia
1385 2935 1401 2960 ,
1431 2908 1533 2951 nec
1559 2901 1800 2950 creatus.
1832 2892 1963 2949 Mihi
1994 2892 2160 2965 igitur

554 2990 624 3048 ad
640 3000 933 3062 utrumque
947 2988 1053 3046 hoc
1066 2988 1282 3058 prolicit
1306 2986 1700 3054 testimonium,
1716 2995 1776 3043 ut
1787 2992 1846 3042 et
1863 2999 2026 3057 super
2040 2999 2158 3040 om-

552 3085 643 3141 nia
666 3083 931 3156 probetur
949 3097 1097 3151 esse,
1123 3080 1248 3153 quia
1274 3078 1452 3136 lactus
1473 3094 1582 3135 non
1614 3085 1732 3146 est;
1756 3088 1813 3135 et
1837 3079 1965 3151 quia
1991 3092 2156 3149 super

553 3152 739 3234 omnia
762 3184 869 3243 est,
901 3191 1010 3232 non
1038 3152 1291 3231 videatur
1318 3173 1495 3229 factus
1521 3186 1649 3229 esse
1692 3188 1707 3228 :
1749 3186 1853 3229 nec
1902 3170 2049 3228 inter
2091 3186 2156 3228 ea
2184 3152 2231 3218 Ο

551 3284 680 3341 qua:
708 3277 840 3325 sunt
866 3266 1032 3333 facta,
1065 3265 1454 3323 numerandus.

621 3362 719 3418 $9.
757 3360 915 3431 Quod
945 3362 992 3418 si
1021 3360 1179 3431 quis,
1211 3360 1338 3432 quia
1369 3358 1553 3415 omnia
1594 3356 1737 3415 facta
1785 3371 1886 3430 per
1912 3355 2154 3414 Verbum

556 3455 906 3526 Evangelista
950 3454 1157 3527 posuit,
1188 3468 1300 3510 non
1344 3452 1548 3524 excipit
1594 3449 1859 3524 Spiritum
1906 3460 2154 3508 sanctum

555 3546 915 3618 (quamquam
941 3544 999 3599 in
1026 3541 1240 3600 Joanne
1267 3543 1484 3600 locutus
1512 3542 1749 3614 Spiritus
1798 3542 1894 3598 Dei
1919 3583 1935 3609 ,
1966 3541 2157 3597 Omnia

556 3655 651 3710 per
678 3640 1016 3712 ipsumvfacta
1033 3647 1174 3705 sunt,
1200 3636 1429 3703 dixerit,
1454 3651 1562 3693 non
1584 3637 1766 3693 omnia
1793 3634 1921 3692 facti
1940 3650 2149 3701 sumus;

551 3747 677 3791 cum
708 3732 895 3806 utique
923 3731 1074 3804 loqui
1105 3732 1162 3788 in
1190 3730 1551 3802 Evangelistis
1579 3730 1846 3803 Spiritum
1894 3731 1989 3788 Dei
2033 3731 2153 3801 ipse

552 3828 821 3887 Dominus
865 3827 1208 3894 ostenderit,
1235 3825 1428 3883 dicens
1454 3824 1674 3900 (Matth.
1706 3839 1833 3893 xvt,
1859 3824 1955 3897 20)
1983 3841 1997 3878 :
2024 3822 2151 3879 Non

546 3923 687 3980 enim
730 3937 820 3979 eos
859 3921 1009 3978 eritis
1037 3921 1322 3993 loquentes,
1354 3919 1444 3974 sed
1483 3919 1715 3991 Spiritus
1757 3917 1936 3974 Patris
1973 3918 2147 3985 vestri,

544 4016 634 4089 qui
685 4014 913 4087 loquitur
958 4014 1015 4069 in
1051 4012 1253 4086 vobis);
1286 4019 1469 4069 tamen
1502 4011 1550 4067 si
1577 4010 1698 4083 quis
1725 4050 1742 4078 ,
1771 4019 1829 4067 ut
1870 4008 2005 4077 dixi,
2045 4009 2150 4067 ltoc

2278 1857 2471 1915 Filium
2502 1877 2516 1913 :
2548 1857 2710 1915 Pater
2749 1860 2891 1930 quod
2921 1870 2945 1901 ο
2974 1859 3117 1915 dedit
3144 1862 3271 1916 mihi
3293 1903 3310 1930 ,
3341 1864 3519 1936 majus
3543 1862 3803 1917 omnibusut

2274 1949 2454 2023 (Ioan.
2481 1968 2540 2020 x,
2565 1952 2680 2025 29).

2891 2045 3121 2105 CAPUT
3160 2048 3249 2105 ΙΙΙ.

2275 2158 2415 2223 Quod
2435 2158 2887 2225 Apostolusdiazerit
2904 2173 2969 2216 ea:
2988 2164 3246 2228 Patreper
3266 2162 3455 2216 Filium
3478 2162 3627 2217 atatis
3647 2173 3745 2222 au,
3766 2157 3806 2209 ab

2332 2258 2497 2297 eorum
2519 2244 3811 2315 conmtioSpiritummnsecludi;ctunqu¢adm

2330 2328 2611 2395 referuntur
2632 2343 2891 2394 personam
2907 2368 2922 2393 ,
2948 2328 3063 2383 aliis
3086 2344 3272 2397 quoque
3307 2330 3640 2385 attribuantta‘.
3659 2327 3729 2382 Sic
3745 2329 3807 2378 to-

2329 2413 2497 2479 ptizati
2518 2413 2571 2466 in
2600 2415 2788 2467 nomine
2817 2412 3001 2468 Christi
3022 2415 3169 2468 simul
3202 2416 3253 2468 in
3274 2416 3448 2471 Patris
3473 2431 3532 2469 ac
3551 2415 3736 2482 Spiritus
3752 2428 3814 2465 tto-

2325 2497 2454 2550 minc
2477 2504 2729 2551 censentur
2747 2497 3016 2563 baptizati;
3039 2499 3082 2551 si
3103 2507 3264 2551 tamen
3285 2499 3435 2552 simul
3459 2498 3620 2553 intres
3638 2508 3814 2564 personat
3920 2494 3921 2555 ἰ

2330 2580 2633 2632 crediderint
2667 2594 2679 2630 :
2710 2593 2850 2633 secus
2879 2587 3066 2647 autent,
3105 2582 3269 2635 nullus
3300 2583 3396 2636 erit
3432 2582 3696 2648 baptism.
3727 2582 3815 2632 ita:

2325 2665 2473 2719 etiam
2493 2663 2729 2731 baptismo
2746 2664 2799 2718 in
2815 2666 3032 2730 Spiritus
3049 2667 3208 2721 sancti
3221 2672 3580 2736 mcupatione
3596 2665 3813 2722 conectite-
3920 2658 3921 2736 ἦ

2327 2750 2388 2804 Si
2409 2757 2572 2803 autem
2593 2752 2652 2803 ob
2671 2751 2893 2803 eumdem
2914 2750 3074 2804 locum
3097 2750 3317 2817 Spiritus
3340 2755 3402 2806 ab
3424 2754 3543 2809 aliis
3564 2751 3754 2819 personis
3763 2762 3819 2803 u-

2323 2841 2603 2901 pararetur,
2617 2833 2782 2902 utique
2801 2835 2992 2889 obalias
3011 2836 3138 2890 locos
3168 2846 3308 2892 Pater
3326 2828 3467 2893 Filio
3487 2837 3712 2893 dicerem
3722 2848 3816 2904 paut-

2327 2922 2596 2985 ponendus.
2619 2920 2695 2972 Ab
2730 2918 2918 2986 angelis
2954 2921 3135 2974 Filium
3171 2921 3407 2989 adorari,
3455 2938 3549 2977 non
3582 2938 3613 2975 a
3644 2923 3815 2991 Spiritu;

2321 3005 2447 3057 Itum
2469 3003 2597 3057 enim
2616 3009 2784 3056 testem
2804 3002 2912 3069 eius
2928 3018 3050 3068 esse,
3071 3020 3169 3059 non
3514 3011 3629 3061 Cum
3647 3005 3819 3060 atmiis:

2325 3089 2630 3156 anteponitur
2655 3089 2813 3157 Filius
2828 3130 2843 3155 ,
2866 3089 3234 3157 intelligendum
3265 3095 3330 3144 de
3351 3094 3615 3147 creaturis.
3647 3093 3817 3161 Diquits-
3920 3078 3921 3143 ξ

2323 3177 2419 3227 tem
2440 3173 2597 3227 sancti
2619 3173 2831 3238 Spiritus
2852 3187 2886 3225 a
2906 3174 3095 3240 peccati
3116 3176 3167 3227 in
3187 3190 3300 3229 eum
3321 3176 3535 3232 admissi
3561 3173 3819 3230 irremiss‘ui-
3920 3250 3921 3255 γ

2322 3258 2459 3312 litate
2479 3256 2697 3326 probari.
2732 3260 2875 3311 Unde
2896 3260 2959 3313 sit
2985 3256 3077 3312 illa
3096 3260 3512 3317 irremissibilitas
3529 3278 3550 3328 ;
3566 3270 3612 3316 et
3630 3260 3819 3330 quomodo

2322 3353 2446 3393 unus
2468 3338 2703 3407 Spiritus.
3920 3330 3921 3399 ἶ

2329 3455 2418 3529 52.
2438 3454 2545 3512 Sed
2563 3455 2797 3512 fortasse
2809 3454 3009 3526 aliquis
3025 3456 3193 3524 dicat,
3211 3472 3318 3528 qua
3340 3461 3563 3518 ratione
3574 3476 3687 3518 cum
3703 3458 3818 3516 dite-

2257 3548 2331 3605 rit
2368 3548 2459 3606 hic
2489 3564 2554 3604 ex
2583 3549 2747 3605 Patre
2772 3551 2980 3617 omnia,
3008 3559 3065 3607 et
3090 3566 3188 3622 per
3214 3551 3417 3610 Filium
3461 3556 3647 3612 omnia
3675 3554 3711 3628 (l
3732 3552 3818 3608 Cor.
3920 3606 3921 3611 η

2255 3658 2367 3709 vui,
2400 3641 2459 3714 6)
2482 3687 2498 3710 ,
2524 3642 2594 3700 de
2617 3642 2826 3714 Spiritu
2876 3655 3069 3702 sancto
3109 3647 3374 3716 tacuerit;
3405 3660 3470 3707 et
3515 3651 3639 3708 hinc
3682 3648 3819 3720 cupiat

2257 3736 2633 3808 praeiudicium
2680 3753 3022 3809 comparare.
3067 3740 3222 3810 Quod
3266 3743 3314 3799 si
3364 3748 3559 3820 pergit
3601 3748 3821 3805 malitiose

2254 3830 2640 3901 interpretari,
2672 3846 2836 3902 quam
2884 3832 3072 3889 multis
3117 3812 3382 3894 inveniet-
3415 3812 3561 3896 locis
3605 3837 3817 3911 ιιι-πᾶξαι

2255 3930 2364 3978 tam
2412 3924 2585 3980 sancti
2632 3923 2873 3995 Spiritus
2924 3934 3288 3998 potestatem,
3340 3930 3396 3986 in
3449 3932 3653 4005 quibus
3687 3927 3821 3986 veldc
3920 3928 3921 4005 ξ

2254 4014 2417 4073 Patre
2449 4015 2539 4072 vel
2578 4015 2647 4073 de
2672 4016 2815 4074 Filio
2858 4016 3001 4074 nihil
3040 4018 3323 4091 Scriptura
3362 4026 3727 4097 expresserit,
3752 4017 3819 4074 sed

543 4110 670 4167 loco
699 4123 809 4167 non
836 4107 1042 4180 excipit
1061 4105 1327 4178 Spiritum
1354 4113 1601 4161 sanctum
1621 4145 1636 4171 ,
1663 4103 1761 4161 sed
1791 4105 1935 4160 inter
1963 4103 2145 4159 omnia
2251 4100 2662 4180 intelligendum
2692 4110 3013 4182 reliquerit!

546 4212 834 4271 numerat;
865 4217 971 4260 nec
1010 4201 1087 4259 ibi
1119 4213 1255 4273 ergo
1287 4199 1493 4271 excipit
1520 4198 1616 4254 Dei
1640 4197 1976 4265 Filiunt,ubi
2002 4199 2146 4269 Apo-

543 4296 717 4353 stolus
753 4294 891 4353 dixit
921 4312 935 4350 :
966 4291 1134 4348 Nobis
1174 4300 1345 4349 tamen
1388 4307 1524 4347 unus
1562 4289 1709 4346 Deus
1738 4289 1902 4345 Pater
1944 4305 2007 4344 ea;
2044 4306 2145 4360 quo

2320 4200 2391 4258 40
2416 4200 2467 4257 ά.
2509 4200 2784 4274 Numquid
2816 4217 2951 4275 ergo
2976 4219 3102 4261 cum
3132 4207 3307 4279 gratia
3325 4207 3574 4281 Spiritus
3606 4205 3819 4281 ιιι-παίσε-
3920 4214 3921 4277 ξ

2252 4301 2360 4362 tur,
2393 4293 2487 4351 Dei
2530 4293 2710 4351 Patris
2752 4304 2850 4352 aut
2892 4297 3160 4371 unigeniti
3207 4300 3331 4358 Filii
3377 4303 3715 4378 denegatur?
3735 4299 3822 4357 iioo

542 4390 743 4456 omnia,
767 4397 814 4444 et
853 4403 948 4443 nos
990 4401 1083 4459 per
1111 4386 1263 4441 illunt
1290 4384 1336 4459 (l
1366 4383 1488 4440 Cor.
1521 4398 1639 4451 vm,
1669 4382 1749 4455 6).
1781 4380 1890 4439 Sed
1921 4389 1983 4438 ut
2008 4382 2147 4438 sciat
2249 4389 2348 4457 ita,
2391 4389 2516 4461 quia
2544 4389 2688 4446 sicut
2714 4390 2877 4448 Pater
2903 4392 2958 4448 in
2990 4391 3132 4449 Filio
3160 4405 3215 4451 et
3246 4395 3421 4456 Filius
3442 4399 3502 4454 in
3533 4399 3704 4462 Patre,
3728 4405 3747 4431 ο
3769 4397 3820 4447 ita

541 4481 672 4555 quia
715 4482 858 4538 inter
899 4478 1082 4535 omnia
1130 4493 1237 4535 non
1284 4487 1368 4535 est
1416 4476 1617 4542 Filius,
1647 4476 1795 4549 legat
1821 4476 2135 4548 sequentia;

2246 4481 2411 4538 etiam
2451 4481 2653 4556 diffusa
2697 4492 2808 4552 est,
2860 4484 3318 4555 inquit,cltaritas
3364 4488 3467 4547 Dei
3520 4492 3578 4546 in
3627 4486 3824 4546 cordibus

542 4590 669 4633 nam
705 4588 831 4630 cum
867 4572 1004 4630 dicit
1034 4590 1049 4630 :
1078 4572 1149 4628 Et
1177 4589 1311 4628 unus
1339 4570 1595 4628 Dominus
1636 4568 1824 4638 Iesus,
1862 4588 1954 4643 per
1994 4586 2144 4640 quem
2168 4556 2223 4618 D
2247 4575 2439 4631 nostris
2482 4591 2573 4647 per
2619 4576 2880 4649 Spiritum
2916 4589 3188 4648 sanctum,
3239 4582 3331 4653 qui
3385 4584 3553 4639 datus
3598 4596 3671 4640 est
3711 4578 3822 4635 nobis

540 4669 717 4727 omnia
741 4665 1068 4741 (Ibid.);ab
1087 4666 1343 4724 omnibus
1362 4665 1551 4737 utique
1575 4664 1779 4737 excipit
1801 4663 1900 4720 Dei
1917 4662 2141 4733 Filium,
2245 4668 2428 4741 (Rom.
2457 4684 2513 4737 v,
2544 4668 2624 4741 5).
2675 4670 2744 4726 Et
2791 4671 2936 4728 sicut
2986 4672 3081 4745 qui
3123 4675 3474 4735 benedicitur
3518 4680 3576 4735 in
3623 4676 3823 4737 Christo.

536 4760 633 4836 qui
661 4758 880 4833 excepit
907 4767 964 4816 et
990 4759 1229 4818 Patrem.
1688 4766 1695 4775 ‘
2239 4762 2406 4835 608
2432 4761 2773 4819 benedicitur
2816 4764 2871 4819 in
2904 4765 3127 4822 nomine
3167 4766 3369 4838 Patris,
3399 4780 3459 4827 et
3481 4770 3612 4827 Filii
3650 4777 3703 4826 et
3733 4765 3825 4834 Spi-

605 4855 699 4913 30.
753 4851 1013 4927 Ejusdem
1060 4864 1240 4910 autem
1290 4852 1584 4924 impietatis
1611 4859 1699 4909 est
1723 4849 1813 4908 vel
1839 4849 2021 4919 Patri,
2050 4850 2136 4907 vel
2236 4859 2377 4911 ritus
2404 4854 2756 4929 sancti;lquia
2805 4872 2976 4915 unum
3021 4875 3255 4930 nomen,
3284 4871 3542 4935 potestas
3572 4879 3699 4928 una,
3726 4860 3741 4901 ί
3769 4860 3825 4916 ita

533 4948 699 5019 Filio,
723 4949 815 5006 vel
846 4946 1076 5021 Spiritui
1104 4954 1298 5005 sancto
1319 4946 1608 5016 derogare.
1637 4944 1757 5001 Non
1784 4947 1931 5001 enim
1959 4944 2136 5001 credit
2236 4947 2402 5004 etiam
2427 4947 2520 5004 ubi
2542 4949 2794 5018 Operatio
2818 4950 3002 5023 aliqua
3022 4951 3233 5023 divina,
3255 4966 3351 5011 aut
3380 4952 3823 5026 Patris,autFilii,

527 5042 587 5100 in
615 5042 832 5099 Patrem
859 5083 875 5109 ,
902 5041 996 5114 qui
1021 5055 1131 5097 non
1174 5039 1356 5097 credit
1383 5038 1436 5094 in
1469 5038 1667 5094 Filium
1705 5053 1848 5096 :nec
1871 5037 2046 5094 credit
2075 5038 2129 5093 in
2236 5048 2331 5097 aut
2356 5041 2594 5114 Spiritus
2619 5041 2956 5116 designatur,
2991 5061 3099 5103 non
3142 5049 3320 5106 solum
3346 5049 3413 5107 ad
3443 5061 3703 5109 sanctum
3728 5046 3826 5118 Spi-

528 5135 628 5195 Dei
654 5137 850 5195 Filium
870 5178 887 5206 ,
917 5135 1015 5208 qui
1042 5150 1152 5192 non
1180 5131 1358 5191 credit
1395 5131 1451 5188 in
1496 5130 1760 5202 Spiritum
1786 5150 1802 5189 :
1824 5147 1926 5190 nec
1952 5140 2136 5204 potest
2240 5132 2431 5204 ritum,
2460 5134 2557 5192 sed
2585 5136 2752 5194 etiam
2778 5138 2848 5194 ad
2874 5139 3093 5197 Patrem
3122 5140 3362 5200 refertur
3390 5153 3452 5200 et
3478 5144 3682 5202 Filium
3704 5184 3719 5212 ,
3747 5151 3828 5197 nec

599 5288 630 5358 ξ
665 5277 824 5358 Erae.
854 5284 909 5332 et
930 5288 1062 5358 seq.
1085 5270 1221 5356 edit.
1241 5266 2120 5358 in.margineﬂonfun‘ditur‘ratio.
2240 5269 2339 5358 “id.
2358 5270 2421 5358 ln
2460 5270 2715 5358 editione
2749 5273 3193 5334 Benedictiniana
3216 5278 3333 5358 _sic
3375 5284 3582 5358 mutila
3616 5282 3830 5358 procedit

525 5348 633 5407 Sed
682 5347 817 5404 nihil
857 5341 1179 5417 vetatq'quin
1227 5341 1365 5395 actio
1389 5341 1738 5417 _retineatur,
1781 5350 1839 5395 ut
1881 5342 1972 5395 hic
2015 5357 2126 5397 non
2234 5342 2428 5417 series,
2460 5341 2545 5400 bis
2570 5357 2807 5417 quatuor
2836 5363 3096 5405 numeros
3122 5350 3400 5410 omittens.
3435 5353 3585 5412 Enn.

521 5434 680 5496 secus
703 5434 770 5476 ac
795 5432 945 5490 saepe
977 5409 1109 5472 alibi
1145 5427 1213 5470 ea
1240 5426 1344 5467 vox
1389 5409 1533 5467 idem
1576 5410 1648 5465 sit
1689 5420 1854 5481 atque
1897 5426 2125 5468 aecusa-
2292 5423 2331 5496 _°
2357 5416 2506 5496 .Mss.
2539 5409 2770 5496 aliquot,
2801 5419 2877 5473 ita
2903 5420 3139 5496 etiamin
3165 5422 3371 5496 Spiritu
3392 5409 3621 5484 Vsa—timo.
3648 5423 3831 5495 Diluta

524 5491 620 5563 tio,
670 5560 694 5563 _
875 5486 891 5490 '
934 5559 970 5563 η
1211 5555 1224 5563 .
1246 5553 1262 5563 _
1598 5549 1645 5563 η
1750 5551 1762 5563 ,
2227 5494 2324 5563 est,
2351 5486 2540 5563 inquit,
2572 5488 2802 5545 charitas
2830 5505 2851 5546 :
2879 5491 3074 5563 reliqui
3103 5501 3159 5551 et
3184 5486 3377 5552 omnes
3399 5498 3551 5554 edit.
3600 5486 3830 5555 bocnooo

590 5561 629 5639 ﬁ
659 5560 861 5639 Omnes
886 5559 1018 5639 edit.
1050 5566 1108 5615 et
1134 5553 1370 5639 quidam.
1394 5566 1555 5621 mss.,
1589 5549 1918 5639 qcﬂipsum
1956 5568 2118 5639 supra
2225 5549 2370 5639 inter
2396 5549 2460 5614 s'e
2484 5549 2715 5631 distant,
2756 5563 2901 5634 quod
2924 5562 2981 5619 in
3002 5549 3125 5633 bis,
3153 5549 3379 5625 verbum
3408 5549 3829 5639 inquit—uenio-

516 5631 771 5705 eoidesuer
796 5631 1098 5705 Apostolus,
1130 5625 1238 5685 etc.
1265 5625 1374 5683 Alii
1401 5640 1530 5681 vero
1562 5625 1757 5693 majori
1801 5638 2028 5681 numero
2058 5634 2116 5683 et
2224 5628 2460 5705 venitur.

519 5700 927 5787 auctoritate'_ut
953 5716 1053 5787 nos
1083 5703 1138 5756 in
1168 5708 1347 5787 textui.
1383 5770 1415 5787 ι.
1446 5765 1570 5787 mm
1970 5786 1977 5787 γ
2266 5700 2318 5787 με
2359 5701 2503 5787 Mss.
2522 5716 2634 5760 non
2663 5705 2847 5777 pauci,
2878 5707 2954 5763 ita
2982 5708 3142 5767 etiam
3194 5712 3457 5783 operatio,
3490 5713 3590 5770 ubi
3616 5711 3829 5787 operatio

595 5782 619 5815 ε
659 5772 785 5830 Mss.
817 5773 1044 5847 aliquot,
1067 5771 1208 5843 quod
1228 5770 1416 5828 dedisti
1440 5765 1591 5824 mihi.
1964 5786 1979 5793 η
2225 5770 2423 5843 aliqua,
2455 5782 2563 5831 etc.
