4016 6292
221 275 330 334 715

1369 289 1456 347 DE
1495 288 1765 350 SPIRITU
1808 288 2079 351 SANCTO
2116 293 2246 354 LIB.
2293 301 2331 354 Ι.

3369 309 3372 312 ’
3417 319 3528 376 7M

213 392 398 500 solum
429 392 498 449 ad
537 395 752 452 Patrem
772 437 790 466 ,
820 398 917 454 sed
948 399 1113 456 etiam
1156 402 1220 455 ad
1265 403 1462 461 Filium
1491 407 1728 466 refertur
1757 418 1811 466 et
1839 419 1889 478 Α
1915 411 2140 467 Plenum
2187 424 2368 470 autem
2417 427 2502 473 est
2525 460 2538 484 ,
2573 421 2620 475 si
2650 419 2866 477 Patrem
2897 431 2953 479 et
2995 424 3193 482 Filium
3223 427 3520 500 Spiritum-

213 482 507 540 Spiritum.

297 499 507 540 tritum.

255 499 376 633 ΡΗ.
435 579 681 651 Denique
730 582 986 654 Ethiops
1023 588 1305 644 eunuchus
1354 590 1620 648 Candacis
1674 595 1813 665 regi-

211 687 296 727 um
346 673 656 744 baptizatus
709 677 762 731 in
810 677 1030 735 Christo
1077 682 1214 753 (Act.
1255 700 1376 749 vm,
1417 685 1543 755 27),
1591 686 1809 756 plenum

209 771 532 842 mysterium
561 786 887 832 consecutus
914 787 1018 834 est.
1052 778 1118 834 Et
1145 779 1218 834 illi
1260 783 1351 849 qui
1386 792 1722 852 negaverunt
1751 799 1811 840 se

208 867 353 921 scire
379 865 643 936 Spiritum
675 879 928 926 sanctum
953 913 967 937 ,
1009 873 1264 943 quamvis
1293 875 1601 946 baptizatos
1639 892 1699 933 se
1728 877 1811 933 di-

205 967 396 1014 cerent
438 961 492 1015 in
533 959 760 1018 Joannis
803 963 1104 1034 baptismo,
1149 967 1406 1038 baptizati
1450 978 1578 1025 sunt
1621 980 1806 1041 postea

204 1051 346 1120 (Act.
381 1069 506 1119 xu,
541 1051 576 1108 2
605 1064 652 1108 et
678 1054 847 1127 seq.);
894 1057 1021 1128 quia
1051 1057 1296 1115 Joannes
1337 1060 1390 1115 in
1425 1063 1805 1120 remissionem

203 1155 553 1215 peccatorum
577 1189 591 1211 ,
623 1148 676 1202 in
724 1148 1068 1206 advenientis
1094 1151 1224 1207 Jesu
1247 1194 1263 1220 ,
1310 1168 1419 1209 non
1461 1154 1514 1210 in
1545 1171 1645 1211 suo
1675 1157 1808 1228 bap-

200 1237 392 1293 tizavit
439 1239 681 1296 nomine.
731 1243 796 1296 Et
827 1242 950 1298 ideo
995 1242 1256 1314 Spiritum
1291 1247 1636 1312 nesciebant,
1683 1251 1803 1318 quia

199 1347 302 1388 nec
344 1333 673 1403 baptismum
713 1336 766 1390 in
817 1336 1018 1393 Christi
1079 1341 1338 1406 nomine,
1388 1342 1530 1397 sicut
1564 1343 1806 1402 Joannes

195 1425 474 1496 baptizare
511 1427 756 1495 solebat,
808 1441 1153 1500 acceperant.
1197 1432 1438 1489 Joannes
1479 1436 1648 1502 enim,
1681 1437 1808 1494 licet

191 1533 308 1574 non
340 1518 646 1590 baptizaret
675 1521 729 1575 in
759 1521 964 1592 Spiritu
987 1565 1002 1589 ,
1038 1533 1220 1581 tamen
1253 1535 1312 1582 et
1337 1525 1616 1584 Christum
1669 1545 1807 1600 prte-

190 1611 414 1668 dicabat
458 1622 514 1670 et
559 1614 845 1686 Spiritum.
878 1617 1123 1689 Denique
1168 1635 1292 1677 cum
1341 1623 1803 1695 interrogaretur,

190 1721 267 1761 ne
318 1705 460 1762 forte
496 1707 614 1778 ipse
660 1718 807 1765 esset
853 1709 1124 1780 Christus,
1157 1712 1494 1786 respondit:
1552 1716 1666 1792 Ego
1719 1735 1807 1775 vos

1916 524 2020 578 quc
2067 520 2316 566 sanctum
2347 511 2588 569 fatearis.
2624 516 2679 572 Si
2708 533 2875 572 unum
2924 534 3112 590 neges,
3167 531 3340 578 totum
3389 527 3518 581 sub-

1915 616 2058 656 rues.
2103 602 2170 657 Et
2195 604 2652 674 quemadmodum
2702 608 2750 664 si
2793 627 2960 666 unttm
2993 613 3046 666 in
3079 629 3332 670 sermone
3363 631 3511 670 com-

1916 694 2226 763 prehendas
2252 741 2266 763 ,
2303 707 2396 752 aut
2437 699 2650 756 Patrem
2678 743 2695 769 ,
2728 714 2820 758 aut
2853 703 3052 760 Filium
3079 746 3095 770 ,
3135 717 3229 761 aut
3254 707 3514 777 Spiritum

1913 796 2195 854 sanctum;
2230 789 2335 846 fide
2367 803 2548 849 autem
2582 809 2681 851 nec
2720 795 2937 854 Patrem
2961 841 2975 863 ,
3027 815 3127 855 nec
3153 800 3382 867 Filium,
3417 819 3518 859 nec

1912 877 2170 948 Spiritum
2203 891 2453 938 sanctum
2495 884 2764 958 abneges,
2815 889 3035 959 plenum
3067 901 3150 947 est
3179 892 3303 949 fidei
3335 910 3517 950 sacra-

1911 981 2152 1026 mentum
2185 990 2199 1026 :
2246 975 2315 1028 ita
2347 978 2512 1032 etiam
2542 981 2789 1050 quamvis
2820 993 2875 1036 et
2909 983 3120 1038 Patrem
3141 1027 3155 1051 ,
3188 995 3243 1042 et
3282 985 3515 1056 Filium,

1909 1075 1966 1121 et
1997 1066 2262 1137 Spiritum
2308 1071 2489 1140 dicas,
2529 1083 2586 1128 et
2629 1085 2720 1130 aut
2744 1074 2944 1143 Patris,
2977 1086 3071 1132 aut
3096 1078 3241 1146 Filii,
3274 1090 3367 1136 aut
3389 1082 3514 1152 Spi-

1909 1160 2046 1215 ritus
2094 1163 2269 1217 sancti
2319 1165 2532 1221 minuas
2575 1176 2936 1236 potestatem,
2985 1186 3212 1226 vacuum
3240 1183 3325 1229 est
3354 1193 3516 1231 otnnc

1910 1255 2253 1325 mysterium.
2297 1255 2537 1328 Denique
2564 1267 2620 1314 et
2646 1261 2719 1315 illi
2748 1261 2846 1331 ipsi
2885 1263 2974 1332 qui
3018 1262 3310 1320 dixerant:
3335 1266 3445 1322 Nec
3473 1271 3516 1322 si

1912 1345 2146 1416 Spiritus
2185 1359 2394 1403 sanctus
2435 1351 2602 1423 609
2647 1354 2713 1406 sit
2742 1355 3068 1423 audivimus,
3115 1359 3360 1428 baptizati
3400 1376 3517 1417 sunt

1910 1447 2085 1505 postea
2106 1439 2159 1493 in
2187 1441 2392 1496 nomine
2417 1441 2626 1497 Domini
2651 1444 2778 1499 Jesu
2803 1445 2999 1503 Christi
3026 1449 3161 1521 (Act.
3194 1468 3313 1514 χιχ,
3340 1454 3420 1524 5).
3449 1456 3515 1510 Et

1911 1530 2014 1587 hoc
2043 1533 2337 1589 abundavit
2365 1535 2431 1592 ad
2462 1538 2690 1607 gratiam
2719 1557 2732 1605 ;
2767 1541 2893 1611 quia
2923 1542 3035 1612 jam
3087 1545 3353 1614 Spiritum
3389 1564 3516 1605 san-

1909 1635 2080 1693 ctum,
2114 1625 2283 1682 Paulo
2310 1629 2657 1697 praedicante,
2691 1647 3085 1704 cognoverant.

1982 1719 2071 1774 45.
2114 1719 2226 1776 Nec
2271 1724 2607 1779 contrarium
2650 1725 2812 1782 debet
2855 1729 3060 1795 videri,
3094 1733 3218 1803 quia
3265 1739 3514 1805 quamvis

185 1814 327 1869 aqua
356 1799 584 1871 baptizo,
617 1801 780 1855 veniet
809 1812 981 1858 autem
1011 1805 1204 1876 fortior
1231 1823 1332 1872 me,
1377 1811 1526 1881 cujus
1563 1827 1664 1865 non
1691 1829 1806 1868 sum
1836 1818 1882 1879 Β
1909 1811 2074 1866 etiam
2109 1825 2295 1882 postea
2345 1816 2570 1871 tacitum
2617 1817 2688 1872 sit
2724 1817 2793 1874 de
2839 1819 3044 1890 Spiritu
3066 1865 3080 1889 ,
3111 1799 3295 1882 tamen
3326 1830 3509 1886 credi-

185 1891 381 1961 dignus
405 1892 752 1947 calceamenta
783 1904 989 1964 portare
1012 1912 1030 1948 :
1053 1896 1164 1967 ipse
1183 1914 1270 1952 vos
1294 1898 1572 1970 baptizabit
1602 1902 1806 1973 Spiritu

184 1994 371 2038 sancto
411 1993 458 2038 et
496 1985 604 2056 igni
641 1983 822 2056 (Joan.
855 2003 892 2050 ι,
924 1987 992 2043 26
1019 1989 1166 2058 ,27).
1204 1990 1347 2062 Ergo
1367 1991 1454 2047 isti
1481 1994 1606 2064 quia
1630 2010 1727 2050 nec
1751 1997 1832 2058 in,

179 2076 389 2134 Christi
415 2079 669 2148 nomine,
714 2095 812 2136 nec
850 2096 971 2137 cum
1007 2082 1112 2138 nde
1145 2083 1380 2154 Spiritus
1411 2087 1582 2142 sancti
1614 2088 1799 2160 bapti-

180 2174 293 2228 zati
317 2174 564 2240 fuerant,
601 2190 708 2230 non
736 2185 1031 2246 potuerunt
1057 2179 1307 2250 accipere
1343 2179 1684 2252 baptismatis
1713 2199 1798 2240 sa-

177 2277 552 2323 cramentum.

251 2361 342 2415 42.
376 2360 641 2431 Baptizati
663 2371 792 2418 sunt
822 2362 1008 2434 itaque
1033 2372 1057 2402 ι
1081 2364 1134 2420 in
1159 2367 1381 2423 nomine
1401 2366 1531 2424 Jesu
1555 2367 1795 2426 Christi:

177 2468 283 2509 nec
311 2453 572 2510 iteratum
613 2463 699 2510 est
745 2455 800 2510 in
859 2455 944 2512 bis
993 2458 1262 2528 baptisma
1290 2502 1306 2524 ,
1351 2461 1447 2516 sed
1503 2472 1794 2530 novatum;

178 2563 352 2603 unum
383 2547 530 2604 enim
560 2547 832 2618 baptisma
864 2548 1084 2620 (Ephes.
1118 2566 1194 2618 tv,
1228 2550 1306 2623 5).
1340 2551 1440 2609 Ubi
1468 2564 1649 2610 autem
1683 2571 1791 2611 non

175 2649 266 2695 est
296 2641 522 2711 plenum
568 2639 914 2710 baptismatis
959 2655 1397 2711 sacramentum,
1448 2662 1549 2703 nec
1589 2648 1795 2718 princi-

173 2735 368 2805 pium,
424 2735 511 2791 νει
559 2735 773 2806 species
836 2736 1018 2809 aliqua
1074 2738 1416 2810 baptismatis
1464 2743 1786 2800 aestimatur.

252 2869 278 2897 ι
323 2859 425 2915 Vix
449 2858 590 2916 alius
617 2860 1012 2917 Ambrosianus
1037 2861 1195 2917 locus
1222 2870 1427 2917 tantam
1464 2863 1673 2920 dissidii
1706 2880 1786 2921 se-

173 2941 393 3002 getem,
422 2942 681 3002 quantam
707 2931 813 2998 ;hic
844 2935 1076 3002 praebuit
1098 2933 1386 3001 theologis.
1431 2935 1574 2990 Beda
1611 2936 1787 2992 Vene-

172 3004 370 3059 rabilis
422 3006 475 3076 in
523 3008 753 3059 Actuum
799 3005 865 3060 i9
898 3005 1014 3059 hmc
1067 3006 1180 3076 ipsa
1229 3008 1390 3061 verba
1447 3007 1780 3074 edisserens,

177 3075 459 3130 Ambrosii
509 3077 835 3131 sententiam
890 3077 1030 3132 banc
1077 3075 1200 3133 esse
1245 3077 1426 3140 docet,
1477 3078 1782 3134 ministrum

1911 1914 2024 1958 tum
2057 1913 2168 1960 est:
2200 1915 2256 1962 et
2285 1907 2431 1977 quod
2465 1909 2635 1963 verbo
2668 1912 2890 1967 tacitum
2942 1913 3156 1982 fuerat,
3189 1933 3508 1990 expressum

1901 2006 1987 2053 est
2012 1997 2140 2054 ﬁde.
2177 1999 2308 2054 Cum
2337 2001 2482 2056 enim
2512 2001 2714 2057 dicitur
2742 2021 2754 2056 :
2791 2003 2858 2058 In
2889 2009 3095 2063 nomine
3129 2008 3338 2067 Domini
3382 2032 3505 2070 nos-

1902 2089 1967 2142 tri
1993 2088 2121 2144 Jesu
2150 2088 2363 2159 Christi,
2386 2106 2482 2162 per
2506 2093 2767 2149 unitatem
2795 2098 3034 2153 nominis
3058 2100 3339 2170 impletum
3363 2121 3506 2178 mys-

1899 2183 2098 2238 terium
2144 2196 2278 2240 est:
2334 2201 2433 2241 nec
2483 2202 2515 2241 a
2559 2186 2764 2244 Christi
2814 2189 3139 2262 baptismate
3163 2195 3404 2268 Spiritus
3427 2217 3513 2258 sc-

1901 2285 2166 2344 paratur;
2223 2277 2348 2348 quia
2402 2277 2645 2334 Joannes
2691 2280 2743 2335 in
2798 2285 3118 2351 paenitentia
3174 2288 3507 2361 baptizavit,

1899 2366 2151 2422 Christus
2181 2367 2234 2422 in
2265 2367 2473 2439 Spiritu
2501 2369 2691 2442 (lbid.,
2717 2371 2796 2443 4).

1968 2459 2059 2514 44.
2093 2459 2246 2516 Nunc
2274 2461 2696 2519 consideremus
2746 2473 2925 2520 utrum
2957 2472 3416 2539 quemadmodum
3451 2477 3502 2532 in

1896 2549 2099 2606 Christi
2125 2552 2346 2608 nomine
2377 2552 2594 2624 plenum
2625 2569 2749 2611 esse
2789 2556 3019 2628 legimus
3049 2561 3391 2632 baptismatis
3417 2583 3502 2623 sa-

1894 2654 2271 2710 cramentum;
2323 2645 2396 2699 ita
2441 2646 2607 2701 etiam
2640 2657 2832 2703 sancto
2881 2659 3088 2708 tantum
3131 2655 3333 2726 Spiritu
3364 2675 3504 2715 nun-

1892 2748 2116 2811 cupato,
2147 2739 2284 2795 nihil
2306 2739 2452 2797 desit
2489 2742 2558 2797 ad
2591 2746 2838 2814 mySIerii
2866 2746 3284 2818 plenitudinem.
3315 2753 3503 2811 Ratio—

1887 2859 2083 2940 adulti,
2112 2859 2578 2940 edere_sol_ebant.
2623 2861 2864 2940 Namque
2905 2865 3246 2940 interrogati,
3282 2882 3337 2927 ut
3363 2869 3497 2932 alibi

1887 2931 2149 3005 vidimus,
2176 2933 2346 2986 credis
2375 2934 2429 3005 in
2461 2931 2732 3005 Patrem?
2767 2931 3176 3005 respondebant
3213 2931 3390 2998 credo.
3428 2931 3496 3002 Et

1889 3005 1969 3058 sic
2014 3003 2082 3057 de
2122 3004 2342 3081 duabus
2375 3003 2519 3081 aliis
2546 3007 2817 3081 personis.
2863 3003 2989 3081 Hoc
3043 3012 3209 3081 igitur
3262 3015 3495 3072 intendit

1890 3084 2112 3131 sanctus
2139 3075 2345 3130 Prmsul
2375 3075 2760 3144 baptizandus,
2792 3080 2893 3132 etsi
2926 3080 2994 3136 de
3022 3075 3123 3136 una
3167 3084 3282 3138 sola
3314 3086 3493 3144 Trini-

174 3146 570 3242 baptismatish
598 3147 950 3242 pronuntiato
987 3148 1107 3231 solo
1159 3148 1224 3242 J.‘
1268 3148 1476 3242 Christi
1519 3152 1782 3242 nomine,
1815 3179 1860 3242 Ο
1892 3147 2298 3242 tatis-persona
2306 3148 2759 3242 ιόᾳξιιιξξξξιῗυι,Δ
2773 3152 3327 3242 respondissentque,
3353 3158 3494 3242 μειρ-

175 3233 314 3291 vere
339 3232 404 3291 ac
433 3217 606 3291 valide
639 3219 916 3287 baptizare
943 3237 955 3273 :
986 3221 1072 3274 cui
1104 3223 1394 3275 sententia:
1423 3230 1478 3275 et
1517 3222 1634 3291 ipse
1660 3217 1788 3278 sub?-

179 3289 396 3362 scribit.
430 3289 618 3362 Eidem
647 3306 865 3362 quoque
888 3291 1152 3362 majorem
1184 3291 1362 3346 adhuc
1405 3289 1785 3348 auctoritatem

187 3359 410 3415 videtnr
438 3360 636 3417 addere
652 3359 869 3417 calculo
898 3359 999 3417 suo
1035 3361 1289 3417 Nicolaus
1315 3363 1356 3425 Ι,
1401 3372 1549 3432 pont.
1596 3363 1784 3430 Bom.,

175 3431 236 3488 in
259 3432 504 3506 ,Bespon.
551 3431 619 3487 ad
658 3434 908 3506 consulta
947 3433 1168 3506 Bulgar.
1199 3450 1249 3490 c.
1276 3431 1577 3506 £04.;Hanc
1610 3436 1783 3502 ipsam

172 3504 498 3578 opinionem
523 3519 632 3578 non
657 3505 973 3578 haesitanter
995 3504 1278 3578 amplexus
1307 3515 1389 3561 est
1406 3505 1603 3561 Petrus
1623 3506 1786 3578 Lom-

171 3576 384 3650 bardus
419 3576 476 3650 in
519 3590 574 3650 ty
598 3574 787 3650 S_ent.,
817 3576 944 3632 dist.
977 3579 1042 3643 5,
1073 3574 1195 3645 cap.
1239 3577 1346 3633 Sed
1385 3578 1524 3650 quod
1569 3588 1622 3632 et
1663 3574 1779 3650 seq.

167 3647 390 3719 Neciab
418 3646 502 3719 bis
528 3647 596 3719 Β.
618 3647 881 3702 Thomam
925 3659 1078 3715 parte
1107 3663 1202 3712 ιιι,
1235 3646 1426 3719 ιιυςεει.
1456 3649 1544 3716 66,
1581 3659 1684 3704 art.
1723 3646 1778 3714 6,

169 3718 451 3774 dissidere
485 3717 872 3789 iudicabimus,
911 3719 957 3774 si
989 3717 1268 3789 Cajetano,
1301 3720 1393 3790 qui
1435 3721 1596 3776 etiam
1639 3737 1780 3778 nunc

166 3789 540 3857 baptismum,
591 3805 692 3845 una
735 3800 941 3845 tantum
993 3790 1275 3845 Trinitatis
1322 3789 1551 3861 persona
1606 3795 1780 3849 nomi-

167 3870 327 3927 nata,
357 3861 640 3918 contendit
664 3862 962 3918 efﬁcaciter
987 3862 1228 3918 conferri
1259 3878 1442 3932 posse,
1474 3863 1634 3919 fidem
1676 3864 1775 3920 ba-

167 3934 428 3989 beamus.
490 3932 688 3988 Verum
735 3935 825 3988 alii
874 3933 1170 3988 Thomistze
1206 3933 1345 3990 hanc
1386 3937 1711 3990 sententiam
1743 3953 1774 4000 a

164 4004 423 4075 magistri
467 4005 549 4060 sui
598 4015 780 4059 mente
825 4004 1060 4059 alienam
1115 4015 1382 4060 conantur
1438 4005 1770 4075 ostendere,

215 4076 325 4131 uod
354 4075 573 4144 quidem
605 4076 922 4132 examinare
945 4077 1112 4132 nostri
1161 4092 1265 4134 non
1308 4077 1470 4133 fuerit
1513 4078 1770 4133 instituti.

215 4091 325 4131 uou
354 4091 573 4144 quidem
605 4091 922 4132 examinare
945 4091 1112 4132 nosm
1161 4092 1265 4134 non
1308 4091 1470 4133 tuerit
1514 4091 1770 4133 instituti.

161 4091 450 4204 austerum
474 4145 698 4219 Nicolao
728 4163 881 4219 papae
919 4163 982 4203 ac
1013 4148 1268 4218 Magistro
1299 4149 1453 4204 Sent.
1495 4151 1772 4204 accenseri

168 4218 375 4290 procul
407 4217 574 4274 dubio
621 4217 783 4290 etiam
812 4219 974 4290 debet
1007 4217 1159 4288 Hugo
1190 4219 1396 4276 Victor.
1424 4219 1518 4275 lib.
1545 4236 1558 4274 ι
1589 4221 1658 4276 de
1677 4221 1774 4276 Sa-

162 4289 503 4362 Cram.rcap.
552 4290 638 4345 15.
664 4289 821 4347 Unde
849 4289 1076 4362 colligas
1116 4291 1254 4362 banc
1290 4291 1600 4362 Opinionem
1633 4293 1774 4347 anti-

161 4363 302 4433 quis
336 4361 794 4433 theologisfuisse
823 4361 1111 4418 admodum
1151 4361 1491 4419 familiarem.
1538 4363 1609 4419 At
1643 4379 1772 4419 vero

217 4434 482 4505 rudenter
511 4432 876 4505 Bellarminus
905 4433 970 4487 de
999 4434 1237 4489 Sacram.
1267 4433 1420 4505 Bapt.
1454 4435 1546 4490 lib.
1580 4451 1617 4500 ι,
1643 4449 1765 4505 cap.

217 4450 482 4489 ruuenter
511 4450 876 4488 uettarmtnus
905 4450 970 4487 ae
999 4450 1237 4489 Sacram.
1267 4450 1420 4505 Bapt.
1454 4450 1546 4490 ιιι).
1580 4451 1617 4500 ι,
1643 4450 1765 4505 cap.

161 4450 240 4561 g:
265 4503 378 4559 Sed
404 4504 797 4577 fundamentum
818 4505 1158 4577 precipuum,
1181 4506 1375 4576 inquit,
1400 4508 1628 4560 omnium
1647 4523 1773 4560 auc-

162 4587 350 4631 torum
382 4585 494 4644 post
528 4576 854 4630 Ambrosium
878 4585 952 4632 est
978 4577 1141 4647 ipsius
1163 4577 1419 4632 Ambrosii
1450 4578 1765 4643 auctoritas;
1796 4582 1848 4642 D

159 4664 338 4719 quare
364 4647 564 4719 siforte
588 4648 884 4702 Ambrosius
915 4664 1016 4702 non
1051 4649 1184 4702 illud
1204 4650 1367 4702 voluit
1404 4648 1594 4713 dicere,
1634 4650 1770 4717 quod

158 4718 293 4792 ejus
326 4718 477 4792 verba
516 4736 699 4792 sonare
726 4719 980 4792 videntur,
1013 4720 1117 4773 ruit
1158 4720 1550 4788 fundamentum
1585 4722 1770 4792 ρι’ωεὶ-

161 4790 342 4859 ρυιιηι
373 4790 512 4844 illius
540 4791 821 4860 opinionis.
852 4791 1036 4861 Itaque
1066 4800 1125 4845 ut
1155 4792 1402 4846 rimando
1430 4790 1612 4847 sensui
1635 4795 1768 4846 Am-

159 4863 440 4916 brosiauo
483 4863 655 4916 lucem
698 4861 887 4916 afferat
934 4862 1078 4916 idem
1118 4862 1428 4925 cardinalis,
1467 4872 1772 4930 prtemouet

156 4933 531 5004 Ambrosium
581 4949 647 4988 ex
705 4932 903 4987 Basilio
945 4948 1104 5004 quem
1155 4944 1375 4990 secutus
1415 4944 1532 4996 est,
1573 4933 1774 4988 intelli-

154 5003 658 5076 gendumpseque
686 5003 1248 5076 additiisiaccedere,
1289 5006 1381 5075 qui
1423 5004 1768 5076 Ambrosium

157 5075 232 5131 et
265 5090 332 5148 ex
362 5090 427 5129 eo
452 5075 651 5148 Bedam
696 5091 800 5130 non
832 5075 900 5148 de
927 5075 1097 5148 forma
1130 5077 1379 5145 baptismi
1420 5075 1767 5148 accipiendos

154 5146 434 5208 credunt,
465 5147 561 5201 sed
607 5156 813 5201 tantum
842 5147 910 5202 de
942 5147 1125 5202 verbis
1156 5149 1412 5212 Actuum,
1435 5163 1555 5217 qua:
1590 5146 1768 5215 proie-é

156 5227 406 5283 runtur;
438 5232 538 5273 nec
557 5218 703 5273 aliud
735 5219 871 5273 velle
896 5228 1143 5274 sanctum
1173 5219 1482 5284 Ductorem,
1518 5234 1677 5286 quam
1700 5232 1767 5273 eo

155 5293 304 5346 loco
331 5297 388 5344 et
407 5289 696 5351 similibus,
728 5289 782 5344 in
811 5290 1006 5361 quibus
1035 5307 1137 5345 una
1161 5290 1419 5359 qumlibet
1460 5291 1764 5345 divinarum

153 5374 560 5433 personarum_
578 5361 920 5433 exprimitur,
971 5361 1106 5417 alias
1145 5362 1278 5417 duas
1325 5363 1487 5416 tacite
1529 5362 1768 5433 inclusas

154 5431 474 5488 contineri.
522 5431 780 5487 Eamdem
835 5441 1143 5502 proponunt
1195 5433 1521 5488 solutionem
1582 5432 1764 5487 Estius

152 5507 238 5575 ist
279 5519 332 5558 tv
359 5503 563 5575 Sent.,
602 5504 726 5559 dist.
766 5505 878 5575 3,§
917 5504 980 5568 5;
1013 5505 1217 5560 Nicolai
1254 5505 1542 5560 Observat.
1590 5503 1656 5557 ad
1697 5503 1762 5556 D.

153 5574 324 5631 Tha.
357 5574 534 5629 locum
557 5576 674 5640 cit.;
707 5574 1010 5631 Alexander
1038 5578 1176 5633 Srec.
1208 5592 1286 5642 ιιι,
1329 5576 1557 5631 Dissert.
1585 5575 1672 5642 15,
1713 5584 1769 5630 et

148 5645 495 5704 Harduinus
527 5645 594 5700 de
626 5647 778 5716 Bapt.
815 5647 869 5701 in
903 5652 1121 5704 nomine
1151 5647 1374 5704 Christi.
1415 5647 1522 5704 Sed
1547 5658 1657 5702 tres
1688 5647 1770 5700 ul-

154 5718 303 5776 simi
331 5717 500 5788 priori
529 5719 873 5786 responsioni
912 5719 1206 5774 secundam
1243 5719 1538 5788 adjiciunt;
1581 5718 1774 5774 dicunt

148 5790 330 5860 enim
361 5787 705 5860 Ambrosium
738 5789 839 5844 huc
875 5791 993 5846 loco
1032 5791 1102 5846 de
1129 5791 1218 5846 illa
1250 5787 1458 5845 tantum
1496 5789 1618 5845 fidei
1647 5802 1774 5860 pro-

150 5859 430 5924 fessione
485 5859 910 5930 explicandum,
969 5878 1130 5930 quam
1194 5862 1288 5934 qui
1359 5859 1774 5933 baptizabantur

711 5955 981 6017 PATROL.
1018 5954 1190 6018 XVI.

1895 3219 2114 3292 tismum
2160 3227 2356 3292 tamen_
2387 3218 3056 3292 legitimumaccepturos
3096 3218 3290 3292 fuisse,
3316 3218 3490 3285 "dum-

1893 3288 2054 3343 modo
2083 3301 2284 3343 rectam
2325 3287 2392 3342 de
2421 3287 2529 3343 tcta
2561 3288 2830 3344 Trinitate
2870 3287 3029 3347 iidem
3069 3297 3252 3351 animo
3279 3287 3488 3357 retine-

1893 3370 2036 3436 rent.
2071 3359 2202 3426 Quae
2245 3359 2368 3413 dua:
2409 3359 2781 3436 expositiones
2812 3364 2940 3436 quin
2967 3367 3090 3436 sint
3128 3382 3227 3436 per
3259 3383 3318 3425 se
3346 3376 3488 3428 veri-

1890 3433 1986 3486 tati
2046 3439 2454 3506 consentaneae,
2505 3430 2729 3506 dubium
2778 3430 2978 3489 nemini
3035 3430 3322 3506 videatur;
3387 3446 3481 3499 sed

1888 3504 2160 3576 posterior
2216 3501 2385 3576 magis
2430 3505 2788 3576 quamﬂprior
2837 3507 3086 3576 congruit
3135 3525 3256 3564 cum
3303 3501 3483 3571 verbis

1887 3572 2184 3651 Ambrosii.
2217 3572 2433 3651 Etenim
2483 3575 2535 3626 in
2566 3574 2671 3651 illis
2699 3577 2872 3651 e_t_ia_m_
2894 3572 2977 3648 agi
3011 3579 3078 3634 de
3125 3587 3482 3651 pronuntiau-

1885 3645 1968 3700 dis
1997 3644 2049 3698 in
2081 3645 2404 3718 baptismate
2430 3646 2680 3718 personis
2708 3646 2906 3702 divinis
2933 3644 3047 3718 ipsa
3084 3644 3348 3710 orationis
3395 3674 3482 3714 sc-

1885 3718 1995 3772 ries
2044 3717 2203 3787 plane
2251 3716 2627 3788 ostenditzat,
2664 3732 2782 3772 eam
2829 3716 3324 3788 pronuntiationem
3370 3745 3477 3786 non

1883 3803 2038 3865 esse,
2085 3803 2207 3859 quae
2235 3787 2393 3865 simul
2425 3802 2548 3865 cum
2583 3787 2859 3865 ablutione
2900 3806 2930 3865 υ
2975 3793 3228 3865 ministro
3272 3799 3474 3865 editur,

1881 3856 2048 3919 multa
2075 3856 2423 3930 persuadent.
2454 3857 2586 3913 Nam
2613 3860 2791 3941 primo
2813 3861 2857 3916 si
2890 3861 2960 3916 de
2987 3864 3174 3941 ultima
3219 3867 3326 3941 hic
3349 3856 3473 3941 age:

1881 3943 2053 4008 retur,
2100 3944 2444 4008 consequens
2485 3930 2902 4008 esset__l_'ormam
2951 3936 3052 3989 sub
3094 3937 3208 3992 sola
3237 3930 3474 4008 Spiri‘t'us

1879 4007 2055 4060 sancti
2082 4001 2525 4074 pronuntiatione
2552 4001 2783 4074 Validam
2809 4018 2932 4074 esse
2958 4046 2972 4069 ,
3006 4008 3148 4074 quod
3189 4023 3220 4062 a
3251 4001 3470 4067 nemine

1881 4071 2281 4149 prmter’quam
2313 4071 2629 4149 a_Magislro_
2665 4073 2822 4149 Sent.
2863 4071 3160 4149 adm_issutti
3203 4088 3468 4149 reperies.

1878 4143 2086 4220 Deinde
2105 4143 2227 4220 cum
2255 4144 2575 4220 Ambrosius
2616 4143 2761 4220 haud
2787 4145 2948 4201 dubie
2985 4146 3073 4220 hic
3105 4143 3384 4220 Basilium,
3417 4167 3470 4210 ct

1877 4215 2109 4294 fortasse
2135 4216 2300 4294 etiam
2333 4214 2618 4294 Didymutn
2661 4217 2764 4271 sibi
2798 4219 3132 4294 sequendum
3172 4214 3469 4294 proposue-

1876 4289 1967 4360 rit,
2000 4289 2312 4360 neutiquam
2355 4286 2619 4342 credibile
2655 4295 2738 4341 est
2773 4301 2896 4343 eum
2936 4289 3004 4344 ab
3036 4286 3183 4360 ipsis'
3210 4286 3466 4353 recedere

1876 4357 1979 4416 hoc
2002 4363 2123 4416 loco
2155 4359 2414 4430 voluisse,
2458 4372 2596 4430 quos
2633 4367 2848 4430 constat
2892 4357 3250 4430 prolationem
3303 4368 3463 4423 trium

1878 4446 2232 4508 personarum
2297 4428 2660 4508 inhbanptismi
2711 4428 3205 4508 forma'censuisse
3245 4453 3464 4508 prrrsus

1875 4499 2259 4574 necessariam.
2302 4499 2722 4574 Adi_Basilimn
2757 4502 2850 4556 lib.
2901 4501 2970 4559 de
3022 4499 3464 4574 Spiritu-sancto

1872 4575 2124 4652 eap._10,
2174 4573 2235 4629 Η
2266 4571 2455 4652 _et_i?;
2498 4571 2629 4625 item
2671 4572 2764 4627 lib.
2803 4587 2858 4640 v,
2893 4575 2944 4652 in
2982 4571 3212 4652 Euhom.
3251 4595 3372 4652 cap.
3407 4586 3459 4638 5.

1871 4643 2026 4712 Quod
2058 4659 2186 4701 vero
2215 4643 2284 4714 ad
2326 4643 2635 4714 Didymum,
2679 4659 2745 4697 ex
2783 4658 2854 4699 eo
2892 4645 3238 4704 divinitatem
3289 4643 3461 4710 sancti

1873 4717 2109 4786 Spiritus
2146 4713 2484 4787 validissinie
2531 4713 2892 4787 demonstrari
2937 4720 3172 4787 asserit,
3224 4725 3366 4787 quod
3408 4727 3459 4782 in

1873 4784 2200 4857 baptismate
2241 4784 2671 4866 administrando
2718 4794 2826 4840 tam
2872 4784 3462 4866 necessarioHSpiritus

1875 4874 2104 4928 persona
2134 4857 2535 4936 pronuntianda
2565 4857 2656 4920 sit,
2689 4871 2847 4926 quam
2872 4857 3062 4936 Patris
3081 4873 3135 4917 et
3161 4857 3304 4936 Filii,
3329 4884 3462 4936 qua-

1874 4945 1992 5001 rum
2023 4928 2263 5001 qualibet
2290 4944 2319 4980 a
2350 4928 2630 5001 sacerdme
2654 4931 3020 5001 praeteritiissa
3053 4928 3456 4991 invalidu'm'ef-

1874 5000 1960 5056 fici
1992 4999 2623 5076 sacramentumdiserte
2645 4999 2961 5076 tradit._Sed
2997 5006 3136 5071 quod
3168 5022 3458 5076 argumen-

1869 5080 1984 5128 tum
2036 5074 2206 5127 multo
2243 5069 2474 5124 validius
2521 5070 2941 5127 existimandum
2988 5069 3092 5137 est,
3142 5069 3462 5135 Am'brosius

1869 5144 1986 5212 ipse
2015 5141 2290 5200 sexcentis
2321 5141 2453 5213 locis
2496 5141 2654 5196 trium
2701 5158 3054 5210 personarum
3099 5147 3458 5213 prolationem

1869 5215 1937 5270 ad
1971 5230 2155 5270 verum
2195 5212 2520 5284 baptismum
2573 5215 2883 5284 necessario
2926 5212 3124 5284 requiri
3161 5231 3458 5275 asseverat.

1869 5285 2047 5354 Ipsum
2090 5287 2316 5341 consule
2343 5283 2440 5354 lib.
2475 5299 2570 5337 vm
2605 5284 2658 5338 in
2700 5283 2920 5351 Lucam,
2951 5283 3098 5341 num.
3137 5288 3242 5352 67;
3271 5290 3366 5346 lib.
3393 5294 3460 5348 dc

1869 5353 2308 5430 Mysteriis,_cap.
2341 5353 2581 5430 4,_num.
2614 5355 2706 5430 20,
2739 5355 2806 5410 ad
2835 5372 2998 5426 quem
3029 5358 3207 5430 locum
3225 5359 3331 5428 iam
3359 5363 3457 5418 ali-

1869 5425 1999 5498 quid
2026 5429 2125 5482 bac
2153 5425 2772 5498 deresubuotavimus,
2801 5425 2862 5482 et
2892 5438 2949 5483 ut
2981 5425 3296 5486 omittamus
3335 5449 3465 5489 auc-

1867 5496 2041 5575 torem
2073 5499 2164 5575 lib.
2210 5497 2278 5554 de
2296 5496 2689 5575 _Sacr_am.,lib.
2714 5511 2773 5563 tt,
2797 5511 2846 5552 c.
2877 5499 2912 5554 ὕ
2940 5498 3169 5575 et_7,_-in
3219 5499 3319 5558 hac
3347 5505 3462 5575 ipsa

1869 5569 2246 5628 lucubratione
2295 5567 2623 5636 baptismum
2661 5580 2782 5620 cum
2826 5584 2854 5620 a
2899 5567 3180 5623 catholicis
3232 5567 3462 5632 tum'ab

1873 5643 2006 5714 ipsis
2056 5641 2327 5696 haereticis
2359 5653 2654 5714 numquam
2695 5652 2802 5714 non
2857 5639 2958 5695 sub
2999 5653 3256 5714 egpressa
3298 5647 3456 5702 trium

1876 5708 2228 5785 personarum
2265 5709 2624 5785 prolatione};
2655 5708 2906 5764 ministro
2931 5708 3335 5785 conferri'liaud
3377 5735 3461 5774 se-

1879 5777 1984 5859 ipel
2010 5777 2328 5859 _signilicat_;
2374 5777 2774 5859 undealiorutn
2813 5796 3027 5852 quoque
3064 5780 3172 5837 PP.
3213 5792 3465 5859 exemplo

1879 5850 2115 5928 Spiritus
2135 5852 2331 5909 astruit
2355 5850 2713 5906 divinitatem.

2870 5947 2948 6012 23
