4016 6292
493 308 599 366 719

1861 298 2103 358 SANCTI
2128 295 2450 358 AMBROSII
3648 299 3729 357 no

491 426 526 494 Ξ
565 426 656 482 59.
687 423 889 495 Accipe
910 437 1053 479 nunc
1072 422 1318 493 ejusdem
1334 435 1519 477 vocem
1544 420 1777 485 Domini,
1810 418 1953 489 quod
1976 418 2093 488 ipse
2119 416 2175 479 Α
2198 417 2333 472 misit
2363 416 2501 471 Deus
2532 414 2789 485 Spiritum
2805 414 2935 469 Filii
2960 415 3043 469 sui
3069 415 3123 468 in
3149 414 3308 469 corda
3346 424 3517 469 nostra
3541 415 3734 471 οιαηιαηο

494 518 568 575 sit
591 516 827 586 Spiritus
855 522 1098 582 sanctus,
1127 513 1216 585 qui
1245 520 1330 569 est
1350 512 1586 583 Spiritus
1611 510 1893 575 veritatis;
1920 508 2088 566 habes

495 613 640 669 enim
664 612 718 666 in
742 611 933 665 ultimo
958 608 1083 665 libri
1110 607 1288 678 huius:
1317 606 1545 677 Accipite
1573 604 1830 676 Spiritum
1853 612 2090 660 sanctum

499 704 682 777 (Joan.
714 719 817 770 xx,
843 702 962 774 22).
990 701 1170 772 Ipsum
1200 714 1417 771 quoque
1440 714 1563 755 esse
1586 707 1610 735 α
1637 699 1899 769 Spiritum
1952 711 2087 751 san-

501 806 673 863 ctum,
704 796 797 868 qui
818 804 905 852 est
929 794 1163 865 Spiritus
1187 793 1420 859 Domini,
1446 791 1639 847 Petrus
1667 791 1827 847 docet
1861 788 2087 845 dicens:

498 892 701 948 Anania
725 932 740 957 ,
783 888 908 960 quid
936 889 1026 944 tibi
1053 889 1217 943 visum
1238 895 1312 942 est
1340 896 1534 942 tentare
1557 896 1603 941 et
1627 886 1833 941 mentiri
1866 883 2093 955 Spiritui

498 996 679 1043 sancto
699 986 841 1060 (Act.
864 1001 920 1051 v,
942 981 1034 1057 5)?
1056 982 1124 1038 Et
1143 980 1324 1038 statim
1346 981 1415 1037 ad
1438 996 1667 1038 uxorem
1696 980 1926 1036 Ananite
1948 977 2092 1034 idem

499 1081 577 1136 ait
617 1098 631 1134 :
675 1078 815 1148 Quid
848 1077 988 1133 vobis
1025 1076 1191 1132 visum
1230 1084 1305 1129 est
1342 1083 1540 1130 tentare
1566 1074 1832 1145 Spiritum
1875 1071 2094 1127 Domini

504 1172 707 1247 (lbid..
740 1170 816 1245 9)
840 1170 864 1225 ?
890 1169 1026 1226 Cum
1058 1168 1214 1234 dicit,
1254 1167 1419 1235 vobis,
1444 1166 1681 1225 ostendit
1708 1165 1778 1223 de
1798 1181 1865 1222 eo
1887 1165 2091 1221 dictum

502 1267 726 1339 Spiritu,
765 1264 834 1320 de
860 1278 969 1335 quo
995 1263 1223 1317 Ananiae
1242 1260 1476 1318 dixerat.
1510 1260 1631 1332 Ipse
1651 1268 1734 1317 est
1758 1274 1891 1331 ergo
1921 1257 2095 1328 Spiri-

503 1373 589 1420 tus
622 1359 830 1417 Domini
863 1398 881 1427 ,
913 1359 1004 1430 qui
1035 1357 1272 1427 Spiritus
1292 1366 1536 1414 sanctus.

574 1454 662 1513 60.
699 1452 879 1525 ipsum
910 1452 1075 1506 etiam
1108 1450 1374 1521 Spiritum
1399 1458 1680 1516 sanctum,
1721 1449 1813 1516 qui
1859 1446 2095 1519 Spiritus

498 1548 660 1622 613
682 1546 862 1601 Patris
886 1553 992 1610 est,
1025 1543 1324 1600 declaravit
1351 1543 1619 1598 Dominus
1637 1581 1653 1607 ,
1679 1540 1870 1596 dicens
1897 1553 2097 1595 secun-

499 1639 629 1695 dum
646 1637 960 1694 Matthteum
985 1636 1039 1690 in
1067 1634 1452 1705 persecutione
1472 1647 1579 1688 non
1601 1645 1725 1688 esse
1747 1628 2094 1701 cogitandum

499 1731 629 1803 quid
656 1731 979 1801 loquamur:
1014 1726 1139 1782 Non
1161 1727 1296 1782 enim
1322 1742 1412 1782 vos
1437 1726 1556 1781 estis
1577 1724 1665 1796 qui
1692 1722 1986 1794 loquimini;
2008 1721 2098 1777 sed

2192 521 2291 565 tem
2318 526 2337 566 :
2361 509 2504 565 Abba
2534 506 2710 564 Pater.
2744 508 2932 579 Itaque
2964 509 3082 579 jam
3119 523 3225 561 non
3263 516 3339 562 est
3367 523 3556 571 seruus,
3590 507 3666 562 sed
3687 510 3737 577 ﬁ-

2192 602 2293 657 lius
2322 600 2521 675 (Galat.
2553 617 2628 669 ιν,
2657 600 2714 666 6,
2739 600 2796 674 7)
2820 618 2836 655 :
2868 600 2944 657 ita
2965 600 3133 656 etiam
3161 598 3342 655 omnis
3358 608 3597 655 creatura
3614 615 3741 656 reve-

2194 694 2452 751 lationem
2481 694 2719 751 ﬁliorum
2749 694 2848 750 Dei
2880 701 3200 765 exspectat,
3231 707 3374 765 quos
3400 694 3576 765 utique
3596 694 3742 750 sancti

2194 785 2432 858 Spiritus
2456 785 2629 859 gratia
2668 785 2812 843 filios
2842 786 2934 842 Dei
2967 784 3098 842 fecit
3136 784 3317 857 (Rom.
3348 800 3473 852 vnt,
3497 785 3600 857 l9).
3629 786 3745 858 Ergo

2193 888 2250 933 et
2283 887 2536 934 creatura
2566 878 2684 948 ipsa
2713 878 2894 933 omnis
2927 877 3228 949 spiritualis
3251 878 3441 951 gratiae
3458 877 3746 937 revelatioue

2195 969 2521 1039 mutabitur,
2566 980 2615 1024 et
2652 969 2957 1025 liberabitur
2984 988 3016 1024 a
3046 971 3300 1045 (servitute
3353 972 3673 1043 corruptionis
3704 971 3747 1027 in

2195 1067 2481 1123 libertatem
2503 1068 2683 1140 gloria:
2702 1068 2935 1139 ﬁliorum
2956 1066 3057 1123 Dei
3088 1067 3255 1141 (Ibid.
3281 1068 3402 1141 21).

2267 1160 2358 1217 65.
2383 1161 2574 1216 Omnis
2601 1176 2738 1233 ergo
2767 1171 3018 1218 creatura
3035 1162 3356 1231 mutabilis,
3386 1178 3492 1220 non
3520 1164 3676 1221 solum
3697 1181 3747 1223 ea

2200 1267 2321 1324 qua:
2340 1252 2453 1324 jam
2476 1266 2704 1324 peccato
2729 1254 2915 1326 aliquo
2943 1263 3034 1311 aut
3054 1256 3455 1313 elementorum
3483 1256 3752 1316 conditione

2204 1353 2413 1401 mutata
2443 1354 2556 1412 est;
2591 1363 2777 1404 verum
2800 1349 2965 1405 etiam
2986 1364 3108 1421 quae
3126 1350 3452 1422 corruptelas
3468 1359 3633 1423 potest
3654 1366 3752 1409 esse

2197 1440 2443 1496 obnoxia
2472 1441 2607 1497 vitio
2637 1449 2870 1511 naturas,
2906 1443 3012 1501 etsi
3042 1444 3285 1502 nondum
3312 1452 3402 1502 est
3423 1444 3596 1501 studio
3614 1444 3750 1502 disci-

2200 1535 2362 1605 plinas
2387 1551 2402 1601 ;
2436 1550 2561 1591 nam
2583 1545 2642 1591 ut
2666 1537 2719 1591 in
2746 1538 3131 1609 superioribus
3153 1539 3314 1596 libris
3333 1539 3613 1597 docuimus
3636 1538 3750 1614 (Lib.

2199 1641 2279 1695 ιιι,
2310 1626 2375 1681 de
2400 1627 2525 1697 ﬁde,
2558 1628 2769 1701 cap.2),
2794 1638 2854 1686 et
2881 1630 3204 1703 angelorum
3233 1640 3484 1690 naturam
3509 1633 3660 1700 liquet
3679 1647 3754 1703 po-

2201 1719 2633 1803 tuissc‘tnutari.
2650 1720 2848 1792 Utique
2874 1712 3152 1781 aestimare
3175 1725 3445 1781 convenit
3466 1726 3583 1795 quia
3606 1726 3756 1798 qualis

502 1791 746 1898 Spiritus.
766 1821 946 1877 Patris
986 1821 1170 1887 vestri,
1223 1820 1313 1890 qui
1350 1791 1599 1888 loquitari
1620 1819 1674 1871 in
1699 1791 1842 1872 vobis
1875 1814 2092 1886 (Matth.
2124 1810 2175 1873 B
2201 1791 2593 1867 uniusﬂiiatura
2612 1800 2637 1879 ζ
2664 1791 2791 1868 talis
2815 1822 2872 1870 et
2894 1824 3248 1872 cancrorum.
3276 1791 3544 1875 Mutabilis
3572 1791 3689 1892 ergo
3711 1827 3756 1876 et

499 1935 557 1984 χ,
596 1914 716 1990 20).
747 1914 897 1971 Idem
943 1922 1124 1969 autem
1177 1911 1478 1968 secundum
1519 1909 1722 1965 Lucam
1762 1909 1877 1963 ait:
1917 1905 2101 1961 Nolite

501 2009 714 2066 solliciti
736 2024 846 2064 esse
864 2007 1087 2080 qualiter
1108 2004 1464 2077 respondeatis
1491 2013 1581 2058 aut
1613 2001 1835 2067 dicatis;
1866 1999 2099 2072 Spiritus

501 2105 638 2161 enim
661 2113 867 2159 sanctus
897 2102 995 2158 Dei
1024 2102 1223 2158 docebit
1250 2116 1338 2155 vos
1372 2100 1428 2154 in
1454 2100 1568 2171 ipsa
1599 2098 1727 2152 hora
1753 2139 1769 2163 ,
1802 2110 1918 2167 quin
1939 2111 2098 2167 opor-

502 2206 606 2254 teat
627 2196 797 2253 dicere
825 2194 1095 2269 (Luc.xu,
1117 2194 1204 2260 11,
1238 2192 1349 2265 ιε).
1381 2192 1526 2260 Ergo
1552 2190 1801 2263 quamvis
1832 2188 1986 2244 multi
2017 2186 2102 2243 di-

503 2302 697 2349 cantur
741 2290 1002 2361 spiritus,
1031 2289 1155 2359 quia
1187 2289 1385 2344 lectum
1416 2294 1504 2343 est
1531 2304 1545 2340 :
1593 2284 1698 2353 Qui
1722 2283 1847 2354 facit
1877 2282 2103 2355 Angelos

508 2402 630 2442 suos
669 2383 883 2457 spiritus
914 2381 1090 2455 (Psal.
1122 2396 1237 2450 cut,
1267 2381 1346 2451 4);
1375 2394 1516 2437 unus
1543 2386 1726 2435 tamen
1749 2386 1837 2434 est
1855 2375 1952 2432 Dei
1979 2375 2105 2448 Spi-

509 2474 670 2532 ritus.

575 2568 666 2626 61.
718 2568 903 2639 Ipsum
946 2566 1109 2638 igitur
1156 2581 1321 2622 unum
1358 2563 1618 2635 Spiritum
1669 2572 1727 2620 et
1774 2564 2005 2633 apostoli
2048 2570 2105 2618 et

506 2660 788 2733 prophetae
809 2668 938 2714 sunt
957 2658 1260 2715 consecuti.
1291 2656 1442 2712 Sicut
1472 2657 1640 2712 etiam
1666 2669 1762 2711 vas
1783 2653 2102 2722 electionis,

506 2753 700 2809 doctor
741 2751 983 2822 gentium
1025 2750 1156 2807 dicit
1192 2769 1205 2805 :
1254 2750 1391 2818 Quia
1413 2766 1572 2805 unum
1609 2749 1863 2821 Spiritum
1904 2749 2105 2820 potavi-

508 2862 622 2902 mus
646 2844 691 2918 (1
715 2843 954 2912 ϐοηιιι,
987 2843 1099 2916 l5);
1135 2843 1293 2914 quasi
1322 2858 1445 2899 eum
1471 2842 1561 2913 qni
1585 2857 1693 2898 non
1712 2848 1878 2913 queat
1906 2840 2103 2905 scindi,

502 2939 602 2997 sed
654 2937 970 2994 infundatur
1025 2936 1245 3005 animis,
1290 2944 1347 2992 et
1392 2934 1646 2991 sensibus
1689 2932 1997 3001 allabatur,
2048 2939 2109 2987 ut

505 3031 784 3089 sacularis
814 3030 936 3087 sitis
964 3029 1268 3102 restinguat
1300 3026 1576 3085 ardorem.

1151 3181 1380 3239 CAPUT
1418 3182 1485 3239 γ.

506 3302 749 3368 Spiritum
763 3305 1000 3360 sanctum,
1025 3313 1137 3355 cum
1156 3305 1406 3350 creaturas
1425 3294 1712 3361 sancti/iret,
1729 3309 1816 3349 nec
1834 3302 2111 3348 creaturam

568 3402 672 3440 esse
692 3428 707 3447 ,
743 3400 831 3438 nec
866 3381 1172 3437 mutabilem:
1207 3396 1318 3433 eum
1347 3394 1534 3447 semper
1567 3380 1742 3432 bonum
1772 3393 1908 3442 esse,
1945 3394 2056 3433 cum
2077 3394 2110 3433 a

570 3474 723 3523 Patre
745 3472 887 3521 detur
910 3475 956 3520 et
978 3481 1010 3519 a
1028 3466 1188 3529 Filio;
1210 3480 1299 3518 nec
1321 3465 1448 3518 inter
1467 3478 1526 3518 ea
1539 3479 1650 3533 qua:
1670 3466 1920 3518 declinare
1939 3466 2111 3518 dicun-

570 3561 649 3609 tur
664 3594 679 3620 ,
704 3552 1087 3613 numerandum;
1127 3552 1305 3616 fontem
1326 3549 1546 3604 bonitatis
1562 3585 1576 3611 ,
1603 3548 1842 3615 Spiritum
1862 3549 1963 3602 oris
1984 3551 2076 3603 Dei
2093 3587 2111 3615 ,

573 3633 813 3689 malorum
835 3635 1193 3687 emendatorem
1217 3674 1230 3697 ,
1265 3633 1436 3686 bonum
1455 3633 1727 3688 necessario
1750 3635 2108 3700 conﬁtendum:

574 3730 814 3787 postremo
835 3733 946 3772 cum
968 3717 1022 3771 in
1044 3717 1315 3783 Scripturis
1337 3719 1485 3771 bonus
1505 3719 1793 3785 aﬂirmetur,
1818 3726 1865 3772 et
1885 3719 2030 3773 Patri
2050 3735 2110 3774 ac

576 3806 706 3860 Filio
726 3807 1044 3873 conjungatur
1065 3803 1118 3856 in
1134 3803 1431 3869 baptismate,
1445 3804 1619 3856 bonum
1641 3806 1813 3870 negari
1832 3808 2112 3874 neutiquam

575 3905 745 3960 posse;
786 3904 875 3944 nec
898 3895 1058 3942 tamen
1081 3888 1182 3941 dici
1217 3888 1269 3940 in
1291 3889 1411 3941 bono
1433 3886 1761 3955 proﬁcientem
1779 3924 1796 3952 ,
1837 3894 1926 3943 sed
1958 3891 2111 3957 perﬁ-

574 3977 780 4030 cientem
804 3989 819 4027 :
848 3974 978 4041 quod
1002 3987 1112 4027 eum
1128 3972 1189 4025 ab
1211 3970 1428 4026 omnibus
1452 3971 1708 4041 distinguit
1728 3971 1984 4027 creaturis.

586 4124 677 4182 62.
718 4123 836 4181 Non
861 4139 993 4195 ergo
1030 4129 1255 4180 sanctus
1278 4121 1517 4193 Spiritus
1549 4121 1618 4179 de
1652 4122 1953 4180 substantia
1990 4139 2112 4181 cor-

513 4217 820 4289 poralium;
867 4216 956 4272 hic
995 4218 1139 4272 enim
1171 4214 1556 4286 corporalibus
1603 4215 1985 4288 incorpoream
2025 4219 2112 4273 in-

515 4312 695 4369 fundit
728 4311 959 4382 gratiam
991 4326 1005 4363 :
1047 4309 1142 4366 sed
1173 4324 1274 4365 nec
1307 4309 1375 4365 de
1416 4308 1722 4365 substantia
1757 4309 2110 4366 invisibilium

516 4411 892 4460 creaturarum
914 4411 1036 4467 est;
1069 4417 1193 4456 nam
1217 4409 1271 4457 et
1289 4400 1402 4456 illae
1428 4402 1915 4459 sanctiﬁcationem
1951 4402 2114 4475 hujus

516 4496 831 4567 accipiunt,
864 4503 921 4550 et
948 4509 1045 4564 per
1076 4494 1219 4549 hunc
1246 4494 1473 4565 reliquis
1497 4494 1681 4551 mundi
1713 4495 1975 4565 operibus
2015 4512 2113 4552 an-

2202 1903 2540 1975 reliquorum
2571 1916 2789 1974 natura,
2818 1908 2921 1965 sed
2949 1910 3153 1966 melior
3181 1910 3488 1983 disciplina.

2273 1998 2365 2053 64.
2391 1997 2559 2071 [Alias
2581 2015 2700 2071 cap.
2730 1998 2815 2074 V.]
2845 2000 2991 2073 Ergo
3004 2005 3180 2060 omnis
3203 2005 3486 2062 mutabilis
3504 2017 3722 2063 creatura
3741 2047 3755 2072 ,

2201 2088 2300 2146 sed
2328 2090 2510 2146 bonus
2538 2100 2595 2148 et
2626 2107 2735 2148 non
2763 2094 3046 2151 mutabilis
3069 2096 3310 2166 Spiritus
3339 2108 3592 2168 sanctus;
3614 2115 3761 2172 neque

2202 2184 2349 2239 enim
2385 2184 2575 2256 aliquo
2611 2187 2744 2244 vitio
2773 2190 2972 2244 mutari
3005 2199 3212 2260 potest,
3246 2194 3340 2263 qui
3366 2196 3604 2251 omnium
3627 2193 3763 2268 615

2203 2279 2391 2334 abolet
2428 2280 2559 2335 vitia
2581 2319 2598 2347 ,
2632 2292 2857 2352 peccata
2889 2283 3189 2340 condonat.
3213 2286 3501 2354 Quomodo
3528 2303 3648 2361 ergo
3668 2303 3766 2345 mtt-

2205 2370 2439 2431 tabilisl'
2474 2375 2567 2447 qui
2609 2378 3007 2436 sanctiﬁcando
3052 2380 3198 2437 alios
3235 2393 3412 2440 mutat
3434 2383 3502 2440 ad
3529 2384 3766 2456 gratiam,

2205 2480 2315 2521 non
2343 2467 2461 2537 ipse
2501 2470 2788 2526 mutatur?

2278 2561 2372 2618 65.
2396 2561 2683 2630 Quomodo
2719 2566 3001 2624 mutabilis
3026 2608 3042 2635 ,
3080 2569 3174 2641 qui
3208 2569 3389 2628 bonus
3417 2586 3626 2646 semper
3657 2573 3776 2629 est!

2209 2652 2400 2725 Neque
2429 2656 2575 2711 enim
2608 2672 2863 2728 umquam
2907 2660 3089 2717 malus
3125 2659 3371 2735 Spiritus
3409 2675 3642 2733 sanctus,
3690 2679 3779 2736 per

2206 2761 2369 2817 quem
2412 2747 2576 2803 nobis
2598 2764 2721 2819 quas
2746 2750 2891 2807 bona
2927 2762 3087 2819 sunt,
3127 2755 3532 2814 ministrantur.
3564 2757 3705 2816 Unde
3732 2766 3781 2815 et

2207 2840 2567 2912 evangelista:
2591 2841 2702 2898 duo
2726 2843 2781 2899 in
2806 2859 2919 2901 uno
2946 2846 3257 2919 eodemque
3270 2848 3419 2919 loco,
3439 2850 3658 2908 diversis
3674 2852 3783 2922 qui-

2207 2932 2330 2989 dem
2360 2933 2504 2989 inter
2530 2948 2591 2992 se
2618 2935 2839 3005 verbis,
2870 2938 2969 2994 sed
2991 2939 3188 2997 eadem
3209 2942 3602 3015 designarunt;
3630 2943 3783 3001 habes

2208 3026 2355 3082 enim
2380 3027 2433 3082 in
2466 3027 2722 3085 Matthazo
2752 3045 2768 3085 :
2816 3030 2881 3086 Si
2909 3047 2999 3089 vos
3026 3050 3149 3089 cum
3177 3035 3293 3091 sitis
3311 3037 3466 3104 mali,
3489 3037 3642 3093 nostis
3665 3036 3786 3093 bona

2209 3119 2333 3175 data
2359 3121 2486 3176 dare
2507 3121 2636 3192 ﬁliis
2657 3124 2839 3180 vestris
2858 3142 2879 3192 ;
2901 3136 3099 3197 quanto
3138 3130 3306 3201 magis
3326 3129 3491 3187 Pater
3511 3140 3688 3196 uester,
3710 3131 3787 3202 qui

2135 3207 2181 3271 C
2212 3215 2267 3269 iu
2292 3215 2433 3269 caelis
2458 3224 2565 3282 est,
2591 3215 2737 3272 dabit
2767 3217 2904 3274 bona
2928 3223 3215 3292 petentibus
3234 3239 3290 3279 se
3320 3222 3501 3296 (Matt.
3540 3240 3640 3290 vn,
3670 3224 3783 3295 il)!

2200 3305 2526 3396 Secundum
2575 3306 2778 3365 Lucam
2834 3321 3016 3368 autem
3067 3313 3316 3372 invenies
3372 3317 3447 3373 ita
3494 3318 3786 3390 scriptum:

2213 3397 2416 3464 Quanto
2456 3400 2623 3472 magis
2664 3400 2826 3459 Pater
2851 3414 3018 3460 uester
3053 3406 3119 3461 de
3156 3408 3285 3463 ctelo
3312 3418 3334 3448 ο
3366 3409 3509 3465 dabit
3552 3410 3790 3482 Spiritu

2208 3502 2446 3547 sanctum
2474 3493 2766 3562 petentibus
2786 3512 2841 3552 se
2863 3495 3017 3567 (Luc.
3049 3514 3127 3567 ιι,
3154 3498 3276 3572 15)!
3302 3500 3645 3559 Advenimus
3672 3517 3791 3576 ergo

2211 3585 2412 3641 bonum
2441 3601 2566 3643 esse
2591 3587 2856 3658 Spiritum
2881 3600 3129 3649 sanctum
3155 3592 3374 3651 Domini
3387 3595 3616 3667 judicio,
3643 3613 3793 3653 evan-

2210 3679 2531 3751 gelistarum
2562 3681 2910 3745 testimonio:
2934 3685 3155 3755 quando
3181 3686 3326 3743 alius
3354 3703 3455 3759 pro
3474 3696 3662 3745 sancto
3684 3690 3793 3759 Spi-

2212 3771 2320 3827 ritu
2348 3771 2489 3827 bona
2517 3814 2531 3838 ,
2571 3774 2711 3829 alius
2746 3789 2846 3845 pro
2880 3776 3039 3833 bonis
3059 3787 3308 3835 sanctum
3339 3779 3606 3850 Spiritum
3636 3780 3794 3837 nomi-

2214 3863 2383 3919 navit.
2437 3864 2491 3921 Si
2545 3866 2708 3934 igitur
2748 3868 2893 3940 quod
2931 3868 3137 3928 bonum
3162 3881 3247 3928 est
3274 3914 3291 3939 ,
3322 3871 3430 3930 hoc
3464 3882 3549 3931 est
3574 3874 3792 3947 Spiritus

2212 3965 2458 4024 sanctus,
2484 3961 2758 4030 quomodo
2786 3962 2968 4019 bonus
2989 3978 3096 4020 non
3128 3965 3248 4022 est?

2282 4050 2373 4107 66.
2401 4050 2512 4107 Nec
2533 4051 2680 4107 fallit
2717 4054 2864 4125 quod
2890 4056 3139 4112 nonnulli
3161 4056 3385 4115 codices
3407 4056 3613 4116 habent
3644 4058 3794 4115 etiam

2212 4146 2511 4200 secundum
2537 4145 2740 4203 Lucam
2766 4165 2780 4201 :
2810 4147 3018 4215 Quanto
3038 4151 3205 4221 magis
3221 4150 3385 4207 Pater
3409 4163 3575 4209 uester
3594 4154 3658 4209 de
3679 4154 3799 4210 colo

2213 4234 2356 4291 dabit
2377 4237 2569 4292 bonum
2607 4238 2791 4295 datum
2816 4240 3113 4312 petentibus
3130 4259 3185 4298 se
3198 4244 3220 4297 .'
3249 4243 3363 4301 Hoc
3399 4244 3602 4303 bonum
3621 4244 3797 4302 datum

2211 4328 2385 4400 gratia
2415 4330 2678 4401 spiritalis
2702 4341 2782 4389 est
2808 4373 2825 4403 ,
2851 4350 3016 4405 quam
3050 4336 3313 4394 Dominus
3341 4336 3504 4396 Iesus
3544 4338 3735 4396 eﬂndit
3768 4352 3800 4394 ε

2214 4424 2355 4479 cmlo
2380 4465 2395 4492 ,
2442 4434 2729 4497 postquam
2758 4427 3006 4498 patibulo
3034 4430 3216 4487 crucis
3251 4430 3427 4499 ﬁxus,
3459 4431 3803 4502 triumphales

2217 4514 2497 4572 revehens
2525 4525 2802 4574 evacuatte
2830 4524 3026 4578 mortis
3056 4521 3283 4580 exuvias
3308 4565 3325 4592 ,
3366 4526 3541 4581 victor
3562 4523 3747 4580 mortis
3772 4537 3803 4579 a

514 4590 800 4649 tecellunt.
824 4588 951 4645 Sive
962 4587 1200 4687 Angelos
1218 4588 1386 4654 dicas,
1403 4589 1519 4646 sive
1543 4586 1971 4687 Dominationes,
1997 4589 2109 4647 sive
2135 4601 2192 4662 1)
2216 4608 2447 4665 ωοτιυίε
2475 4611 2806 4682 resurrexit,
2833 4613 2976 4669 είουι
2998 4614 3169 4672 habes
3190 4586 3458 4687 εοτίριυω
3495 4635 3510 4671 ;
3536 4615 3805 4673 meum

516 4687 847 4766 Potestates,
875 4681 1056 4740 omnis
1086 4690 1337 4739 creatura
1366 4693 1652 4754 exspectat
1673 4685 1850 4741 sancti
1879 4685 2101 4759 Spiritut

2216 4702 2271 4759 in
2297 4703 2464 4758 altum
2489 4701 2518 4742 (ί
2540 4706 2798 4776 captivam
2825 4708 2976 4764 duxit
2992 4681 3346 4782 captivitatem
3361 4726 3381 4765 :
3402 4710 3544 4765 dedit
3567 4710 3697 4765 data
3718 4709 3806 4765 Ιιοο

531 4756 786 4779 Ws

513 4763 794 4852 εἲῖἱῖἷῖιῗ
813 4776 972 4834 Sicut
1000 4776 1147 4834 enim
1181 4791 1280 4833 nos
1312 4792 1409 4848 per
1439 4777 1704 4849 Spiritum
1741 4780 1897 4838 liberi
1925 4823 1941 4852 ,
1987 4785 2114 4856 quia

513 4979 635 5035 cap.
657 4966 712 5032 5,
758 4972 814 5020 et
840 4963 937 5021 lib.
960 4979 999 5020 ll
1025 5006 1041 5030 .
1073 4979 1194 5035 cap.
1223 4963 1294 5019 26
1324 5004 1338 5031 ,
1369 4964 1530 5019 docet
1560 4980 1656 5023 eos
1682 4967 1974 5030 haereticos
2003 4975 2105 5034 hoc

511 5033 708 5115 editgio
722 5035 799 5091 uti
812 5045 1062 5115 conatos,
1076 5033 1389 5115 utdicerent
1412 5038 1619 5115 minora
1636 5040 1805 5096 videri
1832 5033 2105 5115 amajorié-

511 5106 710 5181 bu_t:,ut
724 5107 1096 5181 ptltaqangelns
1110 5106 1549 5181 abarchangelis,
1565 5124 1738 5181 eoque
1756 5114 1919 5171 modo
1933 5106 2104 5174 videri

511 5194 540 5232 a
569 5178 734 5234 Patre
770 5176 969 5233 Filiuni
994 5217 1010 5243 ,
1040 5192 1105 5232 ac
1135 5178 1349 5232 Patrem
1385 5176 1561 5233 solum
1606 5176 1894 5240 a'nemine
1932 5188 2104 5245 videri

512 5264 671 5317 posse
696 5266 711 5302 :
737 5263 898 5318 quam
917 5247 1315 5318 cavillationem
1337 5248 1407 5302 ab
1431 5249 1663 5318 ipsomet
1687 5253 1817 5309 Ario
1838 5257 1891 5312 in
1915 5257 2104 5315 Thalia

507 5333 602 5398 sua
622 5316 958 5398 propositam
990 5319 1155 5398 tradit
1182 5316 1508 5398 Athanasius
1542 5322 1594 5375 in
1628 5324 1722 5398 lib.
1753 5325 1821 5398 de
1842 5330 2098 5398 Synodis.

512 5389 665 5457 Quod
696 5401 877 5445 autem
907 5390 1251 5460 Ambrosium
1282 5389 1366 5443 hic
1395 5399 1646 5460 spectare
1674 5389 1932 5453 Arianain
1962 5401 2102 5460 hanc

504 5460 911 5516 distinctionem
936 5469 1181 5515 autumat
1207 5458 1463 5514 Petavius
1508 5462 1602 5515 lih.
1638 5480 1730 5519 vm
1765 5467 1834 5520 de
1873 5471 2070 5529 Trinit.

507 5533 718 5613 θθῑξχῗν
749 5531 801 5584 id
828 5531 947 5613 (fine
968 5531 1427 5613 teste'ac'rationc
1447 5535 1650 5613 scripto
1675 5517 1862 5613 tradit.
1887 5517 1904 5525 ’
1923 5517 1933 5524 ’

511 5678 564 5720 ω
582 5599 894 5724 agentium
919 5616 1074 5670 mss.,
1107 5601 1365 5671 Spiritum
1383 5599 1637 5659 sanctum.
1665 5606 1800 5672 Quia
1827 5621 1902 5666 est
1922 5613 2099 5684 Spiri'

568 5686 593 5722 s
666 5685 735 5722 et.

580 5737 605 5776 δ
622 5737 1045 5813 Quidam‘mssq
1077 5743 1165 5813 qui
1211 5743 1554 5813 sacriﬁcando
1583 5748 1718 5805 alios
1744 5761 1928 5811 mutat.

583 5820 603 5847 ε
622 5807 885 5865 Nonnulli
902 5825 1058 5882 mss.,
1077 5807 1332 5884 Spiritum
1346 5807 1533 5872 bonum
1552 5835 1574 5886 ;
1591 5819 1687 5879 sed
1709 5807 1897 5892 plures
1913 5807 1979 5884 ac
1990 5843 2106 5888 me.

2220 4796 2447 4852 minibus
2468 4795 2643 4869 (Psal.
2677 4813 2849 4868 van,
2882 4797 2995 4871 19).
3025 4800 3092 4857 Et
3128 4800 3269 4858 bene
3297 4801 3417 4870 ait,
3454 4802 3620 4867 dm;
3670 4802 3807 4859 sicut

2208 4980 2488 5059 lioristcvi
2512 5025 2528 5052 ,
2559 4984 2701 5041 sicut
2742 4995 2798 5059 et
2837 5001 3030 5043 omnes
3055 4987 3188 5045 edit.
3214 5030 3229 5055 ,
3255 4987 3519 5059 Spiritum
3549 4998 3800 5044 structam

2209 5051 2384 5134 εἶτξοί
2410 5069 2638 5134 ,(ιιιρῳιθ
2672 5057 2829 5134 cod.,_
2860 5066 3062 5134 msi'ttsgt
3108 5051 3272 5134 ἅγιόν,
3303 5051 3471 5134 ἀυρὰ
3504 5059 3805 5134 secundum

2210 5123 2454 5201 [ianuam
2489 5123 2999 5201 inierpretationem'
3019 5123 3546 5201 Syriacte'vei'sionis
3571 5131 3806 5189 reddunt

2211 5194 2470 5274 Spiritum
2519 5194 2870 5274 sanctitatis;
2933 5194 3231 5274 secundum
3288 5203 3804 5274 interpretationem

2208 5264 2559 5341 Ethiopian,
2581 5268 2777 5341 bonum
2801 5264 2995 5327 donum
3015 5273 3245 5341 Spiritus
3269 5264 3486 5330 sancti':
3510 5282 3565 5328 at
3585 5272 3807 5329 Persica

2208 5336 2386 5412 adhuc
2412 5337 2717 5412 simplicius
2744 5383 2759 5407 ,
2791 5336 3343 5412 Spiritum'sanctum.
3379 5344 3531 5401 Hanc
3556 5345 3805 5401 eamdem

2208 5408 2495 5466 lectionem
2527 5408 2848 5487 Matthmiet
2879 5412 3042 5468 Lucas
3081 5417 3401 5472 observarat
3446 5416 3613 5473 etiam
3643 5416 3806 5487 Didy-

2209 5495 2329 5534 mns
2360 5522 2385 5565 ι
2424 5495 2452 5534 a
2497 5496 2604 5553 quo
2632 5484 2885 5541 similiter
2909 5492 3137 5541 tractata
3172 5489 3456 5558 superiora
3483 5484 3804 5559 argumenta

2209 5566 2471 5713 ἶῖἓῗῆἒῗξέ
2489 5638 2645 5713 mss.,
2679 5626 2936 5713 captivam
2962 5629 3120 5713 elegit
3145 5629 3511 5713 captivitatem;
3533 5630 3735 5713 reliqui
3753 5635 3805 5686 et

2208 5706 2417 5771 omnes;
2445 5696 2603 5764 edit.,
2646 5696 2901 5771 captivam
2938 5696 3120 5765 duxit,
3170 5696 3279 5756 etc.
3321 5699 3569 5757 Graecum
3602 5696 3805 5756 idiom:

2210 5766 2623 5843 ἠχμεαλώτευσᾳς
2646 5766 2901 5843 captivam
2941 5771 3142 5843 fecisti,
3179 5772 3233 5827 in
3272 5772 3622 5843 captivitatem
3663 5771 3808 5826 rede-

2209 5838 2351 5907 gisti,
2380 5840 2465 5896 vel
2493 5839 2624 5911 quid
2650 5838 2850 5899 simile.
