  <div class='ocr_page' id='page_1' title='image "/cluster/home/n/w/nwhite01/storage/ocr_20150623/16/hvd.32044015471998/366.png"; bbox 0 0 4016 6292; ppageno 0'>
   <div class='ocr_carea' id='block_1_1' title="bbox 235 309 332 366">
    <p class='ocr_par' dir='ltr' id='par_1_1' title="bbox 235 309 332 366">
     <span class='ocr_line' id='line_1_1' title="bbox 235 309 332 366; baseline -0.01 0"><span class='ocrx_word' id='word_1_1' title='bbox 235 309 332 366; x_wconf 75' lang='grc'><strong>721</strong></span> 
     </span>
    </p>
   </div>
   <div class='ocr_carea' id='block_1_2' title="bbox 1377 298 2335 360">
    <p class='ocr_par' dir='ltr' id='par_1_2' title="bbox 1377 298 2335 360">
     <span class='ocr_line' id='line_1_2' title="bbox 1377 298 2335 360; baseline -0.001 -3"><span class='ocrx_word' id='word_1_2' title='bbox 1377 301 1466 359; x_wconf 85' lang='lat' dir='ltr'><strong>DE</strong></span> <span class='ocrx_word' id='word_1_3' title='bbox 1501 299 1771 360; x_wconf 77' lang='lat' dir='ltr'><strong>SPIRITU</strong></span> <span class='ocrx_word' id='word_1_4' title='bbox 1813 299 2084 360; x_wconf 79' lang='lat' dir='ltr'><strong>SANCTO</strong></span> <span class='ocrx_word' id='word_1_5' title='bbox 2123 298 2253 356; x_wconf 88' lang='lat' dir='ltr'><strong>LIB.</strong></span> <span class='ocrx_word' id='word_1_6' title='bbox 2295 301 2335 356; x_wconf 91' lang='lat' dir='ltr'><strong>I.</strong></span> 
     </span>
    </p>
   </div>
   <div class='ocr_carea' id='block_1_3' title="bbox 3407 300 3513 356">
    <p class='ocr_par' dir='ltr' id='par_1_3' title="bbox 3407 300 3513 356">
     <span class='ocr_line' id='line_1_3' title="bbox 3407 300 3513 356; baseline 0 -1"><span class='ocrx_word' id='word_1_7' title='bbox 3407 300 3513 356; x_wconf 72' lang='lat'><strong>1‘22</strong></span> 
     </span>
    </p>
   </div>
   <div class='ocr_carea' id='block_1_4' title="bbox 235 417 3516 494">
    <p class='ocr_par' dir='ltr' id='par_1_4' title="bbox 235 417 3516 494">
     <span class='ocr_line' id='line_1_4' title="bbox 235 417 3516 494; baseline -0.003 -11"><span class='ocrx_word' id='word_1_8' title='bbox 235 429 374 483; x_wconf 88' lang='lat' dir='ltr'><strong>enim</strong></span> <span class='ocrx_word' id='word_1_9' title='bbox 397 425 566 482; x_wconf 82' lang='lat' dir='ltr'><strong>Filius</strong></span> <span class='ocrx_word' id='word_1_10' title='bbox 594 424 753 480; x_wconf 90' lang='lat' dir='ltr'><strong>datus</strong></span> <span class='ocrx_word' id='word_1_11' title='bbox 779 466 793 490; x_wconf 93' lang='lat'><strong>,</strong></span> <span class='ocrx_word' id='word_1_12' title='bbox 821 423 1018 494; x_wconf 89' lang='lat' dir='ltr'><strong>de&#39;quo</strong></span> <span class='ocrx_word' id='word_1_13' title='bbox 1048 421 1310 492; x_wconf 84' lang='lat' dir='ltr'><strong>scriptum</strong></span> <span class='ocrx_word' id='word_1_14' title='bbox 1338 429 1421 475; x_wconf 90' lang='lat' dir='ltr'><strong>est</strong></span> <span class='ocrx_word' id='word_1_15' title='bbox 1447 437 1460 473; x_wconf 88' lang='lat'><strong>:</strong></span> <span class='ocrx_word' id='word_1_16' title='bbox 1496 419 1638 475; x_wconf 82' lang='lat' dir='ltr'><strong><em>Puer</em></strong></span> <span class='ocrx_word' id='word_1_17' title='bbox 1661 430 1812 474; x_wconf 87' lang='lat' dir='ltr'><strong>natus</strong></span> <span class='ocrx_word' id='word_1_18' title='bbox 1840 423 1892 480; x_wconf 81' lang='grc' dir='ltr'>Α</span> <span class='ocrx_word' id='word_1_19' title='bbox 1915 419 2079 474; x_wconf 82' lang='lat' dir='ltr'><strong>ritum</strong></span> <span class='ocrx_word' id='word_1_20' title='bbox 2107 419 2368 490; x_wconf 71' lang='lat' dir='ltr'><strong>scriptum</strong></span> <span class='ocrx_word' id='word_1_21' title='bbox 2393 433 2410 484; x_wconf 83' lang='lat'><strong>;</strong></span> <span class='ocrx_word' id='word_1_22' title='bbox 2441 417 2581 474; x_wconf 78' lang='lat' dir='ltr'><strong>dixit</strong></span> <span class='ocrx_word' id='word_1_23' title='bbox 2608 418 2752 474; x_wconf 92' lang='lat' dir='ltr'><strong>enim</strong></span> <span class='ocrx_word' id='word_1_24' title='bbox 2784 418 2950 474; x_wconf 86' lang='lat' dir='ltr'><strong>David</strong></span> <span class='ocrx_word' id='word_1_25' title='bbox 2977 436 2988 472; x_wconf 89' lang='lat'><strong>:</strong></span> <span class='ocrx_word' id='word_1_26' title='bbox 3023 417 3253 490; x_wconf 73' lang='lat' dir='ltr'><strong>Spiritus</strong></span> <span class='ocrx_word' id='word_1_27' title='bbox 3282 427 3400 474; x_wconf 88' lang='lat' dir='ltr'><strong>tuus</strong></span> <span class='ocrx_word' id='word_1_28' title='bbox 3425 418 3516 473; x_wconf 87' lang='lat' dir='ltr'><strong>bo-</strong></span> 
     </span>
    </p>
   </div>
   <div class='ocr_carea' id='block_1_5' title="bbox 236 509 3513 588">
    <p class='ocr_par' dir='ltr' id='par_1_5' title="bbox 236 509 3513 588">
     <span class='ocr_line' id='line_1_5' title="bbox 236 509 3513 588; baseline -0.003 -13"><span class='ocrx_word' id='word_1_29' title='bbox 236 530 326 588; x_wconf 89' lang='lat' dir='ltr'><strong>est,</strong></span> <span class='ocrx_word' id='word_1_30' title='bbox 349 519 482 588; x_wconf 80' lang='lat' dir='ltr'><strong>ﬁlius</strong></span> <span class='ocrx_word' id='word_1_31' title='bbox 509 517 663 572; x_wconf 88' lang='lat' dir='ltr'><strong>datus</strong></span> <span class='ocrx_word' id='word_1_32' title='bbox 681 527 753 572; x_wconf 90' lang='lat' dir='ltr'><strong>est</strong></span> <span class='ocrx_word' id='word_1_33' title='bbox 767 515 1097 588; x_wconf 82' lang='lat' dir='ltr'><strong>nobis(Esai.</strong></span> <span class='ocrx_word' id='word_1_34' title='bbox 1121 513 1282 585; x_wconf 76' lang='lat' dir='ltr'><strong>ix,6),</strong></span> <span class='ocrx_word' id='word_1_35' title='bbox 1306 513 1430 568; x_wconf 89' lang='lat' dir='ltr'><strong>data</strong></span> <span class='ocrx_word' id='word_1_36' title='bbox 1459 521 1544 567; x_wconf 87' lang='lat' dir='ltr'><strong>est</strong></span> <span class='ocrx_word' id='word_1_37' title='bbox 1563 522 1619 568; x_wconf 91' lang='lat' dir='ltr'><strong>et</strong></span> <span class='ocrx_word' id='word_1_38' title='bbox 1639 513 1813 584; x_wconf 89' lang='lat' dir='ltr'><strong>gratia</strong></span> <span class='ocrx_word' id='word_1_39' title='bbox 1917 529 2014 568; x_wconf 89' lang='lat' dir='ltr'><strong>nus</strong></span> <span class='ocrx_word' id='word_1_40' title='bbox 2041 513 2256 567; x_wconf 87' lang='lat' dir='ltr'><strong>deducet</strong></span> <span class='ocrx_word' id='word_1_41' title='bbox 2276 528 2356 566; x_wconf 89' lang='lat' dir='ltr'><strong>me</strong></span> <span class='ocrx_word' id='word_1_42' title='bbox 2381 512 2433 566; x_wconf 91' lang='lat' dir='ltr'><strong>in</strong></span> <span class='ocrx_word' id='word_1_43' title='bbox 2458 512 2593 566; x_wconf 77' lang='lat' dir='ltr'><strong>viam</strong></span> <span class='ocrx_word' id='word_1_44' title='bbox 2619 523 2811 568; x_wconf 88' lang='lat' dir='ltr'><strong>rectam</strong></span> <span class='ocrx_word' id='word_1_45' title='bbox 2834 510 3008 584; x_wconf 91' lang='lat' dir='ltr'><strong>(Psal.</strong></span> <span class='ocrx_word' id='word_1_46' title='bbox 3033 526 3198 576; x_wconf 82' lang='lat' dir='ltr'><strong>cxui,</strong></span> <span class='ocrx_word' id='word_1_47' title='bbox 3230 509 3344 582; x_wconf 79' lang='lat' dir='ltr'><strong>l0).</strong></span> <span class='ocrx_word' id='word_1_48' title='bbox 3373 509 3513 578; x_wconf 84' lang='lat' dir='ltr'><strong>Quid</strong></span> 
     </span>
    </p>
   </div>
   <div class='ocr_carea' id='block_1_6' title="bbox 230 604 3514 684">
    <p class='ocr_par' dir='ltr' id='par_1_6' title="bbox 230 604 3514 684">
     <span class='ocr_line' id='line_1_6' title="bbox 230 604 3514 684; baseline -0.002 -16"><span class='ocrx_word' id='word_1_49' title='bbox 230 609 548 684; x_wconf 89' lang='lat' dir='ltr'><strong>‘spiritualis.</strong></span> <span class='ocrx_word' id='word_1_50' title='bbox 582 608 722 678; x_wconf 85' lang='lat' dir='ltr'><strong>Quid</strong></span> <span class='ocrx_word' id='word_1_51' title='bbox 753 617 930 663; x_wconf 89' lang='lat' dir='ltr'><strong>autem</strong></span> <span class='ocrx_word' id='word_1_52' title='bbox 959 607 1150 662; x_wconf 91' lang='lat' dir='ltr'><strong>dubito</strong></span> <span class='ocrx_word' id='word_1_53' title='bbox 1183 606 1366 662; x_wconf 85' lang='lat' dir='ltr'><strong>dicere</strong></span> <span class='ocrx_word' id='word_1_54' title='bbox 1393 607 1514 678; x_wconf 89' lang='lat' dir='ltr'><strong>quia</strong></span> <span class='ocrx_word' id='word_1_55' title='bbox 1546 605 1705 660; x_wconf 89' lang='lat' dir='ltr'><strong>datus</strong></span> <span class='ocrx_word' id='word_1_56' title='bbox 1732 615 1816 661; x_wconf 88' lang='lat' dir='ltr'><strong>est</strong></span> <span class='ocrx_word' id='word_1_57' title='bbox 1917 617 2000 662; x_wconf 90' lang='lat' dir='ltr'><strong>est</strong></span> <span class='ocrx_word' id='word_1_58' title='bbox 2041 607 2186 662; x_wconf 92' lang='lat' dir='ltr'><strong>enim</strong></span> <span class='ocrx_word' id='word_1_59' title='bbox 2215 606 2454 676; x_wconf 75' lang='lat' dir='ltr'><strong>Spiritus</strong></span> <span class='ocrx_word' id='word_1_60' title='bbox 2482 648 2498 672; x_wconf 94' lang='lat'><strong>,</strong></span> <span class='ocrx_word' id='word_1_61' title='bbox 2541 607 2643 663; x_wconf 90' lang='lat' dir='ltr'><strong>nisi</strong></span> <span class='ocrx_word' id='word_1_62' title='bbox 2691 606 2879 676; x_wconf 89' lang='lat' dir='ltr'><strong>plenus</strong></span> <span class='ocrx_word' id='word_1_63' title='bbox 2910 604 3216 660; x_wconf 85' lang='lat' dir='ltr'><strong>bonitatis?</strong></span> <span class='ocrx_word' id='word_1_64' title='bbox 3257 604 3356 674; x_wconf 87' lang='lat' dir='ltr'><strong>Qui</strong></span> <span class='ocrx_word' id='word_1_65' title='bbox 3387 619 3514 660; x_wconf 89' lang='lat' dir='ltr'><strong>cum</strong></span> 
     </span>
    </p>
   </div>
   <div class='ocr_carea' id='block_1_7' title="bbox 235 698 3517 774">
    <p class='ocr_par' dir='ltr' id='par_1_7' title="bbox 235 698 3517 774">
     <span class='ocr_line' id='line_1_7' title="bbox 235 698 3517 774; baseline -0.003 -13"><span class='ocrx_word' id='word_1_66' title='bbox 235 713 287 762; x_wconf 90' lang='lat' dir='ltr'><strong>et</strong></span> <span class='ocrx_word' id='word_1_67' title='bbox 310 703 544 774; x_wconf 88' lang='lat' dir='ltr'><strong>Spiritus</strong></span> <span class='ocrx_word' id='word_1_68' title='bbox 570 711 810 767; x_wconf 84' lang='lat' dir='ltr'><strong>sanctus,</strong></span> <span class='ocrx_word' id='word_1_69' title='bbox 837 701 1246 771; x_wconf 62' lang='lat' dir='ltr'><strong>cumjscriptum</strong></span> <span class='ocrx_word' id='word_1_70' title='bbox 1269 703 1340 756; x_wconf 89' lang='lat' dir='ltr'><strong>sit</strong></span> <span class='ocrx_word' id='word_1_71' title='bbox 1370 710 1431 754; x_wconf 68' lang='grc' dir='ltr'>ει</span> <span class='ocrx_word' id='word_1_72' title='bbox 1453 700 1694 756; x_wconf 73' lang='lat' dir='ltr'><strong>Charitas</strong></span> <span class='ocrx_word' id='word_1_73' title='bbox 1722 699 1816 754; x_wconf 89' lang='lat' dir='ltr'><strong>Dei</strong></span> <span class='ocrx_word' id='word_1_74' title='bbox 1917 700 1988 755; x_wconf 91' lang='lat' dir='ltr'><strong>sit</strong></span> <span class='ocrx_word' id='word_1_75' title='bbox 2016 699 2407 755; x_wconf 87' lang='lat' dir='ltr'><strong>inaccessibilis</strong></span> <span class='ocrx_word' id='word_1_76' title='bbox 2439 709 2631 754; x_wconf 87' lang='lat' dir='ltr'><strong>natura</strong></span> <span class='ocrx_word' id='word_1_77' title='bbox 2656 740 2671 765; x_wconf 97' lang='lat'><strong>,</strong></span> <span class='ocrx_word' id='word_1_78' title='bbox 2704 698 3038 770; x_wconf 87' lang='lat' dir='ltr'><strong>reccptihilis</strong></span> <span class='ocrx_word' id='word_1_79' title='bbox 3069 707 3250 753; x_wconf 91' lang='lat' dir='ltr'><strong>tamen</strong></span> <span class='ocrx_word' id='word_1_80' title='bbox 3295 706 3517 768; x_wconf 90' lang='lat' dir='ltr'><strong>propter</strong></span> 
     </span>
    </p>
   </div>
   <div class='ocr_carea' id='block_1_8' title="bbox 233 793 1813 865">
    <p class='ocr_par' dir='ltr' id='par_1_8' title="bbox 233 793 1813 865">
     <span class='ocr_line' id='line_1_8' title="bbox 233 793 1813 865; baseline -0.004 -13"><span class='ocrx_word' id='word_1_81' title='bbox 233 796 394 865; x_wconf 72' lang='lat' dir='ltr'><strong>effusa</strong></span> <span class='ocrx_word' id='word_1_82' title='bbox 423 804 495 850; x_wconf 84' lang='lat' dir='ltr'><strong>est</strong></span> <span class='ocrx_word' id='word_1_83' title='bbox 537 795 591 847; x_wconf 90' lang='lat' dir='ltr'><strong>in</strong></span> <span class='ocrx_word' id='word_1_84' title='bbox 631 793 870 848; x_wconf 90' lang='lat' dir='ltr'><strong>cordibus</strong></span> <span class='ocrx_word' id='word_1_85' title='bbox 899 797 1088 848; x_wconf 87' lang='lat' dir='ltr'><strong>nostris</strong></span> <span class='ocrx_word' id='word_1_86' title='bbox 1116 810 1207 864; x_wconf 89' lang='lat' dir='ltr'><strong>per</strong></span> <span class='ocrx_word' id='word_1_87' title='bbox 1237 793 1500 864; x_wconf 90' lang='lat' dir='ltr'><strong>Spiritum</strong></span> <span class='ocrx_word' id='word_1_88' title='bbox 1533 802 1772 847; x_wconf 88' lang='lat' dir='ltr'><strong>sanctum</strong></span> <span class='ocrx_word' id='word_1_89' title='bbox 1797 833 1813 858; x_wconf 92' lang='lat'><strong>,</strong></span> 
     </span>
    </p>
   </div>
   <div class='ocr_carea' id='block_1_9' title="bbox 183 887 1814 966">
    <p class='ocr_par' dir='ltr' id='par_1_9' title="bbox 183 887 1814 966">
     <span class='ocr_line' id='line_1_9' title="bbox 183 887 1814 966; baseline -0.003 -22"><span class='ocrx_word' id='word_1_90' title='bbox 183 960 188 966; x_wconf 21' lang='grc' dir='ltr'><strong><em>ί</em></strong></span> <span class='ocrx_word' id='word_1_91' title='bbox 233 893 320 960; x_wconf 89' lang='lat' dir='ltr'><strong>qui</strong></span> <span class='ocrx_word' id='word_1_92' title='bbox 347 891 497 944; x_wconf 90' lang='lat' dir='ltr'><strong>datus</strong></span> <span class='ocrx_word' id='word_1_93' title='bbox 515 897 592 943; x_wconf 85' lang='lat' dir='ltr'><strong>cst</strong></span> <span class='ocrx_word' id='word_1_94' title='bbox 613 887 755 942; x_wconf 90' lang='lat' dir='ltr'><strong>nobis</strong></span> <span class='ocrx_word' id='word_1_95' title='bbox 778 887 957 959; x_wconf 85' lang='lat' dir='ltr'><strong>(Rom.</strong></span> <span class='ocrx_word' id='word_1_96' title='bbox 985 903 1040 952; x_wconf 89' lang='lat' dir='ltr'><strong>v,</strong></span> <span class='ocrx_word' id='word_1_97' title='bbox 1062 889 1138 958; x_wconf 83' lang='lat'><strong>5).</strong></span> <span class='ocrx_word' id='word_1_98' title='bbox 1158 887 1328 956; x_wconf 90' lang='lat' dir='ltr'><strong>Quem</strong></span> <span class='ocrx_word' id='word_1_99' title='bbox 1352 888 1539 959; x_wconf 90' lang='lat' dir='ltr'><strong>utique</strong></span> <span class='ocrx_word' id='word_1_100' title='bbox 1559 887 1814 958; x_wconf 90' lang='lat' dir='ltr'><strong>quoniam</strong></span> 
     </span>
    </p>
   </div>
   <div class='ocr_carea' id='block_1_10' title="bbox 234 981 1819 1058">
    <p class='ocr_par' dir='ltr' id='par_1_10' title="bbox 234 981 1819 1058">
     <span class='ocr_line' id='line_1_10' title="bbox 234 981 1819 1058; baseline -0.004 -17"><span class='ocrx_word' id='word_1_101' title='bbox 234 997 450 1058; x_wconf 75' lang='lat' dir='ltr'><strong>pectora</strong></span> <span class='ocrx_word' id='word_1_102' title='bbox 485 982 730 1053; x_wconf 85' lang='lat' dir='ltr'><strong>recipere</strong></span> <span class='ocrx_word' id='word_1_103' title='bbox 755 983 970 1052; x_wconf 89' lang='lat' dir='ltr'><strong>captiva</strong></span> <span class='ocrx_word' id='word_1_104' title='bbox 1011 998 1120 1038; x_wconf 93' lang='lat' dir='ltr'><strong>non</strong></span> <span class='ocrx_word' id='word_1_105' title='bbox 1147 991 1422 1052; x_wconf 80' lang='lat' dir='ltr'><strong>poterant,</strong></span> <span class='ocrx_word' id='word_1_106' title='bbox 1455 982 1604 1052; x_wconf 91' lang='lat' dir='ltr'><strong>prius</strong></span> <span class='ocrx_word' id='word_1_107' title='bbox 1635 981 1819 1036; x_wconf 87' lang='lat' dir='ltr'><strong>Domi-</strong></span> 
     </span>
    </p>
   </div>
   <div class='ocr_carea' id='block_1_11' title="bbox 231 1074 1820 1147">
    <p class='ocr_par' dir='ltr' id='par_1_11' title="bbox 231 1074 1820 1147">
     <span class='ocr_line' id='line_1_11' title="bbox 231 1074 1820 1147; baseline -0.004 -13"><span class='ocrx_word' id='word_1_108' title='bbox 231 1093 331 1134; x_wconf 92' lang='lat' dir='ltr'><strong>nus</strong></span> <span class='ocrx_word' id='word_1_109' title='bbox 358 1077 519 1134; x_wconf 84' lang='lat' dir='ltr'><strong>Jesus</strong></span> <span class='ocrx_word' id='word_1_110' title='bbox 537 1077 805 1147; x_wconf 89' lang='lat' dir='ltr'><strong>captivam</strong></span> <span class='ocrx_word' id='word_1_111' title='bbox 835 1074 992 1130; x_wconf 83' lang='lat' dir='ltr'><strong>duxit</strong></span> <span class='ocrx_word' id='word_1_112' title='bbox 1020 1077 1422 1145; x_wconf 82' lang='lat' dir='ltr'><strong>captivitatem;</strong></span> <span class='ocrx_word' id='word_1_113' title='bbox 1453 1083 1512 1130; x_wconf 92' lang='lat' dir='ltr'><strong>ut</strong></span> <span class='ocrx_word' id='word_1_114' title='bbox 1532 1074 1719 1130; x_wconf 88' lang='lat' dir='ltr'><strong>liberis</strong></span> <span class='ocrx_word' id='word_1_115' title='bbox 1741 1075 1820 1129; x_wconf 79' lang='lat' dir='ltr'><strong>al-</strong></span> 
     </span>
    </p>
   </div>
   <div class='ocr_carea' id='block_1_12' title="bbox 229 1166 1470 1239">
    <p class='ocr_par' dir='ltr' id='par_1_12' title="bbox 229 1166 1470 1239">
     <span class='ocr_line' id='line_1_12' title="bbox 229 1166 1470 1239; baseline -0.002 -15"><span class='ocrx_word' id='word_1_116' title='bbox 229 1169 455 1226; x_wconf 82' lang='lat' dir='ltr'><strong>!ectibus</strong></span> <span class='ocrx_word' id='word_1_117' title='bbox 476 1168 667 1239; x_wconf 73' lang='lat' dir='ltr'><strong>gratiae</strong></span> <span class='ocrx_word' id='word_1_118' title='bbox 691 1166 888 1222; x_wconf 64' lang='lat' dir='ltr'><strong>divinas</strong></span> <span class='ocrx_word' id='word_1_119' title='bbox 921 1183 1116 1223; x_wconf 88' lang='lat' dir='ltr'><strong>munus</strong></span> <span class='ocrx_word' id='word_1_120' title='bbox 1140 1166 1470 1223; x_wconf 82' lang='lat' dir='ltr'><strong>ell‘underet.</strong></span> 
     </span>
    </p>
   </div>
   <div class='ocr_carea' id='block_1_13' title="bbox 298 1258 1819 1332">
    <p class='ocr_par' dir='ltr' id='par_1_13' title="bbox 298 1258 1819 1332">
     <span class='ocr_line' id='line_1_13' title="bbox 298 1258 1819 1332; baseline -0.003 -15"><span class='ocrx_word' id='word_1_121' title='bbox 298 1263 385 1318; x_wconf 86' lang='lat'><strong>67.</strong></span> <span class='ocrx_word' id='word_1_122' title='bbox 423 1261 656 1318; x_wconf 85' lang='lat' dir='ltr'><strong>Pulchre</strong></span> <span class='ocrx_word' id='word_1_123' title='bbox 701 1268 883 1316; x_wconf 90' lang='lat' dir='ltr'><strong>autem</strong></span> <span class='ocrx_word' id='word_1_124' title='bbox 925 1259 1099 1314; x_wconf 79' lang='lat' dir='ltr'><strong>dixit:</strong></span> <span class='ocrx_word' id='word_1_125' title='bbox 1142 1258 1411 1332; x_wconf 80' lang='lat' dir='ltr'><strong>Captivam</strong></span> <span class='ocrx_word' id='word_1_126' title='bbox 1452 1260 1819 1331; x_wconf 82' lang='lat' dir='ltr'><strong>captivitatem.</strong></span> 
     </span>
    </p>
   </div>
   <div class='ocr_carea' id='block_1_14' title="bbox 229 1351 1821 1422">
    <p class='ocr_par' dir='ltr' id='par_1_14' title="bbox 229 1351 1821 1422">
     <span class='ocr_line' id='line_1_14' title="bbox 229 1351 1821 1422; baseline -0.003 -11"><span class='ocrx_word' id='word_1_127' title='bbox 229 1354 431 1411; x_wconf 84' lang='lat' dir='ltr'><strong>Christi</strong></span> <span class='ocrx_word' id='word_1_128' title='bbox 463 1353 612 1410; x_wconf 85' lang='lat' dir='ltr'><strong>enim</strong></span> <span class='ocrx_word' id='word_1_129' title='bbox 644 1351 871 1408; x_wconf 79' lang='lat' dir='ltr'><strong>victoria</strong></span> <span class='ocrx_word' id='word_1_130' title='bbox 899 1394 915 1419; x_wconf 92' lang='lat'><strong>,</strong></span> <span class='ocrx_word' id='word_1_131' title='bbox 956 1352 1188 1408; x_wconf 88' lang='lat' dir='ltr'><strong>.victoria</strong></span> <span class='ocrx_word' id='word_1_132' title='bbox 1221 1352 1492 1408; x_wconf 83' lang='lat' dir='ltr'><strong>libertatis</strong></span> <span class='ocrx_word' id='word_1_133' title='bbox 1533 1362 1654 1418; x_wconf 89' lang='lat' dir='ltr'><strong>est,</strong></span> <span class='ocrx_word' id='word_1_134' title='bbox 1701 1366 1821 1422; x_wconf 68' lang='lat' dir='ltr'><strong>quae</strong></span> 
     </span>
    </p>
   </div>
   <div class='ocr_carea' id='block_1_15' title="bbox 231 1443 1821 1517">
    <p class='ocr_par' dir='ltr' id='par_1_15' title="bbox 231 1443 1821 1517">
     <span class='ocr_line' id='line_1_15' title="bbox 231 1443 1821 1517; baseline -0.002 -17"><span class='ocrx_word' id='word_1_135' title='bbox 231 1461 418 1502; x_wconf 87' lang='lat' dir='ltr'><strong>omnes</strong></span> <span class='ocrx_word' id='word_1_136' title='bbox 465 1444 656 1517; x_wconf 71' lang='lat' dir='ltr'><strong>gratiae</strong></span> <span class='ocrx_word' id='word_1_137' title='bbox 698 1443 1036 1511; x_wconf 88' lang='lat' dir='ltr'><strong>vindicavit,</strong></span> <span class='ocrx_word' id='word_1_138' title='bbox 1065 1445 1272 1500; x_wconf 90' lang='lat' dir='ltr'><strong>nullum</strong></span> <span class='ocrx_word' id='word_1_139' title='bbox 1297 1444 1557 1500; x_wconf 78' lang='lat' dir='ltr'><strong>astrinxit</strong></span> <span class='ocrx_word' id='word_1_140' title='bbox 1588 1443 1821 1513; x_wconf 80' lang='lat' dir='ltr'><strong>injuriae.</strong></span> 
     </span>
    </p>
   </div>
   <div class='ocr_carea' id='block_1_16' title="bbox 233 1537 1822 1610">
    <p class='ocr_par' dir='ltr' id='par_1_16' title="bbox 233 1537 1822 1610">
     <span class='ocr_line' id='line_1_16' title="bbox 233 1537 1822 1610; baseline -0.001 -16"><span class='ocrx_word' id='word_1_141' title='bbox 233 1538 372 1610; x_wconf 86' lang='lat' dir='ltr'><strong>Ergo</strong></span> <span class='ocrx_word' id='word_1_142' title='bbox 393 1539 446 1592; x_wconf 92' lang='lat' dir='ltr'><strong>in</strong></span> <span class='ocrx_word' id='word_1_143' title='bbox 473 1537 714 1592; x_wconf 85' lang='lat' dir='ltr'><strong>omnium</strong></span> <span class='ocrx_word' id='word_1_144' title='bbox 743 1537 1094 1594; x_wconf 89' lang='lat' dir='ltr'><strong>absolutione</strong></span> <span class='ocrx_word' id='word_1_145' title='bbox 1117 1553 1278 1594; x_wconf 89' lang='lat' dir='ltr'><strong>nemo</strong></span> <span class='ocrx_word' id='word_1_146' title='bbox 1317 1539 1565 1609; x_wconf 86' lang='lat' dir='ltr'><strong>captivus</strong></span> <span class='ocrx_word' id='word_1_147' title='bbox 1593 1548 1697 1593; x_wconf 84' lang='lat' dir='ltr'><strong>est.</strong></span> <span class='ocrx_word' id='word_1_148' title='bbox 1755 1537 1822 1592; x_wconf 86' lang='lat' dir='ltr'><strong>Et</strong></span> 
     </span>
    </p>
   </div>
   <div class='ocr_carea' id='block_1_17' title="bbox 233 1631 1825 1704">
    <p class='ocr_par' dir='ltr' id='par_1_17' title="bbox 233 1631 1825 1704">
     <span class='ocr_line' id='line_1_17' title="bbox 233 1631 1825 1704; baseline -0.001 -16"><span class='ocrx_word' id='word_1_149' title='bbox 233 1635 354 1704; x_wconf 86' lang='lat' dir='ltr'><strong>quia</strong></span> <span class='ocrx_word' id='word_1_150' title='bbox 383 1631 686 1688; x_wconf 67' lang='lat' dir='ltr'><strong>Dominicaa</strong></span> <span class='ocrx_word' id='word_1_151' title='bbox 737 1643 983 1702; x_wconf 89' lang='lat' dir='ltr'><strong>tempore</strong></span> <span class='ocrx_word' id='word_1_152' title='bbox 1024 1631 1292 1703; x_wconf 80' lang='lat' dir='ltr'><strong>passionis</strong></span> <span class='ocrx_word' id='word_1_153' title='bbox 1321 1632 1347 1671; x_wconf 74' lang='grc' dir='ltr'><strong>ιι</strong></span> <span class='ocrx_word' id='word_1_154' title='bbox 1377 1633 1492 1688; x_wconf 91' lang='lat' dir='ltr'><strong>sola</strong></span> <span class='ocrx_word' id='word_1_155' title='bbox 1525 1632 1825 1687; x_wconf 81' lang='lat' dir='ltr'><strong>leriabatur</strong></span> 
     </span>
    </p>
   </div>
   <div class='ocr_carea' id='block_1_18' title="bbox 233 1723 1820 1795">
    <p class='ocr_par' dir='ltr' id='par_1_18' title="bbox 233 1723 1820 1795">
     <span class='ocr_line' id='line_1_18' title="bbox 233 1723 1820 1795; baseline -0.001 -15"><span class='ocrx_word' id='word_1_156' title='bbox 233 1724 445 1794; x_wconf 87' lang='lat' dir='ltr'><strong>injuria,</strong></span> <span class='ocrx_word' id='word_1_157' title='bbox 476 1739 599 1794; x_wconf 74' lang='lat' dir='ltr'><strong>quae</strong></span> <span class='ocrx_word' id='word_1_158' title='bbox 624 1725 872 1794; x_wconf 88' lang='lat' dir='ltr'><strong>captivos</strong></span> <span class='ocrx_word' id='word_1_159' title='bbox 892 1740 1086 1781; x_wconf 90' lang='lat' dir='ltr'><strong>omnes</strong></span> <span class='ocrx_word' id='word_1_160' title='bbox 1112 1725 1380 1780; x_wconf 89' lang='lat' dir='ltr'><strong>amiserat</strong></span> <span class='ocrx_word' id='word_1_161' title='bbox 1410 1739 1547 1795; x_wconf 89' lang='lat' dir='ltr'><strong>quos</strong></span> <span class='ocrx_word' id='word_1_162' title='bbox 1578 1723 1820 1787; x_wconf 89' lang='lat' dir='ltr'><strong>tenebat;</strong></span> 
     </span>
    </p>
   </div>
   <div class='ocr_carea' id='block_1_19' title="bbox 1920 790 3515 863">
    <p class='ocr_par' dir='ltr' id='par_1_19' title="bbox 1920 790 3515 863">
     <span class='ocr_line' id='line_1_19' title="bbox 1920 790 3515 863; baseline 0.001 -17"><span class='ocrx_word' id='word_1_163' title='bbox 1920 791 2214 848; x_wconf 80' lang='lat' dir='ltr'><strong>bonitatem</strong></span> <span class='ocrx_word' id='word_1_164' title='bbox 2245 807 2396 848; x_wconf 87' lang='lat' dir='ltr'><strong>suam</strong></span> <span class='ocrx_word' id='word_1_165' title='bbox 2427 793 2584 848; x_wconf 92' lang='lat' dir='ltr'><strong>nobis</strong></span> <span class='ocrx_word' id='word_1_166' title='bbox 2629 804 2736 859; x_wconf 89' lang='lat' dir='ltr'><strong>est,</strong></span> <span class='ocrx_word' id='word_1_167' title='bbox 2768 793 3053 863; x_wconf 92' lang='lat' dir='ltr'><strong>complens</strong></span> <span class='ocrx_word' id='word_1_168' title='bbox 3080 790 3281 848; x_wconf 83' lang='lat' dir='ltr'><strong>virtute</strong></span> <span class='ocrx_word' id='word_1_169' title='bbox 3308 792 3515 858; x_wconf 87' lang='lat' dir='ltr'><strong>omnia,</strong></span> 
     </span>
    </p>
   </div>
   <div class='ocr_carea' id='block_1_20' title="bbox 1920 883 3514 958">
    <p class='ocr_par' dir='ltr' id='par_1_20' title="bbox 1920 883 3514 958">
     <span class='ocr_line' id='line_1_20' title="bbox 1920 883 3514 958; baseline -0.001 -17"><span class='ocrx_word' id='word_1_170' title='bbox 1920 886 2016 942; x_wconf 90' lang='lat' dir='ltr'><strong>sed</strong></span> <span class='ocrx_word' id='word_1_171' title='bbox 2046 886 2137 958; x_wconf 90' lang='lat' dir='ltr'><strong>qui</strong></span> <span class='ocrx_word' id='word_1_172' title='bbox 2164 886 2296 941; x_wconf 92' lang='lat' dir='ltr'><strong>solis</strong></span> <span class='ocrx_word' id='word_1_173' title='bbox 2325 887 2681 957; x_wconf 89' lang='lat' dir='ltr'><strong>participetur</strong></span> <span class='ocrx_word' id='word_1_174' title='bbox 2705 885 2888 956; x_wconf 91' lang='lat' dir='ltr'><strong>justis,</strong></span> <span class='ocrx_word' id='word_1_175' title='bbox 2921 885 3150 954; x_wconf 83' lang='lat' dir='ltr'><strong>simplex</strong></span> <span class='ocrx_word' id='word_1_176' title='bbox 3179 883 3514 950; x_wconf 87' lang='lat' dir='ltr'><strong>substantia,</strong></span> 
     </span>
    </p>
   </div>
   <div class='ocr_carea' id='block_1_21' title="bbox 1921 977 3519 1050">
    <p class='ocr_par' dir='ltr' id='par_1_21' title="bbox 1921 977 3519 1050">
     <span class='ocr_line' id='line_1_21' title="bbox 1921 977 3519 1050; baseline -0.002 -16"><span class='ocrx_word' id='word_1_177' title='bbox 1921 980 2212 1050; x_wconf 83' lang='lat' dir='ltr'><strong>opulentus</strong></span> <span class='ocrx_word' id='word_1_178' title='bbox 2240 980 2532 1035; x_wconf 82' lang='lat' dir='ltr'><strong>virtutibus</strong></span> <span class='ocrx_word' id='word_1_179' title='bbox 2564 1022 2579 1046; x_wconf 96' lang='lat'><strong>,</strong></span> <span class='ocrx_word' id='word_1_180' title='bbox 2635 979 2926 1049; x_wconf 88' lang='lat' dir='ltr'><strong>unicuique</strong></span> <span class='ocrx_word' id='word_1_181' title='bbox 2958 992 3200 1049; x_wconf 73' lang='lat' dir='ltr'><strong>pra-sens</strong></span> <span class='ocrx_word' id='word_1_182' title='bbox 3227 1018 3242 1044; x_wconf 88' lang='lat'><strong>,</strong></span> <span class='ocrx_word' id='word_1_183' title='bbox 3265 977 3519 1034; x_wconf 85' lang='lat' dir='ltr'><strong>dividens</strong></span> 
     </span>
    </p>
   </div>
   <div class='ocr_carea' id='block_1_22' title="bbox 1921 1073 2900 1144">
    <p class='ocr_par' dir='ltr' id='par_1_22' title="bbox 1921 1073 2900 1144">
     <span class='ocr_line' id='line_1_22' title="bbox 1921 1073 2900 1144; baseline -0.002 -15"><span class='ocrx_word' id='word_1_184' title='bbox 1921 1074 1989 1129; x_wconf 89' lang='lat' dir='ltr'><strong>de</strong></span> <span class='ocrx_word' id='word_1_185' title='bbox 2011 1090 2110 1129; x_wconf 90' lang='lat' dir='ltr'><strong>suo</strong></span> <span class='ocrx_word' id='word_1_186' title='bbox 2142 1075 2392 1144; x_wconf 78' lang='lat' dir='ltr'><strong>singulis,</strong></span> <span class='ocrx_word' id='word_1_187' title='bbox 2423 1083 2478 1128; x_wconf 90' lang='lat' dir='ltr'><strong>et</strong></span> <span class='ocrx_word' id='word_1_188' title='bbox 2503 1073 2703 1144; x_wconf 92' lang='lat' dir='ltr'><strong>ubique</strong></span> <span class='ocrx_word' id='word_1_189' title='bbox 2735 1081 2900 1128; x_wconf 89' lang='lat' dir='ltr'><strong>totus.</strong></span> 
     </span>
    </p>
   </div>
   <div class='ocr_carea' id='block_1_23' title="bbox 1997 1166 3520 1240">
    <p class='ocr_par' dir='ltr' id='par_1_23' title="bbox 1997 1166 3520 1240">
     <span class='ocr_line' id='line_1_23' title="bbox 1997 1166 3520 1240; baseline 0 -19"><span class='ocrx_word' id='word_1_190' title='bbox 1997 1169 2084 1221; x_wconf 80' lang='lat'><strong>7&#39;5.</strong></span> <span class='ocrx_word' id='word_1_191' title='bbox 2117 1169 2415 1239; x_wconf 86' lang='lat' dir='ltr'><strong>Meritoque</strong></span> <span class='ocrx_word' id='word_1_192' title='bbox 2447 1167 2611 1222; x_wconf 87' lang='lat' dir='ltr'><strong>Filius</strong></span> <span class='ocrx_word' id='word_1_193' title='bbox 2644 1168 2739 1223; x_wconf 88' lang='lat' dir='ltr'><strong>Dei</strong></span> <span class='ocrx_word' id='word_1_194' title='bbox 2769 1168 2939 1223; x_wconf 84' lang='lat' dir='ltr'><strong>dixit:</strong></span> <span class='ocrx_word' id='word_1_195' title='bbox 2973 1166 3077 1233; x_wconf 88' lang='lat' dir='ltr'><strong>Ite,</strong></span> <span class='ocrx_word' id='word_1_196' title='bbox 3111 1168 3364 1237; x_wconf 79' lang='lat' dir='ltr'><strong>baptizate</strong></span> <span class='ocrx_word' id='word_1_197' title='bbox 3395 1184 3520 1240; x_wconf 82' lang='lat' dir='ltr'><strong>gen-</strong></span> 
     </span>
    </p>
   </div>
   <div class='ocr_carea' id='block_1_24' title="bbox 1925 1259 3518 1335">
    <p class='ocr_par' dir='ltr' id='par_1_24' title="bbox 1925 1259 3518 1335">
     <span class='ocr_line' id='line_1_24' title="bbox 1925 1259 3518 1335; baseline -0.003 -18"><span class='ocrx_word' id='word_1_198' title='bbox 1925 1272 1996 1317; x_wconf 83' lang='lat' dir='ltr'><strong>tes</strong></span> <span class='ocrx_word' id='word_1_199' title='bbox 2024 1267 2075 1316; x_wconf 89' lang='lat' dir='ltr'><strong>in</strong></span> <span class='ocrx_word' id='word_1_200' title='bbox 2105 1263 2308 1317; x_wconf 85' lang='lat' dir='ltr'><strong>nomine</strong></span> <span class='ocrx_word' id='word_1_201' title='bbox 2331 1261 2511 1316; x_wconf 79' lang='lat' dir='ltr'><strong>Patris</strong></span> <span class='ocrx_word' id='word_1_202' title='bbox 2539 1273 2585 1316; x_wconf 88' lang='lat' dir='ltr'><strong>et</strong></span> <span class='ocrx_word' id='word_1_203' title='bbox 2613 1259 2741 1316; x_wconf 80' lang='lat' dir='ltr'><strong>Filii</strong></span> <span class='ocrx_word' id='word_1_204' title='bbox 2768 1272 2816 1317; x_wconf 88' lang='lat' dir='ltr'><strong>et</strong></span> <span class='ocrx_word' id='word_1_205' title='bbox 2857 1263 3090 1330; x_wconf 83' lang='lat' dir='ltr'><strong>Spiritus</strong></span> <span class='ocrx_word' id='word_1_206' title='bbox 3114 1263 3279 1316; x_wconf 81' lang='lat' dir='ltr'><strong>sancti</strong></span> <span class='ocrx_word' id='word_1_207' title='bbox 3299 1261 3518 1335; x_wconf 77' lang='lat' dir='ltr'><strong>(Matth.</strong></span> 
     </span>
    </p>
   </div>
   <div class='ocr_carea' id='block_1_25' title="bbox 1927 1355 3521 1426">
    <p class='ocr_par' dir='ltr' id='par_1_25' title="bbox 1927 1355 3521 1426">
     <span class='ocr_line' id='line_1_25' title="bbox 1927 1355 3521 1426; baseline -0.001 -16"><span class='ocrx_word' id='word_1_208' title='bbox 1927 1372 2104 1411; x_wconf 77' lang='lat' dir='ltr'><strong>xxviii</strong></span> <span class='ocrx_word' id='word_1_209' title='bbox 2130 1398 2143 1418; x_wconf 89' lang='lat'><strong>,</strong></span> <span class='ocrx_word' id='word_1_210' title='bbox 2177 1357 2265 1420; x_wconf 81' lang='grc'><strong>19)</strong></span> <span class='ocrx_word' id='word_1_211' title='bbox 2288 1397 2302 1416; x_wconf 94' lang='grc'>.</span> <span class='ocrx_word' id='word_1_212' title='bbox 2331 1372 2438 1410; x_wconf 87' lang='lat' dir='ltr'><strong>non</strong></span> <span class='ocrx_word' id='word_1_213' title='bbox 2466 1355 2787 1426; x_wconf 82' lang='lat' dir='ltr'><strong>dedignatus</strong></span> <span class='ocrx_word' id='word_1_214' title='bbox 2818 1355 3054 1425; x_wconf 88' lang='lat' dir='ltr'><strong>Spiritus</strong></span> <span class='ocrx_word' id='word_1_215' title='bbox 3085 1355 3256 1411; x_wconf 88' lang='lat' dir='ltr'><strong>sancti</strong></span> <span class='ocrx_word' id='word_1_216' title='bbox 3289 1355 3521 1410; x_wconf 86' lang='lat' dir='ltr'><strong>societa-</strong></span> 
     </span>
    </p>
   </div>
   <div class='ocr_carea' id='block_1_26' title="bbox 1926 1447 3521 1520">
    <p class='ocr_par' dir='ltr' id='par_1_26' title="bbox 1926 1447 3521 1520">
     <span class='ocr_line' id='line_1_26' title="bbox 1926 1447 3521 1520; baseline -0.001 -17"><span class='ocrx_word' id='word_1_217' title='bbox 1926 1458 2054 1504; x_wconf 88' lang='lat' dir='ltr'><strong>tem.</strong></span> <span class='ocrx_word' id='word_1_218' title='bbox 2084 1450 2190 1504; x_wconf 82' lang='lat' dir='ltr'><strong>Cur</strong></span> <span class='ocrx_word' id='word_1_219' title='bbox 2223 1449 2385 1520; x_wconf 83' lang='lat' dir='ltr'><strong>igitur</strong></span> <span class='ocrx_word' id='word_1_220' title='bbox 2412 1463 2553 1504; x_wconf 92' lang='lat' dir='ltr'><strong>nunc</strong></span> <span class='ocrx_word' id='word_1_221' title='bbox 2581 1463 2741 1519; x_wconf 85' lang='lat' dir='ltr'><strong>quem</strong></span> <span class='ocrx_word' id='word_1_222' title='bbox 2770 1449 3034 1504; x_wconf 87' lang='lat' dir='ltr'><strong>Dominus</strong></span> <span class='ocrx_word' id='word_1_223' title='bbox 3060 1464 3168 1504; x_wconf 94' lang='lat' dir='ltr'><strong>non</strong></span> <span class='ocrx_word' id='word_1_224' title='bbox 3198 1447 3521 1517; x_wconf 85' lang='lat' dir='ltr'><strong>dedignatus</strong></span> 
     </span>
    </p>
   </div>
   <div class='ocr_carea' id='block_1_27' title="bbox 1925 1542 3520 1616">
    <p class='ocr_par' dir='ltr' id='par_1_27' title="bbox 1925 1542 3520 1616">
     <span class='ocr_line' id='line_1_27' title="bbox 1925 1542 3520 1616; baseline -0.003 -15"><span class='ocrx_word' id='word_1_225' title='bbox 1925 1553 2010 1601; x_wconf 89' lang='lat' dir='ltr'><strong>est</strong></span> <span class='ocrx_word' id='word_1_226' title='bbox 2035 1546 2087 1600; x_wconf 91' lang='lat' dir='ltr'><strong>in</strong></span> <span class='ocrx_word' id='word_1_227' title='bbox 2120 1544 2462 1616; x_wconf 76' lang='lat' dir='ltr'><strong>baptismatis</strong></span> <span class='ocrx_word' id='word_1_228' title='bbox 2485 1552 2852 1610; x_wconf 90' lang='lat' dir='ltr'><strong>sacramento,</strong></span> <span class='ocrx_word' id='word_1_229' title='bbox 2885 1544 3114 1598; x_wconf 88' lang='lat' dir='ltr'><strong>moleste</strong></span> <span class='ocrx_word' id='word_1_230' title='bbox 3145 1544 3324 1599; x_wconf 85' lang='lat' dir='ltr'><strong>lerunt</strong></span> <span class='ocrx_word' id='word_1_231' title='bbox 3349 1542 3520 1611; x_wconf 89' lang='lat' dir='ltr'><strong>aliqui</strong></span> 
     </span>
    </p>
   </div>
   <div class='ocr_carea' id='block_1_28' title="bbox 1927 1634 3487 1706">
    <p class='ocr_par' dir='ltr' id='par_1_28' title="bbox 1927 1634 3487 1706">
     <span class='ocr_line' id='line_1_28' title="bbox 1927 1634 3487 1706; baseline -0.003 -13"><span class='ocrx_word' id='word_1_232' title='bbox 1927 1637 2072 1694; x_wconf 86' lang='lat' dir='ltr'><strong>Patri</strong></span> <span class='ocrx_word' id='word_1_233' title='bbox 2101 1637 2186 1693; x_wconf 86' lang='lat' dir='ltr'><strong>vel</strong></span> <span class='ocrx_word' id='word_1_234' title='bbox 2218 1637 2354 1692; x_wconf 86' lang='lat' dir='ltr'><strong>Filio</strong></span> <span class='ocrx_word' id='word_1_235' title='bbox 2382 1635 2643 1706; x_wconf 89' lang='lat' dir='ltr'><strong>Spiritum</strong></span> <span class='ocrx_word' id='word_1_236' title='bbox 2675 1647 2858 1691; x_wconf 86' lang='lat' dir='ltr'><strong>nostra</strong></span> <span class='ocrx_word' id='word_1_237' title='bbox 2884 1636 3173 1691; x_wconf 87' lang='lat' dir='ltr'><strong>devotione</strong></span> <span class='ocrx_word' id='word_1_238' title='bbox 3197 1634 3487 1706; x_wconf 84' lang='lat' dir='ltr'><strong>conjungi?</strong></span> 
     </span>
    </p>
   </div>
   <div class='ocr_carea' id='block_1_29' title="bbox 2003 1726 3527 1800">
    <p class='ocr_par' dir='ltr' id='par_1_29' title="bbox 2003 1726 3527 1800">
     <span class='ocr_line' id='line_1_29' title="bbox 2003 1726 3527 1800; baseline -0.002 -16"><span class='ocrx_word' id='word_1_239' title='bbox 2003 1730 2092 1784; x_wconf 76' lang='grc'>74.</span> <span class='ocrx_word' id='word_1_240' title='bbox 2118 1730 2300 1785; x_wconf 82' lang='lat' dir='ltr'><strong>Bonus</strong></span> <span class='ocrx_word' id='word_1_241' title='bbox 2330 1744 2461 1800; x_wconf 88' lang='lat' dir='ltr'><strong>ergo</strong></span> <span class='ocrx_word' id='word_1_242' title='bbox 2487 1728 2726 1799; x_wconf 87' lang='lat' dir='ltr'><strong>Spiritus</strong></span> <span class='ocrx_word' id='word_1_243' title='bbox 2754 1747 2766 1782; x_wconf 94' lang='lat'><strong>:</strong></span> <span class='ocrx_word' id='word_1_244' title='bbox 2800 1729 2974 1784; x_wconf 92' lang='lat' dir='ltr'><strong>bonus</strong></span> <span class='ocrx_word' id='word_1_245' title='bbox 2999 1739 3206 1793; x_wconf 90' lang='lat' dir='ltr'><strong>autem,</strong></span> <span class='ocrx_word' id='word_1_246' title='bbox 3233 1743 3344 1782; x_wconf 94' lang='lat' dir='ltr'><strong>non</strong></span> <span class='ocrx_word' id='word_1_247' title='bbox 3371 1726 3527 1797; x_wconf 90' lang='lat' dir='ltr'><strong>quasi</strong></span> 
     </span>
    </p>
   </div>
   <div class='ocr_carea' id='block_1_30' title="bbox 231 1807 3526 1893">
    <p class='ocr_par' dir='ltr' id='par_1_30' title="bbox 231 1807 3526 1893">
     <span class='ocr_line' id='line_1_30' title="bbox 231 1807 3526 1893; baseline 0 -21"><span class='ocrx_word' id='word_1_248' title='bbox 231 1819 280 1872; x_wconf 89' lang='lat' dir='ltr'><strong>in</strong></span> <span class='ocrx_word' id='word_1_249' title='bbox 306 1831 363 1873; x_wconf 91' lang='lat' dir='ltr'><strong>se</strong></span> <span class='ocrx_word' id='word_1_250' title='bbox 395 1831 690 1872; x_wconf 88' lang='lat' dir='ltr'><strong>recurrens</strong></span> <span class='ocrx_word' id='word_1_251' title='bbox 719 1817 930 1887; x_wconf 89' lang='lat' dir='ltr'><strong>captiva</strong></span> <span class='ocrx_word' id='word_1_252' title='bbox 955 1815 1093 1872; x_wconf 81' lang='lat' dir='ltr'><strong>facta</strong></span> <span class='ocrx_word' id='word_1_253' title='bbox 1116 1827 1202 1873; x_wconf 87' lang='lat' dir='ltr'><strong>est</strong></span> <span class='ocrx_word' id='word_1_254' title='bbox 1224 1817 1340 1885; x_wconf 89' lang='lat' dir='ltr'><strong>ipsa</strong></span> <span class='ocrx_word' id='word_1_255' title='bbox 1371 1816 1680 1886; x_wconf 85' lang='lat' dir='ltr'><strong>captivitas,</strong></span> <span class='ocrx_word' id='word_1_256' title='bbox 1705 1815 1816 1884; x_wconf 90' lang='lat' dir='ltr'><strong>jam</strong></span> <span class='ocrx_word' id='word_1_257' title='bbox 1848 1807 1898 1869; x_wconf 88' lang='lat' dir='ltr'><strong>B</strong></span> <span class='ocrx_word' id='word_1_258' title='bbox 1927 1823 2219 1893; x_wconf 79' lang='lat' dir='ltr'><strong>acquirens</strong></span> <span class='ocrx_word' id='word_1_259' title='bbox 2245 1865 2259 1888; x_wconf 87' lang='lat'><strong>,</strong></span> <span class='ocrx_word' id='word_1_260' title='bbox 2305 1821 2398 1876; x_wconf 87' lang='lat' dir='ltr'><strong>sed</strong></span> <span class='ocrx_word' id='word_1_261' title='bbox 2450 1821 2603 1892; x_wconf 89' lang='lat' dir='ltr'><strong>quasi</strong></span> <span class='ocrx_word' id='word_1_262' title='bbox 2655 1822 2975 1892; x_wconf 89' lang='lat' dir='ltr'><strong>impertiens</strong></span> <span class='ocrx_word' id='word_1_263' title='bbox 3022 1820 3349 1877; x_wconf 89' lang='lat' dir='ltr'><strong>bonitatem.</strong></span> <span class='ocrx_word' id='word_1_264' title='bbox 3408 1818 3526 1874; x_wconf 82' lang='lat' dir='ltr'><strong>Non</strong></span> 
     </span>
    </p>
   </div>
   <div class='ocr_carea' id='block_1_31' title="bbox 234 1909 1822 1978">
    <p class='ocr_par' dir='ltr' id='par_1_31' title="bbox 234 1909 1822 1978">
     <span class='ocr_line' id='line_1_31' title="bbox 234 1909 1822 1978; baseline 0.001 -11"><span class='ocrx_word' id='word_1_265' title='bbox 234 1927 335 1967; x_wconf 91' lang='lat' dir='ltr'><strong>non</strong></span> <span class='ocrx_word' id='word_1_266' title='bbox 361 1909 535 1967; x_wconf 88' lang='lat' dir='ltr'><strong>Belial</strong></span> <span class='ocrx_word' id='word_1_267' title='bbox 558 1910 773 1966; x_wconf 83' lang='lat' dir='ltr'><strong>addicta</strong></span> <span class='ocrx_word' id='word_1_268' title='bbox 795 1952 810 1977; x_wconf 95' lang='lat'><strong>,</strong></span> <span class='ocrx_word' id='word_1_269' title='bbox 834 1910 929 1966; x_wconf 90' lang='lat' dir='ltr'><strong>sed</strong></span> <span class='ocrx_word' id='word_1_270' title='bbox 958 1909 1181 1968; x_wconf 85' lang='lat' dir='ltr'><strong>Christo</strong></span> <span class='ocrx_word' id='word_1_271' title='bbox 1201 1953 1216 1978; x_wconf 88' lang='lat'><strong>,</strong></span> <span class='ocrx_word' id='word_1_272' title='bbox 1247 1913 1333 1966; x_wconf 93' lang='lat' dir='ltr'><strong>cui</strong></span> <span class='ocrx_word' id='word_1_273' title='bbox 1363 1910 1572 1967; x_wconf 88' lang='lat' dir='ltr'><strong>servire</strong></span> <span class='ocrx_word' id='word_1_274' title='bbox 1600 1911 1822 1968; x_wconf 90' lang='lat' dir='ltr'><strong>libertas</strong></span> 
     </span>
    </p>
   </div>
   <div class='ocr_carea' id='block_1_32' title="bbox 229 2002 1818 2073">
    <p class='ocr_par' dir='ltr' id='par_1_32' title="bbox 229 2002 1818 2073">
     <span class='ocr_line' id='line_1_32' title="bbox 229 2002 1818 2073; baseline 0.001 -14"><span class='ocrx_word' id='word_1_275' title='bbox 229 2015 331 2060; x_wconf 89' lang='lat' dir='ltr'><strong>est.</strong></span> <span class='ocrx_word' id='word_1_276' title='bbox 365 2003 469 2073; x_wconf 85' lang='lat' dir='ltr'><strong>Qui</strong></span> <span class='ocrx_word' id='word_1_277' title='bbox 499 2003 649 2060; x_wconf 90' lang='lat' dir='ltr'><strong>enim</strong></span> <span class='ocrx_word' id='word_1_278' title='bbox 668 2003 722 2059; x_wconf 91' lang='lat' dir='ltr'><strong>in</strong></span> <span class='ocrx_word' id='word_1_279' title='bbox 748 2002 979 2059; x_wconf 90' lang='lat' dir='ltr'><strong>Domino</strong></span> <span class='ocrx_word' id='word_1_280' title='bbox 1006 2012 1232 2060; x_wconf 84' lang='lat' dir='ltr'><strong>vocatus</strong></span> <span class='ocrx_word' id='word_1_281' title='bbox 1263 2012 1347 2059; x_wconf 89' lang='lat' dir='ltr'><strong>est</strong></span> <span class='ocrx_word' id='word_1_282' title='bbox 1366 2017 1562 2059; x_wconf 89' lang='lat' dir='ltr'><strong>servus</strong></span> <span class='ocrx_word' id='word_1_283' title='bbox 1595 2015 1616 2041; x_wconf 74' lang='grc' dir='ltr'><strong><em>ε</em></strong></span> <span class='ocrx_word' id='word_1_284' title='bbox 1650 2003 1818 2060; x_wconf 61' lang='lat' dir='ltr'><strong>libero</strong></span> 
     </span>
    </p>
   </div>
   <div class='ocr_carea' id='block_1_33' title="bbox 232 2093 1176 2166">
    <p class='ocr_par' dir='ltr' id='par_1_33' title="bbox 232 2093 1176 2166">
     <span class='ocr_line' id='line_1_33' title="bbox 232 2093 1176 2166; baseline -0.002 -16"><span class='ocrx_word' id='word_1_285' title='bbox 232 2105 317 2151; x_wconf 92' lang='lat' dir='ltr'><strong>tus</strong></span> <span class='ocrx_word' id='word_1_286' title='bbox 344 2105 431 2152; x_wconf 88' lang='lat' dir='ltr'><strong>est</strong></span> <span class='ocrx_word' id='word_1_287' title='bbox 464 2095 681 2151; x_wconf 91' lang='lat' dir='ltr'><strong>Domini</strong></span> <span class='ocrx_word' id='word_1_288' title='bbox 706 2094 751 2165; x_wconf 92' lang='grc'><strong>(1</strong></span> <span class='ocrx_word' id='word_1_289' title='bbox 784 2095 904 2151; x_wconf 88' lang='lat' dir='ltr'><strong>Cor.</strong></span> <span class='ocrx_word' id='word_1_290' title='bbox 935 2111 1028 2164; x_wconf 83' lang='lat' dir='ltr'><strong>vn,</strong></span> <span class='ocrx_word' id='word_1_291' title='bbox 1061 2093 1176 2166; x_wconf 74' lang='grc'><strong>22).</strong></span> 
     </span>
    </p>
   </div>
   <div class='ocr_carea' id='block_1_34' title="bbox 299 2186 1826 2258">
    <p class='ocr_par' dir='ltr' id='par_1_34' title="bbox 299 2186 1826 2258">
     <span class='ocr_line' id='line_1_34' title="bbox 299 2186 1826 2258; baseline -0.001 -14"><span class='ocrx_word' id='word_1_292' title='bbox 299 2189 390 2246; x_wconf 84' lang='lat'><strong>68.</strong></span> <span class='ocrx_word' id='word_1_293' title='bbox 420 2187 530 2245; x_wconf 90' lang='lat' dir='ltr'><strong>Sed</strong></span> <span class='ocrx_word' id='word_1_294' title='bbox 557 2197 617 2242; x_wconf 91' lang='lat' dir='ltr'><strong>ut</strong></span> <span class='ocrx_word' id='word_1_295' title='bbox 646 2187 712 2242; x_wconf 89' lang='lat' dir='ltr'><strong>ad</strong></span> <span class='ocrx_word' id='word_1_296' title='bbox 746 2189 1018 2258; x_wconf 89' lang='lat' dir='ltr'><strong>pr0posita</strong></span> <span class='ocrx_word' id='word_1_297' title='bbox 1050 2195 1390 2244; x_wconf 88' lang='lat' dir='ltr'><strong>revertamur</strong></span> <span class='ocrx_word' id='word_1_298' title='bbox 1424 2206 1438 2243; x_wconf 89' lang='lat'><strong>:</strong></span> <span class='ocrx_word' id='word_1_299' title='bbox 1471 2186 1662 2242; x_wconf 86' lang='lat' dir='ltr'><strong>Omnes</strong></span> <span class='ocrx_word' id='word_1_300' title='bbox 1688 2231 1703 2255; x_wconf 93' lang='lat'><strong>,</strong></span> <span class='ocrx_word' id='word_1_301' title='bbox 1745 2188 1826 2243; x_wconf 91' lang='lat' dir='ltr'><strong>in-</strong></span> 
     </span>
    </p>
   </div>
   <div class='ocr_carea' id='block_1_35' title="bbox 230 2281 1828 2353">
    <p class='ocr_par' dir='ltr' id='par_1_35' title="bbox 230 2281 1828 2353">
     <span class='ocr_line' id='line_1_35' title="bbox 230 2281 1828 2353; baseline -0.003 -13"><span class='ocrx_word' id='word_1_302' title='bbox 230 2287 362 2353; x_wconf 88' lang='lat' dir='ltr'><strong>quit,</strong></span> <span class='ocrx_word' id='word_1_303' title='bbox 396 2283 803 2349; x_wconf 80' lang='lat' dir='ltr'><strong>declinaverunt,</strong></span> <span class='ocrx_word' id='word_1_304' title='bbox 847 2281 1005 2336; x_wconf 90' lang='lat' dir='ltr'><strong>simul</strong></span> <span class='ocrx_word' id='word_1_305' title='bbox 1034 2281 1241 2336; x_wconf 89' lang='lat' dir='ltr'><strong>inutiles</strong></span> <span class='ocrx_word' id='word_1_306' title='bbox 1272 2281 1400 2352; x_wconf 89' lang='lat' dir='ltr'><strong>facti</strong></span> <span class='ocrx_word' id='word_1_307' title='bbox 1427 2291 1545 2334; x_wconf 87' lang='lat' dir='ltr'><strong>sunt</strong></span> <span class='ocrx_word' id='word_1_308' title='bbox 1570 2299 1588 2348; x_wconf 88' lang='lat'><strong><em>;</em></strong></span> <span class='ocrx_word' id='word_1_309' title='bbox 1615 2299 1718 2336; x_wconf 88' lang='lat' dir='ltr'><strong>non</strong></span> <span class='ocrx_word' id='word_1_310' title='bbox 1754 2291 1828 2336; x_wconf 88' lang='lat' dir='ltr'><strong>est</strong></span> 
     </span>
    </p>
   </div>
   <div class='ocr_carea' id='block_1_36' title="bbox 227 2374 1823 2447">
    <p class='ocr_par' dir='ltr' id='par_1_36' title="bbox 227 2374 1823 2447">
     <span class='ocr_line' id='line_1_36' title="bbox 227 2374 1823 2447; baseline -0.001 -17"><span class='ocrx_word' id='word_1_311' title='bbox 227 2378 314 2447; x_wconf 89' lang='lat' dir='ltr'><strong>qui</strong></span> <span class='ocrx_word' id='word_1_312' title='bbox 335 2377 496 2446; x_wconf 89' lang='lat' dir='ltr'><strong>faciat</strong></span> <span class='ocrx_word' id='word_1_313' title='bbox 511 2374 723 2441; x_wconf 88' lang='lat' dir='ltr'><strong>bonum,</strong></span> <span class='ocrx_word' id='word_1_314' title='bbox 745 2392 847 2429; x_wconf 89' lang='lat' dir='ltr'><strong>non</strong></span> <span class='ocrx_word' id='word_1_315' title='bbox 868 2383 942 2430; x_wconf 87' lang='lat' dir='ltr'><strong>est</strong></span> <span class='ocrx_word' id='word_1_316' title='bbox 964 2391 1120 2445; x_wconf 87' lang='lat' dir='ltr'><strong>usque</strong></span> <span class='ocrx_word' id='word_1_317' title='bbox 1135 2376 1203 2429; x_wconf 88' lang='lat' dir='ltr'><strong>ad</strong></span> <span class='ocrx_word' id='word_1_318' title='bbox 1225 2374 1570 2446; x_wconf 89' lang='lat' dir='ltr'><strong>unum(Psal.</strong></span> <span class='ocrx_word' id='word_1_319' title='bbox 1602 2390 1719 2442; x_wconf 82' lang='lat' dir='ltr'><strong>xui,</strong></span> <span class='ocrx_word' id='word_1_320' title='bbox 1745 2377 1823 2446; x_wconf 78' lang='grc'><strong>5).</strong></span> 
     </span>
    </p>
   </div>
   <div class='ocr_carea' id='block_1_37' title="bbox 228 2465 1826 2539">
    <p class='ocr_par' dir='ltr' id='par_1_37' title="bbox 228 2465 1826 2539">
     <span class='ocr_line' id='line_1_37' title="bbox 228 2465 1826 2539; baseline -0.001 -16"><span class='ocrx_word' id='word_1_321' title='bbox 228 2466 282 2523; x_wconf 87' lang='lat' dir='ltr'><strong>Si</strong></span> <span class='ocrx_word' id='word_1_322' title='bbox 318 2467 607 2538; x_wconf 80' lang='lat' dir='ltr'><strong>excipiunt</strong></span> <span class='ocrx_word' id='word_1_323' title='bbox 633 2465 897 2538; x_wconf 84' lang='lat' dir='ltr'><strong>Spiritum</strong></span> <span class='ocrx_word' id='word_1_324' title='bbox 927 2476 1202 2535; x_wconf 87' lang='lat' dir='ltr'><strong>sanctum,</strong></span> <span class='ocrx_word' id='word_1_325' title='bbox 1247 2469 1411 2523; x_wconf 89' lang='lat' dir='ltr'><strong>etiam</strong></span> <span class='ocrx_word' id='word_1_326' title='bbox 1439 2468 1543 2539; x_wconf 92' lang='lat' dir='ltr'><strong>ipsi</strong></span> <span class='ocrx_word' id='word_1_327' title='bbox 1567 2483 1690 2522; x_wconf 90' lang='lat' dir='ltr'><strong>eum</strong></span> <span class='ocrx_word' id='word_1_328' title='bbox 1718 2483 1826 2523; x_wconf 92' lang='lat' dir='ltr'><strong>non</strong></span> 
     </span>
    </p>
   </div>
   <div class='ocr_carea' id='block_1_38' title="bbox 227 2560 1829 2634">
    <p class='ocr_par' dir='ltr' id='par_1_38' title="bbox 227 2560 1829 2634">
     <span class='ocr_line' id='line_1_38' title="bbox 227 2560 1829 2634; baseline 0.001 -18"><span class='ocrx_word' id='word_1_329' title='bbox 227 2578 348 2620; x_wconf 86' lang='lat' dir='ltr'><strong>esse</strong></span> <span class='ocrx_word' id='word_1_330' title='bbox 371 2563 516 2618; x_wconf 88' lang='lat' dir='ltr'><strong>inter</strong></span> <span class='ocrx_word' id='word_1_331' title='bbox 536 2562 721 2618; x_wconf 91' lang='lat' dir='ltr'><strong>omnia</strong></span> <span class='ocrx_word' id='word_1_332' title='bbox 748 2560 1079 2617; x_wconf 82' lang='lat' dir='ltr'><strong>conﬁtentur</strong></span> <span class='ocrx_word' id='word_1_333' title='bbox 1113 2579 1125 2616; x_wconf 92' lang='lat'>:</span> <span class='ocrx_word' id='word_1_334' title='bbox 1155 2563 1201 2616; x_wconf 90' lang='lat' dir='ltr'><strong>si</strong></span> <span class='ocrx_word' id='word_1_335' title='bbox 1231 2577 1337 2616; x_wconf 88' lang='lat' dir='ltr'><strong>non</strong></span> <span class='ocrx_word' id='word_1_336' title='bbox 1365 2561 1674 2632; x_wconf 79' lang='lat' dir='ltr'><strong>excipiunt.</strong></span> <span class='ocrx_word' id='word_1_337' title='bbox 1698 2576 1829 2634; x_wconf 83' lang='lat' dir='ltr'><strong>ergo</strong></span> 
     </span>
    </p>
   </div>
   <div class='ocr_carea' id='block_1_39' title="bbox 229 2655 1528 2726">
    <p class='ocr_par' dir='ltr' id='par_1_39' title="bbox 229 2655 1528 2726">
     <span class='ocr_line' id='line_1_39' title="bbox 229 2655 1528 2726; baseline -0.002 -14"><span class='ocrx_word' id='word_1_338' title='bbox 229 2665 285 2712; x_wconf 88' lang='lat' dir='ltr'><strong>et</strong></span> <span class='ocrx_word' id='word_1_339' title='bbox 312 2656 490 2726; x_wconf 88' lang='lat' dir='ltr'><strong>ipsum</strong></span> <span class='ocrx_word' id='word_1_340' title='bbox 523 2657 672 2712; x_wconf 88' lang='lat' dir='ltr'><strong>inter</strong></span> <span class='ocrx_word' id='word_1_341' title='bbox 697 2670 888 2712; x_wconf 89' lang='lat' dir='ltr'><strong>omnes</strong></span> <span class='ocrx_word' id='word_1_342' title='bbox 909 2655 1212 2712; x_wconf 88' lang='lat' dir='ltr'><strong>declinasse</strong></span> <span class='ocrx_word' id='word_1_343' title='bbox 1237 2655 1528 2712; x_wconf 82' lang='lat' dir='ltr'><strong>fateantur.</strong></span> 
     </span>
    </p>
   </div>
   <div class='ocr_carea' id='block_1_40' title="bbox 297 2750 1829 2820">
    <p class='ocr_par' dir='ltr' id='par_1_40' title="bbox 297 2750 1829 2820">
     <span class='ocr_line' id='line_1_40' title="bbox 297 2750 1829 2820; baseline 0.001 -15"><span class='ocrx_word' id='word_1_344' title='bbox 297 2751 387 2808; x_wconf 83' lang='lat'><strong>69.</strong></span> <span class='ocrx_word' id='word_1_345' title='bbox 417 2750 528 2808; x_wconf 88' lang='lat' dir='ltr'><strong>Sed</strong></span> <span class='ocrx_word' id='word_1_346' title='bbox 559 2750 846 2807; x_wconf 85' lang='lat' dir='ltr'><strong>videamus</strong></span> <span class='ocrx_word' id='word_1_347' title='bbox 875 2760 1054 2806; x_wconf 91' lang='lat' dir='ltr'><strong>utrum</strong></span> <span class='ocrx_word' id='word_1_348' title='bbox 1084 2751 1382 2806; x_wconf 89' lang='lat' dir='ltr'><strong>bonitatem</strong></span> <span class='ocrx_word' id='word_1_349' title='bbox 1427 2751 1656 2820; x_wconf 88' lang='lat' dir='ltr'><strong>habeat,</strong></span> <span class='ocrx_word' id='word_1_350' title='bbox 1705 2767 1829 2807; x_wconf 91' lang='lat' dir='ltr'><strong>cum</strong></span> 
     </span>
    </p>
   </div>
   <div class='ocr_carea' id='block_1_41' title="bbox 227 2843 1829 2918">
    <p class='ocr_par' dir='ltr' id='par_1_41' title="bbox 227 2843 1829 2918">
     <span class='ocr_line' id='line_1_41' title="bbox 227 2843 1829 2918; baseline 0.002 -19"><span class='ocrx_word' id='word_1_351' title='bbox 227 2844 346 2900; x_wconf 83' lang='lat' dir='ltr'><strong>lotis</strong></span> <span class='ocrx_word' id='word_1_352' title='bbox 390 2846 464 2900; x_wconf 85' lang='lat' dir='ltr'><strong>sit</strong></span> <span class='ocrx_word' id='word_1_353' title='bbox 511 2843 954 2915; x_wconf 88' lang='lat' dir='ltr'><strong>principiumque</strong></span> <span class='ocrx_word' id='word_1_354' title='bbox 991 2844 1274 2900; x_wconf 87' lang='lat' dir='ltr'><strong>bonitatis.</strong></span> <span class='ocrx_word' id='word_1_355' title='bbox 1320 2844 1455 2900; x_wconf 81' lang='lat' dir='ltr'><strong>Nam</strong></span> <span class='ocrx_word' id='word_1_356' title='bbox 1486 2845 1631 2900; x_wconf 89' lang='lat' dir='ltr'><strong>sicut</strong></span> <span class='ocrx_word' id='word_1_357' title='bbox 1665 2845 1829 2918; x_wconf 75' lang='lat'><strong>615</strong></span> 
     </span>
    </p>
   </div>
   <div class='ocr_carea' id='block_1_42' title="bbox 227 2938 1830 3004">
    <p class='ocr_par' dir='ltr' id='par_1_42' title="bbox 227 2938 1830 3004">
     <span class='ocr_line' id='line_1_42' title="bbox 227 2938 1830 3004; baseline -0.001 -9"><span class='ocrx_word' id='word_1_358' title='bbox 227 2939 390 2996; x_wconf 82' lang='lat' dir='ltr'><strong>Pater</strong></span> <span class='ocrx_word' id='word_1_359' title='bbox 412 2939 716 2996; x_wconf 86' lang='lat' dir='ltr'><strong>bonitatem</strong></span> <span class='ocrx_word' id='word_1_360' title='bbox 745 2938 909 2994; x_wconf 83' lang='lat' dir='ltr'><strong>habet</strong></span> <span class='ocrx_word' id='word_1_361' title='bbox 932 2950 984 2994; x_wconf 89' lang='lat' dir='ltr'><strong>et</strong></span> <span class='ocrx_word' id='word_1_362' title='bbox 1007 2939 1197 3004; x_wconf 83' lang='lat' dir='ltr'><strong>Filius,</strong></span> <span class='ocrx_word' id='word_1_363' title='bbox 1234 2939 1307 2993; x_wconf 88' lang='lat' dir='ltr'><strong>ita</strong></span> <span class='ocrx_word' id='word_1_364' title='bbox 1337 2938 1502 2994; x_wconf 90' lang='lat' dir='ltr'><strong>etiam</strong></span> <span class='ocrx_word' id='word_1_365' title='bbox 1533 2938 1830 2994; x_wconf 81' lang='lat' dir='ltr'><strong>bonitatem</strong></span> 
     </span>
    </p>
   </div>
   <div class='ocr_carea' id='block_1_43' title="bbox 229 3032 1834 3104">
    <p class='ocr_par' dir='ltr' id='par_1_43' title="bbox 229 3032 1834 3104">
     <span class='ocr_line' id='line_1_43' title="bbox 229 3032 1834 3104; baseline 0 -16"><span class='ocrx_word' id='word_1_366' title='bbox 229 3032 396 3089; x_wconf 85' lang='lat' dir='ltr'><strong>habet</strong></span> <span class='ocrx_word' id='word_1_367' title='bbox 416 3044 474 3090; x_wconf 89' lang='lat' dir='ltr'><strong>et</strong></span> <span class='ocrx_word' id='word_1_368' title='bbox 498 3032 742 3104; x_wconf 89' lang='lat' dir='ltr'><strong>Spiritus</strong></span> <span class='ocrx_word' id='word_1_369' title='bbox 763 3043 1008 3088; x_wconf 87' lang='lat' dir='ltr'><strong>sanctus.</strong></span> <span class='ocrx_word' id='word_1_370' title='bbox 1035 3033 1188 3100; x_wconf 90' lang='lat' dir='ltr'><strong>Quod</strong></span> <span class='ocrx_word' id='word_1_371' title='bbox 1213 3032 1376 3088; x_wconf 89' lang='lat' dir='ltr'><strong>etiam</strong></span> <span class='ocrx_word' id='word_1_372' title='bbox 1418 3034 1712 3103; x_wconf 81' lang='lat' dir='ltr'><strong>Apostolus</strong></span> <span class='ocrx_word' id='word_1_373' title='bbox 1737 3033 1834 3088; x_wconf 86' lang='lat' dir='ltr'><strong>do-</strong></span> 
     </span>
    </p>
   </div>
   <div class='ocr_carea' id='block_1_44' title="bbox 228 3123 1828 3197">
    <p class='ocr_par' dir='ltr' id='par_1_44' title="bbox 228 3123 1828 3197">
     <span class='ocr_line' id='line_1_44' title="bbox 228 3123 1828 3197; baseline 0.003 -19"><span class='ocrx_word' id='word_1_374' title='bbox 228 3125 340 3180; x_wconf 83' lang='lat' dir='ltr'><strong>cuit</strong></span> <span class='ocrx_word' id='word_1_375' title='bbox 361 3125 559 3182; x_wconf 79' lang='lat' dir='ltr'><strong>dicens</strong></span> <span class='ocrx_word' id='word_1_376' title='bbox 599 3143 612 3179; x_wconf 92' lang='lat'><strong>:</strong></span> <span class='ocrx_word' id='word_1_377' title='bbox 677 3123 905 3180; x_wconf 78' lang='lat' dir='ltr'><strong>Fructus</strong></span> <span class='ocrx_word' id='word_1_378' title='bbox 939 3135 1112 3180; x_wconf 87' lang='lat' dir='ltr'><strong>autem</strong></span> <span class='ocrx_word' id='word_1_379' title='bbox 1138 3125 1372 3196; x_wconf 85' lang='lat' dir='ltr'><strong>Spiritus</strong></span> <span class='ocrx_word' id='word_1_380' title='bbox 1417 3144 1543 3196; x_wconf 75' lang='lat' dir='ltr'><strong>pax,</strong></span> <span class='ocrx_word' id='word_1_381' title='bbox 1581 3127 1828 3197; x_wconf 75' lang='lat' dir='ltr'><strong>Charitas,</strong></span> 
     </span>
    </p>
   </div>
   <div class='ocr_carea' id='block_1_45' title="bbox 1930 1914 3525 1986">
    <p class='ocr_par' dir='ltr' id='par_1_45' title="bbox 1930 1914 3525 1986">
     <span class='ocr_line' id='line_1_45' title="bbox 1930 1914 3525 1986; baseline -0.001 -16"><span class='ocrx_word' id='word_1_382' title='bbox 1930 1917 2074 1970; x_wconf 86' lang='lat' dir='ltr'><strong>enim</strong></span> <span class='ocrx_word' id='word_1_383' title='bbox 2103 1915 2298 1985; x_wconf 91' lang='lat' dir='ltr'><strong>accipit</strong></span> <span class='ocrx_word' id='word_1_384' title='bbox 2324 1931 2353 1970; x_wconf 90' lang='lat' dir='ltr'><strong>a</strong></span> <span class='ocrx_word' id='word_1_385' title='bbox 2385 1915 2651 1970; x_wconf 90' lang='lat' dir='ltr'><strong>creaturis</strong></span> <span class='ocrx_word' id='word_1_386' title='bbox 2675 1956 2689 1978; x_wconf 96' lang='lat'><strong>,</strong></span> <span class='ocrx_word' id='word_1_387' title='bbox 2723 1915 2815 1970; x_wconf 82' lang='lat' dir='ltr'><strong>sed</strong></span> <span class='ocrx_word' id='word_1_388' title='bbox 2848 1916 3111 1984; x_wconf 88' lang='lat' dir='ltr'><strong>accipitur</strong></span> <span class='ocrx_word' id='word_1_389' title='bbox 3137 1914 3376 1986; x_wconf 85' lang='lat' dir='ltr'><strong>Spiritus</strong></span> <span class='ocrx_word' id='word_1_390' title='bbox 3399 1929 3525 1969; x_wconf 89' lang='lat' dir='ltr'><strong>san-</strong></span> 
     </span>
    </p>
   </div>
   <div class='ocr_carea' id='block_1_46' title="bbox 1929 2005 3522 2077">
    <p class='ocr_par' dir='ltr' id='par_1_46' title="bbox 1929 2005 3522 2077">
     <span class='ocr_line' id='line_1_46' title="bbox 1929 2005 3522 2077; baseline -0.001 -14"><span class='ocrx_word' id='word_1_391' title='bbox 1929 2017 2050 2064; x_wconf 86' lang='lat' dir='ltr'><strong>ctus</strong></span> <span class='ocrx_word' id='word_1_392' title='bbox 2081 2027 2094 2063; x_wconf 89' lang='lat'><strong>:</strong></span> <span class='ocrx_word' id='word_1_393' title='bbox 2125 2009 2263 2063; x_wconf 89' lang='lat' dir='ltr'><strong>sicut</strong></span> <span class='ocrx_word' id='word_1_394' title='bbox 2294 2023 2398 2063; x_wconf 93' lang='lat' dir='ltr'><strong>non</strong></span> <span class='ocrx_word' id='word_1_395' title='bbox 2439 2007 2809 2064; x_wconf 78' lang='lat' dir='ltr'><strong>sanctificatur</strong></span> <span class='ocrx_word' id='word_1_396' title='bbox 2835 2050 2848 2073; x_wconf 94' lang='lat'><strong>,</strong></span> <span class='ocrx_word' id='word_1_397' title='bbox 2898 2008 2993 2062; x_wconf 85' lang='lat' dir='ltr'><strong>sed</strong></span> <span class='ocrx_word' id='word_1_398' title='bbox 3040 2008 3154 2077; x_wconf 92' lang='lat' dir='ltr'><strong>ipse</strong></span> <span class='ocrx_word' id='word_1_399' title='bbox 3180 2005 3522 2071; x_wconf 79' lang='lat' dir='ltr'><strong>sanctiﬁcat;</strong></span> 
     </span>
    </p>
   </div>
   <div class='ocr_carea' id='block_1_47' title="bbox 1930 2099 3528 2170">
    <p class='ocr_par' dir='ltr' id='par_1_47' title="bbox 1930 2099 3528 2170">
     <span class='ocr_line' id='line_1_47' title="bbox 1930 2099 3528 2170; baseline -0.004 -10"><span class='ocrx_word' id='word_1_400' title='bbox 1930 2114 2178 2160; x_wconf 88' lang='lat' dir='ltr'><strong>creatura</strong></span> <span class='ocrx_word' id='word_1_401' title='bbox 2212 2104 2355 2158; x_wconf 91' lang='lat' dir='ltr'><strong>enim</strong></span> <span class='ocrx_word' id='word_1_402' title='bbox 2384 2103 2776 2168; x_wconf 76' lang='lat' dir='ltr'><strong>sanctificatur,</strong></span> <span class='ocrx_word' id='word_1_403' title='bbox 2808 2101 3108 2160; x_wconf 83' lang='lat' dir='ltr'><strong>sanctiﬁcat</strong></span> <span class='ocrx_word' id='word_1_404' title='bbox 3133 2111 3315 2156; x_wconf 91' lang='lat' dir='ltr'><strong>autem</strong></span> <span class='ocrx_word' id='word_1_405' title='bbox 3354 2099 3528 2170; x_wconf 81' lang='lat' dir='ltr'><strong>Spiri-</strong></span> 
     </span>
    </p>
   </div>
   <div class='ocr_carea' id='block_1_48' title="bbox 1934 2191 3526 2266">
    <p class='ocr_par' dir='ltr' id='par_1_48' title="bbox 1934 2191 3526 2266">
     <span class='ocr_line' id='line_1_48' title="bbox 1934 2191 3526 2266; baseline -0.004 -15"><span class='ocrx_word' id='word_1_406' title='bbox 1934 2206 2018 2252; x_wconf 92' lang='lat' dir='ltr'><strong>tus</strong></span> <span class='ocrx_word' id='word_1_407' title='bbox 2055 2206 2292 2250; x_wconf 88' lang='lat' dir='ltr'><strong>sanctus.</strong></span> <span class='ocrx_word' id='word_1_408' title='bbox 2326 2195 2381 2250; x_wconf 94' lang='lat' dir='ltr'><strong>ln</strong></span> <span class='ocrx_word' id='word_1_409' title='bbox 2412 2211 2521 2266; x_wconf 92' lang='lat' dir='ltr'><strong>quo</strong></span> <span class='ocrx_word' id='word_1_410' title='bbox 2548 2195 2676 2249; x_wconf 91' lang='lat' dir='ltr'><strong>licet</strong></span> <span class='ocrx_word' id='word_1_411' title='bbox 2703 2193 2852 2248; x_wconf 88' lang='lat' dir='ltr'><strong>verbi</strong></span> <span class='ocrx_word' id='word_1_412' title='bbox 2883 2193 3196 2248; x_wconf 90' lang='lat' dir='ltr'><strong>communio</strong></span> <span class='ocrx_word' id='word_1_413' title='bbox 3219 2235 3234 2258; x_wconf 93' lang='lat'><strong>,</strong></span> <span class='ocrx_word' id='word_1_414' title='bbox 3263 2191 3526 2247; x_wconf 87' lang='lat' dir='ltr'><strong>discretio</strong></span> 
     </span>
    </p>
   </div>
   <div class='ocr_carea' id='block_1_49' title="bbox 1933 2284 3525 2354">
    <p class='ocr_par' dir='ltr' id='par_1_49' title="bbox 1933 2284 3525 2354">
     <span class='ocr_line' id='line_1_49' title="bbox 1933 2284 3525 2354; baseline -0.004 -9"><span class='ocrx_word' id='word_1_415' title='bbox 1933 2298 2110 2346; x_wconf 89' lang='lat' dir='ltr'><strong>tamen</strong></span> <span class='ocrx_word' id='word_1_416' title='bbox 2144 2298 2351 2344; x_wconf 75' lang='lat' dir='ltr'><strong>naturze</strong></span> <span class='ocrx_word' id='word_1_417' title='bbox 2375 2297 2476 2344; x_wconf 89' lang='lat' dir='ltr'><strong>est.</strong></span> <span class='ocrx_word' id='word_1_418' title='bbox 2499 2288 2730 2343; x_wconf 88' lang='lat' dir='ltr'><strong>Sanctus</strong></span> <span class='ocrx_word' id='word_1_419' title='bbox 2760 2287 2903 2344; x_wconf 89' lang='lat' dir='ltr'><strong>enim</strong></span> <span class='ocrx_word' id='word_1_420' title='bbox 2937 2287 3140 2342; x_wconf 90' lang='lat' dir='ltr'><strong>dicitur</strong></span> <span class='ocrx_word' id='word_1_421' title='bbox 3169 2294 3224 2341; x_wconf 90' lang='lat' dir='ltr'><strong>et</strong></span> <span class='ocrx_word' id='word_1_422' title='bbox 3250 2285 3415 2341; x_wconf 87' lang='lat' dir='ltr'><strong>homo</strong></span> <span class='ocrx_word' id='word_1_423' title='bbox 3433 2284 3525 2354; x_wconf 89' lang='lat' dir='ltr'><strong>qui</strong></span> 
     </span>
    </p>
   </div>
   <div class='ocr_carea' id='block_1_50' title="bbox 1932 2379 3526 2458">
    <p class='ocr_par' dir='ltr' id='par_1_50' title="bbox 1932 2379 3526 2458">
     <span class='ocr_line' id='line_1_50' title="bbox 1932 2379 3526 2458; baseline -0.006 -18"><span class='ocrx_word' id='word_1_424' title='bbox 1932 2387 2151 2458; x_wconf 91' lang='lat' dir='ltr'><strong>accipit,</strong></span> <span class='ocrx_word' id='word_1_425' title='bbox 2180 2395 2236 2441; x_wconf 91' lang='lat' dir='ltr'><strong>et</strong></span> <span class='ocrx_word' id='word_1_426' title='bbox 2265 2385 2408 2440; x_wconf 91' lang='lat' dir='ltr'><strong>Deus</strong></span> <span class='ocrx_word' id='word_1_427' title='bbox 2446 2385 2535 2455; x_wconf 91' lang='lat' dir='ltr'><strong>qui</strong></span> <span class='ocrx_word' id='word_1_428' title='bbox 2579 2384 2768 2438; x_wconf 89' lang='lat' dir='ltr'><strong>tribuit</strong></span> <span class='ocrx_word' id='word_1_429' title='bbox 2794 2384 3138 2436; x_wconf 89' lang='lat' dir='ltr'><strong>sanctitatem</strong></span> <span class='ocrx_word' id='word_1_430' title='bbox 3172 2397 3186 2445; x_wconf 89' lang='lat'>;</span> <span class='ocrx_word' id='word_1_431' title='bbox 3228 2380 3353 2451; x_wconf 89' lang='lat' dir='ltr'><strong>quia</strong></span> <span class='ocrx_word' id='word_1_432' title='bbox 3386 2379 3526 2449; x_wconf 81' lang='lat' dir='ltr'><strong>legi-</strong></span> 
     </span>
    </p>
   </div>
   <div class='ocr_carea' id='block_1_51' title="bbox 1932 2469 3527 2546">
    <p class='ocr_par' dir='ltr' id='par_1_51' title="bbox 1932 2469 3527 2546">
     <span class='ocr_line' id='line_1_51' title="bbox 1932 2469 3527 2546; baseline -0.007 -12"><span class='ocrx_word' id='word_1_433' title='bbox 1932 2494 2053 2534; x_wconf 92' lang='lat' dir='ltr'><strong>mus</strong></span> <span class='ocrx_word' id='word_1_434' title='bbox 2079 2497 2090 2532; x_wconf 88' lang='lat'><strong>:</strong></span> <span class='ocrx_word' id='word_1_435' title='bbox 2125 2479 2299 2533; x_wconf 76' lang='lat' dir='ltr'><strong>Estote</strong></span> <span class='ocrx_word' id='word_1_436' title='bbox 2313 2478 2498 2539; x_wconf 81' lang='lat' dir='ltr'><strong>sancti,</strong></span> <span class='ocrx_word' id='word_1_437' title='bbox 2521 2477 2767 2546; x_wconf 90' lang='lat' dir='ltr'><strong>quoniam</strong></span> <span class='ocrx_word' id='word_1_438' title='bbox 2794 2486 2840 2530; x_wconf 90' lang='lat' dir='ltr'><strong>et</strong></span> <span class='ocrx_word' id='word_1_439' title='bbox 2867 2490 2959 2545; x_wconf 89' lang='lat' dir='ltr'><strong>ego</strong></span> <span class='ocrx_word' id='word_1_440' title='bbox 2987 2484 3195 2528; x_wconf 85' lang='lat' dir='ltr'><strong>sanctus</strong></span> <span class='ocrx_word' id='word_1_441' title='bbox 3212 2488 3324 2526; x_wconf 91' lang='lat' dir='ltr'><strong>sum</strong></span> <span class='ocrx_word' id='word_1_442' title='bbox 3342 2469 3527 2543; x_wconf 74' lang='lat' dir='ltr'><strong>(Leuit.</strong></span> 
     </span>
    </p>
   </div>
   <div class='ocr_carea' id='block_1_52' title="bbox 1935 2562 3528 2643">
    <p class='ocr_par' dir='ltr' id='par_1_52' title="bbox 1935 2562 3528 2643">
     <span class='ocr_line' id='line_1_52' title="bbox 1935 2562 3528 2643; baseline -0.008 -15"><span class='ocrx_word' id='word_1_443' title='bbox 1935 2589 2022 2628; x_wconf 78' lang='lat' dir='ltr'><strong>xix</strong></span> <span class='ocrx_word' id='word_1_444' title='bbox 2051 2615 2066 2640; x_wconf 92' lang='lat'><strong>,</strong></span> <span class='ocrx_word' id='word_1_445' title='bbox 2095 2573 2130 2627; x_wconf 73' lang='grc' dir='ltr'>Ξ</span> <span class='ocrx_word' id='word_1_446' title='bbox 2149 2572 2188 2643; x_wconf 91' lang='grc'>).</span> <span class='ocrx_word' id='word_1_447' title='bbox 2237 2570 2354 2627; x_wconf 85' lang='grc' dir='ltr'>Νοιι</span> <span class='ocrx_word' id='word_1_448' title='bbox 2387 2584 2515 2641; x_wconf 89' lang='lat' dir='ltr'><strong>ergo</strong></span> <span class='ocrx_word' id='word_1_449' title='bbox 2541 2578 2719 2639; x_wconf 89' lang='lat' dir='ltr'><strong>potest</strong></span> <span class='ocrx_word' id='word_1_450' title='bbox 2747 2566 3111 2623; x_wconf 77' lang='lat' dir='ltr'><strong>sanctiﬁcatio</strong></span> <span class='ocrx_word' id='word_1_451' title='bbox 3138 2575 3194 2621; x_wconf 91' lang='lat' dir='ltr'><strong>et</strong></span> <span class='ocrx_word' id='word_1_452' title='bbox 3220 2562 3528 2634; x_wconf 82' lang='lat' dir='ltr'><strong>corruptela</strong></span> 
     </span>
    </p>
   </div>
   <div class='ocr_carea' id='block_1_53' title="bbox 1936 2656 3529 2729">
    <p class='ocr_par' dir='ltr' id='par_1_53' title="bbox 1936 2656 3529 2729">
     <span class='ocr_line' id='line_1_53' title="bbox 1936 2656 3529 2729; baseline -0.008 -7"><span class='ocrx_word' id='word_1_453' title='bbox 1936 2667 2094 2722; x_wconf 88' lang='lat' dir='ltr'><strong>unius</strong></span> <span class='ocrx_word' id='word_1_454' title='bbox 2125 2680 2246 2722; x_wconf 85' lang='lat' dir='ltr'><strong>esse</strong></span> <span class='ocrx_word' id='word_1_455' title='bbox 2273 2675 2518 2727; x_wconf 66' lang='lat' dir='ltr'><strong>naturae;</strong></span> <span class='ocrx_word' id='word_1_456' title='bbox 2567 2671 2623 2719; x_wconf 89' lang='lat' dir='ltr'><strong>et</strong></span> <span class='ocrx_word' id='word_1_457' title='bbox 2653 2661 2778 2717; x_wconf 93' lang='lat' dir='ltr'><strong>ideo</strong></span> <span class='ocrx_word' id='word_1_458' title='bbox 2810 2676 2916 2716; x_wconf 92' lang='lat' dir='ltr'><strong>non</strong></span> <span class='ocrx_word' id='word_1_459' title='bbox 2962 2668 3139 2727; x_wconf 88' lang='lat' dir='ltr'><strong>potest</strong></span> <span class='ocrx_word' id='word_1_460' title='bbox 3160 2657 3329 2729; x_wconf 87' lang='lat' dir='ltr'><strong>gratia</strong></span> <span class='ocrx_word' id='word_1_461' title='bbox 3355 2656 3529 2712; x_wconf 88' lang='lat' dir='ltr'><strong>sancti</strong></span> 
     </span>
    </p>
   </div>
   <div class='ocr_carea' id='block_1_54' title="bbox 1935 2752 3238 2830">
    <p class='ocr_par' dir='ltr' id='par_1_54' title="bbox 1935 2752 3238 2830">
     <span class='ocr_line' id='line_1_54' title="bbox 1935 2752 3238 2830; baseline -0.009 -14"><span class='ocrx_word' id='word_1_462' title='bbox 1935 2759 2168 2830; x_wconf 90' lang='lat' dir='ltr'><strong>Spiritus</strong></span> <span class='ocrx_word' id='word_1_463' title='bbox 2199 2765 2254 2812; x_wconf 88' lang='lat' dir='ltr'><strong>et</strong></span> <span class='ocrx_word' id='word_1_464' title='bbox 2279 2765 2526 2812; x_wconf 88' lang='lat' dir='ltr'><strong>creatura</strong></span> <span class='ocrx_word' id='word_1_465' title='bbox 2553 2755 2713 2811; x_wconf 88' lang='lat' dir='ltr'><strong>unius</strong></span> <span class='ocrx_word' id='word_1_466' title='bbox 2752 2769 2875 2808; x_wconf 88' lang='lat' dir='ltr'><strong>esse</strong></span> <span class='ocrx_word' id='word_1_467' title='bbox 2902 2752 3238 2807; x_wconf 65' lang='lat' dir='ltr'><strong>substantiae.</strong></span> 
     </span>
    </p>
   </div>
   <div class='ocr_carea' id='block_1_55' title="bbox 2007 2844 3530 2922">
    <p class='ocr_par' dir='ltr' id='par_1_55' title="bbox 2007 2844 3530 2922">
     <span class='ocr_line' id='line_1_55' title="bbox 2007 2844 3530 2922; baseline -0.006 -16"><span class='ocrx_word' id='word_1_468' title='bbox 2007 2850 2096 2906; x_wconf 82' lang='lat'><strong>75.</strong></span> <span class='ocrx_word' id='word_1_469' title='bbox 2128 2852 2311 2922; x_wconf 90' lang='lat' dir='ltr'><strong>Itaque</strong></span> <span class='ocrx_word' id='word_1_470' title='bbox 2333 2866 2456 2907; x_wconf 90' lang='lat' dir='ltr'><strong>cum</strong></span> <span class='ocrx_word' id='word_1_471' title='bbox 2481 2851 2657 2907; x_wconf 92' lang='lat' dir='ltr'><strong>omnis</strong></span> <span class='ocrx_word' id='word_1_472' title='bbox 2685 2847 2976 2904; x_wconf 88' lang='lat' dir='ltr'><strong>invisibilis</strong></span> <span class='ocrx_word' id='word_1_473' title='bbox 2995 2855 3192 2918; x_wconf 80' lang='lat' dir='ltr'><strong>praeter</strong></span> <span class='ocrx_word' id='word_1_474' title='bbox 3209 2844 3530 2901; x_wconf 84' lang='lat' dir='ltr'><strong>Trinitatem</strong></span> 
     </span>
    </p>
   </div>
   <div class='ocr_carea' id='block_1_56' title="bbox 1937 2937 3530 3016">
    <p class='ocr_par' dir='ltr' id='par_1_56' title="bbox 1937 2937 3530 3016">
     <span class='ocr_line' id='line_1_56' title="bbox 1937 2937 3530 3016; baseline -0.008 -14"><span class='ocrx_word' id='word_1_475' title='bbox 1937 2945 2142 3016; x_wconf 87' lang='lat' dir='ltr'><strong>reliqua</strong></span> <span class='ocrx_word' id='word_1_476' title='bbox 2173 2952 2363 2999; x_wconf 90' lang='lat' dir='ltr'><strong>natura</strong></span> <span class='ocrx_word' id='word_1_477' title='bbox 2386 2985 2400 3007; x_wconf 89' lang='lat'><strong>,</strong></span> <span class='ocrx_word' id='word_1_478' title='bbox 2428 2943 2585 3014; x_wconf 86' lang='lat' dir='ltr'><strong>cujus</strong></span> <span class='ocrx_word' id='word_1_479' title='bbox 2630 2940 3012 2997; x_wconf 88' lang='lat' dir='ltr'><strong>rationabilem</strong></span> <span class='ocrx_word' id='word_1_480' title='bbox 3053 2950 3110 2994; x_wconf 89' lang='lat' dir='ltr'><strong>et</strong></span> <span class='ocrx_word' id='word_1_481' title='bbox 3151 2937 3530 3006; x_wconf 88' lang='lat' dir='ltr'><strong>incorpoream</strong></span> 
     </span>
    </p>
   </div>
   <div class='ocr_carea' id='block_1_57' title="bbox 1935 3024 3534 3108">
    <p class='ocr_par' dir='ltr' id='par_1_57' title="bbox 1935 3024 3534 3108">
     <span class='ocr_line' id='line_1_57' title="bbox 1935 3024 3534 3108; baseline -0.008 -17"><span class='ocrx_word' id='word_1_482' title='bbox 1935 3038 2055 3108; x_wconf 90' lang='lat' dir='ltr'><strong>jure</strong></span> <span class='ocrx_word' id='word_1_483' title='bbox 2085 3036 2304 3108; x_wconf 89' lang='lat' dir='ltr'><strong>quidam</strong></span> <span class='ocrx_word' id='word_1_484' title='bbox 2330 3033 2685 3091; x_wconf 87' lang='lat' dir='ltr'><strong>substantiam</strong></span> <span class='ocrx_word' id='word_1_485' title='bbox 2705 3039 2920 3104; x_wconf 87' lang='lat' dir='ltr'><strong>putant,</strong></span> <span class='ocrx_word' id='word_1_486' title='bbox 2947 3042 2970 3078; x_wconf 78' lang='lat'>8</span> <span class='ocrx_word' id='word_1_487' title='bbox 2995 3045 3102 3086; x_wconf 92' lang='lat' dir='ltr'><strong>non</strong></span> <span class='ocrx_word' id='word_1_488' title='bbox 3125 3027 3400 3098; x_wconf 89' lang='lat' dir='ltr'><strong>impertiat</strong></span> <span class='ocrx_word' id='word_1_489' title='bbox 3421 3024 3534 3094; x_wconf 89' lang='lat' dir='ltr'><strong>spi-</strong></span> 
     </span>
    </p>
   </div>
   <div class='ocr_carea' id='block_1_58' title="bbox 1939 3117 3532 3201">
    <p class='ocr_par' dir='ltr' id='par_1_58' title="bbox 1939 3117 3532 3201">
     <span class='ocr_line' id='line_1_58' title="bbox 1939 3117 3532 3201; baseline -0.009 -16"><span class='ocrx_word' id='word_1_490' title='bbox 1939 3130 2152 3185; x_wconf 87' lang='lat' dir='ltr'><strong>ritalem</strong></span> <span class='ocrx_word' id='word_1_491' title='bbox 2181 3129 2407 3201; x_wconf 77' lang='lat' dir='ltr'><strong>gratiam</strong></span> <span class='ocrx_word' id='word_1_492' title='bbox 2437 3170 2450 3190; x_wconf 93' lang='lat'><strong>,</strong></span> <span class='ocrx_word' id='word_1_493' title='bbox 2483 3125 2578 3181; x_wconf 85' lang='lat' dir='ltr'><strong>sed</strong></span> <span class='ocrx_word' id='word_1_494' title='bbox 2612 3125 2857 3194; x_wconf 76' lang='lat' dir='ltr'><strong>acquirat</strong></span> <span class='ocrx_word' id='word_1_495' title='bbox 2891 3145 2902 3176; x_wconf 92' lang='lat'>:</span> <span class='ocrx_word' id='word_1_496' title='bbox 2955 3137 3055 3178; x_wconf 89' lang='lat' dir='ltr'><strong>nec</strong></span> <span class='ocrx_word' id='word_1_497' title='bbox 3088 3119 3406 3191; x_wconf 88' lang='lat' dir='ltr'><strong>participet,</strong></span> <span class='ocrx_word' id='word_1_498' title='bbox 3435 3117 3532 3172; x_wconf 86' lang='lat' dir='ltr'><strong>sed</strong></span> 
     </span>
    </p>
   </div>
   <div class='ocr_carea' id='block_1_59' title="bbox 231 3205 3534 3290">
    <p class='ocr_par' dir='ltr' id='par_1_59' title="bbox 231 3205 3534 3290">
     <span class='ocr_line' id='line_1_59' title="bbox 231 3205 3534 3290; baseline -0.002 -21"><span class='ocrx_word' id='word_1_499' title='bbox 231 3217 482 3286; x_wconf 85' lang='lat' dir='ltr'><strong>gaudium</strong></span> <span class='ocrx_word' id='word_1_500' title='bbox 507 3258 523 3282; x_wconf 95' lang='lat'><strong>,</strong></span> <span class='ocrx_word' id='word_1_501' title='bbox 558 3217 810 3288; x_wconf 81' lang='lat' dir='ltr'><strong>patientia</strong></span> <span class='ocrx_word' id='word_1_502' title='bbox 833 3257 849 3282; x_wconf 98' lang='lat'><strong>,</strong></span> <span class='ocrx_word' id='word_1_503' title='bbox 881 3217 1082 3271; x_wconf 83' lang='lat' dir='ltr'><strong>bonitas</strong></span> <span class='ocrx_word' id='word_1_504' title='bbox 1112 3216 1314 3288; x_wconf 82' lang='lat' dir='ltr'><strong>(Galat.</strong></span> <span class='ocrx_word' id='word_1_505' title='bbox 1338 3233 1392 3281; x_wconf 90' lang='lat' dir='ltr'><strong>v,</strong></span> <span class='ocrx_word' id='word_1_506' title='bbox 1424 3218 1540 3288; x_wconf 63' lang='grc' dir='ltr'><strong>εξ).</strong></span> <span class='ocrx_word' id='word_1_507' title='bbox 1569 3217 1703 3286; x_wconf 86' lang='lat' dir='ltr'><strong>Quis</strong></span> <span class='ocrx_word' id='word_1_508' title='bbox 1740 3234 1833 3274; x_wconf 88' lang='lat' dir='ltr'><strong>au-</strong></span> <span class='ocrx_word' id='word_1_509' title='bbox 1861 3205 1908 3268; x_wconf 85' lang='lat' dir='ltr'><strong>C</strong></span> <span class='ocrx_word' id='word_1_510' title='bbox 1941 3229 2182 3277; x_wconf 87' lang='lat' dir='ltr'><strong>assumat</strong></span> <span class='ocrx_word' id='word_1_511' title='bbox 2214 3239 2229 3287; x_wconf 88' lang='lat'><strong>;</strong></span> <span class='ocrx_word' id='word_1_512' title='bbox 2280 3217 2576 3290; x_wconf 87' lang='lat' dir='ltr'><strong>separanda</strong></span> <span class='ocrx_word' id='word_1_513' title='bbox 2603 3217 2789 3287; x_wconf 91' lang='lat' dir='ltr'><strong>utique</strong></span> <span class='ocrx_word' id='word_1_514' title='bbox 2817 3225 2900 3283; x_wconf 75' lang='lat' dir='ltr'><strong>est</strong></span> <span class='ocrx_word' id='word_1_515' title='bbox 2925 3231 2954 3269; x_wconf 91' lang='lat' dir='ltr'><strong>a</strong></span> <span class='ocrx_word' id='word_1_516' title='bbox 2986 3214 3247 3268; x_wconf 88' lang='lat' dir='ltr'><strong>societate</strong></span> <span class='ocrx_word' id='word_1_517' title='bbox 3295 3209 3534 3280; x_wconf 86' lang='lat' dir='ltr'><strong>Spiritus</strong></span> 
     </span>
    </p>
   </div>
   <div class='ocr_carea' id='block_1_60' title="bbox 234 3307 1842 3379">
    <p class='ocr_par' dir='ltr' id='par_1_60' title="bbox 234 3307 1842 3379">
     <span class='ocr_line' id='line_1_60' title="bbox 234 3307 1842 3379; baseline 0 -15"><span class='ocrx_word' id='word_1_518' title='bbox 234 3317 345 3364; x_wconf 89' lang='lat' dir='ltr'><strong>tem</strong></span> <span class='ocrx_word' id='word_1_519' title='bbox 370 3308 593 3364; x_wconf 90' lang='lat' dir='ltr'><strong>dubitat</strong></span> <span class='ocrx_word' id='word_1_520' title='bbox 621 3308 766 3379; x_wconf 90' lang='lat' dir='ltr'><strong>quod</strong></span> <span class='ocrx_word' id='word_1_521' title='bbox 789 3307 966 3364; x_wconf 90' lang='lat' dir='ltr'><strong>bonus</strong></span> <span class='ocrx_word' id='word_1_522' title='bbox 993 3309 1064 3363; x_wconf 89' lang='lat' dir='ltr'><strong>sit</strong></span> <span class='ocrx_word' id='word_1_523' title='bbox 1093 3350 1108 3375; x_wconf 92' lang='lat'><strong>,</strong></span> <span class='ocrx_word' id='word_1_524' title='bbox 1149 3308 1306 3379; x_wconf 87' lang='lat' dir='ltr'><strong>cujus</strong></span> <span class='ocrx_word' id='word_1_525' title='bbox 1337 3308 1545 3364; x_wconf 91' lang='lat' dir='ltr'><strong>lruetus</strong></span> <span class='ocrx_word' id='word_1_526' title='bbox 1574 3318 1658 3365; x_wconf 91' lang='lat' dir='ltr'><strong>est</strong></span> <span class='ocrx_word' id='word_1_527' title='bbox 1685 3309 1842 3364; x_wconf 88' lang='lat' dir='ltr'><strong>boni-</strong></span> 
     </span>
    </p>
   </div>
   <div class='ocr_carea' id='block_1_61' title="bbox 233 3398 1836 3471">
    <p class='ocr_par' dir='ltr' id='par_1_61' title="bbox 233 3398 1836 3471">
     <span class='ocr_line' id='line_1_61' title="bbox 233 3398 1836 3471; baseline 0.001 -18"><span class='ocrx_word' id='word_1_528' title='bbox 233 3400 360 3455; x_wconf 84' lang='lat' dir='ltr'><strong>tas?</strong></span> <span class='ocrx_word' id='word_1_529' title='bbox 388 3400 564 3456; x_wconf 80' lang='lat' dir='ltr'><strong>Arbor</strong></span> <span class='ocrx_word' id='word_1_530' title='bbox 613 3399 756 3455; x_wconf 89' lang='lat' dir='ltr'><strong>enim</strong></span> <span class='ocrx_word' id='word_1_531' title='bbox 809 3399 942 3454; x_wconf 86' lang='lat' dir='ltr'><strong>bona</strong></span> <span class='ocrx_word' id='word_1_532' title='bbox 995 3400 1152 3454; x_wconf 87' lang='lat' dir='ltr'><strong>bonos</strong></span> <span class='ocrx_word' id='word_1_533' title='bbox 1197 3404 1396 3470; x_wconf 86' lang='lat' dir='ltr'><strong>fructus</strong></span> <span class='ocrx_word' id='word_1_534' title='bbox 1447 3400 1572 3471; x_wconf 81' lang='lat' dir='ltr'><strong>facit</strong></span> <span class='ocrx_word' id='word_1_535' title='bbox 1619 3398 1836 3471; x_wconf 80' lang='lat' dir='ltr'><strong>(Matth.</strong></span> 
     </span>
    </p>
   </div>
   <div class='ocr_carea' id='block_1_62' title="bbox 232 3493 514 3565">
    <p class='ocr_par' dir='ltr' id='par_1_62' title="bbox 232 3493 514 3565">
     <span class='ocr_line' id='line_1_62' title="bbox 232 3493 514 3565; baseline 0.007 -18"><span class='ocrx_word' id='word_1_536' title='bbox 232 3507 336 3559; x_wconf 87' lang='lat' dir='ltr'><strong>vtt,</strong></span> <span class='ocrx_word' id='word_1_537' title='bbox 394 3493 514 3565; x_wconf 84' lang='lat' dir='ltr'><strong>l7).</strong></span> 
     </span>
    </p>
   </div>
   <div class='ocr_carea' id='block_1_63' title="bbox 301 3586 1842 3661">
    <p class='ocr_par' dir='ltr' id='par_1_63' title="bbox 301 3586 1842 3661">
     <span class='ocr_line' id='line_1_63' title="bbox 301 3586 1842 3661; baseline -0.001 -17"><span class='ocrx_word' id='word_1_538' title='bbox 301 3589 391 3644; x_wconf 89' lang='lat'><strong>70.</strong></span> <span class='ocrx_word' id='word_1_539' title='bbox 424 3589 624 3661; x_wconf 88' lang='lat' dir='ltr'><strong>Itaque</strong></span> <span class='ocrx_word' id='word_1_540' title='bbox 669 3587 715 3644; x_wconf 87' lang='lat' dir='ltr'><strong>si</strong></span> <span class='ocrx_word' id='word_1_541' title='bbox 745 3587 920 3644; x_wconf 88' lang='lat' dir='ltr'><strong>bonus</strong></span> <span class='ocrx_word' id='word_1_542' title='bbox 959 3588 1135 3652; x_wconf 89' lang='lat' dir='ltr'><strong>Deus,</strong></span> <span class='ocrx_word' id='word_1_543' title='bbox 1183 3586 1458 3660; x_wconf 89' lang='lat' dir='ltr'><strong>quomodo</strong></span> <span class='ocrx_word' id='word_1_544' title='bbox 1508 3603 1614 3643; x_wconf 92' lang='lat' dir='ltr'><strong>nou</strong></span> <span class='ocrx_word' id='word_1_545' title='bbox 1663 3587 1842 3643; x_wconf 89' lang='lat' dir='ltr'><strong>bonus</strong></span> 
     </span>
    </p>
   </div>
   <div class='ocr_carea' id='block_1_64' title="bbox 228 3678 1843 3754">
    <p class='ocr_par' dir='ltr' id='par_1_64' title="bbox 228 3678 1843 3754">
     <span class='ocr_line' id='line_1_64' title="bbox 228 3678 1843 3754; baseline -0.002 -17"><span class='ocrx_word' id='word_1_546' title='bbox 228 3684 320 3754; x_wconf 83' lang='lat' dir='ltr'><strong>qui</strong></span> <span class='ocrx_word' id='word_1_547' title='bbox 352 3683 472 3738; x_wconf 90' lang='lat' dir='ltr'><strong>oris</strong></span> <span class='ocrx_word' id='word_1_548' title='bbox 497 3683 626 3753; x_wconf 85' lang='lat' dir='ltr'><strong>ejus</strong></span> <span class='ocrx_word' id='word_1_549' title='bbox 656 3691 739 3737; x_wconf 88' lang='lat' dir='ltr'><strong>est</strong></span> <span class='ocrx_word' id='word_1_550' title='bbox 767 3681 1002 3751; x_wconf 81' lang='lat' dir='ltr'><strong>Spiritus</strong></span> <span class='ocrx_word' id='word_1_551' title='bbox 1031 3678 1207 3752; x_wconf 87' lang='lat' dir='ltr'><strong>(Psal.</strong></span> <span class='ocrx_word' id='word_1_552' title='bbox 1233 3696 1402 3745; x_wconf 80' lang='lat' dir='ltr'><strong>xxxii,</strong></span> <span class='ocrx_word' id='word_1_553' title='bbox 1433 3679 1514 3751; x_wconf 88' lang='lat'><strong>6),</strong></span> <span class='ocrx_word' id='word_1_554' title='bbox 1568 3680 1656 3750; x_wconf 88' lang='lat' dir='ltr'><strong>qui</strong></span> <span class='ocrx_word' id='word_1_555' title='bbox 1691 3695 1843 3734; x_wconf 81' lang='lat' dir='ltr'><strong>scru-</strong></span> 
     </span>
    </p>
   </div>
   <div class='ocr_carea' id='block_1_65' title="bbox 228 3771 1845 3845">
    <p class='ocr_par' dir='ltr' id='par_1_65' title="bbox 228 3771 1845 3845">
     <span class='ocr_line' id='line_1_65' title="bbox 228 3771 1845 3845; baseline -0.002 -14"><span class='ocrx_word' id='word_1_556' title='bbox 228 3785 379 3832; x_wconf 88' lang='lat' dir='ltr'><strong>tatur</strong></span> <span class='ocrx_word' id='word_1_557' title='bbox 407 3777 583 3832; x_wconf 89' lang='lat' dir='ltr'><strong>etiam</strong></span> <span class='ocrx_word' id='word_1_558' title='bbox 615 3774 723 3830; x_wconf 89' lang='lat' dir='ltr'><strong>alta</strong></span> <span class='ocrx_word' id='word_1_559' title='bbox 754 3775 847 3829; x_wconf 89' lang='lat' dir='ltr'><strong>Dei</strong></span> <span class='ocrx_word' id='word_1_560' title='bbox 876 3773 940 3845; x_wconf 88' lang='lat'><strong>(1</strong></span> <span class='ocrx_word' id='word_1_561' title='bbox 969 3773 1090 3828; x_wconf 90' lang='lat' dir='ltr'><strong>Cor.</strong></span> <span class='ocrx_word' id='word_1_562' title='bbox 1123 3789 1194 3839; x_wconf 90' lang='grc' dir='ltr'>ιι,</span> <span class='ocrx_word' id='word_1_563' title='bbox 1227 3773 1294 3827; x_wconf 80' lang='grc'><strong>10</strong></span> <span class='ocrx_word' id='word_1_564' title='bbox 1316 3773 1378 3842; x_wconf 88' lang='lat'><strong>)?</strong></span> <span class='ocrx_word' id='word_1_565' title='bbox 1410 3771 1491 3828; x_wconf 81' lang='lat' dir='ltr'><strong>An</strong></span> <span class='ocrx_word' id='word_1_566' title='bbox 1523 3773 1575 3827; x_wconf 92' lang='lat' dir='ltr'><strong>in</strong></span> <span class='ocrx_word' id='word_1_567' title='bbox 1608 3773 1714 3827; x_wconf 89' lang='lat' dir='ltr'><strong>alta</strong></span> <span class='ocrx_word' id='word_1_568' title='bbox 1746 3773 1845 3828; x_wconf 89' lang='lat' dir='ltr'><strong>Dei</strong></span> 
     </span>
    </p>
   </div>
   <div class='ocr_carea' id='block_1_66' title="bbox 231 3865 1846 3941">
    <p class='ocr_par' dir='ltr' id='par_1_66' title="bbox 231 3865 1846 3941">
     <span class='ocr_line' id='line_1_66' title="bbox 231 3865 1846 3941; baseline -0.002 -17"><span class='ocrx_word' id='word_1_569' title='bbox 231 3865 258 3904; x_wconf 72' lang='grc' dir='ltr'><em>δ</em></span> <span class='ocrx_word' id='word_1_570' title='bbox 285 3869 557 3941; x_wconf 83' lang='lat' dir='ltr'><strong>contagio</strong></span> <span class='ocrx_word' id='word_1_571' title='bbox 589 3867 716 3924; x_wconf 89' lang='lat' dir='ltr'><strong>mali</strong></span> <span class='ocrx_word' id='word_1_572' title='bbox 744 3868 915 3938; x_wconf 84' lang='lat' dir='ltr'><strong>possit</strong></span> <span class='ocrx_word' id='word_1_573' title='bbox 944 3867 1186 3922; x_wconf 82' lang='lat' dir='ltr'><strong>intrare?</strong></span> <span class='ocrx_word' id='word_1_574' title='bbox 1214 3865 1370 3922; x_wconf 88' lang='lat' dir='ltr'><strong>Unde</strong></span> <span class='ocrx_word' id='word_1_575' title='bbox 1397 3875 1451 3920; x_wconf 89' lang='lat' dir='ltr'><strong>et</strong></span> <span class='ocrx_word' id='word_1_576' title='bbox 1476 3865 1607 3920; x_wconf 92' lang='lat' dir='ltr'><strong>illud</strong></span> <span class='ocrx_word' id='word_1_577' title='bbox 1641 3866 1846 3921; x_wconf 88' lang='lat' dir='ltr'><strong>intelli-</strong></span> 
     </span>
    </p>
   </div>
   <div class='ocr_carea' id='block_1_67' title="bbox 227 3956 1846 4034">
    <p class='ocr_par' dir='ltr' id='par_1_67' title="bbox 227 3956 1846 4034">
     <span class='ocr_line' id='line_1_67' title="bbox 227 3956 1846 4034; baseline -0.002 -18"><span class='ocrx_word' id='word_1_578' title='bbox 227 3963 413 4034; x_wconf 84' lang='lat' dir='ltr'><strong>gitur,</strong></span> <span class='ocrx_word' id='word_1_579' title='bbox 465 3974 639 4033; x_wconf 85' lang='lat' dir='ltr'><strong>quam</strong></span> <span class='ocrx_word' id='word_1_580' title='bbox 666 3968 914 4015; x_wconf 86' lang='lat' dir='ltr'><strong>amentes</strong></span> <span class='ocrx_word' id='word_1_581' title='bbox 941 3959 1088 4023; x_wconf 85' lang='lat' dir='ltr'><strong>sint,</strong></span> <span class='ocrx_word' id='word_1_582' title='bbox 1135 3959 1230 4030; x_wconf 90' lang='lat' dir='ltr'><strong>qui</strong></span> <span class='ocrx_word' id='word_1_583' title='bbox 1280 3959 1479 4013; x_wconf 83' lang='lat' dir='ltr'><strong>bonum</strong></span> <span class='ocrx_word' id='word_1_584' title='bbox 1523 3956 1720 4013; x_wconf 88' lang='lat' dir='ltr'><strong>Filium</strong></span> <span class='ocrx_word' id='word_1_585' title='bbox 1750 3957 1846 4013; x_wconf 88' lang='lat' dir='ltr'><strong>Dei</strong></span> 
     </span>
    </p>
   </div>
   <div class='ocr_carea' id='block_1_68' title="bbox 225 4049 1843 4126">
    <p class='ocr_par' dir='ltr' id='par_1_68' title="bbox 225 4049 1843 4126">
     <span class='ocr_line' id='line_1_68' title="bbox 225 4049 1843 4126; baseline -0.002 -17"><span class='ocrx_word' id='word_1_586' title='bbox 225 4054 536 4126; x_wconf 84' lang='lat' dir='ltr'><strong>abnegant,</strong></span> <span class='ocrx_word' id='word_1_587' title='bbox 569 4067 695 4108; x_wconf 90' lang='lat' dir='ltr'><strong>cum</strong></span> <span class='ocrx_word' id='word_1_588' title='bbox 727 4053 924 4107; x_wconf 93' lang='lat' dir='ltr'><strong>bonum</strong></span> <span class='ocrx_word' id='word_1_589' title='bbox 967 4050 1230 4120; x_wconf 85' lang='lat' dir='ltr'><strong>Spiritum</strong></span> <span class='ocrx_word' id='word_1_590' title='bbox 1258 4049 1462 4104; x_wconf 89' lang='lat' dir='ltr'><strong>Christi</strong></span> <span class='ocrx_word' id='word_1_591' title='bbox 1503 4064 1700 4120; x_wconf 83' lang='lat' dir='ltr'><strong>negare</strong></span> <span class='ocrx_word' id='word_1_592' title='bbox 1733 4064 1843 4104; x_wconf 90' lang='lat' dir='ltr'><strong>non</strong></span> 
     </span>
    </p>
   </div>
   <div class='ocr_carea' id='block_1_69' title="bbox 227 4140 1850 4224">
    <p class='ocr_par' dir='ltr' id='par_1_69' title="bbox 227 4140 1850 4224">
     <span class='ocr_line' id='line_1_69' title="bbox 227 4140 1850 4224; baseline -0.004 -21"><span class='ocrx_word' id='word_1_593' title='bbox 227 4148 493 4224; x_wconf 83' lang='lat' dir='ltr'><strong>possint;</strong></span> <span class='ocrx_word' id='word_1_594' title='bbox 545 4145 617 4202; x_wconf 87' lang='lat' dir='ltr'><strong>de</strong></span> <span class='ocrx_word' id='word_1_595' title='bbox 661 4159 769 4214; x_wconf 90' lang='lat' dir='ltr'><strong>quo</strong></span> <span class='ocrx_word' id='word_1_596' title='bbox 809 4144 883 4199; x_wconf 90' lang='lat' dir='ltr'><strong>ait</strong></span> <span class='ocrx_word' id='word_1_597' title='bbox 910 4143 1006 4199; x_wconf 90' lang='lat' dir='ltr'><strong>Dei</strong></span> <span class='ocrx_word' id='word_1_598' title='bbox 1039 4143 1208 4198; x_wconf 85' lang='lat' dir='ltr'><strong>Filius</strong></span> <span class='ocrx_word' id='word_1_599' title='bbox 1243 4160 1254 4195; x_wconf 91' lang='lat'>:</span> <span class='ocrx_word' id='word_1_600' title='bbox 1309 4140 1590 4213; x_wconf 85' lang='lat' dir='ltr'><strong>Propterea</strong></span> <span class='ocrx_word' id='word_1_601' title='bbox 1623 4141 1754 4204; x_wconf 74' lang='lat' dir='ltr'><strong>dixi,</strong></span> <span class='ocrx_word' id='word_1_602' title='bbox 1785 4142 1850 4196; x_wconf 86' lang='lat' dir='ltr'><strong>tle</strong></span> 
     </span>
    </p>
   </div>
   <div class='ocr_carea' id='block_1_70' title="bbox 227 4236 1115 4312">
    <p class='ocr_par' dir='ltr' id='par_1_70' title="bbox 227 4236 1115 4312">
     <span class='ocr_line' id='line_1_70' title="bbox 227 4236 1115 4312; baseline -0.008 -17"><span class='ocrx_word' id='word_1_603' title='bbox 227 4257 346 4295; x_wconf 86' lang='lat' dir='ltr'><strong>meo</strong></span> <span class='ocrx_word' id='word_1_604' title='bbox 374 4240 608 4312; x_wconf 82' lang='lat' dir='ltr'><strong>accipiet</strong></span> <span class='ocrx_word' id='word_1_605' title='bbox 639 4236 818 4309; x_wconf 83' lang='lat' dir='ltr'><strong>(Joan.</strong></span> <span class='ocrx_word' id='word_1_606' title='bbox 852 4254 964 4302; x_wconf 75' lang='lat' dir='ltr'><strong>xw,</strong></span> <span class='ocrx_word' id='word_1_607' title='bbox 1000 4237 1115 4307; x_wconf 71' lang='grc'><strong>15).</strong></span> 
     </span>
    </p>
   </div>
   <div class='ocr_carea' id='block_1_71' title="bbox 301 4330 1848 4403">
    <p class='ocr_par' dir='ltr' id='par_1_71' title="bbox 301 4330 1848 4403">
     <span class='ocr_line' id='line_1_71' title="bbox 301 4330 1848 4403; baseline -0.001 -13"><span class='ocrx_word' id='word_1_608' title='bbox 301 4337 398 4391; x_wconf 79' lang='grc'>71.</span> <span class='ocrx_word' id='word_1_609' title='bbox 429 4335 524 4390; x_wconf 79' lang='lat' dir='ltr'><strong>An</strong></span> <span class='ocrx_word' id='word_1_610' title='bbox 552 4348 660 4388; x_wconf 88' lang='lat' dir='ltr'><strong>non</strong></span> <span class='ocrx_word' id='word_1_611' title='bbox 691 4333 864 4388; x_wconf 88' lang='lat' dir='ltr'><strong>bonus</strong></span> <span class='ocrx_word' id='word_1_612' title='bbox 893 4331 1150 4402; x_wconf 89' lang='lat' dir='ltr'><strong>Spiritus,</strong></span> <span class='ocrx_word' id='word_1_613' title='bbox 1173 4331 1267 4403; x_wconf 91' lang='lat' dir='ltr'><strong>qui</strong></span> <span class='ocrx_word' id='word_1_614' title='bbox 1296 4330 1469 4386; x_wconf 90' lang='lat' dir='ltr'><strong>bonos</strong></span> <span class='ocrx_word' id='word_1_615' title='bbox 1494 4330 1562 4387; x_wconf 91' lang='lat' dir='ltr'><strong>de</strong></span> <span class='ocrx_word' id='word_1_616' title='bbox 1593 4331 1848 4402; x_wconf 84' lang='lat' dir='ltr'><strong>pessimis</strong></span> 
     </span>
    </p>
   </div>
   <div class='ocr_carea' id='block_1_72' title="bbox 227 4425 1848 4501">
    <p class='ocr_par' dir='ltr' id='par_1_72' title="bbox 227 4425 1848 4501">
     <span class='ocr_line' id='line_1_72' title="bbox 227 4425 1848 4501; baseline -0.002 -17"><span class='ocrx_word' id='word_1_617' title='bbox 227 4431 382 4496; x_wconf 78' lang='lat' dir='ltr'><strong>iacit,</strong></span> <span class='ocrx_word' id='word_1_618' title='bbox 413 4438 709 4501; x_wconf 90' lang='lat' dir='ltr'><strong>peccatum</strong></span> <span class='ocrx_word' id='word_1_619' title='bbox 740 4426 943 4492; x_wconf 87' lang='lat' dir='ltr'><strong>abolet,</strong></span> <span class='ocrx_word' id='word_1_620' title='bbox 971 4425 1173 4481; x_wconf 88' lang='lat' dir='ltr'><strong>malum</strong></span> <span class='ocrx_word' id='word_1_621' title='bbox 1202 4425 1345 4480; x_wconf 90' lang='lat' dir='ltr'><strong>delet</strong></span> <span class='ocrx_word' id='word_1_622' title='bbox 1373 4467 1387 4489; x_wconf 91' lang='lat'><strong>,</strong></span> <span class='ocrx_word' id='word_1_623' title='bbox 1417 4427 1627 4481; x_wconf 89' lang='lat' dir='ltr'><strong>crimen</strong></span> <span class='ocrx_word' id='word_1_624' title='bbox 1655 4427 1848 4482; x_wconf 78' lang='lat' dir='ltr'><strong>exclu-</strong></span> 
     </span>
    </p>
   </div>
   <div class='ocr_carea' id='block_1_73' title="bbox 222 4517 1850 4588">
    <p class='ocr_par' dir='ltr' id='par_1_73' title="bbox 222 4517 1850 4588">
     <span class='ocr_line' id='line_1_73' title="bbox 222 4517 1850 4588; baseline -0.004 -10"><span class='ocrx_word' id='word_1_625' title='bbox 222 4524 338 4588; x_wconf 90' lang='lat' dir='ltr'><strong>dit,</strong></span> <span class='ocrx_word' id='word_1_626' title='bbox 375 4523 597 4578; x_wconf 90' lang='lat' dir='ltr'><strong>bonum</strong></span> <span class='ocrx_word' id='word_1_627' title='bbox 629 4535 823 4576; x_wconf 90' lang='lat' dir='ltr'><strong>munus</strong></span> <span class='ocrx_word' id='word_1_628' title='bbox 851 4517 1082 4573; x_wconf 78' lang='lat' dir='ltr'><strong>infundit</strong></span> <span class='ocrx_word' id='word_1_629' title='bbox 1109 4559 1122 4582; x_wconf 94' lang='lat'><strong>,</strong></span> <span class='ocrx_word' id='word_1_630' title='bbox 1151 4517 1218 4572; x_wconf 90' lang='lat' dir='ltr'><strong>de</strong></span> <span class='ocrx_word' id='word_1_631' title='bbox 1247 4517 1690 4588; x_wconf 87' lang='lat' dir='ltr'><strong>persecutoribus</strong></span> <span class='ocrx_word' id='word_1_632' title='bbox 1718 4532 1850 4588; x_wconf 87' lang='lat' dir='ltr'><strong>apo-</strong></span> 
     </span>
    </p>
   </div>
   <div class='ocr_carea' id='block_1_74' title="bbox 1943 3301 3536 3375">
    <p class='ocr_par' dir='ltr' id='par_1_74' title="bbox 1943 3301 3536 3375">
     <span class='ocr_line' id='line_1_74' title="bbox 1943 3301 3536 3375; baseline -0.009 -6"><span class='ocrx_word' id='word_1_633' title='bbox 1943 3313 2115 3370; x_wconf 92' lang='lat' dir='ltr'><strong>sancti</strong></span> <span class='ocrx_word' id='word_1_634' title='bbox 2164 3312 2524 3368; x_wconf 87' lang='lat' dir='ltr'><strong>communitas</strong></span> <span class='ocrx_word' id='word_1_635' title='bbox 2568 3320 2853 3365; x_wconf 58' lang='lat' dir='ltr'><strong>creaturas.</strong></span> <span class='ocrx_word' id='word_1_636' title='bbox 2919 3306 3158 3363; x_wconf 88' lang='lat' dir='ltr'><strong>Credant</strong></span> <span class='ocrx_word' id='word_1_637' title='bbox 3200 3305 3362 3375; x_wconf 87' lang='lat' dir='ltr'><strong>igitur</strong></span> <span class='ocrx_word' id='word_1_638' title='bbox 3409 3301 3536 3373; x_wconf 90' lang='lat' dir='ltr'><strong>quia</strong></span> 
     </span>
    </p>
   </div>
   <div class='ocr_carea' id='block_1_75' title="bbox 1942 3398 3535 3470">
    <p class='ocr_par' dir='ltr' id='par_1_75' title="bbox 1942 3398 3535 3470">
     <span class='ocr_line' id='line_1_75' title="bbox 1942 3398 3535 3470; baseline -0.008 -10"><span class='ocrx_word' id='word_1_639' title='bbox 1942 3415 2191 3461; x_wconf 88' lang='lat' dir='ltr'><strong>creatura</strong></span> <span class='ocrx_word' id='word_1_640' title='bbox 2219 3420 2323 3458; x_wconf 89' lang='lat' dir='ltr'><strong>non</strong></span> <span class='ocrx_word' id='word_1_641' title='bbox 2353 3411 2437 3458; x_wconf 87' lang='lat' dir='ltr'><strong>est</strong></span> <span class='ocrx_word' id='word_1_642' title='bbox 2463 3401 2702 3470; x_wconf 90' lang='lat' dir='ltr'><strong>Spiritus</strong></span> <span class='ocrx_word' id='word_1_643' title='bbox 2730 3409 2948 3456; x_wconf 88' lang='lat' dir='ltr'><strong>sanctus</strong></span> <span class='ocrx_word' id='word_1_644' title='bbox 2974 3416 2987 3452; x_wconf 88' lang='lat'><strong>:</strong></span> <span class='ocrx_word' id='word_1_645' title='bbox 3020 3407 3114 3451; x_wconf 89' lang='lat' dir='ltr'><strong>aut</strong></span> <span class='ocrx_word' id='word_1_646' title='bbox 3143 3398 3186 3450; x_wconf 92' lang='lat' dir='ltr'><strong>si</strong></span> <span class='ocrx_word' id='word_1_647' title='bbox 3228 3405 3535 3450; x_wconf 88' lang='lat' dir='ltr'><strong>creaturam</strong></span> 
     </span>
    </p>
   </div>
   <div class='ocr_carea' id='block_1_76' title="bbox 1944 3485 3537 3570">
    <p class='ocr_par' dir='ltr' id='par_1_76' title="bbox 1944 3485 3537 3570">
     <span class='ocr_line' id='line_1_76' title="bbox 1944 3485 3537 3570; baseline -0.009 -17"><span class='ocrx_word' id='word_1_648' title='bbox 1944 3505 2154 3570; x_wconf 88' lang='lat' dir='ltr'><strong>putant,</strong></span> <span class='ocrx_word' id='word_1_649' title='bbox 2184 3512 2282 3553; x_wconf 91' lang='lat' dir='ltr'><strong>cur</strong></span> <span class='ocrx_word' id='word_1_650' title='bbox 2306 3494 2582 3550; x_wconf 88' lang='lat' dir='ltr'><strong>associant</strong></span> <span class='ocrx_word' id='word_1_651' title='bbox 2611 3492 2758 3547; x_wconf 89' lang='lat' dir='ltr'><strong>Patri</strong></span> <span class='ocrx_word' id='word_1_652' title='bbox 2783 3493 2806 3547; x_wconf 83' lang='lat' dir='ltr'><strong>‘l</strong></span> <span class='ocrx_word' id='word_1_653' title='bbox 2847 3491 2904 3546; x_wconf 93' lang='lat' dir='ltr'><strong>Si</strong></span> <span class='ocrx_word' id='word_1_654' title='bbox 2929 3499 3235 3545; x_wconf 88' lang='lat' dir='ltr'><strong>creaturam</strong></span> <span class='ocrx_word' id='word_1_655' title='bbox 3266 3485 3537 3541; x_wconf 85' lang='lat' dir='ltr'><strong>arbitran-</strong></span> 
     </span>
    </p>
   </div>
   <div class='ocr_carea' id='block_1_77' title="bbox 1947 3577 3541 3659">
    <p class='ocr_par' dir='ltr' id='par_1_77' title="bbox 1947 3577 3541 3659">
     <span class='ocr_line' id='line_1_77' title="bbox 1947 3577 3541 3659; baseline -0.009 -13"><span class='ocrx_word' id='word_1_656' title='bbox 1947 3601 2051 3659; x_wconf 90' lang='lat' dir='ltr'><strong>tur,</strong></span> <span class='ocrx_word' id='word_1_657' title='bbox 2086 3605 2182 3644; x_wconf 90' lang='lat' dir='ltr'><strong>cur</strong></span> <span class='ocrx_word' id='word_1_658' title='bbox 2206 3589 2343 3644; x_wconf 87' lang='lat' dir='ltr'><strong>Filio</strong></span> <span class='ocrx_word' id='word_1_659' title='bbox 2376 3587 2467 3642; x_wconf 90' lang='lat' dir='ltr'><strong>Dei</strong></span> <span class='ocrx_word' id='word_1_660' title='bbox 2493 3586 2766 3658; x_wconf 85' lang='lat' dir='ltr'><strong>jungunt?</strong></span> <span class='ocrx_word' id='word_1_661' title='bbox 2810 3583 2964 3653; x_wconf 89' lang='lat' dir='ltr'><strong>Quod</strong></span> <span class='ocrx_word' id='word_1_662' title='bbox 2994 3583 3040 3637; x_wconf 88' lang='lat' dir='ltr'><strong>si</strong></span> <span class='ocrx_word' id='word_1_663' title='bbox 3072 3597 3101 3636; x_wconf 91' lang='lat' dir='ltr'><strong>a</strong></span> <span class='ocrx_word' id='word_1_664' title='bbox 3130 3580 3292 3636; x_wconf 88' lang='lat' dir='ltr'><strong>Patre</strong></span> <span class='ocrx_word' id='word_1_665' title='bbox 3319 3587 3376 3634; x_wconf 89' lang='lat' dir='ltr'><strong>et</strong></span> <span class='ocrx_word' id='word_1_666' title='bbox 3401 3577 3541 3633; x_wconf 83' lang='lat' dir='ltr'><strong>Filio</strong></span> 
     </span>
    </p>
   </div>
   <div class='ocr_carea' id='block_1_78' title="bbox 1943 3672 3551 3756">
    <p class='ocr_par' dir='ltr' id='par_1_78' title="bbox 1943 3672 3551 3756">
     <span class='ocr_line' id='line_1_78' title="bbox 1943 3672 3551 3756; baseline -0.01 -16"><span class='ocrx_word' id='word_1_667' title='bbox 1943 3683 2110 3756; x_wconf 77' lang='lat'><strong>616</strong></span> <span class='ocrx_word' id='word_1_668' title='bbox 2156 3696 2262 3738; x_wconf 95' lang='lat' dir='ltr'><strong>non</strong></span> <span class='ocrx_word' id='word_1_669' title='bbox 2293 3680 2613 3737; x_wconf 79' lang='lat' dir='ltr'><strong>existimant</strong></span> <span class='ocrx_word' id='word_1_670' title='bbox 2657 3675 3020 3748; x_wconf 88' lang='lat' dir='ltr'><strong>separandum</strong></span> <span class='ocrx_word' id='word_1_671' title='bbox 3048 3716 3065 3739; x_wconf 89' lang='lat'><strong>,</strong></span> <span class='ocrx_word' id='word_1_672' title='bbox 3116 3688 3225 3728; x_wconf 93' lang='lat' dir='ltr'><strong>non</strong></span> <span class='ocrx_word' id='word_1_673' title='bbox 3271 3672 3551 3727; x_wconf 70' lang='lat' dir='ltr'><strong>aestiment</strong></span> 
     </span>
    </p>
   </div>
   <div class='ocr_carea' id='block_1_79' title="bbox 1947 3769 3543 3846">
    <p class='ocr_par' dir='ltr' id='par_1_79' title="bbox 1947 3769 3543 3846">
     <span class='ocr_line' id='line_1_79' title="bbox 1947 3769 3543 3846; baseline -0.008 -14"><span class='ocrx_word' id='word_1_674' title='bbox 1947 3786 2288 3836; x_wconf 87' lang='lat' dir='ltr'><strong>creaturam;</strong></span> <span class='ocrx_word' id='word_1_675' title='bbox 2338 3775 2462 3846; x_wconf 85' lang='lat' dir='ltr'><strong>quia</strong></span> <span class='ocrx_word' id='word_1_676' title='bbox 2515 3773 2603 3829; x_wconf 90' lang='lat' dir='ltr'><strong>ubi</strong></span> <span class='ocrx_word' id='word_1_677' title='bbox 2653 3787 2759 3826; x_wconf 92' lang='lat' dir='ltr'><strong>una</strong></span> <span class='ocrx_word' id='word_1_678' title='bbox 2787 3769 3180 3834; x_wconf 77' lang='lat' dir='ltr'><strong>sanctiﬁcatio,</strong></span> <span class='ocrx_word' id='word_1_679' title='bbox 3233 3782 3338 3822; x_wconf 89' lang='lat' dir='ltr'><strong>una</strong></span> <span class='ocrx_word' id='word_1_680' title='bbox 3389 3774 3543 3822; x_wconf 87' lang='lat' dir='ltr'><strong>natu-</strong></span> 
     </span>
    </p>
   </div>
   <div class='ocr_carea' id='block_1_80' title="bbox 1951 3878 2867 3925">
    <p class='ocr_par' dir='ltr' id='par_1_80' title="bbox 1951 3878 2867 3925">
     <span class='ocr_line' id='line_1_80' title="bbox 1951 3878 2867 3925; baseline -0.004 -2"><span class='ocrx_word' id='word_1_681' title='bbox 1951 3884 2006 3923; x_wconf 89' lang='lat' dir='ltr'><strong>ra</strong></span> <span class='ocrx_word' id='word_1_682' title='bbox 2037 3878 2138 3925; x_wconf 74' lang='grc' dir='ltr'><strong>εει.</strong></span> <span class='ocrx_word' id='word_1_683' title='bbox 2858 3893 2867 3908; x_wconf 71' lang='grc' dir='ltr'><strong>ι</strong></span> 
     </span>
    </p>
   </div>
   <div class='ocr_carea' id='block_1_81' title="bbox 2563 3956 2925 4015">
    <p class='ocr_par' dir='ltr' id='par_1_81' title="bbox 2563 3956 2925 4015">
     <span class='ocr_line' id='line_1_81' title="bbox 2563 3956 2925 4015; baseline -0.014 0"><span class='ocrx_word' id='word_1_684' title='bbox 2563 3956 2792 4015; x_wconf 82' lang='lat' dir='ltr'><strong>CAPUT</strong></span> <span class='ocrx_word' id='word_1_685' title='bbox 2834 3956 2925 4012; x_wconf 81' lang='lat' dir='ltr'><strong>VI.</strong></span> 
     </span>
    </p>
   </div>
   <div class='ocr_carea' id='block_1_82' title="bbox 1954 4067 3544 4149">
    <p class='ocr_par' dir='ltr' id='par_1_82' title="bbox 1954 4067 3544 4149">
     <span class='ocr_line' id='line_1_82' title="bbox 1954 4067 3544 4149; baseline -0.009 -16"><span class='ocrx_word' id='word_1_686' title='bbox 1954 4078 2277 4149; x_wconf 84' lang='lat' dir='ltr'><strong>Quamquam</strong></span> <span class='ocrx_word' id='word_1_687' title='bbox 2305 4079 2357 4131; x_wconf 87' lang='lat' dir='ltr'><strong>in</strong></span> <span class='ocrx_word' id='word_1_688' title='bbox 2380 4092 2518 4147; x_wconf 88' lang='lat' dir='ltr'><strong>aqua</strong></span> <span class='ocrx_word' id='word_1_689' title='bbox 2538 4086 2589 4132; x_wconf 90' lang='lat' dir='ltr'><strong>et</strong></span> <span class='ocrx_word' id='word_1_690' title='bbox 2621 4075 2823 4145; x_wconf 87' lang='lat' dir='ltr'><strong>Spiritu</strong></span> <span class='ocrx_word' id='word_1_691' title='bbox 2853 4071 3194 4138; x_wconf 77' lang='lat' dir='ltr'><strong>baptizamur,</strong></span> <span class='ocrx_word' id='word_1_692' title='bbox 3223 4067 3360 4121; x_wconf 84' lang='lat' dir='ltr'><strong>hunc</strong></span> <span class='ocrx_word' id='word_1_693' title='bbox 3377 4075 3544 4120; x_wconf 82' lang='lat' dir='ltr'><strong>tamen</strong></span> 
     </span>
    </p>
   </div>
   <div class='ocr_carea' id='block_1_83' title="bbox 2020 4159 3546 4242">
    <p class='ocr_par' dir='ltr' id='par_1_83' title="bbox 2020 4159 3546 4242">
     <span class='ocr_line' id='line_1_83' title="bbox 2020 4159 3546 4242; baseline -0.008 -19"><span class='ocrx_word' id='word_1_694' title='bbox 2020 4171 2103 4224; x_wconf 85' lang='lat' dir='ltr'><strong>illi</strong></span> <span class='ocrx_word' id='word_1_695' title='bbox 2129 4171 2279 4242; x_wconf 87' lang='lat' dir='ltr'><strong>longe</strong></span> <span class='ocrx_word' id='word_1_696' title='bbox 2304 4178 2584 4240; x_wconf 63' lang='lat' dir='ltr'><strong>praestare;</strong></span> <span class='ocrx_word' id='word_1_697' title='bbox 2626 4176 2775 4238; x_wconf 84' lang='lat' dir='ltr'><strong>atque</strong></span> <span class='ocrx_word' id='word_1_698' title='bbox 2809 4165 2936 4221; x_wconf 87' lang='lat' dir='ltr'><strong>adeo</strong></span> <span class='ocrx_word' id='word_1_699' title='bbox 2974 4179 3074 4219; x_wconf 90' lang='lat' dir='ltr'><strong>non</strong></span> <span class='ocrx_word' id='word_1_700' title='bbox 3113 4159 3489 4232; x_wconf 84' lang='lat' dir='ltr'><strong>sejungendum</strong></span> <span class='ocrx_word' id='word_1_701' title='bbox 3513 4173 3546 4210; x_wconf 80' lang='grc' dir='ltr'><strong>α</strong></span> 
     </span>
    </p>
   </div>
   <div class='ocr_carea' id='block_1_84' title="bbox 2027 4259 2457 4318">
    <p class='ocr_par' dir='ltr' id='par_1_84' title="bbox 2027 4259 2457 4318">
     <span class='ocr_line' id='line_1_84' title="bbox 2027 4259 2457 4318; baseline -0.002 -2"><span class='ocrx_word' id='word_1_702' title='bbox 2027 4261 2184 4318; x_wconf 85' lang='lat' dir='ltr'><strong>Patre</strong></span> <span class='ocrx_word' id='word_1_703' title='bbox 2214 4271 2262 4318; x_wconf 91' lang='lat' dir='ltr'><strong>et</strong></span> <span class='ocrx_word' id='word_1_704' title='bbox 2293 4259 2457 4317; x_wconf 88' lang='lat' dir='ltr'><strong>Filio.</strong></span> 
     </span>
    </p>
   </div>
   <div class='ocr_carea' id='block_1_85' title="bbox 2025 4410 3548 4490">
    <p class='ocr_par' dir='ltr' id='par_1_85' title="bbox 2025 4410 3548 4490">
     <span class='ocr_line' id='line_1_85' title="bbox 2025 4410 3548 4490; baseline -0.008 -13"><span class='ocrx_word' id='word_1_705' title='bbox 2025 4421 2116 4477; x_wconf 90' lang='lat'><strong>76.</strong></span> <span class='ocrx_word' id='word_1_706' title='bbox 2147 4420 2286 4477; x_wconf 88' lang='lat' dir='ltr'><strong>Sunt</strong></span> <span class='ocrx_word' id='word_1_707' title='bbox 2311 4429 2489 4476; x_wconf 88' lang='lat' dir='ltr'><strong>tamen</strong></span> <span class='ocrx_word' id='word_1_708' title='bbox 2518 4419 2759 4490; x_wconf 90' lang='lat' dir='ltr'><strong>plerique</strong></span> <span class='ocrx_word' id='word_1_709' title='bbox 2784 4417 2874 4488; x_wconf 89' lang='lat' dir='ltr'><strong>qui</strong></span> <span class='ocrx_word' id='word_1_710' title='bbox 2901 4431 2967 4473; x_wconf 93' lang='lat' dir='ltr'><strong>co</strong></span> <span class='ocrx_word' id='word_1_711' title='bbox 2993 4413 3137 4485; x_wconf 92' lang='lat' dir='ltr'><strong>quod</strong></span> <span class='ocrx_word' id='word_1_712' title='bbox 3168 4414 3220 4469; x_wconf 94' lang='lat' dir='ltr'><strong>in</strong></span> <span class='ocrx_word' id='word_1_713' title='bbox 3247 4426 3385 4484; x_wconf 89' lang='lat' dir='ltr'><strong>aqua</strong></span> <span class='ocrx_word' id='word_1_714' title='bbox 3413 4410 3548 4480; x_wconf 88' lang='lat' dir='ltr'><strong>bap-</strong></span> 
     </span>
    </p>
   </div>
   <div class='ocr_carea' id='block_1_86' title="bbox 1955 4503 3552 4582">
    <p class='ocr_par' dir='ltr' id='par_1_86' title="bbox 1955 4503 3552 4582">
     <span class='ocr_line' id='line_1_86' title="bbox 1955 4503 3552 4582; baseline -0.007 -13"><span class='ocrx_word' id='word_1_715' title='bbox 1955 4517 2184 4569; x_wconf 82' lang='lat' dir='ltr'><strong>tizaniur</strong></span> <span class='ocrx_word' id='word_1_716' title='bbox 2211 4523 2264 4569; x_wconf 91' lang='lat' dir='ltr'><strong>et</strong></span> <span class='ocrx_word' id='word_1_717' title='bbox 2294 4512 2498 4582; x_wconf 90' lang='lat' dir='ltr'><strong>Spiritu</strong></span> <span class='ocrx_word' id='word_1_718' title='bbox 2524 4555 2538 4578; x_wconf 93' lang='lat'><strong>,</strong></span> <span class='ocrx_word' id='word_1_719' title='bbox 2573 4527 2678 4565; x_wconf 88' lang='lat' dir='ltr'><strong>non</strong></span> <span class='ocrx_word' id='word_1_720' title='bbox 2713 4518 2899 4581; x_wconf 88' lang='lat' dir='ltr'><strong>putent</strong></span> <span class='ocrx_word' id='word_1_721' title='bbox 2929 4523 3084 4580; x_wconf 70' lang='lat' dir='ltr'><strong>aqum</strong></span> <span class='ocrx_word' id='word_1_722' title='bbox 3116 4515 3173 4562; x_wconf 89' lang='lat' dir='ltr'><strong>et</strong></span> <span class='ocrx_word' id='word_1_723' title='bbox 3201 4505 3440 4577; x_wconf 86' lang='lat' dir='ltr'><strong>Spiritus</strong></span> <span class='ocrx_word' id='word_1_724' title='bbox 3471 4503 3552 4559; x_wconf 94' lang='lat' dir='ltr'><strong>di-</strong></span> 
     </span>
    </p>
   </div>
   <div class='ocr_carea' id='block_1_87' title="bbox 224 4593 3549 4682">
    <p class='ocr_par' dir='ltr' id='par_1_87' title="bbox 224 4593 3549 4682">
     <span class='ocr_line' id='line_1_87' title="bbox 224 4593 3549 4682; baseline -0.006 -11"><span class='ocrx_word' id='word_1_725' title='bbox 224 4616 408 4671; x_wconf 84' lang='lat' dir='ltr'><strong>stolos</strong></span> <span class='ocrx_word' id='word_1_726' title='bbox 439 4614 613 4678; x_wconf 77' lang='lat' dir='ltr'><strong>facit,</strong></span> <span class='ocrx_word' id='word_1_727' title='bbox 650 4622 673 4649; x_wconf 76' lang='grc' dir='ltr'><strong>ε’</strong></span> <span class='ocrx_word' id='word_1_728' title='bbox 701 4613 770 4668; x_wconf 89' lang='lat' dir='ltr'><strong>de</strong></span> <span class='ocrx_word' id='word_1_729' title='bbox 808 4610 1190 4682; x_wconf 88' lang='lat' dir='ltr'><strong>peccatoribus</strong></span> <span class='ocrx_word' id='word_1_730' title='bbox 1230 4609 1584 4665; x_wconf 75' lang='lat' dir='ltr'><strong>sacerdotes?</strong></span> <span class='ocrx_word' id='word_1_731' title='bbox 1630 4607 1805 4662; x_wconf 79' lang='lat' dir='ltr'><strong>Eratis</strong></span> <span class='ocrx_word' id='word_1_732' title='bbox 1831 4650 1847 4676; x_wconf 94' lang='lat'><strong>,</strong></span> <span class='ocrx_word' id='word_1_733' title='bbox 1877 4593 1932 4654; x_wconf 82' lang='lat' dir='ltr'><strong>D</strong></span> <span class='ocrx_word' id='word_1_734' title='bbox 1957 4616 2102 4662; x_wconf 91' lang='lat' dir='ltr'><strong>stare</strong></span> <span class='ocrx_word' id='word_1_735' title='bbox 2125 4621 2349 4661; x_wconf 88' lang='lat' dir='ltr'><strong>munera</strong></span> <span class='ocrx_word' id='word_1_736' title='bbox 2388 4622 2402 4670; x_wconf 91' lang='lat'><strong>;</strong></span> <span class='ocrx_word' id='word_1_737' title='bbox 2446 4613 2500 4659; x_wconf 88' lang='lat' dir='ltr'><strong>et</strong></span> <span class='ocrx_word' id='word_1_738' title='bbox 2531 4604 2652 4659; x_wconf 90' lang='lat' dir='ltr'><strong>ideo</strong></span> <span class='ocrx_word' id='word_1_739' title='bbox 2683 4620 2788 4658; x_wconf 88' lang='lat' dir='ltr'><strong>non</strong></span> <span class='ocrx_word' id='word_1_740' title='bbox 2821 4610 3010 4672; x_wconf 61' lang='lat' dir='ltr'><strong>putant</strong></span> <span class='ocrx_word' id='word_1_741' title='bbox 3038 4600 3243 4654; x_wconf 86' lang='lat' dir='ltr'><strong>distare</strong></span> <span class='ocrx_word' id='word_1_742' title='bbox 3273 4608 3549 4654; x_wconf 89' lang='lat' dir='ltr'><strong>naturam.</strong></span> 
     </span>
    </p>
   </div>
   <div class='ocr_carea' id='block_1_88' title="bbox 223 4699 1849 4779">
    <p class='ocr_par' dir='ltr' id='par_1_88' title="bbox 223 4699 1849 4779">
     <span class='ocr_line' id='line_1_88' title="bbox 223 4699 1849 4779; baseline -0.006 -16"><span class='ocrx_word' id='word_1_743' title='bbox 223 4707 440 4779; x_wconf 86' lang='lat' dir='ltr'><strong>inquit,</strong></span> <span class='ocrx_word' id='word_1_744' title='bbox 474 4705 766 4776; x_wconf 86' lang='lat' dir='ltr'><strong>aliquando</strong></span> <span class='ocrx_word' id='word_1_745' title='bbox 789 4703 1028 4769; x_wconf 74' lang='lat' dir='ltr'><strong>tenebrw,</strong></span> <span class='ocrx_word' id='word_1_746' title='bbox 1063 4718 1196 4756; x_wconf 89' lang='lat' dir='ltr'><strong>nunc</strong></span> <span class='ocrx_word' id='word_1_747' title='bbox 1217 4711 1388 4755; x_wconf 83' lang='lat' dir='ltr'><strong>autent</strong></span> <span class='ocrx_word' id='word_1_748' title='bbox 1427 4701 1520 4755; x_wconf 73' lang='lat' dir='ltr'><strong>lux</strong></span> <span class='ocrx_word' id='word_1_749' title='bbox 1541 4701 1595 4754; x_wconf 86' lang='lat' dir='ltr'><strong>in</strong></span> <span class='ocrx_word' id='word_1_750' title='bbox 1627 4699 1849 4758; x_wconf 87' lang='lat' dir='ltr'><strong>Domino</strong></span> 
     </span>
    </p>
   </div>
   <div class='ocr_carea' id='block_1_89' title="bbox 226 4801 676 4875">
    <p class='ocr_par' dir='ltr' id='par_1_89' title="bbox 226 4801 676 4875">
     <span class='ocr_line' id='line_1_89' title="bbox 226 4801 676 4875; baseline -0.002 -19"><span class='ocrx_word' id='word_1_751' title='bbox 226 4801 473 4875; x_wconf 84' lang='lat' dir='ltr'><strong>(Ephes.</strong></span> <span class='ocrx_word' id='word_1_752' title='bbox 513 4817 574 4867; x_wconf 78' lang='grc' dir='ltr'><strong>ν,</strong></span> <span class='ocrx_word' id='word_1_753' title='bbox 600 4801 676 4871; x_wconf 90' lang='grc'><strong>8).</strong></span> 
     </span>
    </p>
   </div>
   <div class='ocr_carea' id='block_1_90' title="bbox 302 4886 1858 4965">
    <p class='ocr_par' dir='ltr' id='par_1_90' title="bbox 302 4886 1858 4965">
     <span class='ocr_line' id='line_1_90' title="bbox 302 4886 1858 4965; baseline -0.006 -14"><span class='ocrx_word' id='word_1_754' title='bbox 302 4895 402 4951; x_wconf 74' lang='grc'>72.</span> <span class='ocrx_word' id='word_1_755' title='bbox 441 4894 564 4952; x_wconf 88' lang='lat' dir='ltr'><strong>Sed</strong></span> <span class='ocrx_word' id='word_1_756' title='bbox 585 4892 714 4965; x_wconf 92' lang='lat' dir='ltr'><strong>quid</strong></span> <span class='ocrx_word' id='word_1_757' title='bbox 748 4892 765 4930; x_wconf 76' lang='grc' dir='ltr'><em>τ</em></span> <span class='ocrx_word' id='word_1_758' title='bbox 796 4889 1098 4946; x_wconf 81' lang='lat' dir='ltr'><strong>dill&#39;erimus</strong></span> <span class='ocrx_word' id='word_1_759' title='bbox 1125 4903 1222 4944; x_wconf 91' lang='lat' dir='ltr'><strong>eos</strong></span> <span class='ocrx_word' id='word_1_760' title='bbox 1247 4889 1270 4942; x_wconf 76' lang='grc' dir='ltr'><strong><em>τ</em></strong></span> <span class='ocrx_word' id='word_1_761' title='bbox 1297 4886 1431 4943; x_wconf 81' lang='lat' dir='ltr'><strong>Nam</strong></span> <span class='ocrx_word' id='word_1_762' title='bbox 1460 4887 1508 4942; x_wconf 91' lang='lat' dir='ltr'><strong>si</strong></span> <span class='ocrx_word' id='word_1_763' title='bbox 1547 4887 1712 4943; x_wconf 89' lang='lat' dir='ltr'><strong>verba</strong></span> <span class='ocrx_word' id='word_1_764' title='bbox 1740 4887 1858 4943; x_wconf 86' lang='lat' dir='ltr'><strong>exi-</strong></span> 
     </span>
    </p>
   </div>
   <div class='ocr_carea' id='block_1_91' title="bbox 221 4979 1858 5061">
    <p class='ocr_par' dir='ltr' id='par_1_91' title="bbox 221 4979 1858 5061">
     <span class='ocr_line' id='line_1_91' title="bbox 221 4979 1858 5061; baseline -0.006 -15"><span class='ocrx_word' id='word_1_765' title='bbox 221 5001 391 5061; x_wconf 86' lang='lat' dir='ltr'><strong>gunt,</strong></span> <span class='ocrx_word' id='word_1_766' title='bbox 429 5004 566 5046; x_wconf 89' lang='lat' dir='ltr'><strong>cum</strong></span> <span class='ocrx_word' id='word_1_767' title='bbox 593 4986 732 5043; x_wconf 76' lang='lat' dir='ltr'><strong>facta</strong></span> <span class='ocrx_word' id='word_1_768' title='bbox 759 5002 868 5042; x_wconf 90' lang='lat' dir='ltr'><strong>non</strong></span> <span class='ocrx_word' id='word_1_769' title='bbox 899 4984 1173 5048; x_wconf 88' lang='lat' dir='ltr'><strong>abnuant,</strong></span> <span class='ocrx_word' id='word_1_770' title='bbox 1201 4981 1473 5053; x_wconf 89' lang='lat' dir='ltr'><strong>accipiant</strong></span> <span class='ocrx_word' id='word_1_771' title='bbox 1497 4981 1698 5037; x_wconf 90' lang='lat' dir='ltr'><strong>bonum</strong></span> <span class='ocrx_word' id='word_1_772' title='bbox 1731 4979 1858 5052; x_wconf 90' lang='lat' dir='ltr'><strong>Spi-</strong></span> 
     </span>
    </p>
   </div>
   <div class='ocr_carea' id='block_1_92' title="bbox 301 5163 1858 5237">
    <p class='ocr_par' dir='ltr' id='par_1_92' title="bbox 301 5163 1858 5237">
     <span class='ocr_line' id='line_1_92' title="bbox 301 5163 1858 5237; baseline -0.005 -9"><span class='ocrx_word' id='word_1_773' title='bbox 301 5187 329 5213; x_wconf 71' lang='grc' dir='ltr'><strong><em>η</em></strong></span> <span class='ocrx_word' id='word_1_774' title='bbox 364 5173 514 5229; x_wconf 80' lang='lat' dir='ltr'><strong>Mss.</strong></span> <span class='ocrx_word' id='word_1_775' title='bbox 556 5170 781 5237; x_wconf 88' lang='lat' dir='ltr'><strong>aliquot,</strong></span> <span class='ocrx_word' id='word_1_776' title='bbox 805 5165 987 5221; x_wconf 79' lang='lat' dir='ltr'><strong>Gratia</strong></span> <span class='ocrx_word' id='word_1_777' title='bbox 1010 5163 1102 5219; x_wconf 89' lang='lat' dir='ltr'><strong>Dei</strong></span> <span class='ocrx_word' id='word_1_778' title='bbox 1127 5180 1146 5219; x_wconf 91' lang='lat'><strong><em>:</em></strong></span> <span class='ocrx_word' id='word_1_779' title='bbox 1165 5164 1348 5220; x_wconf 59' lang='lat' dir='ltr'><strong>caeteri</strong></span> <span class='ocrx_word' id='word_1_780' title='bbox 1379 5174 1540 5234; x_wconf 88' lang='lat' dir='ltr'><strong>atque</strong></span> <span class='ocrx_word' id='word_1_781' title='bbox 1561 5164 1692 5221; x_wconf 89' lang='lat' dir='ltr'><strong>edit.</strong></span> <span class='ocrx_word' id='word_1_782' title='bbox 1717 5164 1858 5220; x_wconf 85' lang='lat' dir='ltr'><strong>Cha-</strong></span> 
     </span>
    </p>
   </div>
   <div class='ocr_carea' id='block_1_93' title="bbox 222 5237 1856 5310">
    <p class='ocr_par' dir='ltr' id='par_1_93' title="bbox 222 5237 1856 5310">
     <span class='ocr_line' id='line_1_93' title="bbox 222 5237 1856 5310; baseline -0.007 -6"><span class='ocrx_word' id='word_1_783' title='bbox 222 5249 363 5304; x_wconf 80' lang='lat' dir='ltr'><strong>ritas</strong></span> <span class='ocrx_word' id='word_1_784' title='bbox 388 5245 531 5308; x_wconf 86' lang='lat' dir='ltr'><strong>Dei;</strong></span> <span class='ocrx_word' id='word_1_785' title='bbox 559 5251 732 5295; x_wconf 78' lang='lat' dir='ltr'><strong>textus</strong></span> <span class='ocrx_word' id='word_1_786' title='bbox 762 5237 1032 5308; x_wconf 84' lang='lat' dir='ltr'><strong>Apostoli,</strong></span> <span class='ocrx_word' id='word_1_787' title='bbox 1065 5239 1096 5296; x_wconf 80' lang='lat' dir='ltr'><strong>ri</strong></span> <span class='ocrx_word' id='word_1_788' title='bbox 1117 5238 1289 5310; x_wconf 68' lang='grc' dir='ltr'><strong>ἀγάπη</strong></span> <span class='ocrx_word' id='word_1_789' title='bbox 1314 5243 1405 5292; x_wconf 84' lang='grc' dir='ltr'><strong>τοῦ</strong></span> <span class='ocrx_word' id='word_1_790' title='bbox 1424 5239 1562 5303; x_wconf 78' lang='grc' dir='ltr'><strong>θεοῦ,</strong></span> <span class='ocrx_word' id='word_1_791' title='bbox 1591 5237 1856 5304; x_wconf 86' lang='lat' dir='ltr'><strong>charitas,</strong></span> 
     </span>
    </p>
   </div>
   <div class='ocr_carea' id='block_1_94' title="bbox 1958 4688 3552 4768">
    <p class='ocr_par' dir='ltr' id='par_1_94' title="bbox 1958 4688 3552 4768">
     <span class='ocr_line' id='line_1_94' title="bbox 1958 4688 3552 4768; baseline -0.007 -13"><span class='ocrx_word' id='word_1_792' title='bbox 1958 4699 2068 4755; x_wconf 84' lang='lat' dir='ltr'><strong>Nec</strong></span> <span class='ocrx_word' id='word_1_793' title='bbox 2094 4699 2381 4754; x_wconf 87' lang='lat' dir='ltr'><strong>advertunt</strong></span> <span class='ocrx_word' id='word_1_794' title='bbox 2425 4696 2547 4768; x_wconf 88' lang='lat' dir='ltr'><strong>quia</strong></span> <span class='ocrx_word' id='word_1_795' title='bbox 2598 4697 2650 4750; x_wconf 91' lang='lat' dir='ltr'><strong>in</strong></span> <span class='ocrx_word' id='word_1_796' title='bbox 2681 4696 2775 4750; x_wconf 92' lang='lat' dir='ltr'><strong>illo</strong></span> <span class='ocrx_word' id='word_1_797' title='bbox 2806 4708 3069 4767; x_wconf 90' lang='lat' dir='ltr'><strong>aquarum</strong></span> <span class='ocrx_word' id='word_1_798' title='bbox 3117 4691 3415 4763; x_wconf 90' lang='lat' dir='ltr'><strong>sepelimur</strong></span> <span class='ocrx_word' id='word_1_799' title='bbox 3439 4688 3552 4744; x_wconf 89' lang='lat' dir='ltr'><strong>ele-</strong></span> 
     </span>
    </p>
   </div>
   <div class='ocr_carea' id='block_1_95' title="bbox 1961 4779 3552 4858">
    <p class='ocr_par' dir='ltr' id='par_1_95' title="bbox 1961 4779 3552 4858">
     <span class='ocr_line' id='line_1_95' title="bbox 1961 4779 3552 4858; baseline -0.01 -9"><span class='ocrx_word' id='word_1_800' title='bbox 1961 4803 2166 4857; x_wconf 90' lang='lat' dir='ltr'><strong>mento,</strong></span> <span class='ocrx_word' id='word_1_801' title='bbox 2193 4799 2252 4845; x_wconf 93' lang='lat' dir='ltr'><strong>ut</strong></span> <span class='ocrx_word' id='word_1_802' title='bbox 2276 4791 2516 4845; x_wconf 90' lang='lat' dir='ltr'><strong>renovati</strong></span> <span class='ocrx_word' id='word_1_803' title='bbox 2539 4804 2632 4856; x_wconf 90' lang='lat' dir='ltr'><strong>per</strong></span> <span class='ocrx_word' id='word_1_804' title='bbox 2653 4788 2908 4858; x_wconf 87' lang='lat' dir='ltr'><strong>Spiritum</strong></span> <span class='ocrx_word' id='word_1_805' title='bbox 2934 4797 3302 4856; x_wconf 86' lang='lat' dir='ltr'><strong>resurgamus.</strong></span> <span class='ocrx_word' id='word_1_806' title='bbox 3331 4779 3391 4836; x_wconf 89' lang='lat' dir='ltr'><strong>ln</strong></span> <span class='ocrx_word' id='word_1_807' title='bbox 3413 4794 3552 4850; x_wconf 91' lang='lat' dir='ltr'><strong>aqua</strong></span> 
     </span>
    </p>
   </div>
   <div class='ocr_carea' id='block_1_96' title="bbox 1959 4875 3555 4952">
    <p class='ocr_par' dir='ltr' id='par_1_96' title="bbox 1959 4875 3555 4952">
     <span class='ocr_line' id='line_1_96' title="bbox 1959 4875 3555 4952; baseline -0.011 -12"><span class='ocrx_word' id='word_1_808' title='bbox 1959 4887 2102 4941; x_wconf 90' lang='lat' dir='ltr'><strong>enim</strong></span> <span class='ocrx_word' id='word_1_809' title='bbox 2137 4886 2311 4952; x_wconf 85' lang='lat' dir='ltr'><strong>imago</strong></span> <span class='ocrx_word' id='word_1_810' title='bbox 2352 4881 2542 4936; x_wconf 91' lang='lat' dir='ltr'><strong>mortis</strong></span> <span class='ocrx_word' id='word_1_811' title='bbox 2567 4923 2582 4943; x_wconf 85' lang='lat'><strong>,</strong></span> <span class='ocrx_word' id='word_1_812' title='bbox 2628 4881 2680 4934; x_wconf 91' lang='lat' dir='ltr'><strong>in</strong></span> <span class='ocrx_word' id='word_1_813' title='bbox 2709 4879 2910 4950; x_wconf 85' lang='lat' dir='ltr'><strong>Spiritu</strong></span> <span class='ocrx_word' id='word_1_814' title='bbox 2939 4879 3136 4950; x_wconf 87' lang='lat' dir='ltr'><strong>pignus</strong></span> <span class='ocrx_word' id='word_1_815' title='bbox 3176 4883 3260 4932; x_wconf 89' lang='lat' dir='ltr'><strong>est</strong></span> <span class='ocrx_word' id='word_1_816' title='bbox 3283 4875 3447 4934; x_wconf 74' lang='lat' dir='ltr'><strong>vitae;</strong></span> <span class='ocrx_word' id='word_1_817' title='bbox 3495 4878 3555 4924; x_wconf 90' lang='lat' dir='ltr'><strong>ut</strong></span> 
     </span>
    </p>
   </div>
   <div class='ocr_carea' id='block_1_97' title="bbox 1965 4965 3561 5050">
    <p class='ocr_par' dir='ltr' id='par_1_97' title="bbox 1965 4965 3561 5050">
     <span class='ocr_line' id='line_1_97' title="bbox 1965 4965 3561 5050; baseline -0.012 -16"><span class='ocrx_word' id='word_1_818' title='bbox 1965 4996 2060 5050; x_wconf 87' lang='lat' dir='ltr'><strong>per</strong></span> <span class='ocrx_word' id='word_1_819' title='bbox 2086 4992 2280 5050; x_wconf 91' lang='lat' dir='ltr'><strong>aquam</strong></span> <span class='ocrx_word' id='word_1_820' title='bbox 2311 4975 2578 5032; x_wconf 87' lang='lat' dir='ltr'><strong>moriatur</strong></span> <span class='ocrx_word' id='word_1_821' title='bbox 2607 4988 2805 5044; x_wconf 87' lang='lat' dir='ltr'><strong>corpus</strong></span> <span class='ocrx_word' id='word_1_822' title='bbox 2830 4971 3058 5042; x_wconf 87' lang='lat' dir='ltr'><strong>peccati,</strong></span> <span class='ocrx_word' id='word_1_823' title='bbox 3090 4984 3211 5042; x_wconf 53' lang='lat' dir='ltr'><strong>qua».</strong></span> <span class='ocrx_word' id='word_1_824' title='bbox 3241 4965 3393 5038; x_wconf 87' lang='lat' dir='ltr'><strong>quasi</strong></span> <span class='ocrx_word' id='word_1_825' title='bbox 3423 4976 3561 5034; x_wconf 89' lang='lat' dir='ltr'><strong>quo-</strong></span> 
     </span>
    </p>
   </div>
   <div class='ocr_carea' id='block_1_98' title="bbox 1962 5162 2663 5236">
    <p class='ocr_par' dir='ltr' id='par_1_98' title="bbox 1962 5162 2663 5236">
     <span class='ocr_line' id='line_1_98' title="bbox 1962 5162 2663 5236; baseline -0.013 -15"><span class='ocrx_word' id='word_1_826' title='bbox 1962 5164 2422 5236; x_wconf 55' lang='lat' dir='ltr'><strong>antistiOspoc_roﬁ</strong></span> <span class='ocrx_word' id='word_1_827' title='bbox 2453 5162 2663 5236; x_wconf 62' lang='grc' dir='ltr'><strong>κυρίαν.</strong></span> 
     </span>
    </p>
   </div>
   <div class='ocr_carea' id='block_1_99' title="bbox 2033 5227 2929 5301">
    <p class='ocr_par' dir='ltr' id='par_1_99' title="bbox 2033 5227 2929 5301">
     <span class='ocr_line' id='line_1_99' title="bbox 2033 5227 2929 5301; baseline -0.012 -11"><span class='ocrx_word' id='word_1_828' title='bbox 2033 5237 2059 5272; x_wconf 79' lang='grc' dir='ltr'><em>ά</em></span> <span class='ocrx_word' id='word_1_829' title='bbox 2105 5227 2229 5289; x_wconf 59' lang='grc' dir='ltr'><strong>Μεθ’.</strong></span> <span class='ocrx_word' id='word_1_830' title='bbox 2255 5232 2483 5301; x_wconf 85' lang='lat' dir='ltr'><strong>aliquot,</strong></span> <span class='ocrx_word' id='word_1_831' title='bbox 2513 5227 2762 5300; x_wconf 72' lang='lat' dir='ltr'><strong>cogitatio</strong></span> <span class='ocrx_word' id='word_1_832' title='bbox 2781 5227 2929 5301; x_wconf 79' lang='lat' dir='ltr'><strong>mali.</strong></span> 
     </span>
    </p>
   </div>
   <div class='ocr_carea' id='block_1_100' title="bbox 2038 5293 3561 5362">
    <p class='ocr_par' dir='ltr' id='par_1_100' title="bbox 2038 5293 3561 5362">
     <span class='ocr_line' id='line_1_100' title="bbox 2038 5293 3561 5362; baseline -0.011 -1"><span class='ocrx_word' id='word_1_833' title='bbox 2038 5317 2062 5344; x_wconf 79' lang='grc' dir='ltr'>θ</span> <span class='ocrx_word' id='word_1_834' title='bbox 2105 5306 2248 5362; x_wconf 87' lang='lat' dir='ltr'><strong>Idem</strong></span> <span class='ocrx_word' id='word_1_835' title='bbox 2283 5293 2600 5358; x_wconf 72' lang='lat' dir='ltr'><strong>Ambrosius</strong></span> <span class='ocrx_word' id='word_1_836' title='bbox 2626 5315 2794 5356; x_wconf 90' lang='lat' dir='ltr'><strong>serm.</strong></span> <span class='ocrx_word' id='word_1_837' title='bbox 2832 5298 2899 5352; x_wconf 80' lang='grc'><strong>10</strong></span> <span class='ocrx_word' id='word_1_838' title='bbox 2930 5298 2982 5351; x_wconf 92' lang='lat' dir='ltr'><strong>in</strong></span> <span class='ocrx_word' id='word_1_839' title='bbox 3005 5293 3148 5350; x_wconf 88' lang='lat' dir='ltr'><strong>Psal.</strong></span> <span class='ocrx_word' id='word_1_840' title='bbox 3176 5304 3362 5362; x_wconf 85' lang='lat' dir='ltr'><strong>cxvtn,</strong></span> <span class='ocrx_word' id='word_1_841' title='bbox 3411 5303 3561 5345; x_wconf 91' lang='lat' dir='ltr'><strong>num.</strong></span> 
     </span>
    </p>
   </div>
   <div class='ocr_carea' id='block_1_101' title="bbox 1966 5361 3569 5445">
    <p class='ocr_par' dir='ltr' id='par_1_101' title="bbox 1966 5361 3569 5445">
     <span class='ocr_line' id='line_1_101' title="bbox 1966 5361 3569 5445; baseline -0.011 -12"><span class='ocrx_word' id='word_1_842' title='bbox 1966 5379 2068 5433; x_wconf 81' lang='lat' dir='ltr'><strong>l7:</strong></span> <span class='ocrx_word' id='word_1_843' title='bbox 2100 5361 2400 5445; x_wconf 75' lang='lat' dir='ltr'><strong>Accepimus</strong></span> <span class='ocrx_word' id='word_1_844' title='bbox 2432 5374 2694 5445; x_wconf 83' lang='lat' dir='ltr'><strong>Spiritum</strong></span> <span class='ocrx_word' id='word_1_845' title='bbox 2717 5380 2976 5445; x_wconf 86' lang='lat' dir='ltr'><strong>sanctum,</strong></span> <span class='ocrx_word' id='word_1_846' title='bbox 2999 5366 3093 5445; x_wconf 75' lang='lat' dir='ltr'><strong>qui</strong></span> <span class='ocrx_word' id='word_1_847' title='bbox 3121 5379 3224 5417; x_wconf 85' lang='lat' dir='ltr'><strong>non</strong></span> <span class='ocrx_word' id='word_1_848' title='bbox 3246 5361 3414 5445; x_wconf 74' lang='lat' dir='ltr'><strong>solum</strong></span> <span class='ocrx_word' id='word_1_849' title='bbox 3445 5376 3569 5415; x_wconf 87' lang='lat' dir='ltr'><strong>nos-</strong></span> 
     </span>
    </p>
   </div>
   <div class='ocr_carea' id='block_1_102' title="bbox 1961 5432 3566 5518">
    <p class='ocr_par' dir='ltr' id='par_1_102' title="bbox 1961 5432 3566 5518">
     <span class='ocr_line' id='line_1_102' title="bbox 1961 5432 3566 5518; baseline -0.011 -14"><span class='ocrx_word' id='word_1_850' title='bbox 1961 5462 2040 5504; x_wconf 87' lang='lat' dir='ltr'><strong>tra</strong></span> <span class='ocrx_word' id='word_1_851' title='bbox 2058 5432 2273 5518; x_wconf 54' lang='lat' dir='ltr'><strong>peccat&#39;a</strong></span> <span class='ocrx_word' id='word_1_852' title='bbox 2295 5432 2542 5518; x_wconf 80' lang='lat' dir='ltr'><strong>dimittit:</strong></span> <span class='ocrx_word' id='word_1_853' title='bbox 2573 5443 2663 5497; x_wconf 88' lang='lat' dir='ltr'><strong>sed</strong></span> <span class='ocrx_word' id='word_1_854' title='bbox 2684 5443 2844 5496; x_wconf 87' lang='lat' dir='ltr'><strong>etiam</strong></span> <span class='ocrx_word' id='word_1_855' title='bbox 2865 5456 2958 5492; x_wconf 93' lang='lat' dir='ltr'><strong>nos</strong></span> <span class='ocrx_word' id='word_1_856' title='bbox 2984 5437 3109 5508; x_wconf 87' lang='lat' dir='ltr'><strong>facit</strong></span> <span class='ocrx_word' id='word_1_857' title='bbox 3136 5432 3430 5488; x_wconf 83' lang='lat' dir='ltr'><strong>sacerdotes</strong></span> <span class='ocrx_word' id='word_1_858' title='bbox 3444 5448 3566 5488; x_wconf 83' lang='lat' dir='ltr'><strong>suos</strong></span> 
     </span>
    </p>
   </div>
   <div class='ocr_carea' id='block_1_103' title="bbox 1964 5517 2634 5583">
    <p class='ocr_par' dir='ltr' id='par_1_103' title="bbox 1964 5517 2634 5583">
     <span class='ocr_line' id='line_1_103' title="bbox 1964 5517 2634 5583; baseline -0.012 -7"><span class='ocrx_word' id='word_1_859' title='bbox 1964 5517 2085 5576; x_wconf 85' lang='lat' dir='ltr'><strong>aliis</strong></span> <span class='ocrx_word' id='word_1_860' title='bbox 2119 5531 2324 5583; x_wconf 79' lang='lat' dir='ltr'><strong>peccata</strong></span> <span class='ocrx_word' id='word_1_861' title='bbox 2355 5517 2634 5570; x_wconf 86' lang='lat' dir='ltr'><strong>dimittere.</strong></span> 
     </span>
    </p>
   </div>
   <div class='ocr_carea' id='block_1_104' title="bbox 2048 5577 3568 5648">
    <p class='ocr_par' dir='ltr' id='par_1_104' title="bbox 2048 5577 3568 5648">
     <span class='ocr_line' id='line_1_104' title="bbox 2048 5577 3568 5648; baseline -0.01 -3"><span class='ocrx_word' id='word_1_862' title='bbox 2048 5593 2065 5630; x_wconf 72' lang='grc' dir='ltr'><strong>ί</strong></span> <span class='ocrx_word' id='word_1_863' title='bbox 2109 5577 2267 5646; x_wconf 72' lang='lat' dir='ltr'><strong>Rom.</strong></span> <span class='ocrx_word' id='word_1_864' title='bbox 2296 5589 2426 5645; x_wconf 88' lang='lat' dir='ltr'><strong>edit.</strong></span> <span class='ocrx_word' id='word_1_865' title='bbox 2481 5601 2602 5640; x_wconf 90' lang='lat' dir='ltr'><strong>cum</strong></span> <span class='ocrx_word' id='word_1_866' title='bbox 2633 5597 2764 5638; x_wconf 88' lang='lat' dir='ltr'><strong>mss.</strong></span> <span class='ocrx_word' id='word_1_867' title='bbox 2817 5579 3058 5648; x_wconf 84' lang='lat' dir='ltr'><strong>aliquot,</strong></span> <span class='ocrx_word' id='word_1_868' title='bbox 3112 5577 3568 5648; x_wconf 12' lang='lat' dir='ltr'><strong>deferimusreos;</strong></span> 
     </span>
    </p>
   </div>
   <div class='ocr_carea' id='block_1_105' title="bbox 1971 5647 3570 5721">
    <p class='ocr_par' dir='ltr' id='par_1_105' title="bbox 1971 5647 3570 5721">
     <span class='ocr_line' id='line_1_105' title="bbox 1971 5647 3570 5721; baseline -0.008 -3"><span class='ocrx_word' id='word_1_869' title='bbox 1971 5676 2079 5720; x_wconf 87' lang='lat' dir='ltr'><strong>vet.</strong></span> <span class='ocrx_word' id='word_1_870' title='bbox 2113 5665 2244 5719; x_wconf 85' lang='lat' dir='ltr'><strong>edit.</strong></span> <span class='ocrx_word' id='word_1_871' title='bbox 2275 5675 2397 5716; x_wconf 93' lang='lat' dir='ltr'><strong>cum</strong></span> <span class='ocrx_word' id='word_1_872' title='bbox 2423 5657 2563 5716; x_wconf 74' lang='lat' dir='ltr'><strong>aliis,</strong></span> <span class='ocrx_word' id='word_1_873' title='bbox 2597 5651 2888 5718; x_wconf 79' lang='lat' dir='ltr'><strong>differimus</strong></span> <span class='ocrx_word' id='word_1_874' title='bbox 2916 5647 3024 5714; x_wconf 86' lang='lat' dir='ltr'><strong>eos,</strong></span> <span class='ocrx_word' id='word_1_875' title='bbox 3059 5648 3112 5704; x_wconf 90' lang='lat' dir='ltr'><strong>id</strong></span> <span class='ocrx_word' id='word_1_876' title='bbox 3137 5656 3253 5715; x_wconf 79' lang='lat' dir='ltr'><strong>est,</strong></span> <span class='ocrx_word' id='word_1_877' title='bbox 3299 5647 3427 5721; x_wconf 84' lang='lat' dir='ltr'><strong>quid</strong></span> <span class='ocrx_word' id='word_1_878' title='bbox 3457 5663 3570 5706; x_wconf 88' lang='lat' dir='ltr'><strong>non</strong></span> 
     </span>
    </p>
   </div>
   <div class='ocr_carea' id='block_1_106' title="bbox 1974 5724 3474 5798">
    <p class='ocr_par' dir='ltr' id='par_1_106' title="bbox 1974 5724 3474 5798">
     <span class='ocr_line' id='line_1_106' title="bbox 1974 5724 3474 5798; baseline 0.002 -20"><span class='ocrx_word' id='word_1_879' title='bbox 1974 5738 2155 5790; x_wconf 63' lang='lat' dir='ltr'><strong>statim</strong></span> <span class='ocrx_word' id='word_1_880' title='bbox 2180 5724 2620 5798; x_wconf 72' lang='lat' dir='ltr'><strong>respondemus?</strong></span> <span class='ocrx_word' id='word_1_881' title='bbox 2667 5793 2678 5798; x_wconf 33' lang='grc' dir='ltr'><strong>Α</strong></span> <span class='ocrx_word' id='word_1_882' title='bbox 2853 5790 2865 5798; x_wconf 77' lang='lat'><em>_</em></span> <span class='ocrx_word' id='word_1_883' title='bbox 3014 5791 3025 5798; x_wconf 39' lang='lat'><em>.</em></span> <span class='ocrx_word' id='word_1_884' title='bbox 3063 5791 3074 5798; x_wconf 31' lang='grc' dir='ltr'><strong>Α</strong></span> <span class='ocrx_word' id='word_1_885' title='bbox 3181 5793 3211 5798; x_wconf 46' lang='grc' dir='ltr'>η</span> <span class='ocrx_word' id='word_1_886' title='bbox 3450 5791 3474 5798; x_wconf 19' lang='grc' dir='ltr'><strong>,ν</strong></span> 
     </span>
    </p>
   </div>
   <div class='ocr_carea' id='block_1_107' title="bbox 2049 5790 3568 5869">
    <p class='ocr_par' dir='ltr' id='par_1_107' title="bbox 2049 5790 3568 5869">
     <span class='ocr_line' id='line_1_107' title="bbox 2049 5790 3568 5869; baseline -0.005 -17"><span class='ocrx_word' id='word_1_887' title='bbox 2049 5817 2071 5852; x_wconf 77' lang='lat' dir='ltr'><strong>s</strong></span> <span class='ocrx_word' id='word_1_888' title='bbox 2112 5804 2239 5858; x_wconf 85' lang='lat' dir='ltr'><strong>Mss.</strong></span> <span class='ocrx_word' id='word_1_889' title='bbox 2275 5790 2501 5869; x_wconf 74' lang='lat' dir='ltr'><strong>aliquot,</strong></span> <span class='ocrx_word' id='word_1_890' title='bbox 2531 5809 2631 5847; x_wconf 89' lang='lat' dir='ltr'><strong>non</strong></span> <span class='ocrx_word' id='word_1_891' title='bbox 2661 5790 2918 5860; x_wconf 81' lang='lat' dir='ltr'><strong>impertiat</strong></span> <span class='ocrx_word' id='word_1_892' title='bbox 2947 5791 3300 5860; x_wconf 82' lang='lat' dir='ltr'><strong>spiritualium</strong></span> <span class='ocrx_word' id='word_1_893' title='bbox 3328 5791 3568 5862; x_wconf 79' lang='lat' dir='ltr'><strong>gratiam.</strong></span> 
     </span>
    </p>
   </div>
   <div class='ocr_carea' id='block_1_108' title="bbox 223 5321 1860 5451">
    <p class='ocr_par' dir='ltr' id='par_1_108' title="bbox 223 5321 1860 5451">
     <span class='ocr_line' id='line_1_108' title="bbox 223 5321 1860 5451; baseline -0.004 -10"><span class='ocrx_word' id='word_1_894' title='bbox 223 5321 650 5443; x_wconf 36' lang='lat' dir='ltr'><strong>&quot;afﬁgi-351i</strong></span> <span class='ocrx_word' id='word_1_895' title='bbox 675 5380 863 5451; x_wconf 88' lang='lat' dir='ltr'><strong>pauci,</strong></span> <span class='ocrx_word' id='word_1_896' title='bbox 888 5379 984 5434; x_wconf 86' lang='lat' dir='ltr'><strong>soli</strong></span> <span class='ocrx_word' id='word_1_897' title='bbox 1015 5379 1290 5448; x_wconf 88' lang='lat' dir='ltr'><strong>feriebatur</strong></span> <span class='ocrx_word' id='word_1_898' title='bbox 1317 5380 1508 5451; x_wconf 87' lang='lat' dir='ltr'><strong>injuria</strong></span> <span class='ocrx_word' id='word_1_899' title='bbox 1532 5397 1550 5446; x_wconf 89' lang='lat'><strong><em>;</em></strong></span> <span class='ocrx_word' id='word_1_900' title='bbox 1573 5379 1682 5434; x_wconf 92' lang='lat' dir='ltr'><strong>duo</strong></span> <span class='ocrx_word' id='word_1_901' title='bbox 1701 5422 1714 5442; x_wconf 91' lang='lat'><strong>,</strong></span> <span class='ocrx_word' id='word_1_902' title='bbox 1748 5380 1860 5434; x_wconf 89' lang='lat' dir='ltr'><strong>sola</strong></span> 
     </span>
    </p>
   </div>
   <div class='ocr_carea' id='block_1_109' title="bbox 226 5451 1862 5535">
    <p class='ocr_par' dir='ltr' id='par_1_109' title="bbox 226 5451 1862 5535">
     <span class='ocr_line' id='line_1_109' title="bbox 226 5451 1862 5535; baseline -0.009 -16"><span class='ocrx_word' id='word_1_903' title='bbox 226 5461 591 5535; x_wconf 84' lang='lat' dir='ltr'><strong>feriebatur,</strong></span> <span class='ocrx_word' id='word_1_904' title='bbox 637 5453 798 5525; x_wconf 89' lang='lat' dir='ltr'><strong>paulo</strong></span> <span class='ocrx_word' id='word_1_905' title='bbox 829 5451 1058 5535; x_wconf 75' lang='lat' dir='ltr'><strong>melius;</strong></span> <span class='ocrx_word' id='word_1_906' title='bbox 1103 5451 1532 5535; x_wconf 66' lang='lat' dir='ltr'><strong>qiiidam,_sptns</strong></span> <span class='ocrx_word' id='word_1_907' title='bbox 1583 5451 1862 5535; x_wconf 72' lang='lat' dir='ltr'><strong>feriebatur</strong></span> 
     </span>
    </p>
   </div>
   <div class='ocr_carea' id='block_1_110' title="bbox 225 5521 1860 5606">
    <p class='ocr_par' dir='ltr' id='par_1_110' title="bbox 225 5521 1860 5606">
     <span class='ocr_line' id='line_1_110' title="bbox 225 5521 1860 5606; baseline -0.007 -18"><span class='ocrx_word' id='word_1_908' title='bbox 225 5521 452 5606; x_wconf 80' lang='lat' dir='ltr'><strong>injuria</strong></span> <span class='ocrx_word' id='word_1_909' title='bbox 482 5571 500 5595; x_wconf 92' lang='lat'><strong>,</strong></span> <span class='ocrx_word' id='word_1_910' title='bbox 547 5521 735 5606; x_wconf 72' lang='lat' dir='ltr'><strong>parum</strong></span> <span class='ocrx_word' id='word_1_911' title='bbox 765 5521 1066 5606; x_wconf 71' lang='lat' dir='ltr'><strong>commode.</strong></span> <span class='ocrx_word' id='word_1_912' title='bbox 1103 5521 1532 5606; x_wconf 56' lang='lat' dir='ltr'><strong>Praistatjgitur</strong></span> <span class='ocrx_word' id='word_1_913' title='bbox 1571 5538 1692 5606; x_wconf 77' lang='lat' dir='ltr'><strong>cum</strong></span> <span class='ocrx_word' id='word_1_914' title='bbox 1715 5525 1860 5606; x_wconf 42' lang='lat' dir='ltr'><strong>.aliis</strong></span> 
     </span>
    </p>
   </div>
   <div class='ocr_carea' id='block_1_111' title="bbox 225 5594 1862 5676">
    <p class='ocr_par' dir='ltr' id='par_1_111' title="bbox 225 5594 1862 5676">
     <span class='ocr_line' id='line_1_111' title="bbox 225 5594 1862 5676; baseline -0.008 -14"><span class='ocrx_word' id='word_1_915' title='bbox 225 5594 373 5662; x_wconf 69' lang='lat' dir='ltr'><strong>mss.</strong></span> <span class='ocrx_word' id='word_1_916' title='bbox 403 5613 468 5658; x_wconf 81' lang='lat' dir='ltr'><strong>et</strong></span> <span class='ocrx_word' id='word_1_917' title='bbox 487 5594 716 5655; x_wconf 3' lang='lat' dir='ltr'><strong>(cunctis</strong></span> <span class='ocrx_word' id='word_1_918' title='bbox 736 5597 869 5650; x_wconf 87' lang='lat' dir='ltr'><strong>edit.</strong></span> <span class='ocrx_word' id='word_1_919' title='bbox 901 5595 1100 5676; x_wconf 72' lang='lat' dir='ltr'><strong>legere,</strong></span> <span class='ocrx_word' id='word_1_920' title='bbox 1121 5594 1232 5676; x_wconf 74' lang='lat' dir='ltr'><strong>sola</strong></span> <span class='ocrx_word' id='word_1_921' title='bbox 1259 5595 1539 5663; x_wconf 85' lang='lat' dir='ltr'><strong>fcriabatur</strong></span> <span class='ocrx_word' id='word_1_922' title='bbox 1565 5594 1780 5668; x_wconf 83' lang='lat' dir='ltr'><strong>injuria,</strong></span> <span class='ocrx_word' id='word_1_923' title='bbox 1812 5595 1862 5649; x_wconf 92' lang='lat' dir='ltr'><strong>id</strong></span> 
     </span>
    </p>
   </div>
   <div class='ocr_carea' id='block_1_112' title="bbox 227 5667 1774 5743">
    <p class='ocr_par' dir='ltr' id='par_1_112' title="bbox 227 5667 1774 5743">
     <span class='ocr_line' id='line_1_112' title="bbox 227 5667 1774 5743; baseline -0.008 -13"><span class='ocrx_word' id='word_1_924' title='bbox 227 5689 349 5743; x_wconf 87' lang='lat' dir='ltr'><strong>est,</strong></span> <span class='ocrx_word' id='word_1_925' title='bbox 389 5677 594 5730; x_wconf 84' lang='lat' dir='ltr'><strong>otiosa</strong></span> <span class='ocrx_word' id='word_1_926' title='bbox 609 5679 759 5743; x_wconf 77' lang='lat' dir='ltr'><strong>erat,</strong></span> <span class='ocrx_word' id='word_1_927' title='bbox 791 5667 1020 5743; x_wconf 75' lang='lat' dir='ltr'><strong>uecjam</strong></span> <span class='ocrx_word' id='word_1_928' title='bbox 1051 5667 1283 5743; x_wconf 72' lang='lat' dir='ltr'><strong>cuipiam</strong></span> <span class='ocrx_word' id='word_1_929' title='bbox 1319 5681 1516 5743; x_wconf 71' lang='lat' dir='ltr'><strong>nocere</strong></span> <span class='ocrx_word' id='word_1_930' title='bbox 1541 5667 1774 5743; x_wconf 61' lang='lat' dir='ltr'><strong>poterat.</strong></span> 
     </span>
    </p>
   </div>
   <div class='ocr_carea' id='block_1_113' title="bbox 315 5733 1870 5807">
    <p class='ocr_par' dir='ltr' id='par_1_113' title="bbox 315 5733 1870 5807">
     <span class='ocr_line' id='line_1_113' title="bbox 315 5733 1870 5807; baseline -0.008 -5"><span class='ocrx_word' id='word_1_931' title='bbox 315 5733 349 5787; x_wconf 70' lang='grc' dir='ltr'><strong>ε’</strong></span> <span class='ocrx_word' id='word_1_932' title='bbox 379 5741 662 5802; x_wconf 78' lang='lat' dir='ltr'><strong>Nonnulli</strong></span> <span class='ocrx_word' id='word_1_933' title='bbox 685 5753 814 5792; x_wconf 87' lang='lat' dir='ltr'><strong>mss.</strong></span> <span class='ocrx_word' id='word_1_934' title='bbox 836 5779 849 5800; x_wconf 91' lang='lat'><strong>,</strong></span> <span class='ocrx_word' id='word_1_935' title='bbox 877 5736 1003 5791; x_wconf 88' lang='lat' dir='ltr'><strong>liber</strong></span> <span class='ocrx_word' id='word_1_936' title='bbox 1025 5746 1099 5807; x_wconf 74' lang='lat' dir='ltr'><strong>est</strong></span> <span class='ocrx_word' id='word_1_937' title='bbox 1130 5733 1382 5802; x_wconf 83' lang='lat' dir='ltr'><strong>Domini;</strong></span> <span class='ocrx_word' id='word_1_938' title='bbox 1423 5733 1615 5807; x_wconf 84' lang='lat' dir='ltr'><strong>reliqui</strong></span> <span class='ocrx_word' id='word_1_939' title='bbox 1651 5750 1870 5792; x_wconf 87' lang='lat' dir='ltr'><strong>omnes-</strong></span> 
     </span>
    </p>
   </div>
   <div class='ocr_carea' id='block_1_114' title="bbox 229 5806 1866 5893">
    <p class='ocr_par' dir='ltr' id='par_1_114' title="bbox 229 5806 1866 5893">
     <span class='ocr_line' id='line_1_114' title="bbox 229 5806 1866 5893; baseline -0.01 -19"><span class='ocrx_word' id='word_1_940' title='bbox 229 5831 351 5893; x_wconf 80' lang='lat' dir='ltr'><strong>qite</strong></span> <span class='ocrx_word' id='word_1_941' title='bbox 408 5817 610 5877; x_wconf 87' lang='lat' dir='ltr'><strong>edit.,</strong></span> <span class='ocrx_word' id='word_1_942' title='bbox 664 5809 875 5864; x_wconf 83' lang='lat' dir='ltr'><strong>libertus</strong></span> <span class='ocrx_word' id='word_1_943' title='bbox 914 5817 986 5860; x_wconf 83' lang='lat' dir='ltr'><strong>est</strong></span> <span class='ocrx_word' id='word_1_944' title='bbox 1029 5806 1255 5862; x_wconf 88' lang='lat' dir='ltr'><strong>Domini.</strong></span> <span class='ocrx_word' id='word_1_945' title='bbox 1328 5806 1618 5878; x_wconf 75' lang='lat' dir='ltr'><strong>Apostolus</strong></span> <span class='ocrx_word' id='word_1_946' title='bbox 1670 5809 1866 5872; x_wconf 81' lang='lat' dir='ltr'><strong>etiam,</strong></span> 
     </span>
    </p>
   </div>
  </div>
