4016 6292
188 336 295 395 725

1348 329 1438 385 ns
1476 316 1746 386 svium)
1786 311 2057 384 sancio
2094 316 2224 381 Lis.
2265 325 2306 381 ι.

3375 312 3481 381 7:28

188 453 335 524 (loel
383 468 442 520 II,
475 452 592 521 28)?
622 450 737 507 Non
759 450 862 507 hoc
890 450 959 506 de
998 448 1192 520 angelo
1216 444 1323 503 dici
1377 448 1579 516 poteSt.
1619 444 1783 500 Deni-
1808 446 1861 507 Α
1890 454 2022 501 tum.
2072 442 2214 514 Ergo
2243 434 2288 498 si
2318 443 2364 498 is
2386 438 2478 512 qui
2517 439 2679 498 habet
2725 432 2989 513 Spirititrii
3042 429 3291 496 sanetum
3315 482 3329 507 ,
3386 437 3485 524 Dei

187 561 293 617 que
310 534 536 602 Gabriel
560 545 677 616 ipse
701 544 898 599 missus
918 542 986 598 ad
1016 542 1268 597 Mariam:
1298 540 1422 605 Ave,
1448 539 1644 609 inquit,
1664 546 1784 609 g‘ra-

188 641 260 695 tia
286 636 480 711 plina;
502 639 803 710 spiritalem
831 636 1018 707 utique
1048 637 1101 690 iri
1129 638 1189 691 ea
1212 634 1497 690 declarans
1524 634 1776 705 gratiam,

188 732 332 803 quod
359 732 414 787 in
451 746 574 788 eam
595 730 835 802 Spiritus
860 738 1082 784 sanctus
1102 727 1547 797 supervenisset,
1577 732 1633 781 et
1664 727 1781 796 pie-

190 836 317 879 num
344 824 537 895 gratiae
566 828 779 879 uterum
816 821 997 877 Verbo
1018 827 1167 876 esset
1189 818 1444 874 habitura
1471 817 1707 874 caelesti.

258 916 351 973 86.
381 916 597 972 [hmini
623 915 771 973 enim
796 921 883 971 est
938 912 1124 969 omnia
1150 912 1425 982 complere
1443 952 1458 977 ,
1481 910 1575 981 qui
1613 909 1779 966 dicit:

190 1000 305 1083 Ego
336 1012 522 1067 ctelum
545 1018 594 1066 et
616 1018 808 1066 terram
842 992 1089 1080 compleo
1130 1005 1345 1080 (Jerem.
1378 1020 1531 1070 xxttt,
1559 1004 1675 1076 24).
1724 1004 1783 1061 Si

188 1116 323 1176 ergo
347 1104 613 1161 Dominus
638 1112 724 1161 est
748 1145 763 1170 ,
815 1102 906 1175 qui
935 1103 1136 1159 caelum
1165 1100 1406 1172 complet
1447 1110 1501 1156 et
1534 1104 1739 1156 terram
1766 1114 1781 1164 ;

189 1198 313 1268 quis
341 1207 520 1268 potest
542 1197 805 1268 Spiritum
839 1200 1088 1251 sanctum
1110 1195 1360 1265 judicare
1375 1193 1784 1277 dominationis,

189 1282 246 1349 et
276 1300 303 1331 ι
334 1292 534 1349 divinae
560 1293 839 1364 potestatis
860 1300 1156 1356 exsortem,
1180 1291 1273 1362 qui
1302 1289 1531 1362 replevit
1553 1289 1741 1345 orbem
1766 1329 1783 1357 ,

189 1385 405 1459 etquod
436 1386 577 1443 ultra
611 1392 782 1442 totum
805 1387 997 1443 orbem
1029 1388 1135 1451 est,
1161 1384 1396 1454 replevit
1425 1382 1609 1440 Jesum
1631 1397 1785 1436 mun-

188 1478 243 1535 di
292 1480 457 1535 totius
507 1479 960 1550 redemptorem?
1003 1477 1280 1550 Scriptum
1310 1488 1389 1532 est
1420 1478 1593 1531 enim:
1637 1473 1789 1531 Iesus

188 1583 367 1628 autem
388 1573 578 1643 plenus
606 1571 809 1641 Spiritu
840 1570 1042 1638 sancto,
1073 1574 1339 1642 regressus
1364 1578 1441 1624 est
1464 1569 1528 1623 ab
1554 1567 1789 1623 Iordane

192 1664 350 1736 (Luc.
382 1678 456 1733 tv,
486 1654 559 1737 l).
595 1664 727 1734 Quis
757 1664 921 1736 igitur
940 1663 1079 1719 alius
1106 1663 1207 1719 nisi
1240 1664 1332 1735 qui
1365 1662 1610 1733 ejuSde‘ni
1642 1666 1788 1717 esset

186 1759 573 1831 plenitudinis,
599 1760 964 1832 complentem
1004 1759 1185 1815 omnia
1226 1756 1699 1829 possetiinplere?

1884 539 2123 608 repletus
2154 546 2237 591 est
2268 535 2580 600 voluntate;
2606 533 2794 605 utique
2816 532 2961 588 inter
2987 531 3205 589 Patrem
3235 534 3291 587 et
3348 519 3479 603 Spi;

1885 630 2046 685 ritum
2069 628 2215 683 nulla
2248 618 2507 683 distantia
2538 625 2837 685 voluntatis
2864 632 2969 681 eSt.

2474 736 2701 800 CAPUT
2748 739 2877 795 Vill.

1885 832 1928 911 Α
1954 854 2066 910 Deo
2086 856 2201 911 solo
2228 832 2343 910 dari
2369 836 2671 927 Spiritum;
2702 871 2864 924 neque
2892 834 3062 910 lumen
3109 836 3274 910 totum
3304 834 3485 931 singu-

1960 948 2047 1015 lis,
2075 963 2190 1001 cum
2218 956 2405 1020 prwter
2427 946 2866 1019 ChristumOnemo
2890 947 3046 1018 fuerit
3070 946 3159 1015 qui
3182 954 3343 1000 totum
3365 932 3481 1000 eum

1955 1057 2139 1111 capere
2168 1049 2359 1110 posset.
2391 1038 2495 1094 Per
2528 1040 2785 1103 Spiritum
2801 1037 2996 1105 effundi
3017 1040 3344 1106 charitatem,
3368 1054 3484 1110 qua:

1956 1150 2047 1204 per
2076 1134 2350 1205 mysticum
2377 1114 2699 1202 unguentum
2729 1132 2954 1204 ﬁgurata
2973 1173 2987 1196 ,
3041 1130 3173 1186 nihil
3214 1147 3485 1186 commune

1958 1243 2075 1281 cunt
2118 1227 2372 1281 creaturis
2402 1224 2589 1280 habere
2616 1225 2908 1280 ostenditur
2932 1241 2950 1277 :
2982 1229 3153 1295 ipsum
3175 1234 3346 1279 autem
3368 1241 3487 1279 cum

1958 1336 2022 1375 ea:
2053 1336 2142 1374 ore
2180 1317 2276 1374 Dei
2307 1321 2513 1373 dicatur
2541 1320 2842 1393 procedere,
2867 1320 3001 1373 inter
3036 1328 3210 1373 creata
3256 1335 3359 1373 non
3402 1335 3485 1373 re-

1956 1415 2295 1488 ponendum;
2324 1431 2417 1469 nec
2446 1404 2581 1468 inter
2613 1412 2892 1468 divisibilia
2912 1453 2929 1483 ,
2960 1430 3079 1469 cum
3129 1415 3195 1468 sit
3225 1424 3472 1470 atternus.

1957 1550 2046 1608 90.
2091 1548 2260 1608 Simul
2290 1549 2421 1606 illud
2450 1550 2674 1604 adverte
2695 1590 2708 1615 ,
2741 1548 2864 1615 quia
2901 1549 3038 1604 Deus
3066 1546 3160 1603 dat
3198 1545 3465 1618 Spiritum

1888 1654 2135 1701 sanctum
2197 1642 2394 1714 (Rom.
2452 1658 2524 1709 v,
2572 1641 2665 1714 5).
2720 1640 2837 1697 Non
2879 1642 3025 1696 enim
3057 1639 3355 1697 humanum
3378 1642 3485 1697 huc

1889 1755 2048 1811 opus,
2081 1750 2257 1809 neque
2282 1738 2351 1793 ab
2373 1737 2594 1792 homine
2621 1736 2784 1791 datur
2809 1752 2821 1788 :
2856 1735 2951 1790 sed
3001 1735 3094 1805 qui
3146 1736 3431 1792 invocatur
3456 1748 3487 1791 a

259 1852 352 1909 87.
377 1852 481 1909 Sed
509 1866 574 1908 ne
592 1852 697 1909 hoc
723 1826 1026 1909 secundum
1040 1826 1259 1907 carnem
1273 1851 1475 1906 dictum
1504 1826 1784 1921 objicient;
1816 1826 1864 1900 Β
1891 1831 2196 1898 εθθθτάοιυι
2228 1842 2257 1885 3
2293 1832 2402 1886 ῧθο
2425 1828 2759 1921 tradituri?“
2786 1838 2899 1921 (tuor
2927 1826 3085 1921 {Del
3109 1838 3324 1895 ηιιιηιιεο
3374 1828 3479 1884 mi‘

183 1961 517 2018 quamquam
566 1946 689 2018 plus
715 1960 860 2002 unus
896 1944 1011 2013 ille,
1065 1961 1226 2017 quam
1258 1957 1490 2000 omnes:
1519 1944 1588 1999 de
1632 1944 1789 2014 cujus

182 2055 355 2096 carne
397 2041 584 2097 exibat
612 2034 806 2108 virtus,
831 2054 951 2112 qua:
979 2050 1197 2096 sanaret
1229 2055 1417 2095 omnes
1444 2058 1456 2093 :
1487 2047 1670 2095 tamen
1717 2038 1791 2094 si-

179 2144 278 2191 cut
300 2132 565 2191 Dominus
591 2136 829 2207 complet
855 2134 1061 2202 omniil,
1093 2135 1164 2190 ita
1186 2135 1351 2191 etiam
1386 2144 1440 2190 et
1468 2134 1537 2190 de
1576 2133 1788 2206 Spiritu

180 2227 389 2284 lectum
421 2232 536 2283 est:
572 2228 833 2296 Quoniam
879 2228 1115 2298 Spiritus
1135 2224 1351 2283 Domini
1371 2228 1587 2298 replevit
1614 2226 1789 2283 orbem

182 2330 448 2375 terrarum
490 2320 648 2391 (Sap.
682 2336 720 2388 i,
750 2316 825 2391 7).
873 2320 1050 2378 Habes
1079 2321 1242 2376 etiam
1286 2316 1353 2376 de
1392 2318 1647 2375 omnibus
1696 2320 1789 2391 qui

179 2420 558 2469 convenerant
581 2410 703 2469 cum
729 2414 992 2482 apostolis
1025 2410 1229 2469 dictum
1258 2408 1405 2485 quia;
1445 2415 1632 2484 repleti
1666 2431 1789 2470 san-

180 2515 267 2560 cto
300 2506 534 2574 Spiritu,
558 2506 899 2576 loquebantur
926 2507 1135 2561 verbum
1167 2504 1264 2562 D'ei
1281 2512 1396 2561 cum
1418 2506 1615 2577 ﬁducia
1642 2504 1784 2578 (Act.

182 2614 261 2661 tv,
283 2597 403 2669 5i).
442 2597 604 2655 Vides
625 2600 751 2670 quiti
776 2600 833 2654 et
859 2596 1254 2670 plenitudinem
1283 2608 1341 2654 et
1388 2599 1639 2654 ﬁduciam
1694 2599 1787 2654 dat

183 2687 431 2760 Spiritus
480 2700 745 2754 sanctus;
799 2689 955 2761 cujus
1003 2691 1377 2760 operationem
1426 2688 1789 2759 archa‘ngeius

182 2782 408 2837 nuntiat
428 2781 634 2846 Marias,
660 2782 875 2839 dicens:
907 2778 1139 2853 Spiritus
1167 2790 1371 2837 sanctus
1393 2779 1711 2853 iupertteniet
1732 2781 1790 2835 in

181 2885 234 2929 te
266 2868 424 2945 (Luc.
457 2888 496 2943 ι,
523 2872 640 2946 35).

261 2962 355 3023 88.
388 2967 567 3023 Habes
591 2966 755 3023 etiam
783 2968 835 3023 in
862 2968 1160 3040 Evaitgelio
1178 2958 1302 3039 quia
1342 2966 1568 3038 angelus
1594 2976 1791 3021 secun-

1892 1924 2176 1979 nisterinm
2210 1922 2516 1979 sacerdotis
2543 1922 2646 1977 est.
2680 1918 2814 1975 Nam
2860 1920 2905 1975 si
2958 1918 3158 1976 Paulus
3206 1921 3491 1994 apostolus

1886 2018 2150 2089 judicavit
2174 2018 2194 2091 (
2221 2017 2405 2089 Epltes.
2447 2032 2501 2081 v,
2537 2014 2640 2086 18)
2661 2014 2803 2086 quod
2835 2012 2955 2084 ipse
2988 2013 3195 2069 donare
3225 2012 3492 2085 Spiritum

1891 2124 2139 2171 sanctum
2161 2128 2256 2169 sua
2280 2105 2608 2168 auctoritate
2642 2126 2749 2165 non
2780 2116 2986 2179 posset,
3021 2108 3155 2164 etin
3187 2117 3397 2164 tantum
3427 2123 3490 2165 se

1892 2208 2017 2265 huic
2052 2208 2235 2265 ofﬁcio
2263 2210 2526 2278 imparem
2558 2205 2814 2271 credidit,
2852 2213 2910 2259 ut
2934 2210 2964 2259 a
2988 2204 3105 2260 Deo
3135 2219 3236 2259 nos
3267 2204 3479 2275 Spiritu

1890 2312 2102 2373 optaret
2137 2301 2346 2372 impleri
2376 2316 2390 2366 ;
2424 2300 2544 2369 quis
2570 2306 2753 2353 tantus
2792 2305 2898 2363 est,
2930 2297 3021 2368 qui
3051 2296 3213 2368 hujus
3237 2286 3511 2352 traditio?

1891 2410 2014 2449 nem
2049 2394 2289 2448 muneris
2317 2392 2422 2447 sibi
2460 2390 2658 2445 audeat
2696 2388 2991 2460 arrogare?
3033 2387 3222 2459 itaque
3244 2388 3485 2459 Aposto-

1892 2488 1977 2543 lus
2012 2483 2039 2524 ἀ
2066 2496 2250 2542 votum
2278 2484 2593 2556 precatione
2617 2481 2835 2549 detulit,
2883 2492 2991 2535 non
3019 2480 3111 2551 jus
3156 2480 3491 2537 auctoritate

1890 2581 2070 2651 aliqua
2105 2579 2440 2635 vindicavit:
2468 2578 2763 2647 impetrare
2790 2574 3038 2645 optavit,
3075 2586 3181 2627 non
3214 2572 3486 2645 imperare

1893 2672 2260 2745 praesumpsit.
2293 2673 2487 2728 Petrus
2509 2682 2723 2742 quoque
2748 2670 2824 2724 ait
2862 2669 2988 2739 quia
3039 2666 3146 2723 non
3196 2670 3316 2723 erat
3366 2666 3488 2721 ido-

1891 2783 2026 2824 neus
2055 2768 2145 2838 qui
2172 2776 2357 2837 posset
2406 2765 2668 2835 Spiritum
2722 2774 2969 2817 sanctum
2999 2761 3085 2817 vel
3131 2764 3363 2831 eligere,
3394 2754 3486 2817 vel

1892 2870 2107 2918 arcere.
2130 2860 2220 2917 Sic
2245 2861 2389 2915 enim
2419 2858 2557 2913 dixit
2587 2876 2601 2911 ς
2631 2855 2774 2930 Ergo
2798 2858 2842 2909 si
2864 2856 3096 2910 eamdem
3120 2854 3344 2926 gratiam
3369 2866 3495 2908 con-

1892 2956 2039 3011 cessit
2059 2955 2166 3009 illis
2202 2952 2343 3007 Deus
2372 2954 2503 3007 sicut
2531 2961 2577 3006 et
2599 2950 2766 3016 nobis,
2799 2965 2891 3019 ego
2920 2950 3034 3018 quis
3051 2963 3214 3013 eram,
3241 2947 3330 3017 qui
3360 2962 3481 3019 pos-

185 3062 326 3117 dum
354 3052 571 3131 tempus
594 3053 964 3118 descendebat
987 3039 1038 3116 in
1065 3060 1413 3126 natatoriam,
1436 3067 1493 3113 et
1537 3056 1791 3111 moveba-
1889 3065 1995 3105 sem
2014 3047 2287 3121 prohibere
2308 3042 2473 3100 Deum
2503 3044 2649 3116 (Act.
2683 3058 2757 3107 ιι,
2790 3042 2853 3096 t7
2879 3039 2899 3111 )
2927 3041 2951 3092 ‘t

186 3164 282 3209 tur
313 3164 455 3225 aqua
480 3171 493 3209 :
521 3161 579 3210 et
601 3154 693 3225 qui
729 3155 880 3225 prior
910 3154 1284 3211 descendisset
1323 3158 1377 3209 in
1417 3151 1739 3208 hatatoriam
1769 3189 1784 3215 ,
1963 3143 2053 3198 9i.
2119 3141 2226 3197 Sed
2278 3141 2510 3194 fortasse
2578 3136 2896 3207 apoStolicis
2984 3148 3093 3189 non
3162 3136 3491 3188 moveantur

186 3245 742 3316 sanusliebatann.
770 3264 822 3315 v,
854 3245 931 3318 4).
975 3246 1113 3315 Quid
1140 3248 1192 3302 in
1239 3247 1342 3302 hoc
1368 3252 1495 3317 typo
1539 3244 1784 3312 angelus,
1815 3231 1860 3294 C
1893 3234 2158 3306 exemplis
2191 3274 2205 3298 ,
2263 3243 2318 3288 et
2369 3232 2493 3287 ideo
2547 3230 2751 3285 divinis
2784 3237 3000 3283 utamur
3042 3225 3324 3294 oraculis;
3357 3226 3496 3282 scii-

1899 3336 2047 3400 ptuttt
2087 3337 2171 3383 est
2198 3326 2342 3383 enim
2370 3344 2383 3379 :
2411 3324 2574 3380 Iacob
2610 3338 2736 3395 puer
2782 3338 2946 3389 meus,
2994 3322 3272 3392 suscipiam
3330 3337 3445 3376 eum
3475 3338 3496 3377 :

1901 3431 1925 3461 ο
1966 3421 2137 3477 Israel
2181 3422 2370 3475 electus
2399 3435 2564 3485 meus,
2588 3417 2813 3485 suscepit
2839 3432 2953 3470 eum
2980 3415 3155 3470 anima
3188 3428 3323 3482 mea,
3371 3413 3497 3470 dedi

1900 3511 2156 3583 Spiritum
2187 3526 2354 3565 meum
2382 3511 2436 3563 in
2463 3510 2636 3578 ipsum
2681 3504 2868 3579 (Esai.
2920 3521 3045 3572 χιιι,
3099 3504 3183 3577 i).
3233 3504 3501 3562 Dominus

1899 3618 2115 3677 quoque
2143 3618 2241 3674 per
2271 3601 2485 3657 Esaiam
2511 3600 2649 3655 dixit
2672 3616 2685 3652 :
2712 3599 2946 3671 Spiritus
2969 3595 3183 3652 Domini
3208 3613 3363 3668 super
3389 3612 3495 3663 me,

1901 3706 2110 3767 propter
2132 3696 2271 3768 quod
2302 3695 2447 3751 unxit
2485 3709 2566 3748 me
2592 3690 2776 3765 (Esai.
2807 3706 2917 3759 th,
2955 3692 2979 3745 i
3010 3689 3050 3761 ).

1973 3792 2063 3847 9‘2.
2104 3792 2236 3858 Quis
2292 3805 2425 3861 ergo
2460 3786 2657 3843 audeat
2729 3786 2912 3840 dicere
2968 3791 3207 3838 creatam
3260 3781 3502 3851 Spiritus

1900 3885 2072 3941 sancti
2102 3898 2227 3941 esse
2256 3881 2640 3946 substantiam,
2682 3878 2925 3948 quicum
2974 3875 3230 3931 illuxerit
3278 3875 3333 3930 in
3370 3889 3499 3929 cor-

1905 3978 2080 4047 dibus,
2094 3978 2317 4042 nostris,
2345 3975 2546 4031 divina:
2575 3972 2855 4028 cernimus
2885 3968 3362 4040 .puiciiritudinern
3412 3981 3506 4023 ve-

1906 4072 2103 4137 ritatis,
2150 4080 2206 4126 et
2246 4067 2559 4125 distantim
2609 4072 2875 4120 creatura:
2935 4062 3346 4132 divinitatisque
3401 4075 3499 4116 cc-

275 4152 373 4231 SS.
392 4173 532 4242 Quid
556 4160 715 4245 igitur
734 4174 906 4229 salicti
934 4152 1168 4244 Spiritus
1198 4172 1515 4244 operatione
1539 4170 1801 4237 divinius,
1907 4168 2241 4239 gnoscimus,
2285 4171 2344 4218 ut
2372 4173 2509 4233 opus
2540 4169 2857 4229 segregetur
2904 4156 2975 4211 ab
3003 4154 3266 4211 auctore?
3292 4156 3400 4209 Aut
3428 4152 3500 4209 de

191 4283 331 4325 cum
364 4268 529 4323 etiam
561 4252 999 4323 benedictionum
1028 4281 1251 4321 suarum
1298 4264 1586 4333 praesulem
1629 4260 1809 4332 Spiri—
1908 4274 2011 4331 qua
2042 4269 2296 4314 creatura
2319 4253 2459 4310 Deus
2488 4254 2562 4308 ita
2591 4252 2808 4307 locutus
2842 4258 2956 4313 est,
2984 4246 3130 4319 quod
3176 4254 3272 4301 aut
3314 4245 3505 4301 Domi-

193 4371 321 4418 tum
342 4360 616 4430 Deusipse
645 4368 877 4417 testetur
904 4360 1112 4416 dicens:
1134 4358 1300 4431 319
1328 4356 1529 4411 Portam
1550 4352 1807 4427 Spiritum
1910 4353 2162 4407 nationes
2186 4359 2279 4404 aut
2311 4348 2616 4403 Potestates
2661 4342 2908 4398 effundat
2944 4349 3041 4396 aut
3089 4337 3365 4431 Angelos?
3397 4337 3511 4431 Sed

193 4469 386 4513 meum
411 4428 571 4526 super
594 4468 764 4511 semen
787 4466 955 4520 tuum,
981 4466 1029 4511 et
1060 4428 1435 4510 benetl—iotiones
1464 4467 1603 4506 meas
1651 4465 1810 4520 super
1911 4442 1976 4497 de
2005 4442 2230 4512 Spiritu,
2277 4439 2478 4508 inquit,
2509 4449 2623 4489 meo
2663 4432 2927 4501 eﬂ'undam
2953 4430 3197 4526 (Joeltt,
3228 4429 3358 4499 28).
3392 4428 3512 4485 Non

195 4550 353 4621 filios
381 4524 497 4605 tuos
522 4548 694 4620 (Esai.
719 4553 863 4616 κων,
890 4547 975 4621 '5)?
995 4548 1154 4604 Nulla
1178 4549 1321 4603 enim
1346 4553 1525 4616 potest
1548 4556 1670 4600 esse
1697 4544 1810 4613 ple-
1850 4618 1855 4621 _
1912 4535 2170 4606 Spiritum
2201 4532 2316 4597 ait,
2346 4529 2439 4584 sed
2468 4529 2532 4583 de
2554 4527 2771 4621 Spiritu
2784 4540 3002 4621 ;-neque
3032 4524 3182 4621 enim
3211 4537 3315 4579 nos
3341 4534 3515 4621 cape-

200 4616 283 4700 na
312 4616 659 4711 benedictio,
695 4645 797 4699 πιῑεὶ
831 4616 1282 4715 ρθιίίηΐυείοηθηι
1334 4641 1569 4711 Spiritus
1609 4637 1807 4695 sancti.
1838 4618 1891 4684 D
1918 4644 1975 4684 re
2006 4640 2296 4699 possumus
2322 4620 2715 4715 plenitudinem
2741 4617 2977 4688 Spiritus
3004 4616 3206 4715 sancti,
3261 4618 3365 4715 sed.
3387 4625 3513 4670 tan-

201 4732 378 4797 Urtde
404 4746 461 4793 et
495 4738 775 4809 apostolus
797 4710 933 4793 nihil
960 4737 1157 4792 melius
1184 4736 1285 4791 hoc
1313 4710 1471 4790 nobis
1493 4732 1637 4804 quod
1664 4739 1818 4801 opta-
1920 4734 2030 4778 tum
2054 4720 2374 4792 accipimus.
2402 4714 2756 4809 quantumue
2805 4724 2906 4767 suo
2932 4711 3155 4809 arbiter
3197 4710 3366 4809 mistri
3415 4724 3522 4779 pro

200 4842 306 4891 ret
333 4800 570 4900 itivenii;
602 4824 741 4888 sicut
764 4833 884 4903 ipse
912 4831 1079 4885 dixit:
1111 4828 1233 4883 Non
1263 4800 1532 4897 deficimus
1561 4840 1657 4898 pro
1680 4800 1821 4879 vobis
1921 4832 2014 4871 sua
2044 4813 2323 4869 voluntate
2359 4808 2627 4864 diviserit.
2660 4805 2816 4861 Sicut
2858 4803 3002 4903 enim
3062 4801 3160 4903 Dei
3208 4800 3392 4903 Filius.
3421 4816 3527 4852 non

201 4922 438 4983 orantes
456 4931 505 4980 et
531 4892 874 4990 obsecrantes,
907 4931 964 4976 ut
992 4921 1294 4990 repleamini
1321 4892 1615 4990 cognitione
1641 4916 1823 4970 uotun-
1922 4909 2159 4979 rapinam
2187 4905 2467 4960 arbitratus
2492 4910 2566 4955 est
2591 4914 2703 4953 esse
2729 4914 2783 4952 se
2802 4895 3056 4967 aequalem
3090 4892 3208 4990 Deo
3237 4934 3253 4961 ,
3300 4892 3392 4948 sed
3439 4906 3526 4945 se-

202 5022 343 5076 tatis
375 5021 488 5090 ejus
517 5019 570 5071 in
598 5018 738 5071 omni
768 4988 1020 5088 sapientia
1038 4988 1088 5069 et
1116 4988 1652 5081 intellectuispirilali,
1704 5023 1822 5062 am-
1925 5004 2197 5072 metipsum
2240 4996 2524 5090 exinanivit
2568 4993 2588 5063 (
2611 4992 2873 5090 Philip-pl
2895 5005 2935 5045 ιι
2964 5029 2979 5055 ,
3031 4988 3129 5055 6),
3183 4998 3242 5043 ut
3267 5000 3368 5089 nos
3395 4998 3524 5086 eum

206 5077 465 5169 bulanles
492 5104 648 5180 digne
677 5108 787 5163 Deo
817 5077 1041 5178 ('Cotoss.
1073 5120 1110 5171 i,
1145 5105 1224 5177 9).
1255 5100 1407 5160 Hunc
1429 5077 1592 5175 igitur
1617 5100 1708 5157 Dei
1735 5116 1824 5155 es-
1931 5092 2131 5150 nostris
2155 5089 2353 5144 animis
2382 5080 2667 5180 percipere
2718 5082 2885 5155 620
2926 5093 3248 5152 possemus:
3278 5077 3531 5180 exinani-

204 5168 279 5260 se
306 5202 498 5259 docuit
517 5168 877 5269 voluntatem,
908 5209 967 5256 ut
994 5168 1163 5271 magis
1183 5168 1253 5253 ’ἱὶι
1305 5168 1474 5252 bonis
1493 5188 1751 5265 operibus
1770 5200 1826 5249 et
1934 5187 2011 5242 vit
2034 5197 2215 5240 autem
2247 5195 2357 5236 non
2389 5178 2536 5271 quod
2568 5178 2683 5271 ipse
2708 5183 2856 5271 esset
2890 5186 3097 5271 vacuus
3126 5184 3240 5271 suae
3290 5168 3529 5271 plenitu-

206 5297 581 5355 sermombus
601 5306 658 5350 et
679 5263 930 5351 sensibus
953 5263 1294 5349 ambulantes
1316 5263 1830 5361 repleamorvoiun-
1935 5280 2118 5343 dinis;
2147 5274 2243 5331 sed
2268 5288 2378 5343 quo
2408 5268 2543 5326 mihi
2573 5270 2665 5340 qui
2694 5263 3091 5361 plenitudinem
3123 5263 3243 5329 ejus
3294 5263 3537 5361 sustine-

872 5346 1365 5442 c‘ordibusnostris
1381 5346 1647 5453 Spiritum
1670 5382 1831 5434 sanc-
1940 5389 1999 5430 re
2030 5385 2136 5427 non
2164 5380 2404 5439 possem,
2434 5379 2533 5435 pro
2554 5376 2622 5419 eo
2659 5358 2807 5432 quod
2836 5369 3036 5425 capere
3060 5364 3285 5423 possem
3304 5387 3322 5418 ,
3348 5346 3537 5403 inlun-

187 3337 306 3393 nisi
336 3337 748 3395 descensionem
770 3339 943 3395 sancti
984 3339 1213 3410 Spiritus
1262 3337 1564 3403 nuntiabat,
1606 3330 1636 3370 δ
1672 3340 1793 3405 qua:

189 3430 406 3487 nostris
436 3428 613 3486 futura
641 3423 1002 3499 temporibus,
1035 3442 1205 3502 aquas
1243 3430 1672 3487 sacerdotalibus
1707 3429 1791 3483 in-

188 3532 392 3579 vocata
416 3523 668 3594 precibus
689 3533 1033 3579 consecraret
1062 3524 1085 3577 ‘t
1115 3524 1209 3579 ille
1229 3538 1362 3597 ergo
1389 3522 1611 3595 angelus
1639 3536 1795 3577 sanc-

190 3622 233 3699 ti
258 3618 502 3690 Spiritus
524 3610 640 3675 erat
663 3619 903 3687 nuntius,
936 3633 1002 3673 co
1018 3617 1161 3689 quod
1178 3632 1274 3699 per
1296 3617 1525 3688 gratiam
1543 3616 1799 3693 spiritua-

190 3711 308 3781 ietn
344 3709 616 3766 medicina
646 3711 849 3767 nostris
878 3719 1025 3764 esset
1052 3708 1303 3763 animiac
1336 3707 1533 3763 mentis
1568 3708 1797 3778 languo-

189 3804 355 3862 ribus
386 3792 700 3858 deferenda.
729 3803 962 3858 Eosdem
988 3816 1118 3873 ergo
1144 3810 1198 3857 et
1220 3800 1453 3879 Spiritus
1471 3799 1797 3870 habet,qnos

190 3898 350 3953 Dens
372 3882 537 3952 Pater
562 3902 612 3950 et
645 3895 891 3951 Christus
917 3894 1210 3950 ministros.
1244 3893 1335 3949 Sic
1360 3893 1539 3947 omnia
1571 3891 1798 3962 replete,

189 3990 279 4045 sic
301 3989 489 4045 omnia
516 3988 775 4060 possidet,
801 3987 881 4043 sic
901 3986 1077 4043 omnia
1097 3995 1352 4058 operatur
1371 3995 1427 4042 et
1452 3987 1504 4041 in
1527 3984 1798 4051 omnibus,

187 4064 662 4171 quen‘iadmoduin
693 4088 749 4136 et
802 4062 942 4136 Deus
974 4062 1134 4159 Pater
1160 4089 1419 4152 operatur
1450 4088 1506 4135 et
1529 4076 1721 4134 Filius.

303 5593 332 5621 ει
372 5582 507 5638 biss.
539 5578 764 5648 aliquot,
794 5577 981 5632 divinis
1002 5574 1264 5648 potestatis
1292 5583 1568 5628 extorrem.
1614 5640 1626 5648 _
1734 5645 1741 5648 _
1790 5618 1793 5631 ,
2012 5571 2033 5599 ο
2077 5556 2257 5613 Paris.
2291 5552 2539 5624 quaedam
2568 5547 2699 5604 edit.
2730 5558 2795 5598 ac
2821 5554 2953 5597 mss.
2979 5537 3191 5608 aliquot
3212 5574 3229 5602 ,
3280 5533 3377 5589 Dei
3424 5549 3543 5603 ma-

302 5655 336 5694 ι’
369 5618 458 5731 ium
492 5618 649 5706 edn?
663 5620 877 5731 om’nps!
898 5656 949 5703 ei
978 5618 1193 5718 qqlidam
1226 5660 1393 5729 niss':
1942 5648 2057 5731 ηυξ(
2086 5674 2247 5731 nam:
2284 5712 2392 5731 mea
2470 5700 2643 5731 nntiim
2689 5680 3054 5731 nrmdicatione
3085 5676 3244 5731 detuli

306 5683 336 5694 ”
369 5683 458 5735 -““¹
492 5683 630 5706 cum
663 5683 875 5741 ΨΜ·ῠῆ
898 5683 949 5703 ’⁵³
978 5683 1193 5749 Tum"
1226 5683 1358 5729 ’ΨΜ
1379 5683 1393 5698 ’
1442 5683 1630 5697 “om.
1656 5683 1840 5735 *τ’-’ἶ
1943 5683 2053 5740 W37
2086 5700 2248 5756 Pauci
2284 5712 2414 5753 mss.
2470 5700 2571 5747 uoti
2593 5704 2643 5741 nt
2686 5683 2879 5754 praedic
2918 5683 3054 5734 tione
3085 5683 3282 5732 detulit.

214 5739 475 5803 parum,
507 5737 610 5803 qu.“
635 5723 1030 5803 ποδιῖηλαηιτα
1055 5760 1086 5803 _'
1106 5757 1152 5772 "
1172 5757 1217 5772 "
1251 5724 1542 5803 .'.'"’°‘““,‘§_
1572 5711 1838 5803 pfff’f‘ﬁ’
2025 5784 2047 5803 .
2087 5773 2184 5803 ν...
2245 5770 2352 5803 ηις.
2410 5738 2471 5803 ζει
2502 5708 2659 5803 mimi
2684 5769 2814 5803 mss.
2837 5794 2851 5803 .
2877 5698 3046 5803 fsrael
3078 5744 3282 5803 dilectui

220 5744 1843 5872 £2::'.':.:.7:‘:'.:::;::u7,::;.;;.;.;.;..t::;":.;::‘;.,"asas:
2025 5784 2047 5813 ι
2087 5744 2659 5834 strumam
2837 5794 2852 5820 .
2877 5744 3046 5806 ιεταει
3078 5744 3475 5809 «mecm

216 5858 442 5944 intibus
465 5858 732 5920 invocatus
752 5858 985 5937 precibus
1014 5858 1348 5936 consecraret.
