4016 6292
558 294 657 351 727

1910 290 2159 350 SANCTI
2195 290 2527 353 AMBROSII
3687 311 3760 369 ηε

551 405 813 464 deretur:
846 404 923 462 ita
948 405 1116 463 etiam
1136 405 1206 463 de
1228 405 1437 478 Spiritu
1459 413 1649 463 sancto
1695 404 1856 462 Pater
1905 420 1969 463 se
2018 406 2153 463 dicit
2178 412 2233 471 Α
2327 408 2416 468 97.
2443 411 2646 485 'ltaque
2676 414 2821 471 sicut
2848 423 3034 473 creata
3059 431 3167 474 non
3194 426 3375 490 potest
3395 417 3497 477 dici
3518 421 3764 493 sapientia.

442 526 455 549 ο
557 501 841 559 ell'undere
863 516 1030 574 super
1059 516 1278 559 omnem
1320 516 1581 567 carnem;
1621 515 1729 557 non
1776 500 1925 557 enim
1979 509 2152 558 totum

556 594 765 662 elludit,
802 594 901 653 sed
927 595 1074 667 quod
1103 594 1315 662 elludit,
1342 593 1594 651 omnibus
1620 593 1934 658 abundavit.

633 690 723 745 93.
767 688 944 760 Supra
973 704 1075 745 nos
1103 703 1234 760 ergo
1251 686 1479 745 etl’usum
1505 695 1590 743 est
1610 686 1677 742 de
1700 686 1909 758 Spiritu
1936 704 1950 742 :
1980 697 2037 744 at
2065 703 2158 744 ve-

560 796 623 836 ro
652 795 823 853 super.
844 780 1135 838 Dominum
1158 780 1367 846 Jesum,
1400 794 1521 835 cum
1560 780 1616 834 in
1663 778 1838 835 forma
1878 788 2027 836 esset
2061 779 2161 836 ho-

560 876 745 943 minis,
771 876 1027 933 manebat
1057 874 1312 946 Spiritus,
1341 874 1482 930 sicut
1514 874 1775 944 scriptum
1807 882 1924 929 est:
1981 872 2160 944 Supra

558 985 708 1039 quem
760 968 947 1024 uideris
989 968 1245 1041 Spiritum
1270 967 1657 1023 descendentem
1686 967 1749 1022 de
1774 967 1899 1023 mlo
1920 1009 1934 1031 ,
1978 977 2027 1021 et
2051 983 2161 1021 ma-

561 1073 763 1120 nentem
788 1080 943 1136 super
973 1080 1103 1129 eum,
1133 1064 1218 1118 hic
1242 1072 1321 1119 est
1349 1064 1437 1133 qui
1468 1062 1695 1134 baptizat
1721 1062 1776 1115 in
1810 1061 2015 1133 Spiritu
2038 1077 2161 1116 san-

557 1167 641 1214 cto
663 1158 681 1229 (
704 1156 865 1212 Joan.
899 1174 937 1222 ι,
969 1155 1101 1228 55).
1130 1154 1291 1212 Circa
1320 1170 1421 1212 nos
1449 1170 1516 1212 ex
1570 1154 1813 1210 al'lluenti
1870 1153 2159 1209 commodo

558 1251 857 1308 liberalitas
882 1240 1163 1323 largientis
1184 1258 1289 1316 est,
1314 1250 1367 1305 in
1395 1249 1490 1304 illo
1518 1248 1688 1305 totius
1713 1258 1900 1305 manet
1924 1248 1976 1304 in
2001 1255 2160 1304 aeter-

557 1360 685 1401 nutn
716 1343 957 1415 Spiritus
987 1343 1288 1413 plenitudo.
1329 1343 1486 1410 Quod
1518 1345 1688 1416 igitur
1720 1344 1874 1400 nobis
1899 1344 2035 1400 satis
2068 1359 2158 1399 es-

557 1451 617 1491 se
642 1434 936 1506 judicavit,
966 1434 1196 1491 ell‘udit:
1229 1444 1296 1509 et,
1328 1435 1473 1507 quod
1520 1436 1751 1493 ell'usum
1800 1445 1906 1501 est,
1942 1450 2049 1491 non
2075 1451 2156 1493 se-

559 1537 810 1598 paratum
837 1535 947 1593 est,
979 1542 1081 1583 nec
1114 1528 1343 1584 incisum
1372 1546 1384 1580 :
1419 1526 1516 1585 sed
1544 1528 1807 1585 unitatem
1850 1527 2013 1584 habet
2040 1528 2158 1599 ple-

556 1619 855 1688 nitudinis,
907 1634 1015 1690 quo
1063 1619 1239 1676 aciem
1309 1620 1481 1677 nostri
1529 1617 1712 1677 cordis
1761 1618 2033 1676 illuminet
2059 1634 2159 1691 pro

554 1723 756 1771 nostrae
786 1712 1154 1784 possibilitate
1186 1713 1426 1770 virtutis.
1478 1713 1717 1785 Denique
1772 1722 1980 1769 tantum
2003 1714 2153 1783 capi-

2258 518 2381 574 qute
2407 520 2472 560 ex
2502 520 2599 562 ore
2630 507 2729 563 Dei
2761 508 3035 579 procedit,
3081 525 3184 567 nec
3210 510 3469 577 Verbum,
3508 514 3633 584 quod
3671 532 3768 575 eru-

2258 606 2439 653 ctatur
2462 613 2527 654 ex
2556 600 2747 668 corde,
2776 616 2880 658 nec
2900 603 3094 671 virtus,
3124 604 3179 659 in
3222 619 3329 676 qua
3359 605 3612 677 plenitudo
3653 610 3775 685 621

2260 692 2565 763 majestatis
2584 703 2808 751 mternae
2823 704 2906 753 est
2933 714 2947 751 :
2992 697 3065 753 ita
3094 699 3259 754 etiam
3291 709 3502 755 creatus
3528 718 3620 757 non
3641 715 3778 774 potest

2258 785 2494 858 Spiritus
2521 790 2806 860 testimari,
2836 792 2928 864 qui
2957 808 3023 849 ex
3044 807 3142 850 ore
3166 793 3265 851 Dei
3288 793 3548 861 tunditur;
3573 812 3674 853 cum
3693 799 3779 869 ipse

2261 879 2408 935 Deus
2434 890 2637 937 tantam
2664 882 2969 943 ostenderit
2990 885 3280 954 unitatem,
3314 896 3375 942 ut
3401 886 3652 945 etl‘undero
3671 891 3780 947 sede

2260 969 2469 1042 Spiritu
2495 987 2597 1029 suo
2625 974 2793 1029 dicat.
2821 974 2942 1042 Quo
2980 976 3353 1047 intelligamus
3402 979 3522 1050 quia
3548 980 3685 1036 etiam
3710 982 3782 1039 Dei

2261 1064 2439 1121 Patris
2468 1066 2662 1123 eadem
2691 1068 2865 1139 gratia
2895 1070 2997 1134 sit,
3024 1085 3146 1141 qum
3169 1071 3407 1140 Spiritus
3447 1072 3604 1128 sancti
3626 1081 3720 1138 est,
3742 1083 3783 1129 et

2260 1160 2405 1232 quod
2436 1161 2553 1217 sine
2583 1161 2852 1219 incisione
2877 1177 2943 1219 ac
2974 1163 3310 1219 detrimento
3349 1164 3527 1235 aliquo
3571 1164 3785 1223 dividatur

2262 1253 2536 1310 mentibus
2562 1254 2924 1325 singulorum.
2958 1255 3112 1325 Quod
3135 1271 3266 1327 ergo
3295 1256 3366 1313 de
3391 1256 3589 1328 Spiritu
3630 1259 3708 1314 Dei
3725 1258 3786 1314 el-

2263 1343 2526 1413 iunditur,
2560 1362 2660 1403 nec
2692 1346 2976 1414 inciditur,
3003 1363 3107 1404 nec
3148 1348 3401 1420 partibus
3440 1348 3684 1421 aliquibus
3700 1364 3788 1405 cor-

2263 1439 2546 1509 poralibus
2573 1440 3079 1512 comprehenditur,
3107 1452 3200 1497 aut
3225 1452 3466 1499 secatur.

2333 1531 2424 1589 98.
2467 1531 2635 1606 [Alias
2692 1550 2809 1605 cap.
2862 1533 3021 1606 Vlll].
3063 1533 3350 1604 Quomodo
3402 1535 3542 1590 enim
3588 1534 3792 1591 credibile

2262 1637 2369 1696 est,
2401 1628 2549 1701 quod
2593 1628 2834 1700 Spiritus
2884 1629 3170 1687 sectilibus
3219 1629 3495 1702 aliquibus
3537 1630 3795 1687 dividatur?

2262 1722 2404 1779 Dicit
2423 1722 2664 1779 Joannes
2692 1723 2761 1780 de
2784 1724 2897 1780 Deo
2925 1740 2939 1777 :
2971 1721 3056 1778 Ea:
3080 1724 3178 1779 ltoc
3205 1725 3557 1798 cognoscimus
3579 1725 3686 1795 quia
3714 1740 3797 1778 sta-

550 1823 694 1877 mus,
724 1818 987 1880 quantum
1019 1807 1296 1879 prolectus
1316 1816 1520 1864 nostra:
1543 1808 1746 1865 mentis
1776 1808 2041 1877 acquirit;
2076 1807 2159 1863 in-
2187 1810 2236 1870 B
2262 1824 2345 1871 net
2384 1817 2440 1871 in
2481 1816 2628 1870 nobis
2679 1816 2743 1870 de
2789 1815 2990 1889 Spiritu
3043 1833 3194 1887 quem
3244 1816 3391 1872 dedit
3437 1818 3577 1872 nobis
3607 1816 3656 1889 (l
3678 1815 3795 1871 1m.

550 1896 882 1973 separabilis
916 1909 1004 1958 est
1038 1901 1183 1957 enim
1210 1890 1496 1972 plenitudo
1524 1901 1715 1973 gratiae
1740 1900 2028 1971 spiritalis,
2059 1899 2158 1957 sed

550 1995 710 2050 nobis
740 2009 838 2065 pro
865 2002 1069 2050 nostrae
1102 1993 1459 2064 participatur
1489 1990 1749 2048 facultate
1776 2000 2006 2048 natura).

625 2085 716 2142 94.
747 2085 988 2142 Eﬁ'undit
1013 2099 1146 2156 ergo
1171 2086 1310 2141 Deus
1337 2085 1407 2143 de
1427 2084 1655 2156 Spiritu,
1677 2084 1973 2142 effunditur
1993 2085 2157 2143 etiam

554 2178 797 2235 charitas
830 2179 921 2234 Dei
958 2194 1056 2249 per
1112 2179 1372 2250 Spiritum
1400 2196 1416 2235 :
1444 2194 1552 2250 quo
1594 2179 1718 2235 loco
1764 2179 2028 2236 unitatem
2065 2180 2158 2236 de-

557 2274 750 2329 bemus
776 2287 1079 2345 agnoscere
1107 2273 1444 2343 operationis
1468 2284 1526 2330 et
1545 2274 1758 2346 gratiae.
1809 2273 1961 2330 Sicut
2008 2274 2155 2329 enim

559 2366 629 2420 de
656 2366 865 2438 Spiritu
892 2382 949 2422 sa
964 2376 1091 2423 ncto
1122 2368 1263 2423 Deus
1301 2366 1514 2434 eﬂ‘udit,
1556 2369 1627 2423 ita
1677 2370 1842 2425 etiam
1863 2411 1879 2436 ,
1921 2368 2159 2426 Charitas

559 2457 658 2512 Dei
688 2457 854 2526 effusa
878 2470 955 2515 est
983 2461 1035 2515 in
1075 2460 1313 2516 cordibus
1362 2461 1553 2518 nostris
1597 2479 1689 2534 per
1739 2462 1996 2536 Spiritum
2031 2481 2158 2520 sane

556 2560 697 2605 ctum
725 2550 924 2624 (Rom.
959 2568 1015 2621 v,
1040 2550 1149 2624 5);
1180 2561 1238 2609 ut
1266 2553 1637 2625 intelligamus
1666 2563 1691 2592 ι
1718 2570 1829 2612 non
1871 2570 1996 2612 esse
2021 2571 2160 2627 Opus

557 2655 819 2702 sanctum
844 2644 1136 2717 Spiritum,
1167 2648 1258 2721 qui
1287 2648 1486 2705 divinae
1525 2649 1731 2706 arbiter
1774 2660 1833 2707 et
1880 2650 2001 2706 fons
2030 2666 2157 2722 pro-

560 2735 704 2794 ﬂuus
733 2737 1021 2795 charitatis
1047 2748 1151 2796 est.

628 2834 722 2891 95.
766 2834 1033 2892 Similiter
1061 2843 1245 2892 autem
1278 2844 1336 2891 ut
1363 2835 1557 2893 credas
1584 2835 1638 2892 id
1663 2836 1808 2908 quod
1831 2836 2150 2906 eﬂunditur,

555 2944 679 2985 cum
712 2930 984 2986 creaturis
1010 2945 1118 2987 non
1150 2944 1310 3002 posse
1330 2945 1454 2987 esse
1473 2945 1790 2999 commune,
1820 2932 1917 2989 sed
1945 2933 2158 3003 specia-

555 3024 610 3080 le
646 3024 988 3092 divinitatis;
1015 3027 1181 3082 etiam
1208 3033 1267 3081 et
1291 3024 1416 3081 Filii
1439 3039 1642 3081 nomen
1669 3025 1984 3095 edunditur,
2015 3027 2159 3084 sicut

552 3116 724 3173 habes
750 3134 763 3171 :
799 3116 1134 3188 Unguentum
1164 3118 1481 3186 exinanitum
1500 3127 1577 3172 est
1598 3135 1781 3173 nomen
1808 3127 1949 3174 tuum
1974 3117 2151 3193 (Cant.

2266 1924 2345 1977 ιη,
2376 1909 2505 1980 24).
2540 1919 2562 1947 ε
2596 1908 2753 1978 Quod
2791 1918 2975 1965 autem
2993 1916 3191 1966 manet
3222 1924 3478 1981 semper,
3526 1911 3691 1977 utique
3728 1925 3799 1966 nec

2265 2009 2507 2057 mutatur
2532 2019 2546 2056 :
2570 2016 2702 2071 ergo
2734 2003 2779 2057 si
2809 2004 3168 2059 mutationem
3200 2018 3307 2059 non
3351 2003 3536 2070 habet,
3585 2003 3802 2060 aeternita-

2264 2103 2371 2151 tem
2404 2094 2589 2151 habet.
2618 2094 2686 2151 Et
2706 2094 2827 2152 ideo
2854 2094 3095 2166 Spiritus
3111 2104 3333 2152 sanctus
3355 2097 3694 2167 sempiternus
3714 2105 3799 2158 est;

2261 2195 2513 2243 creatura
2562 2195 2743 2243 autem
2797 2186 3030 2243 obnoxia
3083 2188 3240 2255 vitio,
3303 2186 3539 2258 ideoque
3564 2185 3799 2242 mutabilis.

2261 2282 2418 2350 Quod
2446 2289 2627 2337 autem
2650 2280 2913 2337 mutabile
2932 2289 3037 2350 est,
3059 2294 3185 2337 esse
3222 2294 3330 2336 non
3362 2289 3542 2352 potest
3564 2279 3801 2349 sempiter-

2260 2390 2392 2431 num
2428 2374 2621 2439 (Rom.
2653 2391 2768 2444 vtn,
2798 2375 2906 2448 20)
2938 2394 2952 2431 :
2986 2385 3042 2432 et
3070 2375 3194 2431 ideo
3244 2390 3356 2432 non
3399 2385 3580 2447 potest
3622 2373 3801 2446 Spiritui

2258 2478 2446 2526 sancto
2495 2479 2550 2526 et
2583 2481 2850 2527 creaturae
2909 2485 3035 2527 esse
3065 2472 3450 2537 consortium;
3496 2471 3616 2542 quia
3641 2469 3797 2538 sempi-

2262 2572 2452 2619 ternus
2480 2571 2563 2619 est
2594 2562 2851 2635 Spiritus,
2877 2573 3128 2620 creatura
3167 2572 3353 2622 autem
3395 2564 3576 2621 omnis
3616 2564 3666 2620 in
3703 2573 3803 2620 tem-

2262 2671 2394 2727 pore
2414 2664 2518 2712 est.

2332 2751 2424 2808 99.
2463 2750 2863 2822 Sempiternum
2896 2760 3080 2808 autem
3103 2751 3371 2823 Spiritum
3398 2760 3660 2818 sanctum,
3682 2750 3804 2806 etiam

2260 2844 2561 2915 Apostolus
2576 2843 2819 2901 ostendit
2843 2862 2857 2898 :
2892 2844 2953 2901 Si
2978 2843 3126 2901 enim
3151 2846 3369 2917 sanguis
3386 2855 3648 2900 taurorum
3670 2851 3712 2897 et
3728 2841 3806 2894 Itir-

2261 2953 2459 3002 corum,
2489 2946 2537 2992 et
2566 2938 2698 2992 cinis
2719 2938 2897 2993 vitula
2936 2954 3183 3008 aspersus
3224 2939 3528 3010 inquinatos
3576 2935 3806 3003 satutiﬁtst
3910 2982 3921 3003 ,

2260 3032 2339 3085 ad
2359 3046 2561 3087 carnem
2589 3030 3014 3097 emundandam;
3043 3040 3238 3103 quanto
3265 3034 3433 3104 magis
3462 3033 3660 3104 sanguis
3684 3027 3796 3084 Clui-

2260 3128 2351 3195 sti,
2397 3129 2487 3198 qui
2510 3144 2602 3201 per
2628 3127 2884 3199 Spiritum
2913 3129 3289 3200 sempiternum
3321 3146 3378 3184 se
3399 3130 3587 3186 obtulit
3602 3129 3805 3183 innim-

552 3228 592 3279 ι,
621 3211 658 3266 2
679 3212 720 3284 ).
754 3210 923 3283 Cujus
949 3211 1152 3268 virtute
1178 3211 1453 3269 sermonis
1475 3211 1609 3267 nihil
1660 3221 1839 3282 potest
1867 3226 1988 3268 esse
2015 3228 2154 3283 prte-

2264 3197 2427 3277 latum
2477 3197 2586 3276 Deo
2613 3221 2633 3294 (
2661 3197 2823 3277 Hebr.
2857 3237 2935 3290 ts,
2970 3197 3066 3289 {5,
3101 3221 3245 3293 ll)!
3305 3222 3456 3294 Ergo
3500 3220 3805 3292 sempiternus

553 3306 813 3362 stantius.
837 3305 970 3361 Nam
997 3305 1139 3362 sicut
1165 3305 1436 3361 inclusum
1464 3304 1518 3360 in
1547 3320 1674 3361 vase
1699 3305 1881 3376 aliquo
1911 3320 2159 3377 unguen-

558 3407 673 3456 tum
701 3399 925 3456 cohibet
945 3399 1174 3455 odorem
1205 3414 1387 3464 suum,
1417 3397 1513 3466 qui
1540 3396 1681 3454 odor
1727 3397 1984 3467 quamdiu
2014 3398 2160 3454 vasis

558 3492 710 3548 illius
750 3492 1018 3563 angustiis
1042 3501 1350 3558 coercetur,
1385 3490 1490 3547 etsi
1510 3490 1579 3545 ad
1606 3491 1790 3560 plures
1839 3506 1946 3545 non
1975 3498 2160 3563 potest

560 3587 878 3657 pervenire,
922 3594 1103 3642 tamen
1137 3585 1248 3642 vim
1288 3600 1445 3641 suam
1484 3593 1702 3651 servat;
1750 3599 1875 3640 cum
1924 3598 2054 3640 vero
2089 3583 2159 3639 de

561 3692 696 3733 vase
723 3678 840 3744 illo,
881 3692 990 3748 quo
1018 3677 1394 3743 claudebatur,
1420 3685 1754 3757 unguentum
1806 3674 1962 3730 fuerit
2018 3672 2158 3730 eﬁ'u-

559 3787 704 3838 sum,
735 3771 899 3843 longe
920 3771 1136 3843 lateque
1183 3769 1548 3826 diffunditur:
1582 3769 1654 3824 ita
1707 3779 1760 3824 et
1802 3768 2005 3823 Christi
2056 3782 2156 3823 no-

562 3878 685 3920 men
717 3873 845 3920 ante
878 3863 1000 3936 ejus
1025 3864 1320 3920 adventum
1348 3862 1401 3918 in
1428 3862 1596 3918 Israel
1639 3861 1864 3934 pepulo,
1916 3861 2073 3933 quasi
2102 3864 2157 3915 in

562 3972 691 4014 vase
720 3959 905 4029 aliquo
926 3957 1241 4013 Iudaeorum
1273 3955 1550 4012 mentibus
1566 3954 1961 4011 claudebatur:
1988 3952 2159 4009 Notus

559 4052 704 4107 enim
734 4051 790 4106 in
816 4050 1007 4106 Iudaea
1027 4048 1191 4115 Deus,
1243 4050 1299 4103 in
1324 4047 1494 4103 Israel
1537 4064 1783 4119 magnum
1824 4063 2009 4102 nomen
2045 4050 2158 4120 ejus

556 4144 795 4217 (Psalm.
819 4159 986 4211 Lsxv,
1020 4146 1044 4198 l
1070 4142 1121 4215 ):
1153 4144 1257 4199 hoc
1276 4142 1461 4213 utique
1492 4157 1709 4208 nomen,
1740 4142 1883 4212 quod
1910 4155 2038 4197 vasa
2064 4139 2158 4197 Ju-

559 4237 802 4294 daeorum
834 4238 1102 4309 angustiis
1130 4237 1244 4291 suis
1274 4237 1571 4292 coercitum
1596 4235 1976 4292 continebant.

629 4332 721 4388 96.
751 4332 1002 4402 Magnum
1024 4331 1242 4402 quidem
1269 4341 1323 4387 et
1345 4340 1474 4389 tunc
1500 4346 1723 4398 nomen,
1747 4344 1872 4386 cum
1896 4329 2159 4386 inﬁrmio-

560 4440 681 4479 rum
713 4434 877 4494 atque
906 4438 1205 4495 paucorum
1240 4424 1476 4481 haereret
1517 4424 1783 4496 angustiis
1815 4442 1828 4478 :
1859 4423 1955 4480 sed
2008 4439 2158 4496 mag-

2263 3324 2346 3372 est
2369 3312 2621 3385 Spiritus.

2885 3404 3113 3463 CAPUT
3151 3404 3247 3462 IX.

2264 3543 2523 3615 Spiritum
2567 3552 2804 3599 sanctum
2849 3552 2986 3599 recte
3037 3544 3142 3599 dici
3180 3553 3508 3617 unguentum
3534 3543 3740 3609 Christi,
3776 3545 3809 3593 tt

2334 3637 2505 3690 oleum
2527 3636 2737 3703 (milite,
2771 3645 2821 3690 et
2862 3652 2990 3706 quas
3017 3638 3079 3691 ob
3121 3637 3347 3692 causas?
3387 3636 3649 3692 Christum
3680 3637 3807 3705 ipsust

2335 3743 2437 3782 non
2461 3744 2571 3783 esse
2593 3737 2917 3800 unguentum
2940 3746 2960 3796 ;
3026 3745 3144 3783 cum
3168 3738 3359 3785 unctus
3378 3730 3449 3785 sit
3481 3728 3678 3801 Spiritu
3722 3742 3805 3780 strt-

2334 3830 2415 3875 cto
2446 3837 2465 3875 :
2492 3821 2677 3875 mirum
2694 3830 2865 3875 autem
2894 3822 2947 3875 id
2974 3837 3077 3875 non
3104 3821 3288 3889 videri,
3318 3824 3364 3878 si
3381 3834 3687 3896 unguentum
3703 3833 3808 3875 roce-

2334 3923 2417 3967 tur
2439 3923 2485 3968 et
2512 3913 2764 3983 Spiritus,
2790 3931 2906 3968 cum
2939 3913 3099 3969 Pater
3125 3932 3186 3969 ac
3210 3913 3380 3971 Filius
3424 3918 3578 3972 etiam
3626 3913 3807 3985 Spiritus

2330 4007 2677 4077 appellentur.
2707 4005 2818 4062 Nec
2842 4007 3000 4063 ullam
3031 4019 3199 4062 tamen
3241 4010 3296 4063 in
3333 4009 3465 4083 ipsis
3508 4009 3805 4081 confusionem

2333 4116 2441 4155 esse
2456 4116 2477 4166 ;
2508 4116 2623 4154 cum
2647 4101 2791 4155 solus
2819 4100 3057 4157 Christus
3076 4102 3132 4156 in
3157 4118 3377 4175 corpore
3405 4102 3672 4178 oppetierit
3704 4114 3807 4155 mor-

2332 4204 2453 4261 tem,
2484 4196 2633 4263 cuius
2664 4195 2939 4266 salutifera
2969 4212 3098 4251 crux
3119 4196 3456 4268 prtedicatur.

2332 4333 2457 4389 100.
2497 4332 2753 4404 Plerique
2800 4343 2985 4391 autem
3024 4334 3278 4391 arbitrati
3341 4344 3471 4392 sunt
3518 4342 3806 4408 unguentum

2260 4425 2457 4482 Christi
2486 4442 2608 4484 esse
2666 4427 2932 4499 Spiritum
2980 4438 3250 4486 sanctum.
3287 4428 3315 4468 ἀ
3350 4430 3421 4487 Et
3446 4430 3589 4489 bene
3612 4441 3807 4506 unguen-

558 4518 864 4573 nitudinem
890 4518 973 4573 sui
1005 4518 1241 4573 nondum
1266 4534 1362 4590 per
1384 4519 1551 4576 corda
1598 4520 1866 4590 gentium,
1897 4529 1957 4575 et
1998 4520 2053 4575 in
2088 4518 2156 4575 ﬁ-
2184 4593 2217 4596 _
2260 4528 2395 4586 tum,
2425 4519 2548 4592 quia
2577 4521 2761 4578 oleum
2784 4520 2987 4578 laetitiae
3017 4533 3387 4596 nuncupatum
3443 4537 3550 4589 eat.
3597 4523 3808 4596 plurimo

559 4625 660 4667 nes
711 4611 877 4667 totius
920 4611 1072 4668 orbis
1126 4602 1412 4668 effuderat.
1462 4613 1659 4669 Postea
1702 4628 1835 4670 vero
1868 4628 2028 4684 quam
2058 4628 2157 4683 per
2181 4593 2236 4654 Ῑ)
2263 4630 2381 4670 rum
2409 4613 2692 4670 redolente
2721 4614 2919 4684 copula
2937 4593 3235 4686 gratiarum
3263 4632 3278 4671 :
3308 4631 3501 4674 verum
3525 4593 3672 4673 illum
3698 4612 3806 4668 Deus

559 4719 778 4761 omnem
812 4703 1070 4760 mundum
1101 4718 1199 4760 suo
1238 4705 1415 4760 illuxit
1460 4704 1729 4772 adventu,
1782 4721 1877 4775 per
1932 4721 2156 4763 omnem

560 4798 749 4868 utique
778 4806 1086 4853 creaturam
1109 4796 1354 4852 divinum
1388 4796 1519 4852 illud
1550 4812 1707 4854 suum
1739 4813 1938 4855 nomen
1960 4808 2152 4855 exten-

558 4890 670 4957 dit,
722 4904 835 4945 non
883 4890 1162 4961 repletum
1208 4891 1526 4947 accessione
1581 4891 1759 4963 aliqua
1807 4893 1826 4961 (
1870 4891 2153 4962 plenitudo

557 4984 706 5041 enim
735 4985 910 5041 nescit
936 4995 1285 5057 augmentum
1314 4985 1335 5058 )
1367 4987 1465 5044 sed
1501 4987 1721 5058 replens
1750 5002 1919 5043 vacua
1940 5028 1955 5053 ,
1988 4996 2047 5042 ut
2069 5001 2154 5043 es-

559 5086 646 5134 set
668 5077 993 5135 admirabile
1015 5093 1215 5136 nomen
1242 5079 1363 5151 ejus
1390 5079 1445 5135 in
1479 5081 1735 5136 universa
1760 5089 1925 5136 terra.
1977 5080 2150 5150 Hujus

556 5168 726 5241 igitur
749 5170 945 5228 effusio
969 5170 999 5211 b
1031 5172 1271 5228 nominis
1300 5172 1666 5230 abundantem
1696 5173 1986 5244 quamdam
2009 5190 2153 5231 exu-

553 5259 859 5317 berantiam
888 5264 1209 5333 gratiarum,
1252 5264 1632 5334 bonorumque
1655 5266 1962 5322 ctelestium
1984 5268 2153 5339 signi-

554 5354 679 5412 ﬁcat
694 5357 1027 5427 largitatem;
1048 5374 1114 5416 ex
1136 5358 1467 5413 abundantia
1488 5360 1635 5414 enim
1654 5358 1962 5431 superﬂuit,
1986 5362 2150 5433 quid-

559 5449 686 5517 quid
716 5450 1033 5507 eﬂ'unditur.

631 5568 657 5635 ξι
698 5562 825 5635 Mss.
851 5563 1075 5632 aliquot,
1109 5580 1202 5619 nos
1229 5580 1338 5619 esse
1367 5577 1506 5635 opus
1528 5561 1757 5635 Spiritus
1782 5568 1960 5620 sancti.

596 5698 609 5710 .
631 5627 660 5665 ι)
700 5631 830 5714 Mss.
869 5627 1114 5714 nonnulli
1136 5678 1152 5703 ,
1184 5627 1543 5714 habundantia
1573 5627 1813 5704 'quadam
1858 5636 2143 5694 exuberans

560 5708 660 5752 vim
685 5708 1062 5777 gratiarum...
1094 5709 1263 5777 itaque
1283 5708 1415 5772 sicut
1437 5714 1693 5775 creatura.

580 5823 583 5829 _
632 5760 770 5835 cita
802 5778 929 5847 mss.
965 5760 1144 5843 plures
1172 5760 1509 5847 acipotiores'
1538 5794 1553 5830 :
1584 5775 1828 5832 nonnulli
1862 5760 2039 5847 tamen
2081 5792 2136 5838 et

554 5844 742 5896 Omnes
768 5838 925 5906 edit.,
956 5838 1107 5911 Quod
1132 5838 1302 5904 autem
1325 5858 1495 5902 manet
1520 5889 1534 5916 ,
1580 5850 1778 5919 semper
1811 5840 1983 5922 utique
2025 5861 2135 5923 est,

2259 4708 2608 4777 omnipotens
2640 4707 2801 4763 Pater
2841 4708 3002 4763 unxit
3033 4709 3340 4780 principem
3363 4709 3720 4772 saces-dctum,
3739 4701 3807 4776 qui

2260 4813 2374 4855 non
2405 4808 2463 4854 ut
2492 4799 2587 4855 alii
2616 4799 2670 4855 in
2704 4807 2834 4873 typo
2861 4810 3056 4857 unctus
3085 4815 3153 4858 ex
3182 4801 3326 4875 lege,
3352 4803 3452 4861 sed
3470 4812 3529 4860 et
3554 4799 3804 4860 secundum

2259 4891 2432 4962 legem
2458 4899 2655 4947 unctus
2681 4889 2736 4945 in
2771 4901 3117 4963 corpore,.et
3140 4892 3194 4948 in
3226 4894 3457 4950 veritate
3484 4908 3649 4967 supra
3671 4891 3808 4961 legem

2259 4984 2465 5041 virtute
2488 4986 2661 5041 sancti
2693 4986 2929 5056 Spiritus
2955 5001 3023 5042 ex
3048 4985 3212 5043 Patre
3246 4986 3442 5058 plenus
3466 4997 3573 5045 est.

2331 5080 2457 5137 lOi.
2502 5080 2615 5136 Hoc
2634 5090 2719 5135 est
2742 5080 2924 5137 oleum
2952 5080 3185 5146 laetitiae,
3225 5081 3296 5137 de
3323 5097 3434 5154 quo
3461 5081 3593 5138 dicit
3612 5075 3810 5152 prophe-

2258 5180 2312 5227 ta
2340 5190 2352 5227 :
2389 5171 2554 5228 Unxit
2578 5181 2626 5227 te
2648 5171 2813 5238 Deus,
2838 5171 2980 5228 Deus
3002 5181 3121 5227 tuus
3157 5173 3275 5228 oleo
3303 5174 3495 5230 ltetitite
3521 5182 3546 5209 ε
3586 5185 3690 5243 pre
3711 5182 3805 5222 cott-

2254 5266 2481 5320 sortibus
2504 5266 2605 5320 tuis
2638 5268 2655 5335 (
2677 5264 2825 5321 Psal.
2857 5280 2999 5328 κων.
3027 5264 3108 5336 8).
3135 5265 3379 5338 Denique
3407 5266 3599 5322 Petrus
3622 5271 3807 5319 unctum

2255 5362 2462 5432 Spiritu
2507 5361 2643 5417 dicit
2686 5360 2895 5428 Jesum,
2952 5361 3095 5416 sicut
3146 5361 3358 5419 habes:
3400 5361 3496 5418 Vos
3538 5354 3805 5428 scitisquod

2255 5459 2446 5514 factum
2469 5467 2541 5511 est
2576 5456 2785 5511 verbum
2805 5472 2896 5527 per
2925 5464 3084 5510 totam
3104 5454 3369 5523 Iudicum,
3405 5455 3650 5527 incipiens
3674 5469 3705 5506 α
3726 5446 3807 5505 Gu-

2248 5576 2616 5644 nec_mntatur.
2653 5565 2723 5621 Et
2751 5577 2873 5637 post
2896 5565 3035 5622 duos
3073 5566 3391 5644 ve_rsus_ubi_
3418 5575 3552 5644 vet;
3596 5564 3718 5621 edit.
3737 5573 3805 5644 “ac

2244 5639 2417 5694 multo
2441 5639 2611 5707 major
2631 5631 2891 5694 num—erus
2911 5654 3070 5702 mss.,
3099 5638 3323 5693 obnoxia
3343 5638 3459 5694 vitio
3474 5655 3493 5694 :
3516 5637 3673 5694 Rom.
3695 5631 3805 5692 edit:

2243 5714 2365 5767 eum
2389 5711 2509 5766 aliis
2541 5711 2824 5764 nonnullis
2850 5710 2998 5775 cod.,
3032 5710 3253 5765 obnoxia
3276 5711 3505 5766 vanitati.

2312 5780 2339 5853 ἓ
2387 5782 2513 5855 Mss.
2543 5781 2773 5852 aliquot,
2808 5780 2911 5849 Qui
2926 5782 3058 5837 .bene
3094 5784 3262 5855 ungit.

2312 5863 2335 5890 θ
2373 5852 2601 5921 Quidam
2632 5859 2786 5922 mssé,
2823 5856 2930 5924 prie
2965 5852 3299 5923 participibus
3324 5856 3439 5908 tuis.
