4016 6292
254 351 352 407 733

1376 336 1466 397 DE
1505 318 1777 399 SPlRl‘l‘U
1816 334 2088 398 ΒΑΜτο
2126 339 2258 399 LIB.
2305 340 2348 396 ι.

3411 334 3518 393 7-1-

252 462 343 518 bili
364 454 723 516 :es'titnatioue
764 452 1072 529 pensantes,
1095 454 1290 512 divina:
1328 462 1535 510 natttrtc
1566 444 1819 526 intellig'i-
1846 456 1972 518 A'et
1997 444 2429 526 prudenttbds,'et
2458 457 2694 512 revelasti
2717 440 2779 513 ea
2804 444 3043 527 parvulis
3071 455 3290 530 (Matth.
3319 474 3391 522 ιιι,
3416 454 3514 525 2ῗι)

253 568 364 612 mus
391 552 668 609 arcanum.
974 632 979 637 _

312 648 434 704 120.
467 646 703 717 Denique
755 644 828 699 ita
857 642 1120 713 sapientia
1160 644 1231 698 ex
1263 638 1359 697 bre
1405 636 1658 694 altissimi
1694 652 1821 710 pro-

250 741 406 799 diisSe
434 754 491 795 se
513 737 643 793 dicit
669 735 836 811 (Eccl.
870 750 1023 804 xxtv,
1056 733 1133 808 5),
1165 748 1271 790 non
1308 744 1368 788 ut
1406 743 1559 788 extra
1598 729 1818 788 Patrem

246 835 335 901 sit,
361 832 455 890 sed
486 831 626 903 apud
657 831 910 893 Patrem;
941 828 1063 901 quia
1099 826 1319 883 Verbum
1357 835 1464 881 erat
1486 825 1627 897 apud
1652 824 1820 879 Deum

248 930 418 1003 (Joan.
451 942 490 995 r,
515 925 603 1000 t):
640 938 739 981 nec
768 925 946 981 solum
976 922 1116 994 apud
1152 922 1391 989 Patrem,
1436 916 1531 976 sed
1563 921 1725 976 etiam
1765 919 1820 975 in

248 1025 419 1081 Patre.
477 1020 615 1076 Dicit
663 1020 842 1075 enim:
878 1017 987 1089 Ego
1012 1018 1067 1071 in
1095 1016 1272 1083 Patre,
1304 1027 1351 1070 et
1384 1008 1540 1069 Pater
1562 1014 1617 1067 in
1640 1029 1720 1067 me
1746 1012 1821 1067 etis

248 1117 423 1191 (Joan.
480 1128 591 1176 xiv.
634 1111 745 1185 10).
774 1108 880 1167 Sed
911 1106 1086 1181 neque
1114 1114 1237 1166 cum
1263 1108 1330 1165 de
1376 1108 1535 1163 Patre
1578 1108 1709 1171 exit,
1751 1106 1821 1163 de

244 1214 357 1268 luco
385 1209 608 1276 recedit,
639 1218 731 1262 aut
772 1202 927 1278 quasi
954 1220 1155 1276 corpus
1183 1214 1211 1259 a
1241 1218 1473 1273 corpore
1497 1211 1817 1273 separatur:

244 1318 413 1375 neque
441 1316 565 1358 cum
609 1301 661 1356 in
694 1301 851 1356 Patre
873 1310 973 1359 est.
1005 1298 1157 1369 quasi
1188 1298 1238 1351 in
1269 1310 1499 1367 corpore
1547 1304 1819 1364 tamquam

238 1388 763 1467 corpusittcluditur.
796 1390 1032 1461 Spiritus
1054 1396 1267 1462 quoque
1286 1386 1513 1443 sanctus
1543 1399 1664 1441 cum
1696 1386 1823 1455 pr'e-

238 1487 430 1543 ccdita
472 1482 633 1539 Patre
680 1491 737 1539 et
774 1481 939 1549 Filio,
972 1498 1078 1536 non
1108 1490 1394 1550 separatur
1437 1492 1466 1533 a
1494 1477 1676 1542 Patre,
1711 1488 1821 1531 non

237 1589 515 1651 separatur
537 1592 568 1633 a
586 1575 750 1633 Filio.
776 1575 1244 1645 Quemadmodum
1284 1571 1426 1628 enim
1456 1569 1693 1641 separari
1716 1580 1821 1640 po-

237 1676 340 1732 teSt
366 1689 393 1727 a
426 1672 609 1739 Patre,
641 1669 735 1742 qui
762 1669 999 1740 Spiritus
1025 1669 1137 1724 oris
1162 1667 1279 1737 eius
1312 1672 1395 1722 est
1424 1664 1444 1736 (
1472 1660 1619 1719 Psal.
1647 1676 1818 1730 xxxii,

234 1765 348 1838 is)?
386 1750 540 1833 Quod
570 1762 755 1833 utique
782 1770 837 1817 et
876 1761 1199 1818 aeternitatis
1222 1750 1507 1823 indicium,
1542 1767 1604 1813 ‘et
1628 1754 1824 1812 divini.

235 1858 356 1914 tatis
382 1856 643 1927 exprimit
682 1856 968 1910 unitatem.

301 1950 423 2007 121.
453 1950 549 2006 Est
572 1960 702 2019 ergo
728 1956 784 2003 et
804 1955 987 2001 manet
1004 1954 1248 2015 semper,
1276 1943 1365 2014 qui
1396 1941 1510 1997 oris
1538 1947 1623 1997 est
1640 1939 1822 2012 Spiri-

232 2055 343 2100 tus:
384 2044 480 2100 sed
512 2040 850 2099 descendere
894 2039 1135 2104 videtur,
1164 2052 1286 2094 eum
1317 2036 1467 2093 illum
1499 2037 1819 2107 recipimus,

228 2147 286 2193 ut
304 2136 512 2192 habitet
540 2137 599 2191 in
622 2135 780 2190 nobis
801 2150 820 2199 ;
842 2132 915 2189 ire
939 2140 1038 2189 nos
1060 2132 1229 2188 simus
1246 2147 1277 2186 a
1301 2126 1471 2202 gratia
1495 2130 1612 2201 ejus
1634 2128 1820 2184 alieni.

218 2229 390 2285 ﬂebis
419 2227 759 2284 descendere
782 2218 1034 2293 videtur;
1069 2236 1177 2279 non
1200 2224 1348 2295 quod
1378 2223 1471 2279 ille
1500 2222 1820 2289 descendat,

228 2312 320 2379 sed
348 2322 491 2393 quod
520 2321 593 2376 ad
618 2321 774 2375 ilium
821 2320 1037 2374 animus
1078 2326 1272 2373 uester
1296 2315 1581 2372 ascendat.
1611 2315 1687 2371 De
1714 2330 1822 2386 quo

224 2415 434 2485 plenius
465 2416 798 2476 diceremus,
826 2404 935 2466 itisi
969 2406 1402 2466 meminissemus
1426 2409 1481 2462 in
1512 2406 1667 2464 libris
1709 2409 1822 2476 jam

222 2506 599 2576 superioribus
622 2498 763 2577 (Lib.
785 2518 819 2558 ν
859 2502 921 2557 de
953 2496 1105 2568 Fide,
1121 2512 1246 2573 'cap.
1266 2502 1320 2574 7)
1346 2502 1580 2572 positum
1600 2501 1746 2571 quod
1771 2509 1825 2555 et

227 2600 386 2656 Pater
426 2599 677 2655 dixerit:
710 2590 1091 2654 Descendamus
1127 2608 1175 2651 et
1218 2596 1595 2667 confundantur
1622 2596 1825 2665 linguas

223 2708 395 2747 eorum
427 2691 587 2763 (Gen.
615 2707 690 2759 xt,
724 2690 808 2763 7);
842 2700 897 2746 et
927 2689 1097 2746 Filius
1120 2690 1319 2746 dixerit
1346 2705 1362 2743 :
1393 2684 1494 2756 Qui
1524 2689 1693 2763 diligit
1720 2684 1822 2756 me,

221 2798 505 2841 sermonem
528 2786 701 2840 incum
750 2776 994 2852 servabit,
1023 2795 1072 2841 et
1112 2783 1268 2839 Pater
1296 2796 1437 2839 meus
1464 2783 1641 2855 diliget
1671 2799 1784 2838 eum
1805 2799 1825 2838 :

222 2887 269 2933 et
293 2880 361 2933 ad
407 2895 523 2935 eum
546 2879 828 2945 varientur,
861 2889 909 2933 et
940 2879 1255 2933 mansionem
1282 2878 1423 2949 apud
1444 2886 1559 2933 eum
1580 2874 1827 2948 faciemus

221 2974 405 3046 (latnt.
439 2978 557 3043 xiv,
590 2973 711 3045 25).

292 3064 417 3124 122.
445 3066 541 3126 Sic
570 3069 737 3141 igitur
760 3068 1206 3139 venitSpiritus,
1235 3067 1694 3139 quemadmodum
1737 3078 1829 3121 vc-

220 3164 299 3219 nit
329 3163 530 3231 Pater;
567 3164 694 3236 quia
726 3164 820 3219 tibi
858 3158 1024 3219 Pater
1056 3170 1179 3230 est;
1225 3152 1303 3218 ibi
1328 3169 1413 3218 est
1434 3164 1494 3217 'et
1524 3160 1726 3217 Filius:
1772 3156 1828 3215 et

2272 616 2277 623 ,
2522 538 2750 607 CAPUT
2793 538 2907 605 xit.

1928 632 2103 695 Patris
2146 650 2194 695 et
2243 634 2373 695 Filii
2422 651 2470 696 ct
2512 639 2739 711 Spiritus
2785 644 2950 697 sancti
2994 659 3148 697 unam
3193 659 3303 697 esse
3340 658 3516 714 pacem

1994 742 2146 799 atque
2178 734 2397 807 gratiam
2426 749 2444 787 :
2474 732 2712 787 similiter
2739 750 2894 788 unam
2917 735 3241 801 charittttem,
3265 750 3377 802 qua:
3406 750 3517 787 nta-

1993 824 2131 881 xime
2154 814 2207 879 in
2235 823 2500 879 hominum
2531 826 2879 895 redemptione
2904 828 3145 898 apparuit
3178 841 3197 880 :
3222 830 3375 881 unam
3421 826 3515 881 de-

1996 922 2148 992 nique
2175 923 2329 975 trium
2361 922 2892 975 communicationem.

1996 1013 2117 1068 126.
2142 1011 2309 1086 [Alias
2333 1026 2449 1083 cap.
2479 1010 2601 1086 XL]
2626 1014 2771 1085 Ergo
2788 1029 2907 1069 cum
2932 1022 3037 1070 una
3059 1014 3275 1070 vocatio
3292 1012 3383 1081 sit,
3411 1006 3517 1070 una

1922 1103 2082 1161 etiam
2106 1106 2275 1175 gratia
2290 1116 2391 1161 est.
2418 1106 2661 1177 Denique
2680 1108 2942 1181 scriptum
2962 1119 3078 1163 e51:
3106 1105 3286 1162 Gratia
3305 1107 3442 1162 vobis
3469 1117 3517 1163 et

1924 1214 2027 1269 pax
2040 1210 2070 1253 a
2089 1196 2197 1252 Deo
2221 1210 2366 1267 patre
2384 1194 2558 1255 nostra
2586 1210 2631 1255 et
2657 1198 2877 1254 Domino
2893 1199 3019 1256 Jesu
3036 1200 3240 1256 Christo
3262 1201 3444 1273 (Rom.
3471 1217 3507 1265 ι,

1923 1284 2000 1365 ⁸1).
2022 1284 2167 1348 Ecce
2192 1286 2453 1349 habemus
2475 1295 2599 1366 quia
2614 1293 2791 1349 Patris
2809 1290 3003 1350 etFilii
3026 1310 3127 1349 una
3147 1304 3231 1350 est
3252 1297 3443 1366 gratia.
3464 1303 3521 1349 ct

1922 1386 2100 1443 Patris
2112 1398 2166 1443 et
2180 1385 2299 1442 Filii
2319 1402 2419 1443 una
2440 1397 2523 1444 est
2545 1402 2646 1459 pax
2671 1407 2683 1442 :
2704 1388 2798 1445 sed
2817 1389 2928 1444 luet:
2944 1390 3114 1459 gratia
3130 1400 3179 1443 et
3201 1404 3297 1458 pax
3313 1382 3519 1445 fructus

1923 1489 2007 1537 est
2026 1478 2287 1551 Spiritus,
2314 1482 2587 1551 sicutipse
2615 1482 2907 1552 Apostolus
2931 1482 3115 1537 docuit
3143 1482 3357 1539 dicens:
3382 1479 3520 1534 Fru-

1925 1584 2034 1631 ctus
2048 1583 2218 1631 autem
2241 1564 2472 1646 Spiritus
2487 1586 2557 1630 est
2576 1576 2818 1639 charitas,
2841 1575 3110 1649 gaudium,
3127 1590 3247 1646 pax,
3276 1574 3520 1643 patientia

1928 1667 2148 1741 (Calai.
2180 1684 2231 1737 v,
2260 1667 2397 1738 22).
2430 1669 2496 1725 Ει
2525 1668 2661 1723 bona
2696 1682 2793 1738 pax
2826 1679 2877 1724 et
2908 1668 3235 1732 netiessaria,
3266 1675 3320 1719 ut
3361 1680 3521 1723 nemo

1925 1762 2353 1832 diSputationum
2380 1762 2631 1818 turbetur
2658 1761 2912 1827 incertis,
2944 1760 2969 1797 δ
3003 1775 3180 1832 neque
3213 1761 3521 1830 passionum

1845 1860 1894 1925 Β
1920 1857 2283 1927 cnrpomlium
2328 1864 2652 1926 tempestate
2682 1856 2994 1927 quatiatur:
3035 1854 3129 1911 sed
3170 1855 3527 1927 simplicitate

1925 1942 2048 2007 ﬁdei
2073 1995 2088 2019 ,
2119 1959 2173 2007 et
2194 1940 2589 2023 tranquillitate
2621 1950 2819 2007 mentis
2849 1944 3061 2020 quietus
3093 1952 3235 2005 circa
3280 1938 3374 2006 Dei
3402 1950 3519 2005 cul-

1924 2042 2036 2100 ιιιηῖ
2058 2034 2376 2116 perseveret
2405 2044 2651 2101 affectus.
2802 2118 2805 2125 ἢ

1998 2137 2120 2193 127.
2149 2138 2224 2193 De
2238 2155 2371 2210 pace
2387 2126 2763 2211 probavimus:
2789 2132 2856 2193 de
2870 2134 3045 2209 ‘gratia
3065 2148 3245 2192 autem
3264 2136 3523 2209 prapheta

1922 2222 2217 2286 Zacharias
2267 2226 2437 2298 dicit,
2487 2224 2612 2302 quia
2658 2230 2909 2301 promisit
2954 2220 3097 2286 Deus
3147 2214 3421 2284 cii‘uttdcrc
3466 2216 3522 2284 Ῑίι

1922 2318 2226 2380 Jerusalem
2274 2316 2537 2395 Spiritum
2570 2325 2759 2397 gratia:
2798 2333 2852 2379 et
2890 2314 3289 2379 iiiisericordite
3322 2320 3520 2392 (Zach.

1927 2428 2018 2487 xit,
2048 2409 2156 2494 i0);
2185 2431 2239 2477 et
2259 2412 2538 2493 apostolus
2563 2420 2755 2476 Petrus
2777 2416 2909 2475 dicit
2938 2438 2950 2473 :
2976 2416 3339 2473 Paenitentiam
3364 2417 3521 2487 agite,

1925 2526 1971 2570 et
2003 2516 2288 2586 baptizetur
2331 2515 2684 2586 unusquisque
2710 2504 2932 2568 vestrum
2980 2514 3032 2567 in
3074 2512 3277 2565 nomine
3313 2509 3526 2563 Domini

1925 2607 2053 2662 Iesu
2081 2605 2295 2671 Christi,
2330 2608 2384 2661 in
2412 2604 2765 2662 remissionem
2796 2616 3156 2677 peccatorum;
3186 2613 3234 2658 et
3262 2601 3528 2666 accipietis

1924 2700 2144 2773 gratiam
2173 2696 2409 2769 Spiritus
2432 2699 2595 2753 sancti
2615 2697 2756 2771 (Act.
2790 2713 2849 2761 tt,
2880 2697 2995 2768 58).
3022 2690 3166 2767 Ergo
3190 2695 3332 2750 sicut
3350 2693 3525 2748 Patris

1928 2796 1983 2848 et
2008 2788 2154 2860 Filii,
2186 2784 2258 2846 ita
2302 2799 2357 2847 et
2399 2789 2641 2861 Spiritus
2676 2791 2848 2844 sancti
2883 2789 3058 2861 gratia
3086 2796 3188 2843 est.
3241 2780 3526 2854 Quomodo

1929 2886 2072 2941 enim
2126 2885 2247 2941 sine
2306 2881 2512 2955 Spiritu
2548 2894 2727 2953 potest
2776 2899 2901 2938 esse
2948 2882 3143 2953 gratia,
3190 2895 3311 2936 cutn
3356 2879 3529 2951 gratia

1928 2978 2115 3035 divina
2144 2979 2320 3033 omnis
2348 2978 2400 3032 in
2425 2976 2630 3048 Spiritu
2657 2987 2846 3032 sancto
2876 2976 2988 3031 sit?
3142 2972 3145 2977 ’
3312 3043 3335 3057 ω

2002 3070 2125 3125 128.
2157 3067 2328 3143 [Alias
2356 3085 2473 3142 cap.
2504 3066 2648 3142 ΧΠ.)
2681 3070 2792 3125 Nec
2842 3069 3017 3123 solum
3068 3056 3255 3138 paceni
3296 3056 3353 3122 et
3402 3080 3526 3137 gra-

1933 3165 2065 3222 tiam
2097 3166 2327 3238 legimus
2356 3162 2532 3220 Patris
2558 3166 2613 3220 et
2641 3158 2763 3220 Filii
2812 3173 2866 3219 et
2911 3164 3149 3235 Spiritus
3192 3163 3399 3226 sancti;
3431 3161 3527 3217 scd

223 3260 312 3315 ubi
359 3258 542 3317 Filius
596 3266 715 3327 est,
744 3256 820 3314 ibi
872 3260 957 3315 est
979 3258 1219 3329 Spiiitus
1247 3264 1491 3313 sanctus.
1550 3256 1669 3312 Non
1699 3262 1829 3328 ergo
1858 3262 1906 3327 ρ
1936 3260 2099 3317 etiam
2142 3259 2485 3325 rharitatem,
2524 3270 2578 3314 et
2614 3271 2634 3298 ε
2667 3260 3102 3314 communionem
3125 3300 3141 3322 ,
3190 3254 3366 3313 ﬁdelis
3418 3256 3528 3311 Au-

219 3351 455 3409 discrete
486 3353 681 3409 venire
702 3340 1060 3407 mstimand'us
1078 3340 1419 3421 est'S‘pit-itus
1437 3356 1679 3404 sanctus;
1716 3347 1823 3403 Ve-

218 3444 299 3500 nit
325 3453 514 3501 autem
543 3460 655 3501 non
684 3440 752 3500 de
782 3446 905 3499 loco
928 3442 996 3499 ad
1033 3444 1241 3511 totum;
1275 3442 1372 3499 sed
1400 3456 1429 3498 a
1461 3430 1825 3511 dispositione

215 3538 642 3595 constitutionis
660 3538 727 3593 ad
754 3538 991 3594 Salutem
1025 3536 1446 3605 redemptionis;
1476 3542 1507 3590 a
1538 3534 1712 3606 gratia
1741 3535 1824 3589 vl-

216 3633 552 3690 viticationis
584 3630 652 3689 ad
681 3630 910 3704 gratiam
959 3622 1442 3696 sanctiﬁcationis;
1475 3634 1531 3683 ut
1564 3628 1633 3684 de
1660 3628 1827 3684 terris

211 3726 280 3783 ad
302 3728 537 3796 coelum,
588 3736 612 3764 θ’
659 3724 728 3784 de
755 3726 955 3798 injuria
978 3725 1048 3783 ad
1070 3725 1326 3799 glotiatn,
1377 3725 1446 3781 d'e
1480 3722 1713 3781 servitio
1757 3721 1824 3778 ad

210 3825 445 3895 regnum
482 3820 808 3877 transierint.

280 3915 412 3973 125.
442 3918 543 3973 Sic
565 3918 699 3987 ergo
728 3914 876 3971 venit
909 3898 1168 3985 Spiritus,
1190 3908 1651 3984 quemadmodum
1679 3913 1827 3966 venit

209 4009 395 4065 Pater.
430 4008 592 4066 Dixit
618 4008 762 4066 eam
786 4007 1001 4064 Fulus:
1037 4007 1151 4079 Egd
1181 4010 1237 4063 ‘et
1267 4006 1428 4062 Pater
1466 4008 1744 4074 veniemus,
1778 4014 1826 4061 et

205 4102 545 4160 mansionem
567 4100 708 4176 apud
735 4112 850 4158 eum
869 4100 1136 4172 facien’tus.
1163 4100 1433 4171 Numquid
1463 4097 1827 4169 corporaliter

208 4194 377 4255 Patci'
410 4198 621 4254 venit?
670 4196 763 4255 Sic
804 4194 940 4268 'e‘rgo
978 4198 1031 4252 et
1078 4193 1315 4267 Spiritus
1354 4194 1521 4267 326
1549 4193 1697 4249 venit
1722 4235 1736 4256 .
1767 4192 1824 4247 in

204 4298 318 4364 quo
341 4292 474 4351 cuni
513 4295 697 4361 véhlt,
724 4302 779 4349 et
796 4289 977 4348 Pati-is
997 4292 1050 4347 ist
1068 4288 1188 4347 Fliii
1214 4291 1373 4361 plena
1399 4288 1685 4359 prtesentla
1716 4292 1823 4341 eat.

278 4388 413 4446 124.
450 4386 599 4460 Quis
630 4386 809 4445 autem
840 4390 1015 4459 patcst
1047 4396 1077 4443 a
1119 4387 1280 4442 Patre
1309 4392 1365 4441 et
1392 4383 1532 4441 Filio
1557 4370 1823 4453 Spiritum

204 4486 470 4539 sanctum
507 4476 789 4553 separare,
826 4482 952 4537 cum
975 4478 1058 4535 vel
1090 4472 1369 4552 appellare
1408 4476 1624 4531 Patrem
1652 4480 1709 4530 'et
1736 4473 1826 4528 Fi-

201 4572 340 4633 lium
362 4579 493 4634 sine
514 4568 727 4645 Spiritu
757 4572 863 4631 non
889 4571 1185 4646 queamus?
1211 4570 1263 4626 Ν
1268 4571 1378 4625 eino
1400 4568 1545 4625 eiiim
1564 4569 1689 4622 dicit
1713 4556 1824 4621 Da-

1927 3361 2101 3424 guste.
2135 3344 2213 3409 De
2250 3354 2515 3409 charitate
2542 3342 2688 3409 eniin
2714 3353 2917 3408 dictum
2947 3360 3031 3408 est
3060 3370 3071 3406 :
3106 3350 3287 3406 Gratia
3318 3350 3529 3405 Domini

1929 3448 2094 3501 nostri
2119 3444 2250 3501 Jesu
2278 3445 2491 3512 Christi,
2526 3456 2574 3502 et
2605 3444 2832 3501 cltaritas
2881 3438 2977 3507 Dei
3015 3442 3083 3515 (Il
3110 3442 3228 3498 Cor.
3261 3460 3377 3509 xm,
3414 3442 3527 3512 15).

1930 3540 2253 3609 Accepimus
2280 3526 2602 3593 'citarilat'cm
2648 3528 2846 3593 Patris.
2889 3522 3094 3593 Eadem
3134 3530 3373 3591 Charitas
3403 3552 3525 3606 qua:

1928 3632 2126 3699 Patris,
2154 3628 2319 3688 ’etlat'n
2352 3624 2480 3687 Filii
2510 3616 2613 3688 est.
2657 3624 2776 3702 ipse
2808 3624 2952 3687 enim
2996 3630 3134 3686 dixit
3166 3648 3178 3684 :
3216 3630 3314 3696 Qui
3339 3646 3416 3683 me
3446 3628 3528 3683 di-

1930 3727 2062 3799 ligit,
2088 3726 2339 3800 diligetur
2364 3742 2395 3780 a
2421 3723 2580 3780 Patre
2609 3743 2740 3791 meo,
2770 3737 2815 3780 et
2843 3742 2939 3797 ego
2960 3727 3174 3796 diligant
3200 3740 3313 3777 eum
3340 3722 3522 3795 (Joan.

1929 3830 2037 3885 xxv,
2059 3818 2178 3891 21).
2205 3821 2334 3890 Quae
2354 3832 2433 3877 est
2457 3820 2601 3876 enim
2629 3818 2867 3875 citat-itas
2894 3818 3038 3884 Filii,
3071 3817 3174 3873 nisi
3206 3816 3326 3889 quia
3348 3832 3406 3872 se
3430 3832 3527 3887 pro

1928 3910 2084 3970 nobis
2115 3913 2330 3979 obtulit,
2386 3921 2442 3969 et
2482 3926 2583 3969 suo
2613 3914 2873 3984 sanguine
2903 3928 3002 3967 nos
3034 3912 3265 3967 redemit
3297 3909 3526 3982 (Ep/tes.

1927 4023 1981 4075 ν,
2012 4005 2107 4080 2)?
2136 4002 2341 4062 Eadem
2368 4015 2548 4061 autem
2586 3994 2825 4063 charitas
2862 4012 2919 4060 et
2968 4004 3018 4059 in
3052 4003 3215 4059 Patre
3258 4011 3362 4069 est,
3405 4001 3531 4071 quia

1928 4102 2187 4173 scriptum
2218 4096 2303 4157 est
2335 4117 2347 4154 :
2381 4100 2472 4157 Sic
2499 4103 2632 4156 enim
2664 4101 2846 4156 dilexit
2874 4100 3014 4155 Deus
3044 4094 3318 4166 mundum,
3352 4107 3406 4153 ut
3440 4095 3530 4151 1ίὶ-

1927 4192 2053 4253 lium
2084 4213 2232 4252 suum
2260 4194 2579 4269 unigenitum
2609 4196 2754 4250 daret
2784 4194 2965 4268 (Joun.
2997 4211 3074 4260 ιιι,
3116 4194 3226 4264 16).

1954 4360 1959 4363 μ
2004 4282 2129 4375 129.
2161 4278 2589 4375 Tiadidit__ergo
2624 4291 2786 4347 Pater
2833 4278 3028 4346 Filium
3056 4332 3070 4355 ,
3102 4298 3159 4345 et
3200 4272 3373 4375 Pilius
3411 4287 3527 4356 ipse

2130 4386 2190 4440 Se
2238 4360 2479 4439 li‘tldltlii.
2514 4360 2779 4439 Servatur
2826 4382 3105 4447 charitas,
3158 4372 3257 4435 nec
3314 4375 3525 4433 ιιιιόίιιιι·

1931 4478 2137 4550 pietas;
2169 4470 2321 4535 inulla
2349 4482 2434 4536 eSt
2464 4481 2608 4536 cnim
2641 4478 2857 4550 pietatis
2890 4466 3107 4549 injuria,
3140 4472 3234 4529 ubi
3268 4473 3413 4528 nulla
3446 4479 3533 4527 est

1934 4570 2246 4629 traditionis
2274 4572 2534 4628 a-iumna.
2568 4571 2819 4627 'l‘raditlit
2859 4572 3152 4635 volentem,
3188 4566 3409 4622 tradidit
3451 4565 3533 4619 ol-

202 4676 413 4729 minum
446 4672 664 4739 Iesum,
706 4672 808 4727 nisi
835 4671 888 4726 in
916 4666 1118 4744 Spiritu
1142 4664 1318 4724 sancta
1350 4664 1405 4743 (l
1428 4665 1549 4722 Cor.
1585 4678 1692 4729 xu,
1723 4661 1759 4717 '5
1780 4660 1821 4733 ).
1853 4660 1908 4727 D
1933 4658 2221 4732 terentem,
2255 4680 2361 4721 non
2410 4666 2593 4735 utique
2625 4665 2692 4719 ad
2722 4680 2939 4736 pmnam
2970 4662 3131 4717 Pater
3175 4660 3404 4728 Filium,
3438 4660 3533 4715 sed

203 4767 358 4839 Ergo
389 4771 440 4823 si
476 4766 770 4838 appellare
800 4758 1088 4821 Dominuin
1115 4754 1300 4818 desunt
1334 4756 1453 4816 sine
1480 4755 1691 4829 Spiritu
1723 4764 1830 4811 non

200 4852 547 4934 possumus,
575 4861 757 4931 utique
788 4858 906 4914 sine
932 4850 1139 4929 Spiritb
1172 4846 1468 4927 praedicare
1498 4867 1606 4907 non
1637 4864 1831 4917 possu-

200 4970 353 5013 mus.
384 4954 452 5012 Si
487 4962 680 5010 autem
704 4942 757 5009 et
780 4950 953 5023 angeli
980 4946 1283 5021 pra'dit-ant
1306 4942 1593 5000 Dominum
1622 4940 1831 5009 lcitum,

198 5050 374 5122 queui
427 5048 610 5104 nemo
655 5038 835 5116 potest
867 5046 987 5100 'sine
1037 5036 1243 5114 Spiiitli
1295 5030 1631 5112 prmdicai-e;
1678 5038 1736 5090 et
1781 5033 1834 5088 in

197 5143 343 5213 ipsis
375 5154 530 5211 ergo
557 5138 807 5208 Spiritus
824 5135 1000 5191 sancti
1030 5148 1229 5189 munus
1258 5139 1541 5201 Operatur.

273 5236 413 5293 125.
482 5228 859 5307 Probavlmus
897 5226 1062 5301 igitur
1092 5222 1258 5284 unam
1305 5222 1652 5297 praesentiam
1683 5234 1828 5288 esse,

196 5345 375 5384 unam
415 5322 665 5398 gratiam
698 5339 820 5379 esse
846 5320 1025 5378 Patris
1057 5330 1113 5378 et
1145 5319 1266 5376 Filii
1289 5327 1344 5375 et
1370 5314 1607 5389 Spiritus
1632 5314 1826 5370 sancti:

195 5436 327 5491 qua:
364 5429 491 5475 tam
524 5416 772 5471 cmlestis
797 5424 962 5485 atque
1004 5414 1189 5469 divina
1234 5420 1347 5476 est,
1394 5418 1453 5465 ttt
1479 5425 1578 5479 pro
1614 5422 1678 5463 ea
1707 5413 1833 5477 agat

190 5514 416 5586 gratias
443 5506 614 5566 Patri
645 5508 837 5577 Filius,
864 5509 1053 5566 dicens
1079 5525 1092 5562 :
1122 5506 1380 5578 Conﬁteor
1402 5504 1513 5573 tibi,
1548 5504 1705 5559 Pater
1737 5502 1832 5555 do-

1933 4756 1999 4814 ad
2028 4752 2280 4831 gratiam.
2304 4754 2362 4815 Si
2390 4758 2621 4814 diécutis
2654 4758 2781 4813 lacti
2811 4757 3087 4822 meritum,
3113 4755 3385 4825 interroga
3420 4753 3532 4823 pie-

1937 4850 2063 4908 tatis
2107 4852 2451 4907 vocabulum.
2494 4846 2600 4909 Vas
2637 4850 2923 4907 electionis
2969 4850 3227 4903 unitatem
3265 4846 3404 4901 hanc
3449 4842 3532 4897 di-

1936 4943 2078 4999 vinte
2104 4932 2385 4998 cbariiatis
2415 4943 2696 4997 evidenter
2723 4940 2961 4997 ostendit
2982 4956 2995 5005 ;
3014 4940 3136 5011 quia
3158 4948 3212 4994 et
3238 4939 3395 4992 Pater
3425 4943 3533 4988 tru-

1935 5032 2074 5090 didit
2102 5030 2322 5099 Filium,
2353 5030 2406 5089 et
2439 5026 2755 5104 Fillusipse
2793 5046 2853 5089 sc
2880 5020 3124 5088 tradidit.
3160 5030 3320 5084 Pater
3366 5023 3533 5080 tradi-

1933 5130 2036 5196 dit,
2067 5129 2161 5201 qui
2195 5128 2334 5185 Filio
2364 5131 2575 5205 praprio
2599 5146 2701 5185 non
2731 5130 2979 5203 pepercit,
3010 5126 3101 5179 sed
3136 5140 3230 5198 pro
3258 5120 3403 5174 nobis
3425 5135 3534 5172 om-

1937 5224 2086 5278 nibus
2108 5222 2322 5277 tradidit
2354 5223 2500 5278 iltum
2532 5212 2712 5294 (Rom.
2740 5238 2856 5289 vrtt,
2892 5220 3008 5289 52).
3047 5217 3122 5272 De
3150 5215 3289 5270 Filio
3318 5227 3533 5282 quoque

1938 5313 2068 5370 dicit
2092 5332 2105 5368 :
2144 5314 2243 5382 Qui
2265 5331 2318 5368 se
2338 5312 2553 5368 tradidit
2582 5330 2677 5385 pro
2703 5328 2782 5366 me
2810 5310 3008 5382 (Galat.
3036 5323 3097 5369 tt,
3125 5306 3239 5372 20).
3270 5302 3531 5368 Tradidit,

1937 5408 2131 5477 inquit.
2157 5407 2214 5464 Si
2241 5407 2454 5477 gratim,
2474 5405 2602 5476 quid
2631 5405 2833 5475 arguo?
2856 5404 2899 5455 si
2930 5399 3166 5467 injuria},
3197 5398 3317 5466 plus
3338 5393 3531 5448 debeo.

2011 5502 2135 5559 150.
2167 5494 2272 5557 Sed
2300 5500 2443 5575 sicut
2472 5494 2632 5552 Pater
2659 5494 2880 5551 tradidit
2901 5490 3118 5554 Filium,
3154 5498 3207 5543 et
3234 5488 3400 5543 Filius
3422 5487 3537 5555 ipse

192 5579 342 5664 mine
371 5605 506 5663 ιωιί
527 5612 585 5661 et
612 5615 779 5671 teme,
809 5604 947 5677 quod
972 5598 1285 5659 abscondisti
1313 5600 1477 5657 hwca
1510 5597 1831 5672 sapientibus
1938 5590 1998 5651 se
2043 5584 2299 5661 iradidit,
2346 5590 2532 5662 accipe
2576 5590 2700 5660 quia
2744 5597 2800 5643 et
2845 5583 3081 5654 Spiritus
3124 5598 3247 5637 eum
3295 5579 3534 5635 tradidit.

272 5754 300 5782 ιι
333 5738 483 5797 Mss.
522 5738 757 5805 aliquot,
790 5738 852 5793 de
878 5736 1059 5810 inferis
1086 5734 1153 5810 ad
1183 5728 1423 5810 gloriam.
1776 5794 1797 5809 μ

268 5814 301 5856 δ
335 5792 805 5879 ᾗόἶίιιιηηίιιεᾷη
834 5792 995 5882 neque
1016 5792 1306 5882 passionem
1325 5792 1673 5877 bdt'pbralittm
1701 5794 1829 5882 teni-

190 5899 476 5974 pestatum
530 5874 1121 5965 patiamurjtquidam
1176 5880 1364 5952 etiam,
1411 5874 1572 5952 neque
1618 5874 1822 5953 passio-

2174 5716 2522 5796 teiiipestatem
2550 5721 2808 5794 patiamur
2836 5734 2854 5775 :
2882 5706 3067 5772 caeleri
3100 5704 3154 5773 ei.
3199 5702 3331 5772 edit.
3384 5702 3440 5771 iit
3483 5702 3539 5775 iit

1936 5808 2020 5852 lex
2052 5813 2106 5852 u.
2192 5850 2197 5852 ,

1936 5808 2209 5929 “animi
2232 5881 2389 5937 mss.,
2418 5862 2825 5923 communionem
2857 5858 3029 5941 ﬁdelis
3056 5861 3377 5920 teternitatis.
