4016 6292
493 304 601 364 755
1861 296 2106 357 SANC'I‘I
2143 295 2467 357 AMBROSII
3654 297 3737 353 7'56

491 419 772 490 Scriptum
801 427 884 475 est
912 419 1057 475 enim
1084 435 1098 473 :
1130 417 1281 474 Tunc
1323 417 1480 473 Iesus
1508 417 1696 471 ductus
1723 423 1799 470 est
1839 414 1892 468 in
1921 413 2097 468 deser-
2123 415 2177 474 A
2200 413 2367 468 mittet
2397 411 2557 468 Pater
2585 412 2640 468 in
2669 412 2874 468 nomine
2912 427 3027 468 meo
3048 453 3063 480 ,
3105 412 3196 468 ille
3237 427 3326 467 eos
3373 411 3562 468 docebit
3601 414 3743 468 omnia

495 522 607 567 tum
633 511 698 565 ab
727 510 954 581 Spiritu,
981 522 1038 564 ut
1080 519 1358 566 tentaretur
1382 528 1414 564 a
1444 507 1652 562 diabolo
1676 505 1890 580 (Matth.
1916 502 2091 576 tv,1).
2199 504 2382 576 (Joan.
2407 522 2558 572 xxiv,
2590 504 2707 576 26).
2734 505 2840 574 Qui
2872 516 3052 561 autem
3082 506 3237 562 venit
3268 505 3322 560 in
3369 506 3578 560 nomine
3612 504 3744 574 Filii,

497 603 646 676 Ergo
673 613 729 660 et
771 602 1009 676 Spiritus
1033 603 1267 675 diligens
1301 601 1520 658 tradidit
1553 600 1648 657 Dei
1683 600 1898 656 Filium.
1942 598 2096 655 Sicut
2199 601 2389 672 utique
2427 601 2590 656 etiam
2622 601 2676 656 in
2715 600 2946 655 nomine
2985 598 3166 655 Patris
3214 599 3402 666 venit;
3453 598 3571 670 quia
3611 614 3747 654 unum

498 698 645 754 enim
675 713 779 754 una
803 707 888 755 est
913 697 1150 755 charitas
1180 697 1355 752 Patris
1383 706 1437 751 et
1469 695 1612 762 Filii,
1647 695 1718 749 ita
1751 693 1892 748 lianc
1917 691 2096 747 cliari-
2201 711 2398 752 nomen
2437 694 2614 750 Patris
2640 704 2695 750 et
2732 695 2852 750 Filii
2883 704 2987 751 est.
3037 694 3127 751 Sic
3167 694 3227 750 ﬁt
3251 703 3309 749 ut
3339 708 3500 748 unum
3529 702 3578 749 et
3604 693 3749 749 Patris

495 800 664 848 tatem
687 792 785 848 Dei
811 806 974 864 supra
996 790 1196 848 edundi
1232 805 1323 860 per
1353 787 1612 858 Spiritum
1640 795 1887 842 sanctum
1913 784 2093 856 (Rom.
2200 797 2258 845 et
2289 788 2409 844 Filii
2442 804 2641 844 nomen
2664 789 2734 845 sit
2759 797 2816 845 et
2855 788 3096 859 Spiritus
3139 787 3338 844 sancti.
3377 786 3489 844 Nec
3516 787 3644 843 enim
3684 795 3752 844 est

499 898 555 952 ν,
588 882 670 955 5),
701 891 758 938 et
783 882 1016 939 fructum
1048 896 1170 938 esse
1196 880 1366 936 sancti
1389 879 1632 950 Spiritus
1662 877 2094 941 declaravimus;
2200 882 2346 937 aliud
2397 898 2594 939 nomen
2626 882 2729 938 sub
2762 883 2901 939 coelo
2923 882 3132 950 datum,
3172 881 3224 937 in
3266 895 3377 952 quo
3418 889 3651 951 oporteat
3672 895 3752 936 nos

494 976 620 1049 quia
651 981 851 1049 fructus
881 987 953 1032 est
982 975 1212 1046 Spiritus
1238 974 1486 1039 charitas,
1519 973 1790 1044 gaudium,
1842 987 1966 1042 pax,
2005 988 2099 1042 ρει·
2200 976 2381 1031 salvos
2405 975 2520 1031 ﬁeri
2563 975 2715 1048 (Act.
2746 991 2826 1043 tv,
2857 974 2970 1046 12).

499 1073 684 1128 tientia
711 1072 912 1142 (Galat.
945 1087 996 1136 ν,
1028 1069 1148 1142 22).
2274 1070 2397 1125 185.
2426 1070 2595 1125 Simul
2647 1069 2834 1126 docuit
2882 1069 3142 1125 unitatem
3188 1067 3360 1123 divini
3407 1066 3627 1123 nominis
3656 1075 3755 1123 esse

573 1168 698 1223 151.
733 1165 910 1238 [Alias
937 1181 1054 1238 cap.
1079 1163 1249 1237 XIII.]
1296 1163 1862 1220 Communicationem
1915 1170 2096 1218 autem
2200 1161 2548 1227 credendam,
2591 1178 2696 1217 non
2725 1162 3184 1232 disparilitatem;
3234 1161 3491 1232 quoniam
3517 1160 3566 1215 in
3589 1160 3755 1215 unitate

502 1267 558 1314 et
584 1246 758 1314 Patris
787 1267 843 1314 et
871 1256 990 1312 Filii
1019 1270 1143 1313 esse
1173 1257 1521 1312 manifestum
1544 1265 1650 1322 est,
1678 1255 1803 1327 quia
1835 1253 2098 1324 scriptum
2204 1255 2443 1310 numinis
2473 1255 2622 1309 venit
2652 1253 2898 1310 Christus
2926 1273 2937 1308 :
2973 1255 3024 1309 in
3064 1270 3164 1310 suo
3193 1263 3374 1309 autem
3407 1253 3612 1309 nomine
3646 1268 3752 1308 ven-

501 1360 619 1407 est:
646 1349 715 1404 Et
743 1350 1142 1405 communicatio
1173 1360 1354 1405 nostra
1396 1366 1512 1404 cum
1542 1348 1722 1415 Patre,
1750 1358 1797 1403 et
1819 1346 1962 1402 Filio
1987 1348 2100 1418 ejus
2205 1361 2358 1406 turus
2386 1351 2756 1408 Anticliristus
2783 1361 2889 1418 est,
2920 1351 3062 1407 sicut
3089 1351 3357 1421 scripturn
3383 1358 3468 1404 est
3495 1366 3508 1403 :
3537 1346 3638 1420 Ego
3666 1350 3754 1402 seni

501 1443 631 1500 Jcsu
659 1442 867 1498 Christo
895 1441 942 1513 (I
963 1443 1123 1498 Joan.
1155 1459 1196 1509 ι,
1237 1444 1296 1514 5)
1321 1459 1337 1509 ;
1378 1453 1434 1498 et
1473 1443 1601 1498 alibi
1629 1459 1643 1495 :
1667 1442 2102 1514 'Communicatio
2202 1445 2256 1498 in
2287 1446 2493 1500 nomine
2521 1444 2700 1498 Patris
2726 1445 2844 1509 mei,
2884 1454 2932 1499 et
2963 1460 3065 1498 non
3112 1443 3386 1516 accepistis
3411 1456 3529 1497 me:
3566 1443 3609 1496 si
3647 1442 3754 1496 aliis

501 1537 738 1607 Spiritus
770 1537 937 1591 sancti
967 1551 1087 1590 cum
1116 1536 1355 1590 omnibus
1381 1537 1522 1590 vobis
1556 1535 1631 1608 (Il
1660 1535 1781 1591 Cor.
1831 1550 1949 1599 xm,
1985 1533 2096 1605 15).
2204 1541 2393 1593 uenerit
2418 1540 2472 1593 in
2500 1539 2705 1592 nomine
2733 1554 2847 1603 suo,
2875 1537 3024 1591 illum
3049 1536 3311 1606 accipietis
3334 1533 3513 1608 (Joan.
3536 1550 3588 1600 v,
3607 1533 3704 1604 15).

500 1627 561 1684 Si
593 1628 760 1698 igitur
780 1643 883 1684 una
906 1642 1028 1698 pax,
1058 1643 1162 1684 una
1184 1628 1382 1700 gratia,
1414 1643 1519 1683 una
1541 1627 1802 1695 cbaritas,
1829 1642 1930 1682 una
1953 1641 2102 1682 com-
2281 1635 2405 1690 156.
2440 1633 2706 1689 Edoctum
2735 1642 2818 1688 est
2860 1631 3026 1703 igitur
3052 1646 3116 1687 ex
3159 1631 3244 1686 bis
3276 1645 3384 1685 non
3415 1643 3534 1684 esse
3557 1628 3605 1683 in
3630 1627 3756 1682 Patre

499 1720 798 1776 municatio
823 1730 908 1776 est
938 1720 1115 1777 Patris
1145 1729 1203 1777 et
1232 1720 1354 1776 Filii
1396 1732 1452 1777 et
1486 1721 1719 1792 Spiritus
1749 1721 1954 1788 sancti;
1994 1734 2100 1775 una

2216 1738 2262 1784 et
2289 1727 2426 1795 Filio
2457 1739 2511 1784 et
2529 1727 2734 1800 Spiritu
2759 1737 2948 1782 sancta
2986 1725 3247 1796 paraclito
3296 1724 3528 1779 nominis
3561 1721 3751 1778 diversi-

498 1821 650 1870 certe
672 1814 920 1886 operatio
962 1825 1084 1871 est:
1117 1826 1173 1871 et
1205 1816 1293 1872 ubi
1340 1831 1445 1871 una
1476 1817 1727 1886 operatio
1755 1826 1861 1884 est,
1913 1817 2101 1887 utique
2132 1827 2180 1887 B
2208 1832 2404 1878 tatem:
2437 1831 2490 1878 et
2517 1821 2661 1892 quod
2687 1835 2884 1876 nomen
2914 1829 2998 1876 est
3027 1820 3230 1886 Patris,
3263 1818 3314 1874 id
3337 1833 3460 1873 esse
3481 1816 3632 1873 etiam
3656 1814 3751 1870 Filii

502 1923 613 1962 non
640 1915 822 1979 potest
853 1907 1024 1963 virtus
1045 1921 1169 1964 esse
1193 1908 1390 1976 divisa,
1420 1918 1477 1965 et
1507 1908 1743 1964 discreta
1772 1908 2100 1964 substantia.
2207 1932 2440 1972 nomen;
2473 1915 2727 1971 similiter
2747 1913 2892 1986 quod
2920 1927 3119 1969 nomen
3140 1922 3224 1968 est
3245 1911 3390 1972 Filii.
3419 1925 3539 1966 esse
3557 1910 3604 1965 id
3622 1910 3752 1965 etiam

504 1999 639 2058 Nam
655 2003 933 2074 quomoda
950 2003 1285 2074 operationis
1305 2003 1550 2074 ejusdem
1569 2004 1740 2076 gratia
1757 2002 2104 2060 conveniret?

1098 2095 1333 2155 CAPUT
1365 2097 1506 2154 XIII.

506 2188 818 2247 Divinarum
841 2193 1000 2248 trium
1013 2209 1348 2264 personarum
1369 2210 1532 2248 unum
1553 2209 1660 2249 esse
1675 2210 1859 2248 nomen
1877 2211 1904 2250 e
1923 2193 2105 2265 Scrip-

581 2285 712 2338 turis
740 2285 1058 2342 demonstrat
1083 2286 1384 2342 Ambrosius
1409 2302 1428 2341 :
1457 2297 1508 2340 at
1550 2288 1605 2341 in
1647 2288 1828 2358 primis
1856 2288 2105 2343 unitatem

580 2377 805 2433 nominis
853 2376 982 2432 Filii
1011 2395 1074 2433 ac
1114 2377 1345 2450 Spiritus
1373 2380 1574 2444 sancti;
1607 2396 1723 2434 cum
1761 2389 1970 2451 uterque
2010 2398 2106 2450 pa-

2208 2010 2445 2081 Spiritus
2471 2009 2673 2074 sancti;
2705 2006 2922 2079 quando
2953 2007 3119 2062 etiam
3151 2005 3450 2076 paraclitus
3471 2001 3625 2057 Filius
3645 2001 3752 2056 dici-

2209 2114 2316 2171 tur,
2339 2105 2478 2159 sicut
2503 2112 2558 2159 et
2579 2103 2813 2174 Spiritus
2839 2110 3084 2156 sanctus.
3107 2098 3176 2154 Et
3196 2097 3318 2153 ideo
3330 2098 3408 2153 ait
3432 2097 3485 2152 in
3505 2093 3752 2165 Evangelia

2208 2199 2470 2254 Dominus
2497 2197 2657 2253 Jesus
2682 2215 2694 2250 :
2729 2197 2940 2268 Rogabo
2979 2193 3191 2250 Patrem
3220 2209 3413 2257 meum,
3442 2201 3489 2244 et
3513 2191 3651 2245 alium
3675 2205 3749 2258 pa-

2207 2291 2446 2347 raclitum
2476 2291 2618 2346 dabit
2639 2291 2781 2346 vobis
2807 2289 2896 2361 qui
2923 2288 3182 2343 vobiscum
3211 2287 3274 2341 sit
3305 2286 3357 2340 in
3387 2294 3622 2340 mternum
3647 2279 3749 2350 Spi-

2207 2387 2364 2440 ritum
2390 2385 2621 2440 veritatis
2652 2383 2833 2456 (Joan.
2866 2397 2982 2448 xlv,
3019 2379 3133 2451 16).
3164 2379 3234 2435 Ει
3260 2378 3403 2435 bene
3446 2375 3577 2432 dixit
3604 2374 3750 2438 alium,

579 2471 793 2526 raclitus
819 2471 1023 2525 dicatur
1049 2480 1096 2526 et
1115 2472 1324 2526 ueritas.
2074 2532 2077 2533 ν

580 2564 707 2621 152.
743 2565 909 2638 [Alias
931 2582 1051 2637 cap.
1076 2565 1244 2639 XIV.]
1274 2565 1411 2635 Quis
1461 2567 1625 2638 igitur
1656 2575 1681 2604 η
1714 2567 1976 2623 unitatem
2008 2581 2104 2623 ne-

509 2675 642 2732 gare
670 2661 869 2718 audeat
907 2664 1164 2729 nominis,
1187 2677 1309 2718 cum
1353 2661 1686 2733 operationis
1715 2663 1898 2718 videat
1927 2662 2104 2717 unita-

511 2754 661 2810 tem?
687 2755 793 2811 Sed
817 2756 945 2826 quid
973 2772 1075 2828 ego
1105 2756 1369 2812 unitatem
1401 2757 1634 2812 nominis
1657 2757 1995 2828 argumentis
2021 2771 2108 2812 as-

517 2858 689 2915 truo;
740 2863 862 2904 cum
913 2849 1111 2904 divinae
1162 2849 1314 2906 vocis
1363 2849 1588 2906 evidens
1637 2849 2005 2906 testimonium
2036 2852 2108 2906 sit

515 2956 681 2996 unum
707 2955 905 2998 nomen
938 2956 1064 2998 esse
1090 2941 1266 2997 Patris
1294 2950 1349 2996 et
1381 2941 1500 2997 Filii
1531 2951 1586 2998 et
1623 2942 1860 3012 Spiritus
1889 2943 2060 2997 sancti
2084 2944 2108 2996 ξ’

513 3032 785 3102 Scriptum
826 3043 910 3089 est
937 3035 1124 3089 enim:
1169 3032 1271 3101 Ite,
1304 3035 1562 3104 baptizate
1603 3046 1776 3106 gentes
1817 3036 1872 3089 in
1898 3037 2105 3090 nomine

513 3127 694 3181 Patris
716 3136 764 3181 et
795 3124 928 3182 Filii
965 3138 1013 3182 et
1044 3127 1279 3198 Spiritus
1323 3130 1491 3184 sancti
1521 3128 1736 3201 (Matth.
1776 3144 1965 3196 xxvnt,
1996 3129 2106 3200 19).

2209 2495 2279 2536 ne
2311 2481 2488 2552 ipsum
2521 2478 2741 2544 Filium,
2775 2479 2952 2548 ipsum
2983 2474 3246 2545 Spiritum
3280 2470 3630 2541 intelligeres;
3657 2464 3753 2522 uoi-

2210 2585 2293 2628 tas
2338 2573 2484 2629 enim
2534 2570 2770 2626 nominis
2818 2579 2923 2635 est,
2960 2583 3067 2624 non
3101 2564 3223 2622 Filii
3256 2575 3280 2603 ε
3309 2564 3637 2636 Spiritusque
3674 2559 3756 2615 Sa-

2209 2665 2444 2721 belliana
2475 2663 2744 2719 conlusio.

2285 2760 2408 2816 157.
2427 2757 2574 2815 Edit.
2589 2757 2717 2812 Ben.
2736 2755 2904 2829 [Alias
2919 2771 3037 2824 cap.
3057 2751 3198 2827 XV.]
3214 2750 3402 2822 Itaque
3422 2748 3553 2805 alius
3569 2744 3750 2819 paracli-

2211 2862 2298 2909 tus
2311 2865 2392 2908 est
2407 2851 2597 2920 Filius,
2619 2851 2757 2906 alius
2770 2849 3063 2920 paraclitus
3081 2845 3318 2917 Spiritus
3334 2853 3574 2908 sanctus;
3593 2838 3758 2895 Filium

2211 2948 2355 3002 enim
2389 2945 2707 3016 paraclitum
2739 2944 2875 3000 dixit
2913 2941 3077 2997 etiam
3105 2939 3342 2996 Joannes
3365 2979 3380 3003 ,
3420 2936 3556 2992 sicut
3583 2931 3753 2989 babes:

2213 3039 2273 3096 Si
2297 3044 2414 3112 quis
2445 3040 2760 3112 peccaverit,
2797 3037 3110 3108 paraclitum
3146 3034 3392 3089 habemus
3421 3029 3556 3102 apud
3583 3026 3758 3081 Patrem

2210 3135 2390 3190 Iesum
2416 3133 2678 3188 Christum
2701 3131 2747 3204 (I
2763 3130 2921 3186 Joan.
2944 3145 3003 3196 ιι,
3031 3127 3106 3200 1).
3128 3126 3316 3198 Itaque
3345 3118 3758 3197 quemadmodum

513 3217 583 3272 In
605 3219 812 3274 nomine
841 3219 1000 3285 dixit,
1049 3236 1156 3276 non
1189 3221 1242 3276 in
1272 3221 1608 3278 nominibus.
1656 3222 1772 3277 Non
1803 3238 1936 3293 ergo
1957 3222 2104 3279 aliud
2138 3228 2183 3291 C
2217 3229 2402 3285 unitas
2425 3226 2680 3290 nominis,
2725 3225 2798 3280 ita
2839 3223 3004 3279 etiam
3037 3220 3220 3276 unitas
3247 3216 3530 3290 potestatis
3563 3224 3663 3277 est;
3689 3209 3760 3265 ubi

515 3325 712 3367 nomen
744 3311 941 3380 Patris,
969 3312 1116 3368 aliud
1141 3328 1338 3369 nomen
1368 3312 1514 3382 Filii,
1539 3314 1688 3370 aliud
1713 3330 1910 3372 nomen
1936 3315 2108 3387 Spiri.

515 3413 602 3460 tus
627 3405 842 3472 sancti;
876 3405 1003 3477 quia
1044 3422 1186 3462 unus
1230 3409 1369 3464 Deus
1400 3425 1414 3464 :
1451 3407 1476 3446 ι’
1509 3425 1614 3465 non
1658 3409 1810 3481 plura
1846 3411 2107 3475 nomina;

2213 3325 2363 3381 enim
2393 3320 2687 3393 paraclitus
2714 3318 2972 3389 Spiritus,
2998 3316 3072 3372 ibi
3094 3315 3262 3372 etiam
3297 3313 3487 3369 Filius.

2233 3475 2236 3477 _
2288 3414 2412 3472 158.
2442 3412 2575 3468 Nam
2602 3413 2741 3467 sicut
2768 3410 2858 3466 hic
2885 3409 2940 3465 in
2982 3417 3250 3464 aeternum
3275 3405 3539 3461 Dominus
3563 3400 3762 3457 futurum

515 3497 639 3567 quia
670 3512 776 3554 non
802 3497 913 3554 duo
944 3499 1052 3566 Dii,
1080 3513 1188 3555 non
1214 3511 1322 3556 tres
1355 3501 1436 3557 Dii
1463 3501 1507 3572 (I
1533 3501 1655 3557 Cor.
1691 3517 1810 3572 vnt,
1833 3505 1913 3574 4).

591 3591 716 3646 155.
749 3591 817 3647 Et
846 3601 905 3647 ut
927 3593 1167 3663 aperiret
1195 3594 1322 3664 quia
1353 3609 1463 3650 una
1512 3595 1768 3651 divinitas
1794 3637 1809 3663 ,
1859 3611 1964 3652 una
1998 3612 2113 3652 ma-

517 3685 688 3754 jestas
709 3695 814 3753 est,
847 3689 972 3758 quia
1002 3703 1168 3743 unum
1197 3703 1397 3744 nomen
1422 3689 1600 3746 Patris
1625 3700 1678 3747 et
1713 3690 1833 3748 Filii
1861 3701 1917 3747 et
1942 3691 2115 3762 Spiri-

522 3788 608 3832 tus
633 3780 804 3834 sancti
829 3795 844 3844 ;
873 3795 973 3835 nec
1000 3785 1052 3835 in
1080 3781 1188 3836 alio
1219 3783 1438 3838 nomine
1464 3784 1677 3840 venerit
1703 3784 1892 3851 Filius,
1922 3787 1975 3840 in
2006 3787 2114 3843 alio

520 3873 742 3929 nomine
780 3873 1016 3946 Spiritus
1053 3885 1304 3942 sanctus,
1357 3878 1434 3932 ait
1483 3879 1599 3948 ipse
1649 3879 1946 3934 Dominus:
1999 3879 2114 3953 Ego

516 3969 628 4023 veni
648 3970 702 4024 in
724 3971 929 4026 nomine
943 3969 1118 4026 Patris
1143 3973 1264 4039 mei,
1289 3983 1337 4028 et
1358 3990 1462 4028 non
1483 3975 1754 4042 accepistis
1774 3991 1889 4032 me:
1915 3977 1959 4031 si
1979 3977 2115 4032 alius

2215 3524 2336 3566 cum
2388 3506 2639 3563 ﬁdelibus
2681 3505 2939 3576 Spiritum
2983 3502 3154 3568 dicit,
3199 3499 3272 3555 ita
3304 3498 3467 3554 etiam
3494 3495 3558 3551 de
3581 3508 3634 3549 se
3661 3489 3764 3545 alibi

2216 3603 2452 3660 ostendit
2477 3601 2620 3674 quod
2653 3601 2706 3656 in
2736 3610 2998 3655 aeternum
3029 3610 3152 3652 cum
3180 3592 3444 3666 apostolis
3473 3590 3540 3646 sit
3564 3587 3763 3646 iuturus.

2216 3697 2407 3752 dicens
2432 3713 2445 3750 :
2478 3693 2613 3750 Ecce
2642 3710 2732 3765 ego
2759 3692 3016 3747 uobiscum
3036 3703 3151 3742 sum
3189 3685 3426 3741 omnibus
3449 3681 3616 3737 diebus
3633 3689 3765 3746 usque

2217 3795 2285 3846 ad
2305 3790 2796 3845 consummationem
2819 3785 2999 3840 mundi
3024 3781 3241 3856 (Matth.
3267 3794 3454 3842 xxvitt,
3477 3774 3587 3845 '20).
3621 3773 3762 3829 Unum

2218 3892 2345 3941 sunt
2375 3898 2504 3955 ergo
2543 3881 2717 3937 Filius
2746 3891 2800 3936 et
2827 3877 3102 3950 Spiritus:
3138 3889 3304 3930 unum
3351 3885 3545 3927 nomen
3573 3875 3647 3924 est
3671 3861 3763 3918 Tri-

2221 3979 2430 4045 nitatis,
2458 3989 2514 4033 et
2545 3992 2649 4031 una
2678 3965 3502 4052 inseparabilisque.praesentia.

515 4063 708 4118 uenerit
734 4063 790 4117 in
812 4065 1017 4118 nomine
1039 4081 1157 4133 suo,
1182 4065 1332 4120 illum
1352 4067 1617 4136 accipietis
1638 4065 1818 4139 (Joan.
1850 4084 1905 4134 ν,
1923 4068 2041 4139 45).

587 4158 748 4212 155‘.
773 4157 927 4227 Quod
952 4169 1132 4214 autem
1156 4173 1354 4215 nomen
1379 4159 1555 4214 Patris
1576 4169 1681 4226 est,
1701 4161 1804 4217 hoc
1821 4160 1962 4217 idem
1990 4161 2113 4216 Filii

515 4250 794 4321 Scriptura
817 4251 1099 4318 declarat;
1133 4253 1264 4324 quia
1310 4255 1365 4308 in
1409 4253 1598 4335 Exodo
1627 4254 1768 4310 dixit
1807 4254 2071 4310 D‘ominus
2100 4276 2112 4308 ;

517 4340 632 4416 Ego
656 4343 956 4397 antecedam
979 4353 1026 4398 te
1048 4344 1104 4398 in
1137 4355 1160 4382 ο
1189 4345 1398 4399 nomine
1420 4361 1535 4399 meo
1565 4355 1615 4400 et
1642 4345 1808 4418 628
1843 4343 2029 4401 uocabo
2061 4346 2116 4400 in

518 4437 726 4490 nomine
745 4453 854 4492 meo
879 4435 1163 4492 Dominum
1187 4439 1244 4494 in
1268 4449 1542 4512 conspectu
1571 4450 1658 4495 tuo
1692 4439 1887 4512 (Exod.
1916 4458 2114 4505 xxxtn,

2293 4071 2418 4127 159.
2455 4070 2605 4128 Sicut
2648 4079 2828 4123 autem
2879 4051 3219 4122 ostendimus
3254 4059 3568 4130 paraclitum
3604 4051 3766 4109 Filium

2221 4164 2552 4221 nominatum
2572 4205 2586 4229 ,
2607 4163 2678 4217 ita
2703 4160 2864 4217 etiam
2884 4156 3228 4215 ostendimus
3247 4153 3528 4208 veritatem
3543 4145 3763 4219 Spiritum

2220 4267 2609 4329 nuncupatum.
2671 4255 2882 4310 Veritas
2932 4251 3222 4314 Christus;
3277 4246 3480 4302 veritas
3530 4239 3764 4311 Spiritus;

2222 4355 2391 4411 babes
2411 4353 2554 4409 enim
2584 4351 2637 4407 in
2667 4349 2892 4422 epistola
2914 4346 3172 4402 Joannis:
3202 4342 3466 4412 Quoniam
3489 4337 3696 4408 Spiritus
3711 4338 3766 4386 est

2221 4448 2408 4502 veritas
2435 4443 2480 4517 (I
2507 4444 2663 4499 Joan.
2694 4458 2748 4509 ν,
2791 4441 2869 4512 6).
2902 4439 3020 4495 Non
3048 4439 3221 4493 solum
3247 4449 3379 4505 ergo
3405 4431 3626 4502 Spiritus
3651 4424 3766 4517 veri-

523 4528 637 4600 19).
672 4528 934 4585 Dominus
963 4546 1091 4602 ergo
1119 4531 1263 4587 dixit
1291 4535 1412 4603 quia
1446 4533 1499 4588 in
1530 4533 1751 4590 nomine
1775 4549 1875 4590 suo
1901 4534 2120 4591 vacabit
2224 4539 2370 4607 tatis,
2404 4513 2499 4594 sed
2530 4537 2692 4592 etiam
2721 4534 2926 4590 veritas
2953 4530 3153 4587 dicitur
3179 4526 3437 4597 Spiritus,
3469 4523 3602 4580 sicut
3625 4528 3674 4574 et
3703 4513 3767 4570 Fi-

521 4623 808 4679 Dominum
835 4642 848 4678 :
871 4625 1132 4680 Dominus
1151 4641 1282 4697 ergo
1299 4637 1352 4683 et
1370 4625 1544 4682 Patris
1565 4637 1651 4684 est
1678 4643 1875 4683 nomen
1897 4635 1948 4683 et
1965 4627 2110 4684 Filii.
2141 4623 2195 4684 D
2222 4631 2326 4688 lius
2351 4632 2556 4688 veritas
2586 4627 2910 4700 praedicatur
2933 4669 2948 4694 ,
2981 4624 3074 4696 qui
3101 4623 3214 4678 ait:
3252 4619 3367 4693 Ego
3408 4635 3520 4674 sum
3545 4615 3620 4670 oio
3647 4621 3686 4666 et
3707 4625 3772 4666 re»

591 4717 717 4772 154.
747 4713 881 4772 Cum
913 4727 1094 4774 autem
1124 4733 1292 4774 unum
1326 4734 1524 4776 nomen
1553 4720 1627 4775 sit
1652 4719 1828 4776 Patris
1873 4729 1928 4776 et
1963 4719 2110 4790 Filii,

518 4812 706 4880 accipe
735 4812 860 4881 quia
893 4821 950 4868 et
977 4811 1210 4883 Spiritus
1238 4813 1413 4868 sancti
1442 4812 1586 4869 idem
1617 4829 1813 4870 nomen
1845 4813 1938 4882 sit,
1981 4831 2116 4886 quo-

521 4904 665 4960 niam
696 4913 750 4958 et
773 4903 1009 4975 Spiritus
1029 4914 1252 4961 sanctus
1276 4905 1328 4960 in
1361 4905 1583 4961 nomine
1613 4905 1736 4962 Filii
1759 4907 1907 4962 venit
1930 4948 1945 4974 ,
1977 4907 2118 4962 sicut

520 4999 783 5066 scriptum
806 5009 921 5055 est:
951 4998 1249 5055 Paraclitus
1279 5008 1453 5054 autem
1476 4999 1706 5071 Spiritus
1731 5011 1945 5056 sanctus
1966 5018 2116 5073 quem

595 5191 619 5254 τι
646 5180 817 5254 Edit.,
841 5181 1095 5254 unitatem
1123 5197 1365 5254 separare
1392 5183 1600 5237 audeat.

593 5253 620 5290 δ
650 5252 778 5308 Mss.
805 5253 1033 5321 aliquot,
1056 5268 1158 5307 non
1180 5252 1336 5322 plura
1359 5254 1593 5311 numina.
1615 5254 1732 5310 Non
1759 5254 1902 5310 bono
1923 5269 2111 5311 sensu.

599 5335 620 5360 ο
653 5324 723 5396 Ita
758 5333 867 5378 vet.
897 5324 1031 5396 edit.
1063 5339 1126 5378 ac
1154 5327 1335 5394 plures
1363 5339 1496 5378 mss.
1525 5340 1554 5378 a
1591 5327 1786 5396 quibus
1815 5327 1974 5380 Rom.
2012 5327 2116 5382 hoc

526 5395 644 5449 solo
665 5395 854 5458 distat,
890 5393 1033 5467 quod
1076 5393 1274 5451 exemit
1308 5393 1747 5467 praapusitionem
1776 5399 1861 5452 in:
1896 5398 2116 5467 quidam

527 5473 708 5520 autem
748 5479 881 5519 mss.
929 5465 1174 5536 ultimam
1207 5479 1420 5536 partem
1444 5466 1702 5522 exhibent
1740 5469 1792 5522 in
1834 5465 2120 5524 linncmo-

529 5536 656 5589 dum
687 5553 700 5587 :
743 5535 989 5590 invocabo
1032 5544 1082 5589 te
1107 5578 1120 5600 ,
1151 5535 1356 5591 nomine
1403 5554 1538 5604 meo,
1571 5536 1811 5597 Domine.
1842 5552 1949 5594 etc.
1980 5540 2123 5595 LXX

2219 4727 2349 4780 ritas
2371 4733 2418 4779 et
2445 4725 2549 4779 vita
2577 4722 2621 4796 (I
2649 4720 2806 4777 Joan.
2836 4734 2950 4784 xtv,
2985 4715 3067 4789 6).

2716 4810 2882 4886 329
2917 4807 3148 4868 CAPUT
3178 4805 3321 4862 xw.

2226 4909 2475 4982 Singulas
2523 4908 2796 4963 Trinitatis
2828 4920 3074 4977 personas
3104 4919 3131 4957 e
3167 4899 3332 4956 sacris
3359 4897 3608 4954 codicibus
3642 4893 3774 4982 lucos

2295 4981 2434 5068 esse;
2473 5001 2730 5073 Spiritum
2762 5009 2933 5054 autem
2977 4997 3134 5052 etiam
3160 4994 3333 5064 ignem
3372 4981 3776 5064 signiﬁcarispsd

2217 5185 2406 5240 uocabo
2433 5189 2640 5239 nomine
2664 5181 2878 5239 Domini
2907 5183 2963 5236 in
2995 5186 3274 5249 conspectu
3309 5185 3418 5249 tuo.
3766 5238 3774 5247 ,

2296 5256 2323 5293 ἀ
2356 5257 2408 5311 ln
2461 5256 2701 5311 editione
2745 5248 3189 5311 Benedictiniana
3244 5249 3327 5304 bis
3355 5248 3556 5302 'decem
3600 5254 3778 5298 numeri

2224 5329 2575 5402 omittuntur,
2603 5328 2673 5402 ita
2698 5337 2755 5381 ut
2780 5327 2954 5402 series
2979 5340 3098 5394 qua:
3121 5323 3191 5402 ibi
3221 5317 3621 5402 legitur_,_sert;e.i
3645 5324 3776 5402 qualn

2744 5379 2923 5452 modo
2937 5379 3301 5471 respondeat“
3317 5409 3329 5443 :
3344 5462 3358 5471 ‘
3525 5385 3622 5471 1531'
3635 5403 3647 5446 ;
3660 5379 3664 5380 ν
3679 5379 3775 5443 156.

2232 5471 2362 5532 156:
2394 5479 2449 5526 et
2479 5472 2559 5526 sic
2583 5469 2843 5538 deinceps
2865 5456 3124 5538 usque'ad
3157 5465 3317 5538 linem
3344 5461 3466 5538 libri
3490 5458 3527 5513 Ι.
3571 5456 3718 5538 Enn.

2304 5553 2326 5580 θ
2351 5531 2477 5597 Ἶρι.
2520 5543 2678 5606 edit.,
2709 5531 3513 5610 Spiritus,quce_est_Sabrlliana
3536 5531 3780 5610 contnuo:

533 5621 685 5692 veri),
710 5608 838 5692 ’E'ycb
861 5596 1247 5692 grapdsuo'apoct
1272 5596 1640 5692 npprspécoOU
1758 5608 1873 5684 δοξῇ
1895 5634 2017 5692 μου..
2041 5635 2109 5667 καί

2229 5614 2530 5692 ωεεαιυο)
2563 5596 2806 5692 Spiritus
2832 5596 3004 5692 quem.
3026 5606 3353 5692 Sabelliauan
3369 5596 3780 5692 ιξὶςξι-Ξεςξπῖξξξίξτ

533 5677 730 5756 καλέσω
854 5677 1060 5756 dubitari.
1083 5677 1190 5756 {seu
1209 5677 1450 5756 (quidam
1474 5677 1866 5756 mani-ibam":
1886 5677 2120 5756 topica).

2231 5668 2394 5768 unus,
2418 5697 2472 5768 ut
2485 5668 2684 5768 fatetur
2706 5668 3010 5741 Sabelliana
3031 5678 3288 5750 confusio.
3314 5674 3525 5745 Reliqui
3553 5679 3606 5728 et
3640 5668 3778 5723 Rom.

540 5745 967 5823 κῦριοςβνάντὶοῴ
989 5745 1106 5823 eou_'.
1155 5745 1308 5817 Quod
1335 5751 1589 5823 August.,
1621 5745 1828 5820 Quaist.
1857 5745 1968 5808 vet:
1993 5745 2109 5810 Tes

2229 5757 2361 5814 edit.
2380 5745 2458 5811 'ut
2484 5745 2538 5811 in
2569 5764 2738 5815 textu.

543 5815 698 5877 tam.,
726 5815 800 5867 ita
822 5818 986 5868 vertit
1010 5833 1024 5880 ;
1059 5816 1170 5885 Ego
1182 5815 1666 5890 'tronsibo'ante'te,
1690 5823 1857 5893 gloria
1880 5839 1995 5880 mea
2021 5837 2038 5877 .‘
2080 5834 2128 5880 et
