4016 6292
199 291 305 347 757

1358 287 1445 344 DE
1487 285 1760 346 SPIBITU
1803 282 2074 344 SANCTO
2113 282 2242 340 LIB.
2283 279 2324 338 Ι.

3398 277 3508 338 758

273 406 514 474 Esaiam,
551 412 702 482 cujus
731 408 936 480 quidem
965 408 1100 480 ignis
1131 407 1183 462 in
1206 406 1406 480 Moysis
1426 409 1578 475 rubo,
1612 410 1665 463 in
1695 407 1802 462 lin-
1834 413 1884 472 Α
1912 404 2115 476 Spiritu
2145 412 2337 460 sancto
2360 409 2416 459 et
2437 401 2544 474 igni
2578 399 2795 475 (Matth.
2829 414 2910 465 ιιι,
2950 398 3037 469 11)
3063 417 3078 465 ;
3104 399 3268 473 630
3292 408 3352 455 ut
3379 413 3504 472 gra-

266 502 384 571 guis
411 503 693 571 ﬂatitmeis,
722 513 770 557 et
799 504 852 556 in
879 501 1079 574 lagenis
1107 501 1360 557 Gedeonis
1391 502 1560 574 ﬁgura
1587 502 1796 556 exstitit.

271 591 475 664 Negari
539 610 645 648 non
692 595 844 666 pbsse
902 593 1134 664 ejusdem
1180 593 1414 662 Spiritus
1458 592 1802 660 divinitatem,

268 699 391 738 cum
410 684 594 738 eadem
621 685 688 738 sit
715 688 850 758 ejus,
874 683 1186 755 quaejPatris
1203 695 1255 740 et
1284 684 1412 738 Filii
1433 685 1688 756 Operatio,
1711 700 1806 738 nec

270 792 374 831 non
403 774 672 830 Dominici
701 777 872 831 vultus
900 777 1070 831 lumen
1100 776 1333 849 ignisque
1361 776 1691 847 praedicetur.

274 868 403 925 140.
435 866 610 940 [Alias
647 885 765 939 cap.
792 866 970 941 XVl.]
1011 870 1151 936 Quid
1180 878 1365 924 autem
1389 880 1634 924 aStruam
1662 867 1809 939 quod

196 964 344 1019 sicut
366 963 528 1018 Pater
552 963 760 1028 lumen,
787 963 859 1018 ita
885 963 1047 1019 etiam
1071 962 1240 1018 Filius
1264 964 1468 1030 lumen,
1496 970 1553 1018 et
1572 961 1808 1034 Spiritus

198 1066 422 1112 sanctus
445 1057 626 1112 lumen
654 1057 780 1112 est?
801 1055 955 1125 Quod
987 1058 1174 1128 utique
1194 1054 1394 1112 divina:
1423 1053 1680 1128 potentiae
1701 1063 1804 1110 est.

201 1149 348 1204 Deus
379 1149 526 1206 enim
555 1148 653 1204 lux
702 1157 810 1215 est,
841 1149 983 1205 sicut
1012 1149 1147 1204 dixit
1177 1147 1415 1204 Joannes
1441 1165 1454 1202 :
1490 1147 1627 1216 Quia
1665 1145 1808 1200 Deus

200 1245 296 1299 tua:
313 1253 413 1312 est,
442 1255 491 1299 et
525 1243 745 1299 tenebrae
772 1247 826 1297 in
850 1259 909 1298 eo
936 1259 1039 1297 non
1068 1250 1187 1296 sunt
1214 1241 1259 1314 (1
1287 1240 1450 1298 Joan.
1485 1257 1522 1306 ι,
1556 1239 1634 1308 5).

281 1335 403 1392 141.
438 1335 557 1392 Lux
587 1344 772 1392 autem
801 1342 857 1390 et
880 1334 1073 1398 Filius,
1104 1335 1225 1404 quia
1249 1335 1353 1388 vita
1389 1341 1498 1388 erat
1527 1333 1622 1387 lux
1642 1329 1809 1385 homi-

205 1447 351 1485 num.
403 1429 468 1486 Et
508 1437 568 1484 ut
594 1428 911 1485 ostenderet
955 1444 1012 1484 se
1043 1427 1112 1483 de
1156 1427 1252 1482 Dei
1284 1426 1424 1482 Filio
1463 1424 1807 1498 Evangelista

211 1525 452 1592 dixisse,
478 1523 634 1579 aitde
650 1522 861 1579 Joanne
881 1521 1126 1592 Baptista
1150 1540 1162 1575 :
1190 1520 1315 1575 Non
1337 1530 1451 1576 erat
1476 1520 1566 1574 ille
1591 1521 1704 1587 lux,
1719 1520 1810 1574 sed

208 1629 263 1674 ut
281 1618 630 1675 testimonium
646 1616 931 1688 perhiberet
955 1617 1020 1670 de
1039 1615 1253 1670 lumine.
1274 1612 1404 1669 Erat
1428 1614 1520 1668 lux
1541 1629 1679 1680 vera,
1695 1627 1812 1684 quae

203 1714 471 1769 illuminat
493 1729 692 1768 omnem
713 1713 971 1767 hominem
1002 1711 1288 1766 uenientem
1311 1711 1364 1764 in
1385 1711 1522 1763 hunc
1555 1706 1809 1762 mundum

1912 497 2037 550 tiam
2067 495 2358 562 tribueret,
2407 505 2623 566 peccata
2654 500 3026 549 consumeret.
3056 491 3198 563 Ergo
3238 493 3292 548 in
3323 493 3507 563 specie

1907 590 2048 662 ignis
2071 591 2218 647 Deus
2245 598 2436 646 servat
2462 587 2824 659 propositum.

1982 687 2106 743 146.
2148 687 2204 741 lu
2251 685 2725 756 Actibusgquoque
2769 682 3141 754 apostolorum
3185 697 3311 738 eum
3338 695 3503 750 supra

1909 779 2101 836 ﬁdeles
2146 778 2384 850 Spiritus
2421 787 2642 836 sanctus
2671 776 3064 844 descendisset,
3113 775 3253 846 ignis
3295 775 3509 844 species

1909 872 2202 929 videbatur
2229 889 2243 937 ;
2289 871 2368 928 sic
2397 872 2542 927 enim
2589 869 2798 926 babes:
2835 868 2905 923 Et
2941 871 3108 940 factus
3138 878 3212 923 est
3242 868 3412 922 subito
3443 867 3508 922 de

1908 967 2038 1021 caelo
2063 982 2238 1032 sonus,
2293 974 2555 1036 tamquam
2597 965 2643 1018 ei
2685 979 2874 1034 magna
2906 962 3137 1032 Spiritus
3181 965 3436 1032 ferretur;
3462 967 3511 1014 et

1907 1061 2119 1129 replevit
2145 1069 2304 1114 tatam
2326 1061 2563 1125 domum,
2595 1057 2682 1112 ubi
2709 1067 2854 1112 erant
2885 1056 3149 1112 sedentes:
3169 1056 3218 1110 et
3243 1056 3368 1111 vista
3391 1062 3512 1109 sunt

1907 1154 2015 1209 illis
2045 1155 2291 1226 dispersa:
2315 1154 2508 1226 lingua:
2535 1163 2794 1224 tamquam
2819 1153 2954 1224 ignis
2986 1151 3123 1223 (Act.
3157 1166 3215 1218 ll,
3248 1151 3305 1218 2,
3331 1150 3411 1219 5).

1984 1247 2107 1303 147.
2135 1247 2292 1304 Unde
2315 1257 2371 1304 et
2391 1247 2522 1304 illud
2545 1248 2763 1319 quando
2785 1246 3006 1303 Gedeou
3029 1253 3384 1316 superaturus
3401 1243 3512 1300 Ma-

1909 1341 2058 1406 dian,
2108 1352 2388 1398 trecentos
2425 1341 2574 1398 viros
2605 1342 2772 1413 jussit
2808 1340 3031 1414 hydrias
3073 1355 3316 1406 sumere,
3365 1339 3505 1395 etin

1910 1435 2296 1509 bydriis.laces
2320 1451 2580 1494 accensas
2623 1435 2842 1502 habere,
2877 1435 3014 1490 etin
3064 1431 3275 1489 dextris
3319 1441 3510 1488 tenere

1911 1530 2068 1586 tubas
2098 1530 2299 1603 (Judic.
2332 1547 2428 1598 vn,
2457 1531 2586 1603 16);
2620 1531 2693 1586 ita
2735 1530 2906 1586 nostri
2937 1538 3222 1599 acceptum
3265 1527 3335 1583 ab
3375 1541 3510 1597 apo-

1911 1625 2067 1680 stolis
2091 1617 2381 1682 servavere
2407 1626 2664 1697 majores,
2698 1625 2842 1697 quod
2876 1615 3082 1698 hydria:
3113 1631 3240 1680 sunt
3282 1637 3514 1696 corpora

1913 1725 2124 1784 nostra,
2159 1720 2383 1789 ﬁgurata
2414 1729 2436 1757 ε
2463 1718 2532 1774 de
2561 1719 2692 1773 limo
2714 1733 2836 1788 quae
2867 1717 3057 1772 timere
3083 1731 3190 1772 non
3218 1723 3440 1783 norunt,
3468 1715 3515 1771 si

207 1808 394 1881 (Joan.
417 1826 454 1874 ι.
472 1810 528 1876 8,
548 1809 632 1881 9).
654 1811 799 1881 Ergo
815 1809 943 1881 quia
965 1809 1107 1865 Deus
1129 1809 1220 1864 lux
1237 1815 1344 1874 est,
1365 1809 1454 1863 lux
1476 1815 1657 1863 autem
1679 1821 1809 1862 vera
1839 1803 1887 1864 B
1915 1809 2128 1866 fervore
2153 1810 2341 1879 gratiae
2386 1811 2648 1882 spiritalis
2694 1811 2996 1881 ignescunt,
3030 1818 3085 1865 et
3123 1809 3254 1866 .lesu
3298 1807 3515 1864 Domini

203 1913 292 1960 est
320 1903 420 1959 Dei
445 1902 616 1958 Filius
648 1921 662 1957 :
687 1903 808 1958 sine
831 1902 996 1958 dubio
1017 1901 1164 1957 Deus
1187 1915 1350 1956 verus
1363 1908 1450 1957 est
1478 1901 1573 1957 Dei
1608 1899 1806 1957 Filius.

280 1997 408 2054 142.
444 1995 624 2054 Habes
654 2005 710 2052 et
743 1995 870 2052 alibi
912 1995 1036 2067 quia
1067 1994 1242 2050 Filius
1273 1994 1370 2050 Dei
1412 1995 1503 2048 lux
1537 2001 1660 2050 est:
1700 1992 1808 2048 Po-

208 2092 364 2162 pulus
391 2090 479 2162 qui
499 2089 704 2146 sedebat
728 2089 782 2144 in
807 2090 1025 2144 tenebris
1049 2098 1098 2144 et
1125 2089 1178 2142 in
1201 2089 1381 2142 umbra
1409 2088 1607 2152 mortis,
1637 2086 1808 2142 lucem

204 2183 335 2237 vidit
365 2197 603 2256 magnam
636 2179 810 2251 (Esai.
841 2196 916 2247 lx,
951 2178 1032 2250 2).
1062 2179 1203 2248 Quid
1235 2188 1418 2234 autem
1449 2180 1554 2234 hoc
1581 2177 1809 2234 eviden-

207 2278 339 2344 tius,
371 2275 516 2348 quod
547 2275 655 2331 ait:
689 2275 949 2344 Quoniam
974 2275 1115 2344 apud
1143 2284 1191 2330 te
1213 2285 1289 2330 est
1332 2278 1451 2345 fons
1491 2275 1630 2341 vitae,
1661 2283 1710 2328 et
1751 2275 1806 2328 in

213 2371 415 2427 lumine
437 2381 523 2426 tuo
545 2369 829 2426 videbimus
853 2369 1024 2424 lumen
1046 2365 1222 2440 (Psal.
1238 2365 1542 2439 xxxv,10)?
1566 2367 1678 2422 Hoc
1699 2377 1806 2435 est,

203 2464 356 2537 quod
379 2465 524 2536 apud
551 2472 626 2529 te,
654 2463 798 2520 Deus
823 2461 1169 2533 omnipotens
1196 2459 1376 2528 Pater,
1410 2459 1504 2532 qui
1535 2459 1660 2516 fons
1684 2461 1810 2516 vita:

205 2577 292 2624 es,
329 2563 381 2616 in
414 2569 440 2597 ει
468 2558 673 2614 lumine
703 2565 797 2613 tuo
827 2557 989 2622 Filio,
1022 2556 1204 2612 lumen
1231 2554 1534 2610 videbimus
1575 2554 1811 2625 Spiritus

206 2654 410 2710 sancti.
441 2654 597 2710 Sicut
625 2654 744 2724 ipse
776 2651 1039 2707 Dominus
1058 2649 1300 2707 ostendit
1328 2649 1517 2705 dicens
1543 2666 1558 2704 :
1582 2649 1812 2721 Accipite

207 2750 478 2821 Spiritum
498 2757 734 2803 sanctum
764 2745 944 2818 (Jaan.
976 2761 1066 2812 xx,
1098 2744 1192 2816 22)
1217 2761 1231 2812 ;
1259 2753 1315 2800 et
1353 2743 1483 2800 alibi
1510 2761 1523 2798 :
1553 2742 1622 2798 Et
1646 2745 1812 2800 virtus

205 2844 385 2900 exibat
417 2843 481 2898 de
502 2858 560 2896 eo
589 2840 746 2914 (Luc.
773 2855 849 2907 v1,
885 2838 1000 2911 19).

285 2934 411 2992 145.
440 2933 618 3004 Ipsum
645 2941 828 2988 autem
848 2931 1069 2987 Patrem
1093 2931 1215 3002 quis
1237 2930 1447 2988 dubitet
1468 2930 1642 2987 lucem
1666 2946 1809 2997 esse,

207 3045 336 3086 cum
365 3029 564 3084 lectum
597 3027 668 3082 sit
692 3025 760 3083 de
797 3024 938 3082 Filio
968 3025 1087 3094 ejus
1116 3025 1244 3096 quia
1285 3024 1545 3094 splendor
1577 3024 1644 3079 sit
1674 3024 1812 3080 lucis

209 3134 439 3180 acterna:
466 3119 654 3193 (Hebr.
689 3135 730 3186 ι,
761 3118 852 3189 5)?
886 3116 1057 3188 Cujus
1084 3117 1230 3172 enim
1272 3115 1377 3172 nisi
1406 3116 1579 3171 Patris
1619 3114 1811 3172 :eterui

209 3191 485 3286 splendor
503 3222 589 3270 est
608 3211 800 3275 Filius,
831 3210 922 3283 qui
945 3219 1002 3267 et
1022 3225 1144 3265 cum
1170 3209 1330 3264 Patre
1353 3223 1569 3278 semper
1586 3218 1691 3273 est,
1717 3222 1816 3263 nec
1845 3191 1890 3255 C

211 3307 499 3371 dissimili,
533 3305 629 3362 sed
661 3304 855 3362 eadem
887 3303 1141 3359 claritate
1171 3317 1390 3373 semper
1421 3299 1748 3372 praefulget?

294 3402 417 3458 144.
453 3400 520 3456 Ει
560 3399 752 3455 Esaias
797 3396 1070 3469 signiﬁcat
1114 3409 1222 3451 non
1271 3395 1446 3450 solum
1487 3393 1695 3460 lucem,
1723 3392 1819 3449 sed

210 3494 386 3552 etiam
413 3493 593 3564 ignem
623 3506 748 3548 esse
777 3490 1043 3561 Spiritum
1076 3497 1346 3555 sanctum,
1379 3487 1602 3544 dicens:
1631 3486 1698 3541 Et
1724 3487 1822 3541 erit

213 3589 316 3643 tua:
346 3584 520 3641 Israel
558 3585 613 3639 in
650 3584 823 3657 ignem
855 3581 1030 3656 (Esai.
1074 3596 1130 3649 x,
1170 3581 1280 3652 17).
1313 3581 1500 3650 Itaque
1542 3579 1822 3650 propheta:

210 3695 344 3738 eum
386 3679 565 3750 ignem
599 3676 880 3732 ardentem
909 3674 1207 3737 dixerunt;
1254 3673 1378 3744 quia
1409 3673 1463 3727 in
1497 3671 1671 3750 tribus
1702 3673 1823 3726 istis

209 3739 518 3845 generibus
546 3768 872 3840 propensius
896 3767 1238 3838 majestatem
1265 3739 1566 3820 divinitatis
1587 3739 1823 3820 adverti-

211 3879 379 3921 mus:
412 3862 669 3934 quoniam
694 3870 750 3918 et
777 3859 1144 3925 sanetiﬁcare,
1164 3857 1506 3922 divinitatis;
1539 3866 1594 3913 et
1619 3857 1822 3913 illumi-

211 3971 376 4024 nare,
410 3955 550 4026 ignis
578 3964 636 4010 et
657 3953 796 4008 lucis
823 3964 908 4009 est
940 3952 1221 4023 proprium
1250 3967 1263 4004 :
1297 3960 1355 4006 et
1386 3949 1441 4005 in
1470 3951 1655 4021 specie
1683 3951 1826 4022 ignis

211 4049 452 4122 exprimi
472 4049 557 4105 vel
575 4048 742 4104 videri
757 4046 957 4103 divinae
969 4044 1480 4102 estconsuetudiuis
1502 4062 1514 4097 :
1537 4043 1676 4100 Deus
1688 4047 1824 4100 enim

210 4155 294 4201 est
311 4144 447 4215 ignis
467 4158 792 4209 consumens,
828 4141 973 4196 sicut
1001 4139 1215 4212 Moyses
1239 4139 1374 4194 dixit
1399 4138 1585 4209 (Deut.
1608 4155 1680 4206 tv,
1703 4139 1820 4212 24).

296 4236 420 4292 145.
469 4233 610 4289 Vidit
650 4231 798 4289 enim
846 4234 963 4302 ipse
994 4232 1050 4288 in
1081 4232 1219 4288 rubo
1257 4231 1459 4301 ignem,
1491 4240 1546 4286 et
1581 4231 1826 4287 audierat

215 4329 418 4394 Deum,
444 4335 572 4382 tunc
599 4325 812 4397 quando
841 4340 949 4380 vox
980 4324 1121 4380 facta
1145 4332 1230 4381 est
1249 4323 1317 4380 de
1345 4323 1563 4380 ﬂamma
1589 4325 1726 4397 ignis
1755 4325 1823 4381 ad

215 4439 349 4480 eum
372 4420 598 4477 dicens:
634 4420 748 4493 Ego
778 4437 893 4476 sum
920 4419 1061 4475 Deus
1091 4420 1377 4486 Abraham,
1403 4430 1450 4476 et
1474 4420 1615 4477 Deus
1644 4419 1820 4489 Isaac,

214 4529 269 4574 et
309 4514 453 4572 Deus
479 4514 647 4570 Jacob
679 4513 879 4586 (Exod.
917 4529 997 4580 ιιι,
1027 4513 1143 4585 ib).
1182 4513 1298 4569 Vox
1322 4529 1452 4586 ergo
1481 4513 1551 4570 de
1583 4514 1821 4583 ﬂamma,

1913 1904 2225 1971 passionem
2253 1919 2454 1960 canora
2484 1905 2635 1961 vocis
2659 1903 3006 1960 confessione
3038 1912 3324 1959 testentur.

1987 1995 2111 2052 148.
2140 1995 2273 2064 Quis
2298 1996 2464 2067 igitur
2492 1997 2560 2053 de
2586 1996 2880 2053 divinitate
2900 1997 3075 2054 sancti
3105 1995 3340 2067 Spiritus
3361 1993 3519 2051 dubi-

1913 2103 2010 2161 tet,
2033 2109 2155 2150 cum
2185 2095 2272 2150 ubi
2295 2094 2530 2165 Spiritus
2551 2095 2722 2166 gratia
2749 2096 2842 2160 sit,
2879 2095 2950 2150 ibi
2981 2093 3193 2165 species
3216 2090 3518 2148 divinitatis

1910 2188 2212 2258 appareat?
2233 2187 2352 2254 Quo
2372 2187 2690 2244 testimonio
2711 2203 2821 2242 non
2844 2186 3244 2252 diversitatem,
3275 2183 3371 2240 sed
3394 2183 3516 2238 uni-

1913 2287 2078 2335 tatem
2109 2279 2308 2335 divinae
2332 2279 2640 2350 colligimus
2667 2279 2972 2349 potestatis.
3000 2277 3134 2334 Nam
3155 2276 3512 2348 quemadmo-

1911 2369 2040 2426 dum
2099 2380 2281 2442 potest
2317 2385 2439 2426 esse
2479 2370 2742 2426 discretio
2770 2369 3086 2441 potestatis,
3147 2368 3241 2424 ubi
3284 2381 3422 2422 imus
3453 2366 3508 2423 in

1913 2465 2167 2520 omnibus
2193 2464 2532 2534 operationis
2558 2463 2785 2520 effectus
2807 2463 2936 2519 est?
2965 2461 3152 2533 Neque
3173 2475 3308 2517 vero
3334 2469 3521 2531 potest

1912 2572 2035 2613 esse
2064 2545 2234 2628 gratia
2262 2564 2756 2626 sacramentorum,
2782 2556 2888 2612 nisi
2915 2555 3003 2612 ubi
3029 2554 3191 2612 luerit
3209 2553 3367 2610 venia
3393 2567 3516 2625 pec-

1913 2659 2179 2705 calorum.

1986 2743 2111 2802 149.
2136 2744 2269 2813 Quis
2299 2752 2383 2800 est
2404 2743 2568 2816 igitur
2589 2743 2692 2800 iste
2720 2742 2892 2812 ignis?
2911 2741 3026 2798 Non
3051 2742 3238 2814 utique
3259 2739 3518 2814 virgultis

1914 2837 2108 2894 vilibus
2137 2847 2446 2905 concretus,
2475 2844 2571 2892 aut
2596 2837 2795 2906 stipula
2831 2836 3093 2891 silvarum
3143 2835 3386 2906 fragosus
3428 2834 3517 2890 in-

1914 2929 2124 2986 eendiis
2149 2948 2162 2984 :
2194 2929 2289 2986 sed
2317 2930 2460 3000 ignis
2487 2929 2598 2995 ille,
2633 2927 2727 3000 qui
2759 2939 2818 2984 ut
2847 2943 3042 2984 aurum
3070 2929 3210 2983 bona
3233 2925 3374 2982 facta
3403 2940 3521 2983 me-

1917 3021 2096 3090 liorat,
2127 3031 2181 3078 et
2207 3031 2266 3078 ut
2295 3021 2551 3092 stipulam
2593 3031 2815 3092 peccata
2853 3019 3148 3076 consumit.
3183 3019 3280 3075 llic
3305 3027 3389 3075 est
3411 3018 3522 3074 uti-

1915 3130 2022 3187 que
2067 3116 2301 3185 Spiritus
2339 3123 2590 3182 sanctus,
2636 3115 2728 3186 qui
2772 3113 3042 3170 Dominici
3086 3112 3264 3168 vultus
3285 3121 3343 3168 et
3377 3111 3520 3182 ignis

1921 3207 2225 3279 appellatur
2252 3205 2278 3243 (³
2311 3217 2366 3263 et
2393 3206 2616 3262 lumen:
2647 3206 2858 3272 lumen,
2891 3205 3032 3260 sicut
3058 3219 3220 3273 supra
3251 3201 3520 3258 diximus:

1923 3299 2196 3370 Signatum
2225 3309 2298 3354 est
2327 3299 2380 3353 in
2402 3299 2547 3354 nobis
2577 3299 2750 3353 lumen
2776 3298 2946 3353 vultus
2974 3297 3072 3362 tui,
3097 3295 3320 3350 Domine
3339 3293 3517 3367 (Psal.

1923 3409 1996 3458 tv,
2027 3393 2103 3460 7).
2133 3392 2292 3462 Quod
2319 3402 2403 3449 est
2427 3407 2558 3462 ergo
2585 3393 2770 3447 lumen
2801 3390 3099 3461 signatum,
3132 3388 3238 3444 nisi
3277 3387 3425 3443 illius
3442 3387 3523 3442 si-

1921 3488 2136 3561 gnaculi
2169 3487 2457 3558 spiritalis,
2506 3487 2557 3541 in
2598 3501 2706 3556 quo
2739 3485 3037 3542 credentes
3067 3483 3290 3556 signati,
3329 3482 3525 3554 inquit,

1921 3582 2046 3636 estis
2069 3580 2272 3651 Spiritu
2295 3579 2653 3652 promissionis
2674 3587 2854 3634 sancto
2880 3576 3099 3649 (Ephes.
3131 3593 3168 3644 ι,
3202 3577 3291 3646 15)
3319 3575 3343 3628 ?

1996 3674 2119 3730 150.
2156 3671 2326 3745 [Alias
2354 3688 2471 3742 cap.
2507 3670 2698 3744 χω]
2729 3671 2796 3726 Ει
2823 3671 2965 3727 sicut
3008 3670 3192 3725 lumen
3220 3677 3309 3726 est
3343 3668 3524 3727 vultus

1924 3768 2113 3833 divini,
2139 3767 2211 3822 ita
2230 3766 2391 3823 etiam
2417 3767 2553 3838 ignis
2576 3767 2772 3822 emicat
2792 3781 2859 3822 ex
2887 3766 2978 3822 Dei
3003 3766 3183 3830 vultu;
3209 3766 3335 3836 quia
3350 3764 3525 3836 serip-

1926 3871 2037 3918 tum
2069 3871 2152 3918 est
2180 3880 2192 3915 :
2245 3859 2392 3934 Ignis
2428 3860 2482 3913 in
2512 3869 2787 3931 conspectu
2813 3862 2924 3932 ejus
2952 3858 3152 3914 ardebit
3176 3857 3352 3930 (Psal.
3377 3873 3525 3925 χιιι,

1925 3955 2006 4027 ὅ).
2036 3965 2058 3993 ι’
2093 3955 2380 4026 Prml‘ulgel
2401 3954 2550 4010 enim
2581 3953 2754 4025 gratia
2785 3953 2892 4009 diei
2915 3952 3105 4024 judicii
3130 3995 3145 4020 ,
3178 3961 3238 4008 ut
3269 3961 3526 4023 sequatur

1924 4032 2218 4113 absolutiu,
2250 4062 2371 4118 quae
2399 4054 2712 4102 sanctorum
2748 4055 3131 4101 remuneretur
3180 4043 3526 4114 obsequium.

1925 4137 1970 4194 0
1999 4154 2192 4209 magna
2224 4135 2553 4194 abundantia
2578 4137 3004 4209 Scripturarum,
3031 4153 3194 4210 quam
3221 4152 3380 4193 nemo
3403 4152 3529 4206 pos-

1926 4233 1997 4288 sit
2023 4232 2261 4288 humano
2290 4233 2506 4305 ingenio
2527 4232 3026 4305 comprehendere!
3049 4231 3094 4289 Ο
3120 4232 3416 4288 maximum
3437 4231 3527 4286 di-

1928 4327 2064 4382 vina:
2092 4327 2312 4384 unitatis
2340 4325 2598 4382 indicium
2623 4329 2638 4383 !
2665 4326 2763 4383 His
2792 4327 2938 4383 enim
2964 4325 2981 4366 ί
3008 4326 3220 4384 duobus
3241 4324 3530 4384 versiculis

1925 4434 2085 4490 quam
2117 4422 2286 4477 multa
2316 4419 2636 4490 signantur!

2532 4511 2762 4571 CAPUT
2793 4513 2882 4570 XV
2897 4556 2909 4568 .

213 4621 276 4670 et
306 4612 360 4667 in
403 4611 542 4668 rubo
581 4610 821 4676 ﬂamma,
865 4617 922 4665 et
947 4580 1162 4663 ﬂamma
1197 4623 1305 4664 non
1337 4580 1519 4664 noxia.
1553 4580 1826 4665 Urebatur
1849 4580 1902 4641 Β
1931 4606 2188 4676 Spiritum
2237 4616 2476 4663 sanctum
2508 4622 2651 4678 atque
2697 4624 2760 4662 ac
2807 4605 3022 4662 Patrem
3050 4615 3097 4661 et
3144 4604 3191 4660 F
3195 4608 3344 4662 ilium
3375 4607 3536 4663 vitam

213 4705 370 4762 enim
401 4703 590 4771 rubus,
625 4712 812 4759 etnon
854 4701 1224 4768 exurebatur;
1270 4716 1337 4757 eo
1367 4701 1512 4772 quod
1542 4701 1636 4757 illo
1676 4717 1824 4775 mys-

215 4798 366 4854 terio
406 4795 674 4852 Dominus
722 4796 985 4868 ﬁguraret
1020 4795 1147 4866 quia
1188 4794 1598 4851 illuminaturus
1636 4797 1823 4866 spinas

214 4892 399 4950 nostri
414 4891 665 4962 corporis
677 4889 962 4946 adveniret
979 4907 991 4944 :
1011 4887 1041 4927 ιι
1063 4903 1163 4944 nec
1175 4899 1604 4959 consumpturus
1622 4906 1822 4946 terum-

213 4999 414 5053 nosos,
443 4983 543 5041 sed
579 4983 928 5055 mitigaturus
955 4997 1230 5038 atrnmnas
1256 5001 1268 5035 :
1311 4981 1403 5053 qui
1432 4981 1735 5053 baptizaret
1765 4983 1819 5038 in

294 5157 322 5186 ι
354 5148 433 5204 Ita
455 5159 647 5203 omnes
668 5145 802 5202 edit.
831 5154 888 5200 at
908 5145 1095 5214 plures
1124 5159 1290 5210 mss.,
1321 5143 1416 5200 sed
1440 5143 1532 5199 alii
1556 5143 1826 5213 nonnulli,

212 5220 280 5275 in
311 5220 504 5274 lumine
528 5218 605 5272 tui
635 5216 764 5273 Filii
792 5219 1078 5273 videbimus
1109 5225 1216 5272 ete'
1249 5233 1264 5281 ;
1293 5216 1512 5286 quidam
1542 5217 1727 5282 etiam,
1763 5216 1828 5272 In

215 5292 424 5348 lumine
452 5300 542 5344 tuo
569 5287 697 5344 Filii
725 5291 895 5345 lumen
922 5289 1150 5343 uidemus
1175 5299 1222 5342 et
1251 5287 1481 5360 Spiritus
1507 5289 1693 5342 sancti.

252 5435 264 5447 .
292 5361 323 5400 δ
351 5361 483 5417 Mss.
505 5362 736 5444 aliquot,
762 5377 856 5416 nec
882 5371 1282 5431 consumpturus
1310 5375 1586 5426 (erumnas,
1613 5361 1703 5415 sed
1733 5360 1828 5414 mi-

215 5442 494 5507 tigaturus
517 5449 536 5487 :
566 5442 675 5502 qui,
699 5442 806 5488 etc.

299 5514 326 5546 θ
359 5503 492 5560 Mss.
524 5504 752 5574 aliquot,
793 5504 998 5576 signata
1031 5502 1097 5557 de
1133 5503 1281 5566 limo,
1309 5518 1426 5576 quia
1458 5518 1616 5576 opera
1653 5511 1828 5576 tenere

213 5593 329 5632 non
382 5584 596 5643 norunt,
622 5573 728 5629 nisi
755 5573 975 5645 feruore,
999 5583 1130 5638 ete.;
1184 5575 1430 5628 nonnulli
1471 5573 1585 5638 alii,
1627 5573 1692 5626 de
1720 5573 1830 5626 limi

212 5663 388 5715 apere
414 5656 626 5712 tenera,
657 5657 1068 5718 quteﬂtumorem
1107 5661 1209 5699 non
1257 5655 1480 5718 narunt,
1529 5645 1574 5698 si
1603 5645 1824 5714 fervore,

208 5729 362 5785 etc.;
398 5718 591 5789 reliqui
637 5717 693 5773 et
729 5717 858 5772 edit.
892 5718 943 5771 in
981 5726 1218 5772 nostram
1263 5717 1553 5772 lectionem
1601 5730 1836 5789 consen-

215 5792 396 5847 tiunt.
431 5787 582 5845 lianc
613 5805 776 5856 porro
813 5789 1208 5857 expositionem
1243 5789 1556 5859 lagenarum
1591 5803 1654 5840 ac
1685 5787 1836 5841 laeu-

211 5863 435 5928 larum,
467 5861 665 5933 quibus
691 5859 914 5918 Gedeou
955 5875 1084 5918 usus
1123 5861 1344 5934 legitur,
1388 5859 1636 5916 invenies
1663 5859 1831 5917 etiam

2002 4715 2109 4754 esse
2133 4715 2151 4763 ;
2180 4701 2337 4756 immo
2359 4715 2476 4756 vero
2505 4701 2610 4756 sive
2651 4699 2814 4755 Pater
2843 4699 3185 4772 intelligatur,
3217 4702 3361 4771 apud
3380 4718 3532 4774 quem

2005 4801 2077 4848 est
2099 4794 2218 4863 fons
2252 4794 2373 4850 vita:
2396 4835 2414 4862 ,
2445 4795 2550 4850 sive
2592 4794 2790 4863 Filius,
2823 4800 3021 4867 fontem
3066 4799 3217 4853 illum
3257 4797 3406 4852 aliud
3433 4813 3536 4852 non

1998 4903 2106 4942 esse
2129 4903 2286 4960 quam
2308 4887 2596 4959 Spiritum.

2001 4979 2124 5036 151.
2159 4977 2327 5051 [Alias
2347 4997 2465 5053 cap.
2497 4979 2711 5055 XVIll.]
2741 4983 2986 5042 Diximus
3015 4986 3140 5056 quia
3183 4985 3272 5042 lux
3312 4993 3397 5041 est
3422 4984 3532 5039 Pa-

1936 5141 2077 5212 apud
2125 5139 2417 5216 origenem
2461 5142 2609 5216 hom.
2645 5144 2680 5200 9
2719 5145 2770 5200 in
2803 5145 2900 5201 lib.
2929 5147 3134 5212 Judic.,
3166 5145 3532 5216 Augustinum

1935 5211 2130 5286 quasst.
2163 5211 2311 5268 49in
2341 5215 2592 5272 eumdem
2619 5217 2841 5286 librum,
2869 5225 2924 5273 et
2960 5211 3285 5287 GregOriun't
3330 5216 3398 5270 M.
3433 5216 3533 5273 lib.

1938 5301 2041 5340 xxx
2074 5283 2382 5343 Moralium.
2419 5298 2527 5343 etc.

2007 5328 2041 5393 (ἶ
2575 5359 2794 5424 lumen;
2835 5358 2960 5428 quia
3001 5359 3172 5412 lumen
3200 5355 3299 5413 Dei
3336 5358 3534 5430 uultus,

1937 5428 2168 5500 Spiritus
2193 5428 2357 5482 sancti
2388 5429 2562 5484 lumen
2586 5441 2680 5486 est.

2014 5510 2037 5538 ο
2065 5499 2196 5553 Mss.
2221 5501 2488 5575 nonnulli,
2519 5501 2878 5575 Prtefulgurat
2904 5501 3039 5575 enim
3062 5501 3232 5575 gratia
3253 5500 3356 5575 Dei
3376 5503 3428 5558 in
3440 5506 3538 5575 ju-

1935 5571 2072 5624 dicio
2097 5585 2136 5646 ,j_
2157 5571 2439 5646 caeteriuut
2461 5571 2584 5627 edit
2606 5612 2647 5638 .,
2676 5573 2779 5626 nisi
2801 5571 2945 5641 quod
2969 5571 3022 5624 in
3049 5571 3372 5640 quibusdam
3404 5571 3541 5646 legi-

1940 5652 2046 5706 lur,
2081 5641 2166 5712 die
2181 5642 2398 5712 judicii.

2016 5712 2035 5750 ί
2071 5711 2329 5766 Nonnulli
2362 5726 2518 5775 mss.,
2550 5711 2750 5782 duobus
2780 5711 3004 5767 versibus
3025 5729 3177 5782 quam
3209 5714 3377 5772 multa
3406 5716 3542 5774 desi-

1937 5784 2090 5858 gnari
2121 5783 2394 5852 diximus!
2425 5781 2562 5847 Quia
2591 5780 2703 5847 lux,
2736 5789 2842 5836 etc.
