4016 6292
547 303 653 362 739

1901 262 2153 354 assert
2191 291 2518 354 AMBROSII
3695 275 3776 351 uo

550 430 667 484 tor,
714 418 810 474 lux
839 413 1009 474 Filius
1033 457 1050 485 ,
1088 415 1182 472 lux
1227 413 1468 487 Spiritus
1498 419 1756 469 sanctus:
1804 411 2138 480 accipiamus
2162 409 2219 473 Α
2311 410 2404 465 sed
2444 417 2505 463 ut
2543 423 2606 464 ea
2633 412 2964 464 consersetur
3006 405 3251 472 innubis,
3301 405 3585 474 diabolum,
3611 413 3779 480 cupiat.

547 515 712 572 etiam
741 512 869 585 quia
916 511 1024 566 vita
1063 520 1145 566 est
1172 509 1371 575 Pater,
1405 506 1509 562 vita
1539 503 1729 571 Filius,
1752 503 1859 558 vita
1905 501 2142 572 Spiritus

549 619 774 662 sanctus
799 647 812 661 .
855 605 999 660 Dixit
1036 603 1185 658 enim
1215 601 1492 656 Joannes:
1529 595 1682 666 Quod
1717 607 1823 651 erat
1867 596 1932 650 ab
1967 594 2140 663 initio,

549 698 689 770 quod
713 697 1006 752 audiuimus
1027 706 1072 750 et
1097 694 1237 764 quod
1255 693 1474 747 uidimus
1504 731 1519 756 ,
1548 698 1596 743 et
1618 689 1783 744 oculis
1808 687 2000 744 nostris
2025 704 2141 758 per-

551 794 846 866 speximus,
881 799 931 846 et
963 805 1147 844 manus
1191 796 1381 842 nostra!
1424 793 1671 840 scrutata:
1705 791 1828 838 sunt
1867 781 1932 838 de
1975 779 2144 836 Verbo

549 888 665 952 uitce
687 903 705 940 :
735 895 780 939 et
810 883 916 939 uita
945 882 1226 955 apparuit,
1266 889 1316 934 et
1343 877 1566 932 uidimus
1613 885 1660 932 et
1711 885 1956 932 testamur
1982 883 2029 928 et
2051 889 2144 928 an-

549 979 847 1035 nuntiamus
868 977 1007 1033 vobis
1028 976 1092 1031 de
1110 979 1234 1040 vita,
1259 989 1375 1044 qua:
1394 981 1503 1028 erat
1523 971 1667 1045 apud
1687 970 1900 1026 Patrem
1919 968 1961 1040 (Ι
1981 967 2143 1023 Joan.

556 1090 594 1138 ι,
627 1074 680 1141 1,
711 1072 790 1145 2).
815 1071 882 1128 Et
907 1068 1144 1127 Verbum
1176 1070 1301 1124 vitae
1331 1069 1470 1124 dixit
1493 1076 1546 1122 et
1579 1067 1741 1121 vitam
1768 1081 1783 1131 ;
1814 1074 1870 1118 ut
1899 1063 2060 1136 631
2087 1069 2146 1120 et

549 1169 766 1223 Patrem
812 1167 976 1220 vitam
1007 1162 1335 1234 signiﬁcaret
1360 1169 1416 1217 et
1440 1159 1657 1216 Filium.
1691 1157 1845 1228 Quod
1884 1159 2032 1212 enim
2063 1162 2147 1211 est

549 1263 670 1317 vita:
697 1260 959 1326 Verbum,
983 1256 1090 1312 nisi
1121 1255 1214 1313 Dei
1239 1255 1506 1312 Verbum?
1537 1261 1562 1290 η
1585 1251 1662 1308 Ac
1684 1265 1782 1324 per
1803 1253 1907 1306 hoc
1927 1258 1982 1305 et
2001 1247 2146 1304 Deus

545 1362 601 1410 et
624 1348 856 1409 Verbum
876 1351 971 1406 Dci
993 1350 1104 1406 vita
1126 1358 1232 1405 est.
1261 1349 1327 1403 Et
1345 1352 1488 1404 sicut
1511 1345 1750 1402 Verbum
1775 1345 1902 1400 vitae
1921 1341 2142 1406 dicitur,

545 1447 617 1503 ita
645 1455 700 1501 et
729 1444 968 1516 Spiritus
995 1444 1142 1498 vitaz.
1175 1441 1448 1512 Scriptum
1477 1447 1564 1496 est
1589 1437 1736 1494 enim
1766 1455 1778 1491 :
1826 1435 1889 1491 Et
1915 1435 2146 1506 Spiritus

545 1541 662 1594 uitta
682 1538 868 1597 eratin
895 1537 1022 1592 rotis
1050 1534 1272 1606 (Ezech.
1305 1549 1345 1598 t,
1377 1531 1496 1604 ρο).
1524 1529 1715 1602 Itaque
1741 1531 1883 1585 sicut
1905 1527 2144 1584 Verbum

545 1635 676 1689 vitae
701 1633 806 1686 vita
833 1639 939 1695 eat,
975 1631 1046 1685 ita
1069 1635 1132 1686 et
1155 1629 1282 1683 vita:
1311 1627 1555 1696 Spiritus
1583 1625 1694 1680 vita
1725 1633 1830 1681 est.

619 1725 744 1781 15Ξ.
791 1723 974 1796 [Alias
1025 1739 1144 1791 cap.
1194 1719 1386 1793 XIX]
1437 1719 1634 1788 Accipe
1663 1732 1808 1774 nunc
1853 1715 1979 1788 quia
2004 1714 2149 1770 sicut

2322 511 2497 571 tatem,
2529 517 2590 557 se
2641 501 2878 558 heresim
2926 500 3170 556 Marones
3209 501 3366 556 uitari
3405 510 3652 572 oportere;
3692 523 3784 562 tum

2316 594 2465 650 nobis
2483 609 2608 650 uasa
2648 595 2751 650 sint
2801 593 3016 668 fragilia
3042 609 3062 648 :
3081 593 3392 649 deserendas
3411 594 3559 650 etiam
3583 599 3786 655 contritot

2316 688 2480 754 lactis,
2520 697 2576 742 ut
2631 685 2841 743 Domini
2889 703 3074 758 aquam
3114 685 3464 742 Samaritana
3505 690 3786 759 patriarcha-

2315 795 2534 852 rumque
2557 780 2794 852 exemplo
2811 779 3150 834 inveniamus.

2319 871 2442 928 156.
2474 871 2640 945 [Alias
2657 888 2772 943 cap.
2803 870 2954 944 XX.[
2983 869 3092 928 Sed
3111 886 3180 926 ne
3201 871 3326 943 quis
3352 869 3491 928 forte
3515 867 3542 908 δ
3564 881 3788 945 tamquam

2247 965 2598 1036 pusillitatem
2624 964 2862 1034 Spiritus
2895 963 3211 1034 redarguat,
3241 970 3301 1018 et
3335 961 3464 1018 hinc
3499 963 3622 1020 velit
3639 981 3788 1036 quam-

2245 1059 2370 1114 dam
2430 1057 2614 1114 facere
2665 1055 2985 1114 distantiam
3037 1058 3450 1128 magnitudinis,
3501 1061 3636 1132 quod
3689 1077 3790 1134 aqua

2248 1149 2429 1222 portio
2451 1147 2698 1205 videatur
2717 1163 2842 1206 esse
2856 1148 3022 1204 fontis
3043 1149 3268 1221 exigua:
3292 1160 3317 1187 ο
3333 1165 3651 1222 quamquam
3675 1168 3790 1210 cres-

2249 1253 2499 1299 turarum‘
2521 1243 2771 1314 exempla
2803 1242 3030 1300 minime
3051 1243 3322 1299 divinitati
3352 1246 3586 1314 aptanda
3615 1247 3788 1302 videtur

2249 1345 2368 1403 tur;
2401 1344 2579 1392 tamen
2629 1351 2699 1391 ne
2745 1337 2878 1409 quid
2923 1351 2990 1393 ex
3021 1335 3122 1392 hac
3169 1352 3382 1409 quoque
3405 1347 3660 1394 creatum
3683 1353 3792 1396 com-

2248 1429 2534 1501 paratione
2577 1427 2957 1500 praejudicent,
3001 1427 3214 1484 discant
3259 1443 3366 1484 non
3408 1431 3584 1485 solum
3622 1444 3789 1500 aquam,

2248 1523 2346 1579 sed
2375 1524 2539 1580 etiam
2583 1521 2786 1578 ﬂumen
2811 1521 3015 1578 dictum
3055 1519 3318 1592 Spiritum
3348 1531 3616 1588 sanetum,
3642 1537 3792 1578 secun-

2247 1616 2376 1673 dum
2409 1617 2552 1686 quod
2584 1617 2785 1674 lectum
2822 1625 2907 1672 est
2941 1633 2956 1670 :
2985 1613 3239 1670 Flumina
3262 1615 3328 1670 de
3351 1626 3526 1671 uentre
3546 1620 3654 1691 ejus
3676 1618 3794 1688 [luent

2247 1727 2396 1782 aqua:
2421 1711 2568 1766 vium.
2591 1709 2708 1765 Hoc
2732 1719 2902 1765 autem
2947 1708 3110 1781 632
3139 1708 3343 1764 dicebat
3357 1709 3422 1765 de
3449 1709 3666 1782 Spiritu,
3685 1727 3793 1778 quat

538 1821 705 1878 Pater
735 1817 856 1874 fons
882 1815 1008 1872 vita:
1037 1827 1142 1881 est,
1197 1816 1269 1873 ita
1298 1814 1460 1870 etiam
1499 1812 1692 1868 Filium
1739 1811 1989 1883 plerique
2026 1808 2146 1864 fon-
2177 1811 2226 1872 Β
2249 1805 2562 1876 incipiebant
2593 1804 2849 1876 accipere,
2877 1805 2968 1875 qui
2991 1803 3242 1858 credituri
3267 1815 3418 1859 erant
3445 1805 3501 1860 in
3521 1821 3634 1860 eum
3657 1803 3791 1878 (loss.

539 1924 648 1972 tem
682 1913 806 1968 vitae
852 1918 1224 1968 memnraruut
1269 1907 1672 1979 signiﬁcatum;
1708 1920 1775 1962 eo
1823 1903 1967 1976 quod
2000 1902 2142 1974 apud

541 2017 618 2076 te,
647 2007 844 2078 inquit,
877 2005 1022 2060 Deus
1051 2003 1416 2070 omnipotens,
1447 1999 1475 2039 ι’
1502 1999 1670 2055 Filius
1702 2007 1824 2053 tuus
1854 1996 1976 2052 fons
2017 1995 2144 2052 vitae

543 2101 634 2171 sit,
672 2101 774 2155 hoc
803 2107 908 2160 est.
943 2098 1062 2152 fons
1097 2094 1332 2166 Spiritus
1361 2092 1568 2158 sancti;
1615 2091 1740 2162 quia
1770 2089 2006 2158 Spiritus
2034 2087 2146 2142 vita

543 2205 649 2262 est,
683 2195 822 2249 sicut
851 2192 1110 2247 Dominus
1155 2188 1272 2244 ait:
1322 2187 1484 2242 Verba
1513 2200 1629 2256 qua:
1667 2199 1759 2255 ego
1789 2182 1988 2237 locutus
2029 2197 2148 2235 sunt

542 2289 706 2354 vobis,
735 2286 949 2358 spiritus
999 2293 1046 2338 et
1077 2283 1181 2337 uita
1226 2289 1349 2336 sunt
1375 2277 1558 2352 (Joau.
1607 2291 1684 2342 vr,
1715 2274 1810 2345 64)
1842 2283 1864 2312 ε
1898 2273 2020 2342 quia
2049 2270 2148 2327 ubi

545 2381 807 2452 Spiritus,
838 2385 896 2434 et
919 2377 1029 2433 vita
1056 2381 1141 2432 est
1181 2392 1196 2428 :
1227 2381 1286 2430 et
1313 2372 1402 2429 ubi
1432 2371 1540 2426 vita
1579 2377 1684 2435 est,
1716 2367 1880 2424 etiam
1906 2365 2146 2437 Spiritus

545 2487 792 2536 sanctus.

624 2568 747 2626 155.
777 2566 1031 2636 Plerique
1051 2571 1232 2620 tamen
1265 2565 1368 2616 hoc
1397 2559 1518 2614 loco
1559 2557 1777 2612 Patrem
1807 2553 1997 2609 volunt
2025 2560 2146 2607 tan-

546 2661 828 2718 tummodo
851 2675 947 2730 per
963 2657 1166 2714 fontem
1187 2652 1910 2726 signiticatum,quamquam
1932 2644 2150 2701 videant

545 2757 677 2828 quid
707 2757 984 2827 Scriptura
1019 2749 1414 2808 memoraverit
1445 2765 1458 2800 :
1491 2748 1646 2817 Apud
1683 2755 1760 2810 te,
1804 2742 2000 2814 inquit,
2033 2743 2150 2813 fons

547 2850 665 2904 uitta
691 2845 862 2919 (Psat.
891 2860 1066 2911 xxxv,
1095 2845 1210 2916 10),
1243 2844 1345 2896 hoc
1366 2848 1472 2907 est,
1505 2837 1646 2909 apud
1687 2837 1904 2892 Patrem
1939 2833 2147 2898 Filius;

549 2943 808 3014 quoniam
841 2940 1077 2996 Verbum
1123 2935 1264 3008 apud
1295 2935 1466 2992 Deum
1485 2975 1500 3001 ,
1549 2929 1693 3003 quod
1723 2937 1842 2986 erat
1867 2928 1923 2984 in
1953 2925 2152 2998 princi-

553 3039 668 3111 pio,
697 3045 752 3092 ct
773 3043 894 3092 crat
919 3033 1061 3104 apud
1095 3032 1284 3087 Deum.

626 3129 750 3183 154.
781 3126 890 3184 Sed
921 3125 1036 3182 sive
1063 3124 1280 3179 Patrem
1327 3120 1448 3192 quis
1489 3119 1595 3174 hoc
1622 3116 1766 3179 loco,
1807 3114 1924 3169 sive
1950 3111 2150 3168 Filium

2247 1913 2340 1961 vn,
2375 1896 2467 1965 58,
2497 1895 2614 1970 59).

2321 1992 2444 2050 157.
2481 1991 2624 2064 Ergo
2651 1989 2852 2048 ﬂumen
2873 1999 2962 2048 est
2997 1991 3236 2065 Spiritus
3261 2001 3523 2060 sanctus,
3546 2001 3600 2047 et
3635 1991 3795 2046 ﬂumen

2245 2087 2568 2153 maximum,
2597 2085 2742 2157 quod
2772 2085 3074 2143 secundum
3098 2085 3359 2143 Βοῦν-τεοῦ
3396 2085 3420 2124 τ
3442 2085 3512 2144 de
3529 2085 3652 2143 Jesu
3679 2084 3799 2141 ﬁuit

2247 2180 2300 2236 in
2351 2179 2537 2247 terris,
2595 2187 2655 2234 ut
2723 2193 2822 2235 ore
2880 2177 3054 2236 Esaiae
3105 2180 3416 2252 accepimus
3465 2181 3796 2250 prophetatum

2251 2272 2422 2344 (Esai.
2451 2287 2600 2338 vat,
2652 2271 2766 2344 η).
2812 2272 3062 2344 Magnum
3113 2271 3220 2329 hoc
3263 2271 3490 2342 ﬂumen,
3535 2271 3668 2344 quod
3710 2270 3798 2326 ﬂuit

2247 2383 2496 2438 semper,
2523 2375 2549 2416 8
2577 2375 2631 2423 et
2671 2381 2962 2438 numquam
3008 2367 3217 2424 deﬁcit.
3267 2366 3376 2423 Nec
3401 2367 3576 2423 solum
3612 2365 3794 2430 ﬁumen.

2247 2459 2342 2514 sed
2369 2459 2534 2514 etiam
2577 2457 2783 2528 proiusi
2835 2459 3090 2530 impetus,
3118 2468 3176 2516 et
3222 2457 3607 2529 magnitudinis
3640 2457 3800 2513 redun-

2248 2551 2456 2620 dantis,
2501 2550 2644 2606 sicut
2670 2550 2834 2606 etiam
2867 2547 3039 2605 David
3073 2549 3249 2605 dixit:
3281 2548 3420 2616 Quia
3459 2548 3684 2618 ﬂuminis
3723 2547 3797 2602 ἱιιο

2251 2655 2400 2715 petas
2429 2643 2658 2713 lmtiﬁcat
2686 2643 2942 2698 ciuitatem
2973 2641 3070 2696 Dei
3092 2640 3265 2715 (Pent.
3291 2657 3418 2710 xu,
3445 2641 3525 2713 5).

2323 2735 2446 2793 138.
2477 2733 2666 2806 Neque
2709 2733 2856 2790 enim
2887 2735 3080 2790 civitas
3111 2733 3200 2790 ilia
3251 2733 3554 2792 Jerusalem
3603 2731 3800 2790 celestis

2252 2835 2435 2885 meatu
2467 2826 2696 2898 alicujus
2730 2825 2878 2882 ﬂuvii
2906 2827 3186 2882 terrestris
3213 2825 3456 2881 abluitur
3486 2843 3500 2880 :
3529 2825 3621 2881 sed.
3641 2825 3800 2881 illest

2249 2922 2376 2976 vitae
2417 2919 2564 2974 [ante
2609 2917 2914 2990 procedens
2967 2919 3211 2988 Spiritus
3256 2928 3498 2987 sanctus,
3547 2917 3690 2989 cujus
3726 2930 3799 2971 nos

2253 3013 2406 3070 brevi
2434 3013 2694 3068 satiamur
2719 3011 2940 3079 haustu,
2985 3012 3040 3068 in
3084 3013 3192 3068 illis
3228 3012 3546 3070 omlestibus
3586 3009 3800 3074 Tbronis,

2254 3104 2728 3163 Dominatiouibus
2751 3115 2809 3162 et
2834 3105 3229 3172 Potestatibus,
3259 3105 3488 3178 Angelis
3519 3113 3573 3162 et
3599 3103 3801 3160 Arctan-

548 3221 822 3294 intclligat
864 3220 1110 3284 fontem;
1163 3218 1374 3270 fontem
1425 3216 1614 3284 utique
1657 3209 2012 3280 intelligimus
2042 3220 2151 3261 non
2179 3194 2224 3258 C
2254 3201 2394 3273 gelis
2430 3199 2823 3257 redundantius
2864 3199 3084 3256 videtur
3131 3199 3380 3268 efﬂuere,
3433 3201 3591 3271 pleno
3629 3210 3800 3270 septem

551 3330 710 3387 aquae
759 3313 940 3378 istius,
992 3326 1114 3382 qua:
1156 3317 1406 3364 creatura
1453 3313 1538 3361 est
1569 3323 1582 3360 :
1615 3303 1710 3359 sed
1761 3301 1961 3357 divina:
2005 3299 2153 3356 illius

551 3409 764 3482 gratim,
796 3407 900 3462 hoc
923 3413 1029 3471 est,
1057 3403 1296 3475 Spiritus
1322 3398 1498 3456 sancti
1522 3415 1542 3466 ;
1569 3398 1686 3468 ipse
1723 3405 1808 3452 est
1835 3396 1981 3451 enim
2011 3405 2153 3464 aqua

552 3504 702 3559 viva.
735 3501 1034 3570 Propterea
1059 3495 1318 3552 Dominus
1339 3493 1472 3550 dicit
1497 3511 1511 3544 :
1541 3490 1603 3547 Si
1627 3488 1784 3544 scires
1814 3489 2007 3541 donum
2029 3482 2150 3552 Dei,

555 3607 603 3651 et
629 3595 744 3665 quis
773 3602 847 3647 est
882 3592 970 3662 qui
1011 3589 1136 3644 dicit
1178 3587 1270 3642 tibi
1303 3603 1322 3642 :
1356 3587 1437 3640 Da
1467 3583 1594 3638 mihi
1617 3581 1829 3648 bibere;
1861 3589 1916 3635 tu
1943 3579 2153 3650 petisses

554 3687 616 3742 ab
645 3703 726 3753 eo,
752 3693 803 3741 et
829 3684 1052 3738 dedisset
1073 3679 1163 3736 tibi
1187 3693 1374 3750 aquam
1400 3679 1563 3732 uiuant
1609 3675 1790 3748 (Joan.
1821 3689 1896 3740 tv,
1923 3672 2037 3742 10).

627 3778 756 3834 155.
782 3777 1146 3846 Hanc_aquam
1160 3771 1522 3842 sitivitianima
1551 3767 1724 3824 David
1748 3765 1925 3839 (Psal.
1959 3763 2148 3832 th,5).

552 3873 756 3930 Harum
785 3870 991 3925 fontem
1026 3881 1290 3939 aquarum
1320 3863 1600 3921 desiderat
1645 3876 1862 3925 cervus,
1908 3873 2016 3913 non
2073 3857 2152 3911 si-

553 3969 695 4023 tiens
723 3979 934 4022 venena
974 3969 1310 4033 serpentum.
1345 3959 1476 4015 Viva
1509 3967 1592 4012 est
1618 3954 1762 4011 enim
1803 3967 1940 4025 aqua
1965 3951 2154 4023 gratiae

551 4062 830 4134 spiritalis,
862 4075 929 4116 eo
959 4058 1105 4130 quod
1137 4057 1338 4112 mentis
1364 4055 1577 4109 interna
1599 4049 1874 4122 puriﬁcet,
1907 4057 1966 4105 et
1991 4059 2155 4102 omne

551 4159 717 4212 animi
750 4165 1031 4228 peccatum
1062 4151 1270 4218 abluat,
1309 4149 1755 4217 occultorumque
1785 4141 2027 4227 .muudet
2063 4155 2154 4196 er-

556 4267 738 4310 rorem
748 4291 761 4305 .

1153 4335 1384 4396 CAPUT
1422 4335 1566 4394 XVI.

558 4443 817 4514 Spiritum
846 4446 1076 4494 sanctum
1107 4437 1302 4507 ﬂumen
1331 4449 1440 4490 esse
1465 4445 1732 4504 maguum,
1767 4429 1917 4499 cujus
1947 4440 2156 4481 munere

623 4537 841 4606 mystica
897 4531 1189 4587 Jerusalem
1241 4530 1520 4599 irrigatur.
1551 4524 1804 4580 Eumdem
1854 4523 1988 4595 fonti
2037 4537 2154 4586 suo,

2255 3295 2513 3350 virtutum
2553 3291 2880 3364 spiritalium
2911 3291 3131 3349 fervens
3157 3303 3360 3350 meatu.
3393 3293 3452 3352 Si
3481 3294 3622 3350 enim
3644 3291 3801 3348 ﬂuvius

2253 3390 2493 3461 riparum
2551 3387 2714 3444 editis
2766 3389 3084 3459 superfusus
3131 3388 3392 3455 exundat,
3429 3397 3624 3460 quanto
3663 3384 3802 3456 magis

2253 3483 2487 3556 Spiritus
2514 3498 2734 3540 omnem
2759 3483 3173 3554 supereminens
3219 3493 3546 3552 creaturam,
3572 3498 3686 3540 eum
3709 3479 3803 3536 reli-

2253 3593 2360 3652 qua
2394 3588 2664 3650 tamquam
2693 3577 2952 3634 inferiora
2977 3587 3178 3635 nostra!
3205 3580 3405 3636 mentis
3424 3594 3553 3636 arva
3577 3579 3801 3650 perstrin-

2253 3684 2364 3747 gat,
2413 3675 2692 3732 caelestem
2724 3673 2874 3730 illam
2903 3683 3274 3730 creaturarum
3317 3684 3562 3732 naturam
3589 3672 3801 3730 eiusiore

2253 3767 2484 3840 quadam
2515 3766 2956 3824 sanctiﬁcationis
2989 3766 3242 3824 ubertate
3272 3767 3517 3824 laetiﬁcat
3543 3769 3557 3822 !

2329 3863 2454 3920 159.
2478 3861 2592 3920 Nec
2619 3871 2834 3919 moveat
2859 3861 3010 3934 quod
3033 3862 3120 3920 vel
3145 3861 3236 3920 hic
3261 3863 3399 3918 dixit
3419 3863 3630 3935 ﬂumina
3654 3859 3797 3935 (loss.

2257 3973 2352 4027 vn,
2382 3957 2498 4028 58),
2521 3958 2614 4020 vel
2651 3956 2777 4014 alibi
2817 3967 3014 4030 septem
3053 3956 3268 4029 spiritus
3299 3955 3488 4030 (Apoc.
3521 3971 3570 4025 v,
3594 3955 3666 4028 6);
3694 3951 3718 3990 δ
3739 3950 3802 4006 his

2256 4053 2403 4108 enim
2458 4049 2982 4106 sanctiﬁcationibus
3041 4061 3248 4122 septem
3301 4050 3642 4120 spiritalium,
3697 4045 3801 4100 sicut

2259 4143 2453 4203 Esaias
2473 4143 2613 4200 dixit
2649 4141 2822 4216 (Esai.
2852 4159 2930 4210 xi,
2957 4143 3042 4215 2),
3068 4143 3411 4216 signiﬁcatur
3439 4141 3702 4215 plenitudo
3722 4137 3802 4194 tir-

2260 4246 2433 4290 tutum
2478 4253 2493 4289 :
2531 4234 2756 4307 spiritus
2808 4234 3094 4307 sapientiai
3143 4243 3202 4292 et
3255 4235 3586 4303 intellectus,
3622 4234 3801 4306 spiritus

2259 4325 2474 4383 consilii
2510 4335 2673 4398 atque
2722 4326 2978 4393 virtutis,
3039 4327 3262 4398 spiritus
3313 4326 3629 4400 cognitionis
3675 4335 3801 4393 atque

2259 4419 2498 4492 pietatis,
2522 4421 2744 4492 spiritus
2781 4419 2993 4478 timoris
3016 4421 3130 4478 Dei.
3153 4421 3329 4478 Unum
3351 4438 3482 4494 ergo
3500 4421 3704 4487 ﬁumen,
3729 4414 3800 4472 sed

2263 4517 2416 4572 multi
2493 4515 2820 4588 spiritalium
2889 4516 3156 4574 donorum
3203 4526 3441 4574 meatus.
3497 4515 3605 4572 Hoc
3673 4512 3801 4584 igitur

627 4593 807 4694 idvest,
840 4625 987 4681 Patri
1013 4641 1074 4680 ac
1103 4622 1241 4678 Filio
1266 4593 1518 4694 aequatam
1549 4633 1680 4685 esse,
1704 4593 1862 4686 atque
1886 4615 1942 4670 in
1973 4613 2157 4686 Scrip-
2181 4593 2236 4656 Ῑ)
2261 4609 2466 4666 ﬂumen
2493 4607 2609 4666 exit
2631 4624 2693 4666 ex
2721 4607 2872 4666 fonte
2901 4609 3044 4666 vitae.

627 4731 745 4778 tura
780 4719 1086 4792 signiﬁcari.
1120 4716 1274 4772 lltius
1319 4731 1508 4787 aquam
1547 4712 1656 4768 sitit
1682 4709 1876 4766 Doctor
1905 4717 2114 4764 sanctus
2135 4723 2154 4762 :

626 4874 653 4902 ει
683 4859 913 4930 Quidam
939 4872 1095 4922 mss.,
1127 4873 1186 4910 ac
1213 4871 1302 4930 per
1324 4854 1428 4922 hoc
1451 4863 1499 4908 et
1530 4846 2023 4930 DgYerbuptrita
2053 4853 2151 4930 est,

433 4957 438 4960 '
553 4948 601 4993 et
631 4916 786 4995 sicnt'st,
812 4942 917 4986 etc.
951 4932 1015 4984 Et
1038 4916 1144 4984 non
1178 4916 1352 4982 multo
1381 4931 1526 4994 post,
1574 4916 1774 4976 Filium
1797 4916 1993 4991 fantem
2035 4916 2152 4970 vita:

555 5004 834 5063 memorari
853 5010 1088 5073 Oporteat
1118 4997 1492 5073 signiﬁcatum.

627 5061 656 5119 Β
685 5077 802 5134 Non
835 5061 1050 5146 poterat
1075 5061 1296 5146 satictu's
1321 5069 1410 5146 hic
1431 5067 1630 5146 Dgctor
1659 5061 1902 5146 apertius
1934 5070 2153 5146 proces-

548 5130 1028 5218 siouemiSpiritus
1055 5159 1125 5218 ex
1149 5141 1290 5197 Filio
1325 5136 1654 5210 signiﬁcare.
1701 5130 1762 5218 lu
1786 5130 2153 5218 quo‘quidem

555 5201 634 5278 Ei
648 5201 782 5278 illud
806 5201 932 5274 non
986 5214 1328 5286 negligenter
1370 5201 1825 5286 praetereundum.
1844 5211 1976 5286 est,
1999 5201 2154 5286 illum

555 5275 1030 5362 eamr'iopinionem
1061 5275 1172 5340 non
1202 5283 1303 5340 sibi
1335 5275 1642 5362 vindicasse
1671 5275 1826 5362 quasi
1855 5275 2154 5362 privatam,

557 5343 966 5436 sed—plerisque:
983 5360 1338 5436 communem
1381 5343 1703 5423 praedicare.
1743 5343 2158 5436 Necivlerojdu:

556 5415 1004 5502 bit—tmesijquin
1043 5443 1232 5502 eorum
1275 5427 1339 5502 in
1386 5415 1615 5502 numero
1679 5415 2160 5502 comprehenderit

558 5491 960 5568 Athanasium;
1016 5502 1063 5557 is
1100 5500 1246 5556 enim
1275 5497 1368 5552 lib.
1397 5495 1467 5554 de
1513 5491 1774 5568 Htt_n_1ana_
1814 5497 2006 5568 tratum
2035 5499 2158 5568 sus-

555 5557 1015 5648 Eiiii’ffosvuiig
1043 5585 1261 5648 versum
1289 5568 1357 5648 ad
1385 5564 1680 5648 quembic
1707 5559 1991 5648 aliqditur,
2019 5557 2156 5648 alle-

562 5628 835 5718 933,313.
849 5651 974 5724 σγᾴρ,
991 5644 1184 5724 inquit,
1205 5642 1352 5719 παρὰ
1375 5628 1451 5715 ἐῷ
1473 5643 1586 5711 Θεῷ
1605 5637 1769 5711 Πατρί
1791 5628 1917 5688 ὄντα
1940 5631 2027 5687 τὸν
2047 5628 2156 5684 υἱὸν

565 5716 731 5793 θαητὸν
759 5716 1026 5793 *ποῦ’ὃιῆῥρυ
1053 5716 1362 5793 “stupuisse.

546 5819 550 5824 .
583 5809 594 5823 .
623 5775 661 5830 ’.ξ
691 5775 856 5846 imm,
892 5775 1021 5844 e'dit.
1075 5775 1214 5850 sola',
1244 5785 1366 5856 quia
1407 5781 1494 5837 ubi
1519 5777 1770 5850 Spiritus,
1817 5785 1869 5833 et
1921 5775 2009 5830 ubi
2035 5775 2160 5842 uita,

550 5864 719 5918 etiam
749 5861 980 5932 Spiritus
1014 5865 1243 5914 sanctus.

2337 4706 2462 4763 160.
2492 4705 2604 4761 Nec
2633 4703 2721 4761 hic
2747 4719 2943 4761 rursus
2967 4719 3188 4762 sensum
3205 4713 3359 4762 tuum
3383 4703 3452 4760 ad
3485 4702 3714 4761 interiora
3736 4696 3803 4753 de

2332 4841 2358 4880 ἀ
2387 4840 2775 4918 ᾔδεε-βιὶίιιιρι,
2803 4849 3070 4918 tamquam
3091 4839 3492 4918 pctutuitlitateut=

2336 4922 2360 4951 ο
2384 4903 2653 4970 Similiter
2696 4903 2992 4981 Gregorius
3028 4903 3250 4967 Nazian.
3301 4926 3424 4967 cum
3452 4903 3594 4968 Orat.
3623 4907 3705 4972 37,
3729 4915 3804 4959 eas

2259 4984 2545 5042 retulisset
2589 4983 2998 5044 similitudines.
3047 4981 3247 5053 quibus
3291 4982 3545 5038 catholici
3586 4987 3803 5053 persona-

2260 5072 2380 5113 rum
2435 5055 2742 5111 divinarum
2797 5051 3166 5126 cognitionem
3210 5061 3506 5126 utcumque
3551 5051 3800 5126 faciliorem

2259 5127 2493 5184 reddere
2533 5127 2816 5197 cupientes
2864 5119 3177 5192 utebantur,
3215 5139 3286 5197 se
3344 5119 3526 5182 tamen
3568 5137 3663 5197 non
3686 5119 3804 5197 __sine

2259 5201 2472 5286 timgre‘
2502 5191 2744 5286 quodam
2793 5205 2956 5270 atque
3007 5191 3268 5268 scrupulo
3317 5199 3534 5254 easdem
3586 5191 3806 5249 adbibero

2260 5273 2571 5343 proﬁtetur.

2335 5341 2464 5426 {ita
2488 5356 2682 5426 ρηιειθε
2706 5339 3148 5426 “Passum?
3175 5354 3346 5426 mu:=
3371 5339 3654 5426 etiam?"
3677 5343 3804 5426 ΡΞ

2259 5413 2528 5485 ηυιιίνάε
2573 5413 2702 5468 Iesu
2755 5413 2872 5485 ﬂuit
2937 5412 3176 5485 internis.
3235 5410 3334 5485 Et
3366 5411 3611 5466 continuo
3677 5411 3800 5474 post.

2261 5484 2510 5552 Amerb.,
2543 5486 2703 5542 Eras.
2733 5481 2788 5540 et
2829 5499 2962 5541 mss.
2995 5484 3206 5552 aliquot
3249 5481 3473 5549 habent,
3502 5492 3558 5537 et
3591 5493 3670 5535 ore
3693 5485 3807 5552 ωερε

2261 5545 2550 5640 accepimus
2581 5555 2978 5629 prophetarum;
3009 5545 3122 5612 ubi.
3142 5553 3332 5622 reliqui
3361 5545 3497 5611 mss.
3515 5563 3661 5622 atque
3693 5545 3804 5603 odii.

2267 5638 2326 5684 ut
2349 5645 2400 5684 In
2421 5636 2703 5686 contextu.

2342 5709 2366 5769 β
2400 5699 2652 5756 Nonnulli
2679 5714 2842 5767 mss.,
2872 5708 2921 5755 et
2947 5715 3052 5755 non
3073 5697 3280 5769 deﬂuit.

2342 5767 2370 5808 ¹³
2398 5769 2660 5828 Nonnulli
2683 5787 2844 5839 mss.,
2874 5771 2956 5828 Itis
2977 5771 3116 5827 enim
3140 5767 3609 5842 signiﬁcationibus.
