4016 6292
247 293 335 349 7H

1404 287 1490 344 DE
1529 285 1795 345 SPIRITU
1835 281 2107 342 SANCTO
2145 285 2276 343 LIB.
2319 281 2338 342 ἰ

3408 281 3511 338 7ξὲ

250 419 506 478 torqueas,
539 405 666 476 quia
687 405 934 477 quaedam
957 404 1246 462 diversitas
1267 402 1481 459 videtur
1503 418 1625 458 esse
1655 402 1815 457 ruinis
1845 405 1898 464 Α
1921 403 2292 458 Thesaurizate
2319 402 2460 456 vobis
2488 401 2759 456 thesauros
2776 403 2827 454 in
2853 401 2978 455 aeto
3005 415 3022 452 :
3051 400 3136 454 ubi
3162 416 3321 470 neque
3340 416 3514 473 terugo

248 511 294 556 et
321 498 582 564 ﬂuminis;
613 507 666 552 et
714 506 891 557 tamen
924 499 989 553 ad
1017 500 1200 553 omnia
1231 497 1502 567 prospexit
1532 496 1814 566 Scriptura

247 591 429 656 divina,
461 605 530 645 ne
555 589 848 648 inﬁrmitas
878 589 1096 646 humani
1143 599 1426 660 caperetur
1464 588 1668 660 ingenii
1699 590 1818 645 vili-

245 697 344 742 tate
365 699 698 738 sermonum.
741 683 1023 753 Pr0ponas
1057 683 1152 737 tibi
1183 683 1310 737 licet
1335 682 1563 751 quodvis
1594 682 1816 746 ﬂumen,

243 795 271 834 e
300 779 435 832 fonte
466 787 589 840 est;
623 778 782 831 unius
815 787 992 834 tamen
1044 786 1272 842 naturae,
1306 777 1465 830 unius
1506 775 1821 846 splendoris

237 881 288 928 et
313 870 511 942 gratize.
551 870 646 926 Dic
688 886 820 924 sane
858 878 912 926 et
962 878 1018 924 tu
1050 869 1314 939 Spiritum
1363 878 1608 925 sanctum
1661 869 1820 924 unius

239 978 350 1020 cum
379 959 510 1017 Filio
553 962 648 1018 Dei
688 973 741 1016 et
778 963 891 1017 Deo
933 960 1095 1019 l‘atre
1123 978 1244 1017 esse
1288 961 1627 1024 substanlite,
1661 962 1820 1016 unius

237 1057 484 1116 claritatis
512 1066 568 1112 et
615 1055 825 1126 gloriae.
877 1054 1098 1125 Capiam
1134 1055 1290 1110 ﬁdele
1337 1055 1721 1124 compendium
1752 1054 1820 1109 de

239 1147 430 1202 unitate
472 1145 707 1213 virtutis,
749 1160 848 1202 nec
893 1147 1124 1202 verebor
1148 1146 1381 1217 aliquam
1411 1146 1478 1202 de
1505 1145 1820 1202 diversitate

236 1237 614 1310 magnitudinis
639 1239 1016 1308 quaestionem.
1055 1237 1188 1292 Nam
1231 1238 1395 1294 etiam
1427 1240 1478 1292 in
1522 1237 1624 1292 hoc
1667 1238 1821 1292 nobis

234 1334 502 1403 Scriptura
535 1333 849 1403 prospexit;
878 1332 1013 1388 dicit
1053 1333 1201 1388 cnim
1242 1333 1332 1388 Dei
1363 1332 1532 1389 Filius
1566 1351 1580 1385 :
1618 1332 1720 1400 Qui
1744 1333 1822 1386 bi-

234 1427 352 1492 berit
399 1425 462 1479 de
489 1443 643 1496 aqua,
677 1441 831 1494 quant
865 1441 958 1496 ego
979 1425 1113 1480 dabo
1141 1427 1208 1489 ei,
1239 1426 1325 1494 ﬁet
1354 1427 1408 1480 in
1429 1442 1486 1480 eo
1511 1429 1628 1498 fons
1675 1442 1824 1498 aqua

233 1517 454 1574 salientis
506 1519 558 1570 in
591 1519 746 1588 uitam
790 1526 1033 1572 retentam
1074 1516 1253 1588 (Joan.
1307 1533 1381 1583 tv,
1411 1515 1526 1587 14).
1560 1517 1659 1572 llic
1704 1517 1824 1572 fons

229 1613 411 1680 utique
434 1611 606 1682 gratia
639 1609 899 1682 spiritalis
940 1619 1024 1666 est
1054 1609 1249 1666 ﬂuvius
1277 1624 1345 1664 ex
1373 1610 1496 1665 vivo
1521 1609 1672 1664 fonte
1700 1623 1823 1680 pro-

228 1702 443 1762 cedens.
502 1701 647 1766 Fons
707 1701 871 1772 igitur
918 1701 1044 1756 vita:
1095 1701 1259 1758 etiam
1305 1701 1540 1772 Spiritus
1602 1710 1822 1756 sanctus

224 1805 323 1854 est.

297 1891 416 1947 161.
452 1899 476 1927 α
515 1890 767 1946 Advertis
792 1906 925 1961 ergo
956 1905 1022 1944 ex
1054 1888 1237 1944 verbis
1277 1889 1453 1959 ipsius
1481 1887 1680 1944 divinae
1719 1887 1830 1957 sig-

221 1984 430 2039 niﬁcari
468 1984 869 2054 magnitudinis
913 1982 1204 2044 unitatem,
1237 1995 1339 2036 nec
1370 1994 1531 2050 posse
1552 1978 1829 2034 Christum

221 2078 380 2134 etiam
423 2092 456 2130 a
485 2077 717 2147 perfidis
750 2077 955 2132 fontem
979 2076 1195 2146 negari;
1227 2090 1349 2131 cum
1383 2075 1504 2132 fons
1530 2074 1748 2129 dicatur
1775 2082 1831 2129 ct

218 2169 476 2239 Spiritus.
533 2171 596 2223 Et
648 2170 786 2225 sicut
832 2169 1033 2225 ﬂumen
1087 2169 1287 2224 dicitur
1341 2169 1600 2238 Spiritus,
1651 2168 1723 2222 ita
1773 2180 1827 2223 et

217 2263 373 2318 Pater
398 2262 587 2318 dixit:
617 2262 643 2301 ι)
673 2262 808 2318 Ecce
852 2280 944 2332 ego
968 2263 1186 2317 decurro
1232 2263 1286 2316 in
1331 2279 1441 2328 uos,
1475 2263 1607 2316 sicut
1639 2263 1828 2332 ﬂuvius

216 2356 377 2420 oacis,
403 2364 453 2410 et
482 2355 618 2420 sicut
642 2365 837 2424 torrens
863 2356 1118 2410 inundans
1146 2356 1368 2427 gloriam
1391 2355 1622 2427 gentium
1649 2353 1823 2427 (Esai.

212 2464 356 2514 Lm,
388 2447 510 2518 12).
555 2449 722 2528 633
771 2448 905 2516 Quis
941 2458 1122 2506 autem
1176 2451 1390 2507 dubitet
1441 2449 1644 2506 ﬂutnen
1703 2466 1829 2506 esse

213 2537 336 2593 vita:
371 2539 469 2594 Dei
499 2538 730 2601 Filium.
776 2540 842 2600 de
868 2557 975 2611 quo
1013 2549 1237 2597 aeternae
1269 2542 1394 2596 vita:
1425 2541 1645 2597 ﬂumina
1698 2557 1830 2610 pro-

211 2632 459 2689 ﬂuebant
483 2635 513 2688 ?

283 2726 410 2781 162.
457 2727 618 2786 Bona
656 2741 787 2799 ergo
817 2742 979 2799 aqua,
1011 2726 1272 2799 spiritalis
1299 2729 1508 2798 gratia:
1534 2729 1656 2798 quis
1685 2727 1829 2784 buuc

209 2818 426 2884 fontem.
454 2819 618 2874 dabit
644 2822 850 2890 pectori
883 2820 1043 2876 meo?
1072 2820 1130 2880 in
1164 2835 1250 2876 me
1274 2821 1464 2886 saliat;
1497 2821 1547 2875 in
1581 2836 1669 2876 me
1695 2820 1829 2874 ﬂuat

213 2913 341 2967 vita:
382 2913 622 2984 largitor
648 2924 890 2970 aeterna).
922 2914 1235 2985 Superﬂuat
1277 2914 1332 2968 in
1362 2913 1521 2968 nobis
1551 2912 1672 2969 fons
1700 2913 1824 2978 iste,

210 3020 320 3060 non
350 3004 576 3060 efﬂuat.
632 3007 770 3061 Dicit
815 3007 960 3062 enim
1002 3007 1272 3077 sapientia
1307 3023 1320 3060 :
1350 3005 1479 3062 Bibe
1522 3022 1713 3075 aquam
1763 3006 1828 3060 de

209 3101 311 3154 tuis
342 3102 510 3165 vasis,
547 3109 596 3155 et
626 3100 690 3154 de
721 3112 989 3170 puteorum
1015 3113 1220 3157 tuorum
1257 3105 1506 3170 fontibus,
1533 3103 1683 3170 inque
1715 3103 1830 3173 plu-

1923 513 2082 567 ueque
2120 497 2256 550 tinea
2282 495 2617 556 exterminat;
2654 502 2701 548 et
2744 493 2830 546 ubi
2872 493 3012 562 [ures
3041 509 3142 546 non
3185 493 3442 562 effodiunt
3468 501 3514 544 ct

1920 595 2184 662 fm'antur.
2223 587 2322 643 Ubi
2348 589 2480 642 enim
2505 588 2660 658 fuerit
2683 587 2952 641 thesaurus
2973 596 3111 652 tuus,
3145 587 3214 640 ibi
3242 586 3337 640 erit
3356 597 3402 639 et
3425 602 3516 640 cor

1921 693 2081 739 tuum.

1997 775 2117 831 164.
2151 773 2359 844 Erugo
2394 783 2578 830 nostra
2621 775 2845 830 lascivia
2870 784 2973 837 est,
2999 788 3185 844 :erugo
3231 782 3417 828 nostra
3452 773 3518 828 li—

1920 870 2050 926 bido
2098 879 2205 936 est,
2256 885 2441 940 aerugo
2473 877 2654 923 nostra
2706 869 2913 923 luxuria
2965 878 3070 932 cst,
3112 883 3230 938 qua:
3277 865 3516 938 ﬂagitio-

1922 980 2038 1018 rum
2070 965 2322 1018 sordibus
2363 965 2531 1018 aciem
2567 963 2762 1018 mentis
2795 962 3092 1017 obducunt.
3126 959 3294 1016 'l'inca
3328 976 3516 1016 rursus

1923 1065 2106 1109 nostra
2162 1053 2326 1108 Arius
2367 1063 2474 1119 est,
2529 1055 2670 1108 tinea
2730 1063 2913 1109 nostra
2967 1052 3228 1107 Photinus
3261 1061 3364 1119 est,
3427 1053 3519 1123 qui

1921 1157 2167 1203 sanctum
2199 1148 2456 1203 Ecclesiae
2500 1148 2884 1203 vestimentum
2918 1147 3198 1216 impietate
3243 1162 3337 1201 sua
3370 1148 3515 1202 scin-

1922 1241 2079 1306 dunt;
2101 1252 2154 1297 et
2184 1244 2448 1296 unitatem
2476 1241 2676 1296 divina:
2703 1241 2986 1309 potestatis
3002 1238 3516 1312 635individuam

1924 1347 2180 1402 separare
2246 1331 2576 1401 cupientes,
2638 1330 2910 1400 sacrilego
2971 1335 3154 1384 morsu
3222 1330 3518 1399 pretiosum

1925 1425 2051 1482 fidei
2108 1426 2362 1481 velamen
2407 1425 2704 1480 obrodunt.
2759 1422 3030 1478 Funditur
3057 1437 3218 1491 aqua,
3259 1423 3303 1476 si
3358 1421 3519 1476 Arius

1923 1519 2140 1574 dentem
2173 1517 2513 1588 impresserit
2539 1535 2552 1570 :
2581 1516 2776 1581 efﬂuit,
2803 1517 2847 1570 si
2881 1516 3124 1570 aculeum
3156 1531 3313 1569 suum
3345 1514 3394 1567 in
3425 1515 3523 1568 ali-

1921 1611 2078 1680 cujus
2108 1625 2203 1664 vas
2225 1610 2487 1665 Photinus
2509 1610 2768 1666 infixerit.
2809 1607 2924 1663 Vile
2949 1609 3264 1677 figmentum
3294 1621 3484 1660 sumus
3507 1647 3520 1668 ,

1926 1706 2034 1760 cito
2065 1705 2189 1759 vitia
2223 1705 2510 1759 sentimus.
2545 1703 2650 1759 Sed
2681 1717 2840 1756 nemo
2867 1699 3000 1756 dicit
3023 1698 3186 1770 ﬁgulo
3211 1684 3233 1751 :I
3253 1698 3391 1766 Quid
3446 1713 3526 1751 me

1855 1820 1903 1881 Β
1931 1801 2098 1872 fecisti
2120 1797 2395 1870 sic(Rom.
2425 1814 2499 1864 rx,
2524 1797 2646 1869 20)?
2677 1796 2808 1851 Nam
2836 1796 2935 1849 etsi
2980 1794 3086 1849 vile
3128 1807 3222 1848 vas
3255 1803 3523 1856 nostrum,

1932 1894 2074 1948 aliud
2105 1902 2284 1948 tamen
2318 1893 2369 1946 in
2398 1891 2631 1955 honore,
2656 1890 2799 1944 aliud
2833 1890 2886 1944 in
2911 1887 3238 1944 contumelia
3267 1894 3372 1940 est.
3407 1884 3522 1939 Noli

1932 1978 2062 2057 ergo
2111 1984 2326 2054 aperire
2366 1984 2546 2038 lacum
2577 1992 2750 2048 tuum,
2803 1981 2910 2036 noli
2941 1980 3129 2035 fodere
3171 1979 3317 2033 vitiis
3366 1990 3528 2048 atque

1929 2077 2270 2140 criminibus,
2301 2076 2368 2133 tie
2407 2078 2528 2146 quis
2555 2076 2702 2130 dicat
2732 2093 2745 2129 :
2775 2075 2970 2129 Lucum
3002 2076 3226 2146 aperuit,
3260 2083 3306 2128 et
3337 2073 3525 2146 effodit

1931 2191 2048 2229 eum
2096 2190 2114 2228 :
2166 2183 2214 2227 et
2260 2163 2446 2226 inridil
2511 2173 2566 2225 in
2623 2175 2858 2242 foveam,
2917 2185 3070 2240 quam
3135 2179 3382 2237 operatus
3457 2178 3530 2222 est

1931 2265 2110 2340 (Psal.
2145 2281 2239 2331 vtt,
2281 2265 2390 2334 l6).

2006 2358 2130 2416 165.
2166 2360 2225 2415 Si
2252 2358 2441 2415 Jesum
2471 2357 2742 2429 quazritis,
2777 2355 3049 2411 contritus
3079 2355 3230 2410 lacus
3265 2354 3526 2418 deserite;

1931 2455 2180 2510 Christus
2209 2453 2356 2509 enim
2383 2469 2492 2508 non
2527 2452 2594 2508 ad
2620 2453 2820 2516 lacum,
2844 2452 2938 2506 sed
2971 2452 3038 2507 ad
3081 2460 3297 2520 puteum
3337 2450 3532 2505 sedere

1931 2550 2239 2606 consuevit.
2286 2548 2361 2604 lbi
2408 2563 2531 2604 eum
2580 2545 2922 2603 Samaritana
2973 2547 3064 2600 illa
3109 2562 3230 2616 quzc
3278 2545 3530 2608 credidit,

1931 2644 2025 2700 illa
2080 2659 2200 2714 qua:
2253 2657 2447 2714 aquam
2501 2641 2724 2697 haurire
2778 2641 3052 2710 cupiebat,
3109 2640 3314 2695 invenit
3347 2638 3529 2710 (John.

1932 2753 2014 2804 Iv,
2077 2736 2152 2808 6).
2216 2736 2478 2802 Quamvis
2533 2748 2692 2789 mane
2740 2733 2932 2789 venire
2998 2733 3297 2796 debueris,
3349 2743 3528 2786 tamen

1933 2832 2146 2885 etiamsi
2173 2830 2352 2885 serius
2392 2830 2630 2894 veneris,
2664 2829 2826 2883 etiam
2856 2835 3006 2882 sexta
3037 2826 3165 2880 liora
3193 2826 3374 2881 .lesum
3410 2825 3531 2879 fati-

1934 2937 2117 2996 gatum
2147 2926 2216 2979 ab
2240 2927 2438 2980 itinere
2462 2922 2730 2979 invenies.
2764 2920 3044 2992 Fatigatus
3071 2928 3178 2988 est,
3204 2919 3320 2978 .sed
3368 2919 3420 2972 in
3457 2929 3530 2983 te;

1934 3021 2061 3090 quia
2091 3018 2179 3072 diu
2215 3026 2265 3071 te
2307 3016 2577 3087 qumsivit,
2627 3023 2719 3070 tua
2751 3015 2898 3068 illum
2933 3012 3136 3068 tamdiu
3176 3009 3532 3066 incredulitas

1937 3112 2202 3183 fatigavit.
2233 3110 2351 3166 Non
2402 3108 2700 3164 offenditur
2729 3116 2933 3171 tamen,
2985 3107 3026 3160 si
3084 3104 3246 3159 modo
3297 3102 3532 3158 venias:

206 3195 300 3248 teis
358 3194 466 3247 tuis
524 3195 850 3264 super/luant
905 3211 1052 3258 aqua
1106 3205 1206 3249 tute
1258 3194 1440 3266 (Prov.
1482 3211 1534 3258 ν,
1582 3197 1669 3260 15,
1711 3195 1820 3263 16).

1948 3207 2072 3262 oetit
2105 3205 2312 3269 bibere,
2347 3204 2597 3258 daturus.
2629 3201 2772 3256 Bibit
2797 3209 2972 3255 autem
3022 3213 3127 3252 non
3157 3211 3351 3267 aquam
3387 3210 3530 3265 pra:-

205 3286 506 3355 Quomodo
558 3289 699 3343 hanc
724 3305 752 3343 a
777 3305 920 3358 luam
955 3291 1175 3355 tenebo,
1211 3306 1277 3345 ne
1326 3290 1537 3355 efﬂuat,
1582 3305 1651 3344 ne
1681 3289 1830 3344 laba-

204 3381 342 3436 tur?
374 3381 678 3449 Quomodo
717 3397 812 3438 vas
853 3399 1034 3440 meum
1064 3383 1431 3448 conservabo,
1465 3395 1485 3422 ο
1514 3398 1582 3438 ne
1603 3397 1710 3453 qua
1739 3397 1833 3452 pe-

200 3483 442 3530 netrans
483 3476 632 3548 rima
668 3476 900 3545 peccati,
951 3485 1174 3532 aeterna:
1200 3477 1327 3531 vita:
1357 3476 1588 3532 distillet
1638 3477 1831 3530 immo-

197 3568 367 3621 rem?
401 3567 564 3622 Doce
599 3582 719 3630 nos,
753 3567 981 3622 Domiuc
1029 3567 1178 3632 .lesu,
1225 3567 1361 3623 doce
1406 3569 1545 3623 sicut
1598 3566 1830 3622 docuisti

197 3659 501 3727 apostolos
586 3669 729 3724 tuos,
786 3659 978 3715 dicens
1019 3677 1032 3713 :
1075 3660 1251 3714 Nolite
1304 3661 1647 3715 thesaurizare
1695 3661 1837 3715 vobis

192 3752 486 3807 thesauros
522 3754 581 3807 in
621 3761 782 3818 terra,
822 3753 910 3807 ubi
944 3770 1122 3826 wrugo
1152 3765 1198 3808 et
1249 3755 1387 3808 tinea
1433 3755 1753 3820 exterminat,
1788 3762 1835 3807 et

193 3847 284 3900 ubi
315 3852 474 3917 fures
506 3847 774 3918 effodiunt
800 3858 848 3903 et
883 3849 1122 3916 {urantur
1147 3849 1365 3922 (Matth.
1393 3865 1466 3913 Vl,
1502 3849 1614 3919 19).

271 3943 408 3999 165.
449 3941 664 3996 Furem
714 3942 968 3998 videlicet
1020 3943 1358 3998 immundum
1404 3943 1655 4012 Spiritum
1711 3956 1834 3997 esse

189 4035 514 4106 signiﬁcat,
557 4035 651 4106 qui
706 4037 760 4091 in
790 4036 1058 4092 bonorum
1091 4052 1320 4106 operum
1367 4037 1488 4091 luce
1535 4035 1838 4108 gradienti-

184 4127 296 4184 bus
335 4145 458 4184 non
501 4129 683 4199 possit
724 4129 996 4200 obrepere
1026 4148 1038 4182 :
1065 4131 1116 4184 in
1161 4129 1401 4186 tenebris
1439 4138 1621 4184 autem
1665 4142 1838 4184 saecu-

183 4219 404 4275 larium
445 4220 848 4292 cupiditatum,
901 4230 951 4277 et
989 4223 1130 4277 inter
1175 4221 1581 4278 oblectamenta
1629 4227 1836 4276 terres-

183 4320 367 4374 trium
405 4316 436 4356 ἀ
472 4318 530 4374 si
575 4333 736 4384 quem
794 4318 1002 4388 ceperit
1033 4318 1395 4389 voluptatum,
1438 4317 1587 4372 omni
1618 4316 1837 4373 virtutis

181 4421 436 4471 aeterna:
497 4413 645 4468 ﬂore
699 4411 987 4482 despoliet.
1044 4411 1112 4466 Et
1159 4411 1283 4467 ideo
1334 4412 1599 4466 Dominus
1655 4409 1836 4466 dicit:

1936 3296 2256 3352 termeantis
2279 3295 2462 3361 rivuli,
2494 3293 2590 3349 sed
2631 3292 2862 3347 salutem
2898 3299 3041 3344 tuam
3071 3307 3082 3342 :
3116 3289 3251 3343 bibit
3280 3287 3535 3341 affectum

1938 3401 2113 3458 tuum,
2167 3389 2302 3445 bibit
2361 3389 2618 3454 calicem,
2679 3385 2780 3440 hoc
2849 3393 2953 3450 est,
3018 3384 3323 3454 passionem
3384 3381 3533 3436 illam

1937 3496 2150 3541 tuorum
2178 3482 2468 3539 criminum
2519 3479 2974 3548 rcdemptricem;
3010 3486 3067 3531 ut
3105 3485 3159 3530 tu
3192 3475 3337 3531 sitim
3383 3474 3538 3529 istius

1937 3580 2150 3646 mundi,
2181 3576 2319 3632 sacri
2345 3584 2502 3646 potus
2526 3589 2721 3629 cruore
2744 3575 3070 3642 restinguas.

2016 3673 2139 3728 166.
2196 3670 2287 3726 Sic
2356 3667 2628 3723 Abraham
2676 3666 2844 3720 Deum
2905 3675 3256 3732 posteaquam
3317 3672 3539 3731 puteum

1939 3767 2094 3831 fodit,
2122 3763 2353 3820 emeruit
2396 3759 2550 3834 (Gen.
2583 3774 2697 3823 xxr,
2722 3757 2838 3827 30).
2869 3757 2960 3812 Sic
3003 3756 3147 3809 Isaac
3177 3755 3307 3809 dum
3335 3754 3400 3808 ad
3445 3769 3543 3824 pu—

1937 3872 2084 3916 teum
2134 3855 2447 3913 deambulat
2488 3851 2641 3924 (Gen.
2700 3866 2852 3916 xxrv,
2884 3847 3000 3918 62),
3034 3849 3344 3904 venientem
3390 3846 3540 3901 illam

1938 3955 1992 4009 in
2023 3962 2154 4025 typo
2179 3949 2439 4006 Ecclesia:
2471 3945 2683 4015 accepit
2712 3959 2939 3998 uxorem
2969 3940 3132 4010 (Ibid.
3152 3983 3165 4006 ,
3192 3938 3305 4010 67).
3341 3939 3544 3993 Fidelis

1939 4049 2006 4104 ad
2033 4058 2278 4118 puteum,
2310 4039 2548 4097 infidelis
2574 4037 2640 4094 ad
2663 4039 2860 4094 lacum.
2891 4035 3134 4105 Denique
3165 4043 3219 4088 et
3247 4043 3268 4068 ο
3295 4032 3541 4086 Rebecca

1939 4145 2085 4200 sicut
2130 4140 2384 4211 legimus,
2443 4135 2736 4206 petitorem
2805 4128 3012 4185 invenit
3061 4127 3128 4182 ad
3203 4129 3432 4191 fontem,
3490 4132 3545 4178 et

1939 4235 2259 4294 meretrices
2299 4231 2356 4286 in
2403 4229 2524 4284 lacu
2569 4224 2788 4282 Jezabel
2817 4238 2877 4280 se
2915 4235 3112 4278 cruore
3150 4221 3401 4276 laverunt
3454 4217 3544 4291 (Ill

1943 4331 2074 4404 Reg.
2106 4327 2268 4422 xit").

256 4560 283 4585 ει
319 4549 470 4603 Mss.
507 4547 750 4617 aliquot,
787 4549 1020 4601 Advertis
1050 4563 1169 4614 ergo
1213 4564 1276 4601 ex
1305 4547 1468 4602 verbis
1513 4547 1676 4618 ipsius
1710 4549 1826 4616 fou-
1855 4545 1909 4604 D
1935 4539 2092 4618 nulli.
2133 4548 2186 4591 et
2215 4532 2514 4618 vet.‘edit.,
2544 4529 2813 4618 decurram
2862 4529 2914 4582 in
2967 4543 3054 4581 vos
3088 4545 3101 4582 :
3131 4525 3291 4582 Rom.
3316 4527 3449 4585 edit.
3481 4543 3546 4583 ex

177 4631 289 4692 tem
323 4622 547 4674 divina:
600 4620 882 4688 signiﬁcari
928 4619 1466 4692 magnitudinis,_nec
1521 4635 1688 4692 posse,
1719 4627 1826 4692 etc.

175 4691 421 4761 Reliqui
478 4705 558 4745 ac
593 4687 725 4744 edit.
761 4694 903 4745 inter
945 4687 1140 4745 se'nou
1189 4689 1480 4750 dissident.
1522 4687 1637 4761 nisi
1685 4687 1831 4761 quod

171 4763 268 4819 hac
295 4760 523 4835 legunt
555 4762 851 4835 etiam,iilli
881 4771 1059 4835 autem
1084 4778 1236 4831 ergo;
1263 4770 1318 4816 ct
1346 4776 1442 4833 pro
1485 4760 1655 4835 verbis
1682 4760 1834 4828 ipsis,

174 4830 622 4906 quod'Erasq
681 4833 829 4906 Gill.
858 4843 913 4888 et
964 4830 1303 4906 Rom.’_cdit.
1348 4830 1476 4906 ‘przn
1525 4846 1587 4886 se
1632 4830 1832 4906 ferunt,

167 4900 431 4974 Mlieris.
501 4914 568 4960 et
630 4919 762 4960 mss.
820 4905 1022 4961 habent
1063 4903 1225 4959 verbis
1261 4900 1448 4974 ipsius,
1493 4915 1689 4972 nempe
1739 4900 1835 4954 Dei

171 4977 308 5033 Filii
346 4992 548 5049 supra
582 4979 678 5035 cit.

251 5049 282 5088 ι)
327 5046 448 5106 Ιιςί
478 5062 633 5104 mss.
669 5048 853 5119 plures
898 5063 963 5105 ac
1013 5051 1254 5119 potiores
1288 5065 1300 5102 :
1332 5046 1422 5102 alii
1472 5053 1652 5101 autem
1701 5058 1838 5099 non-

1941 4609 2114 4668 sacris
2137 4607 2286 4671 cod.,
2315 4605 2592 4659 decurram
2615 4603 2668 4655 in
2699 4617 2801 4655 eos.

2009 4693 2030 4719 ο
2059 4681 2134 4734 lta
2164 4669 2298 4733 edit.
2331 4688 2520 4730 omnes
2551 4687 2614 4727 ac
2637 4673 2996 4742 pluresmss.;
3039 4669 3131 4738 alii
3161 4685 3293 4726 vero
3316 4671 3545 4741 aliquot,

1943 4767 2006 4804 ne
2033 4767 2166 4820 aqua
2195 4759 2467 4820 penetrans
2495 4745 2702 4820 rimam.

2014 4821 2040 4860 ἀ
2067 4813 2204 4876 Μεεί
2224 4822 2452 4890 aliquot,
2482 4817 2712 4890 signent
2732 4815 2923 4884 ceperit
2951 4813 3253 4890 volutatum.

2019 4906 2041 4932 ε
2072 4894 2198 4949 Mss.
2250 4883 2356 4946 no'n
2392 4883 2576 4960 pauci,
2615 4883 2928 4960 Rebeccam,‘
2970 4886 3100 4939 sicut
3151 4886 3388 4955 legimus,
3418 4883 3548 4952 peti-

1947 4977 2026 5022 tor
2055 4963 2279 5030 invenit;
2308 4957 2440 5030 tres,
2475 4960 2728 5032 petiturus
2757 4957 2971 5010 invenit.

163 5153 3543 5206 ______________________________________________.

1351 5295 1692 5380 LIBER
1768 5289 2428 5379 SECUNDUS.

853 5526 1236 5603 rnowc‘us.

160 5644 310 5704 Tres
374 5643 630 5698 divinas
685 5655 927 5709 personas
978 5652 1033 5694 ut
1110 5640 1291 5710 priscis
1337 5637 1605 5711 judicibus
1672 5636 1742 5690 ita
1797 5641 1844 5687 et

243 5738 464 5811 Moysi
524 5750 646 5788 non
682 5733 841 5802 fuisse
889 5735 1088 5804 ignotas
1121 5749 1138 5786 :
1170 5731 1482 5786 declaratum
1534 5729 1684 5782 etiam
1731 5741 1848 5779 cum

241 5835 400 5893 alibi
438 5840 578 5886 tum
634 5826 775 5896 apud
822 5828 970 5882 illaut
1018 5825 1143 5881 Filii
1179 5841 1292 5878 cum
1337 5822 1519 5888 Patre,
1553 5836 1653 5874 non
1703 5833 1848 5874 secus

2025 5552 2088 5589 ac
2129 5535 2283 5588 trium
2316 5535 2449 5588 inter
2487 5550 2541 5588 se
2591 5530 2962 5600 arqualitatem.
3015 5530 3269 5603 Spiritum
3321 5544 3555 5592 sanctum

2025 5628 2258 5698 adfuisse
2288 5626 2553 5690 Samsoni,
2610 5623 2761 5686 cuius
2787 5622 3028 5696 deinceps
3068 5627 3387 5691 percurritur
3421 5629 3556 5685 mira

2026 5721 2243 5774 historia
2293 5727 2338 5773 et
2387 5718 2544 5772 variis
2576 5711 2831 5768 Ecclesia:
2880 5716 3139 5785 mysteriis
3189 5728 3417 5788 optatur.
3442 5719 3552 5776 190-

2028 5813 2144 5866 dem
2173 5820 2343 5864 autem
2391 5808 2597 5877 Spiritu
2628 5803 2929 5874 recedente,
2965 5808 3134 5879 ipsum
3160 5811 3212 5865 in
3244 5813 3560 5882 multiplices
