4016 6292
518 311 624 370 715
1841 299 2085 360 SANCTI

2163 264 2447 359 ,nenosn
3674 304 3749 363 ut

588 420 835 478 incidisse
875 417 1213 481 calamitates.
1247 416 1388 486 quod
1417 415 1656 472 resecatis
1685 413 1892 486 capillis
1931 430 1996 469 ne
2024 413 2118 467 tri-
2144 416 2199 478 Α
2220 414 2351 485 25).
2396 414 2463 469 Ει
2502 412 2627 470 ideo
2653 412 2892 471 futurum
2919 414 3230 485 prmvidens
3257 427 3634 475 sacramentum
3654 464 3669 487 ,
3704 439 3758 481 ex

592 516 804 581 buatur,
835 509 1098 584 spiritales
1152 511 1364 566 illorum
1416 507 1820 581 signiﬁcationes
1880 508 2122 578 proponit
2223 510 2547 581 alienigenis
2576 509 2836 581 poscebat
2878 525 3104 567 uxorem
3141 510 3350 580 (Judic.
3375 516 3757 589 ιιν,1ιιερς.);

594 608 924 664 Ambrosius.
2223 605 2364 676 quod
2397 604 2556 661 Pater
2601 604 2722 671 ejus
2750 619 2812 661 ac
2838 614 3033 673 mater,
3067 613 3126 661 ut
3172 606 3436 676 scriptum
3464 617 3561 671 est,
3591 611 3763 680 ignora-

598 702 652 756 1.
683 700 799 755 Etsi
835 700 892 763 in
944 698 1083 754 libro
1125 697 1298 767 primo
1350 696 1551 753 veteris
1598 695 1839 751 historia:
1888 694 2124 751 lectione
2224 696 2387 764 bant,
2427 698 2683 768 quoniam
2712 711 2743 752 a
2767 695 2999 753 Domino
3025 706 3131 755 est.
3161 698 3460 770 Meritoque
3485 698 3661 757 fortior
3680 717 3764 757 cs:-

528 806 552 835 ⁸
586 794 916 866 patefactum
939 793 1048 859 sit;
1088 800 1143 849 et
1164 792 1216 847 in
1263 791 1396 861 ipsis
1435 789 1708 861 judicibus
1752 797 1998 846 veterum
2022 788 2123 845 Ju-
2228 787 2359 845 teris
2381 788 2701 856 habebatur,
2721 790 2846 861 quia
2867 805 2992 847 eum
3021 791 3258 862 Spiritus
3280 791 3493 848 Domini
3513 792 3766 866 dirigebat,

524 889 768 946 datorum
796 884 1128 956 septiformis
1165 885 1395 956 gratiam
1436 883 1674 955 Spiritus
1718 883 2023 953 refulsisse,
2071 890 2127 938 et
2227 895 2336 952 quo
2356 881 2515 945 duce.
2546 882 2701 938 solus
2723 898 2867 942 nunc
2887 884 3310 957 alienigenarum
3332 885 3545 958 fugabat
3565 889 3767 959 populos,

528 996 625 1054 per
670 980 934 1051 Spiritum
998 986 1244 1034 sanctum
1297 976 1603 1034 ctelestinm
1660 986 2126 1034 sacramentorum
2229 991 2373 1033 nunc
2402 976 2616 1034 leonem
2645 993 2830 1035 morsu
2874 978 3229 1047 inviolabilis,
3261 980 3570 1038 fortitudine
3598 984 3771 1055 insupe-

527 1074 773 1131 revelata
805 1071 1083 1145 mysteria,
1112 1085 1276 1141 quem
1300 1069 1513 1143 Moyses
1535 1085 1643 1126 non
1666 1070 1941 1143 ignoravit
1960 1079 2127 1126 a:ter-
2228 1071 2438 1141 rabilis,
2456 1072 2792 1144 discerptum
2819 1075 3066 1132 manibus
3089 1076 3365 1133 dividebat
3388 1076 3771 1150 (lbid.5etstq.).

527 1181 679 1224 num.
733 1165 979 1235 Denique
1022 1163 1205 1218 statim
1262 1163 1315 1217 in
1367 1163 1641 1233 principio
1696 1163 1907 1228 mundi,
1960 1163 2129 1218 immo
2232 1162 2450 1221 Utinam
2497 1174 2608 1222 tam
2648 1176 2843 1223 cautus
2887 1168 2954 1224 ad
2999 1170 3328 1226 servandam
3364 1171 3619 1242 gratiam,
3648 1188 3773 1243 quam

528 1267 657 1316 ante
688 1255 1034 1330 principium,
1061 1272 1185 1313 cum
1218 1256 1334 1311 Deo
1360 1256 1561 1326 junxit,
1593 1271 1754 1329 quem
1789 1265 1918 1313 ante
1944 1256 2131 1314 mundi
2232 1257 2389 1315 fortis
2413 1259 2479 1315 ad
2507 1262 2867 1332 superandam
2898 1262 3127 1319 bestiam
3159 1265 3173 1318 ε
3340 1256 3341 1259 “

530 1350 856 1424 principium
884 1350 1283 1420 sempiternum
1310 1364 1434 1406 esse
1473 1353 1750 1421 cognovit.
1782 1349 2030 1421 Namque
2084 1349 2132 1406 si
2304 1352 2361 1408 6.
2399 1351 2470 1408 Et
2499 1353 2727 1410 fortasse
2758 1354 2860 1411 hoc
2889 1371 2998 1411 non
3023 1357 3200 1412 solum
3232 1356 3452 1413 virtutis
3482 1357 3775 1428 miraculum,

527 1445 653 1518 quis
676 1443 968 1515 diligenter
1003 1440 1171 1515 635
1206 1441 1480 1508 advertat,
1534 1450 1589 1498 et
1628 1442 1847 1499 Patrem
1879 1442 1932 1497 in
1987 1439 2137 1511 prin-
2235 1444 2331 1500 sed
2357 1445 2522 1501 etiam
2544 1447 2830 1518 sapientia:
2853 1451 3195 1522 mysterium,
3224 1452 3525 1522 prophetia:
3553 1453 3778 1511 oraculum

528 1538 675 1610 cipio
720 1545 779 1594 et
826 1536 1021 1593 Filium
1071 1544 1371 1608 cognoscet
1422 1545 1481 1593 et
1509 1535 1796 1608 Spiritum.
1853 1536 1930 1592 De
1974 1535 2135 1592 Patre
2235 1533 2356 1593 luit.
2388 1534 2574 1606 Neque
2604 1538 2749 1593 enim
2772 1519 3006 1594 otiosum
3036 1519 3248 1597 videtur
3265 1519 3411 1614 quod
3430 1556 3551 1598 cum
3581 1544 3781 1602 tenderet

527 1632 674 1691 enim
706 1632 972 1703 scriptum
999 1639 1086 1687 est
1119 1647 1133 1684 :
1165 1628 1233 1685 In
1270 1630 1527 1702 principio
1556 1630 1678 1703 fecit
1703 1628 1848 1685 Deus
1879 1630 2064 1684 caelum
2087 1639 2136 1685 et
2235 1626 2304 1683 ad
2336 1628 2653 1700 mysterium
2684 1632 3031 1703 nuptiarum,
3062 1633 3151 1689 leo
3199 1633 3418 1706 rugiens
3462 1637 3686 1692 occurrit
3716 1637 3779 1704 ei,

529 1736 719 1781 terram
751 1722 909 1796 (Gen.
939 1739 979 1791 ι,
1006 1723 1062 1791 1,
1087 1721 1171 1794 2).
1199 1722 1274 1777 De
1296 1721 1503 1794 Spiritu
1526 1721 1730 1777 dictum
1754 1727 1875 1776 est:
1905 1719 2138 1792 Spiritus
2237 1734 2400 1791 quem
2448 1721 2700 1778 manibus
2742 1724 2833 1780 ille
2863 1724 3183 1795 discerpsit,
3216 1727 3270 1783 in
3307 1728 3463 1800 cujus
3504 1744 3743 1801 corpore,
3765 1742 3781 1771 ε

528 1816 948 1890 “perferebatur
966 1830 1122 1886 super
1145 1831 1306 1885 aquas
1338 1811 1528 1886 (Ibid.,
1548 1812 1629 1885 4).
1661 1812 1731 1868 Ει
1751 1813 1891 1869 bene
1907 1814 1962 1868 in
1978 1826 2139 1869 exor-
2168 1813 2217 1874 Β
2243 1817 2516 1875 connubio
2561 1820 2828 1890 potiturus
2861 1831 3047 1891 optato
3068 1863 3084 1889 ,
3136 1822 3607 1895 congregationem
3656 1840 3783 1897 apum

531 1910 624 1968 dio
662 1919 931 1967 creatura:
998 1908 1253 1980 baptismi
1316 1908 1488 1978 ﬁgura
1543 1909 1807 1978 signatur,
1869 1920 1965 1976 per
1990 1903 2138 1975 quod
2240 1909 2464 1979 reperit,
2494 1918 2551 1967 et
2573 1911 2677 1967 mel
2708 1911 2928 1967 sustulit
2953 1912 3023 1969 de
3039 1927 3135 1970 ore
3161 1914 3305 1985 ejus,
3327 1914 3471 1986 quod
3494 1914 3632 1972 Patri
3656 1918 3787 1974 eden-

531 2004 727 2062 babuit
783 2010 1036 2060 creatura
1076 1999 1348 2058 mundari.
1401 1999 1627 2056 Lectum
1676 1998 1842 2055 etiam
1882 1997 1951 2053 de
1996 1996 2139 2053 Filio
2239 2001 2365 2058 dum
2395 2003 2662 2075 matrique
2692 1998 2876 2062 tribuit
2897 2003 3145 2073 (lbid.,8
3173 2016 3223 2063 et
3251 2005 3410 2077 σαι).
3442 2005 3672 2063 Habebat
3689 2024 3787 2079 gen.

529 2099 679 2172 quod
725 2098 846 2171 ipse
890 2107 995 2162 est,
1026 2095 1120 2167 qui
1150 2093 1413 2151 discrevit
1439 2092 1585 2149 inter
1619 2091 1858 2148 medium
1914 2088 2055 2147 lucis
2084 2100 2142 2146 et
2241 2093 2373 2148 tium
2397 2094 2628 2165 populus
2649 2094 2842 2161 mella,
2877 2095 2968 2167 qui
3007 2096 3243 2153 credidit
3271 2114 3285 2151 :
3312 2097 3405 2170 qui
3433 2098 3651 2171 populus
3685 2100 3786 2157 leri-

534 2191 920 2255 tenebrarum;
951 2202 1092 2245 unus
1135 2196 1220 2244 est
1245 2185 1393 2243 enim
1422 2184 1568 2241 Deus
1598 2184 1758 2241 Pater
1778 2182 1870 2256 qui
1896 2182 2053 2248 dicit,
2084 2190 2141 2238 et
2240 2187 2367 2240 tatis
2389 2196 2503 2242 erat
2533 2197 2682 2254 ante,
2712 2202 2855 2243 nunc
2883 2188 3083 2245 Christi
3114 2198 3219 2247 est.

533 2299 678 2343 unus
699 2283 964 2341 Dominus
986 2282 1153 2339 Jesus
1182 2280 1275 2352 qui
1301 2280 1449 2336 iacit.
2313 2280 2366 2334 7.
2408 2278 2520 2336 Nec
2568 2279 2682 2351 ipsa
2741 2280 2968 2351 quaestio
3020 2289 3176 2338 vacat
3231 2284 3614 2352 sacramentis,
3657 2298 3787 2356 qua:

610 2379 670 2433 2.
697 2377 807 2435 Sed
829 2390 898 2433 ne
917 2389 1109 2432 rursus
1134 2372 1163 2412 δ
1189 2382 1283 2429 aut
1310 2384 1570 2444 arrogans
1599 2378 1758 2442 putes
1781 2370 2015 2426 dicentis
2034 2370 2137 2424 im-
2240 2373 2523 2445 proposuit
2573 2373 2850 2430 sodalibus
2875 2376 3011 2441 suis,
3037 2375 3228 2433 dicens
3262 2397 3276 2431 :
3326 2376 3408 2434 De
3466 2378 3635 2436 edente
3664 2381 3787 2434 exitu

535 2474 773 2547 perium,
803 2480 897 2528 aut
935 2470 1044 2527 vile
1080 2467 1334 2525 facientis
1355 2466 1713 2538 obsequium;
1745 2465 2009 2536 aequalem
2035 2463 2140 2519 sibi
2240 2481 2378 2534 esca,
2413 2476 2463 2522 et
2484 2463 2512 2503 ἀ
2538 2467 2601 2522 dc
2626 2475 2832 2539 potente
2854 2468 3010 2524 exivit
3038 2470 3187 2526 dulce
3213 2469 3418 2544 (Ibid.,
3447 2470 3560 2545 14).
3591 2473 3789 2545 Denique

536 2567 700 2624 Pater
749 2564 944 2621 Filium
988 2562 1284 2619 conﬁtetur
1311 2559 1498 2631 operis
1530 2558 1742 2615 unitate
1771 2557 1999 2614 dicens:
2033 2554 2143 2611 Fa-
2241 2572 2308 2614 eo
2359 2573 2531 2630 usque
2585 2560 2837 2632 mystica,
2891 2568 2950 2617 ut
2973 2562 3145 2619 tribus
3189 2562 3385 2621 diebus
3424 2564 3543 2636 ejus
3569 2567 3789 2622 revelatio

496 2662 736 2715 ~ciamus
781 2656 1041 2713 hominem
1069 2655 1139 2710 ad
1176 2653 1455 2728 imaginem
1484 2664 1533 2708 et
1561 2650 1953 2709 similitudinem
2013 2667 2139 2706 nos-
2239 2661 2610 2723 quaereretur,
2635 2668 2756 2724 quae
2778 2669 2885 2709 non
2911 2654 3087 2724 potuit
3112 2654 3214 2712 nisi
3243 2671 3340 2727 per
3369 2655 3529 2714 ﬁdem
3554 2658 3788 2714 Ecclesia.

540 2764 679 2810 tram
712 2750 905 2828 (Ibid.,
935 2748 1053 2823 26).
1096 2749 1278 2819 Imago
1319 2748 1466 2804 enim
1496 2756 1555 2803 et
1578 2744 1824 2818 operatio
1852 2754 1907 2802 et
1951 2744 2143 2801 simili—
2240 2744 2331 2800 die
2350 2744 2893 2818 septima,completo
2918 2746 3081 2819 Legis
3100 2756 3365 2819 tempore,
3388 2759 3510 2821 post
3528 2752 3789 2822 passionem

539 2844 676 2903 tudo
704 2843 1015 2902 communis
1069 2840 1199 2912 quid
1229 2838 1382 2897 aliud
1411 2839 1517 2896 nisi
1551 2837 1855 2910 majestatis
1893 2835 2139 2909 ejusdem
2244 2836 2458 2892 Domini
2502 2837 2754 2893 revelari.
2789 2837 2879 2895 Sic
2914 2840 3061 2895 enim
3089 2840 3281 2909 babes,
3335 2843 3461 2914 quia
3506 2851 3561 2899 et
3600 2845 3790 2914 apostoli

537 2935 812 3010 signiﬁcat
827 2933 1134 3021 unitatem?
2243 2928 2365 2985 ideo
2394 2944 2501 2983 non
2526 2929 2899 3001 intelligebant
2919 2973 2935 2999 ,
2965 2932 3093 3003 quia
3114 2933 3271 2990 Iesus
3289 2936 3520 2992 nondum
3546 2941 3701 3010 fuerat
3722 2938 3792 2992 lm-

612 3031 667 3088 5.
710 3029 914 3086 Tamen
961 3037 1023 3084 ut
1051 3026 1414 3099 aequalitatem
1449 3024 1667 3096 plenius
1696 3021 1877 3079 Patris
1905 3021 2141 3092 riliique
2243 3023 2540 3093 noriﬁcalus
2570 3021 2749 3095 (Joan.
2786 3039 2885 3091 vn,
2913 3024 3029 3097 39).

538 3136 867 3197 cognoscas,
920 3121 1065 3177 sicut
1114 3118 1430 3176 dixitPater
1468 3127 1521 3174 et
1562 3117 1736 3173 Filius
1766 3115 1928 3180 fecit;
1976 3115 2051 3170 ita
2086 3123 2143 3170 et
2314 3115 2369 3171 8.
2412 3114 2570 3183 Quid,
2615 3115 2899 3188 inquiunt,
2945 3118 3152 3174 dulcius
3195 3119 3367 3187 melle,
3411 3131 3459 3176 et
3500 3122 3618 3192 quid
3641 3123 3792 3193 fortius

544 3216 708 3273 Pater
745 3222 1027 3287 operatur,
1072 3219 1129 3268 et
1182 3210 1354 3267 Filius
1416 3210 1573 3266 dicit.
1627 3209 1789 3264 Pater
1845 3216 2130 3278 operatur,
2164 3200 2211 3263 Ο
2242 3205 2430 3261 leone?
2472 3207 2552 3263 Ad
2598 3223 2719 3279 quae
2766 3208 2861 3265 ille
2898 3210 3224 3281 respondit:
3273 3212 3335 3268 Si
3362 3228 3467 3268 non
3514 3213 3793 3269 domuimus

545 3308 693 3365 sicut
720 3308 987 3377 scriptum
1028 3314 1114 3362 est
1151 3321 1165 3358 :
1206 3302 1369 3359 Pater
1423 3319 1567 3359 meus
1609 3318 1768 3373 usque
1816 3300 1970 3357 modo
2014 3318 2145 3371 ope-
2245 3300 2460 3355 vitulam
2507 3318 2710 3368 meam,
2764 3319 2867 3357 non
2921 3303 3239 3361 invenissetis
3286 3307 3613 3377 quastionetn
3664 3323 3794 3363 metu

543 3412 689 3458 ratur
739 3399 918 3473 (Joan.
944 3416 1000 3468 v,
1041 3400 1156 3470 17).
1180 3397 1343 3471 635
1380 3398 1559 3454 llabes
1577 3396 1788 3454 dictum
1810 3398 1876 3453 ad
1902 3397 2100 3453 Filium
2129 3415 2141 3449 :
2251 3391 2449 3464 (ludia.
2480 3410 2592 3461 xxv,
2616 3394 2730 3465 18).
2777 3394 2822 3451 0
2851 3394 3093 3452 divinum
3124 3399 3484 3470 mysterium!
3524 3398 3569 3456 0
3614 3400 3795 3456 evidens

546 3494 646 3549 Dic
707 3493 858 3550 verbo
908 3503 957 3548 et
1001 3491 1268 3547 sanabitur
1315 3488 1532 3562 (Matth.
1591 3504 1708 3557 vnt,
1744 3488 1823 3561 8).
1867 3489 1935 3544 Et
1973 3488 2144 3559 Filius
2247 3489 2682 3543 sacramentum!
2717 3487 3002 3545 Evasitnus
3032 3490 3519 3563 interemptorem,
3566 3502 3794 3565 potentem

547 3584 682 3640 dicit
708 3583 857 3640 Patri
899 3601 913 3636 :
962 3581 1093 3638 Volo
1115 3593 1171 3636 ul
1200 3580 1285 3636 ubi
1325 3597 1418 3655 ego
1462 3597 1599 3648 sum,
1627 3589 1676 3635 ct
1704 3580 1790 3636 isti
1818 3581 1921 3636 sint
1945 3596 2146 3636 mecum
2250 3578 2498 3635 vicimus.
2522 3579 2763 3636 Ibinunc
2781 3579 2936 3637 cibus
2958 3582 3085 3637 vitae
3110 3590 3217 3650 est,
3235 3583 3329 3640 ubi
3349 3588 3796 3644 eratantemisera:

558 3675 742 3749 (Joan.
773 3691 911 3744 xvn,
950 3673 1068 3747 24).
1093 3674 1246 3731 Fecit
1266 3674 1429 3731 Pater
1456 3674 1600 3746 quod
1630 3673 1804 3729 Filius
1839 3673 1997 3730 dixit.
2249 3671 2420 3729 fames
2450 3673 2663 3729 mortis.
2710 3673 2767 3729 lu
2799 3674 3029 3732 salutem
3082 3677 3326 3747 pericula
3348 3720 3365 3746 ,
3422 3679 3478 3736 in
3522 3683 3793 3737 suavitatem

616 3769 674 3826 4.
716 3770 821 3828 Sed
852 3784 953 3826 nec
975 3768 1251 3825 Abraham
1278 3767 1551 3840 ignoravit
1577 3767 1839 3839 Spiritum
1866 3776 2141 3824 sanctum:
2249 3766 2553 3821 amaritudo
2572 3766 2928 3824 convertitur.
2949 3768 3132 3826 Gratia
3154 3770 3540 3829 exoﬁ‘ensione
3556 3771 3796 3845 processit,

546 3864 787 3937 denique
834 3872 946 3920 tres
993 3861 1166 3931 vidit,
1213 3870 1270 3919 et
1307 3878 1475 3918 unum
1505 3861 1754 3918 adoravit
1783 3860 1936 3934 (Gen.
1977 3878 2141 3929 xvm,
2250 3860 2491 3930 potentia
2517 3875 2583 3916 ex
2609 3861 2943 3928 inﬁrmitate,
2962 3863 3075 3918 vita
3095 3863 3164 3920 de
3193 3874 3389 3923 morte.

544 3958 617 4025 2,
649 3957 705 4025 5,
730 3955 751 4029 )
776 3973 792 4023 ;
820 3955 947 4028 quia
977 3970 1117 4012 unus
1164 3954 1309 4012 Deus
1333 3996 1349 4019 ,
1396 3968 1540 4010 unus
1566 3954 1865 4021 Dominus,
1915 3962 1973 4009 et
2004 3969 2147 4011 unus
2322 3952 2377 4008 9.
2418 3952 2556 4009 Sunt
2578 3962 2757 4011 tamen
2779 3956 2869 4025 qui
2896 3970 2929 4011 e
2954 3957 3228 4013 contrario
3248 3968 3438 4028 putent
3457 3956 3800 4031 fundarim

548 4050 805 4122 Spiritus.
866 4050 932 4105 Et
973 4047 1099 4105 ideo
1130 4049 1312 4105 unitas
1355 4046 1615 4114 honoris;
1657 4047 1781 4118 quia
1841 4047 2021 4103 unitas
2049 4061 2148 4119 po-
2252 4060 2361 4102 non
2409 4046 2652 4116 potuisse
2695 4047 3028 4119 conjugium,
3063 4049 3163 4103 nisi
3197 4051 3382 4106 occiso
3420 4051 3580 4109 leone
3602 4053 3666 4108 de
3688 4052 3797 4105 tribu

549 4142 782 4201 testatis.
2251 4137 2387 4196 Juda
2418 4156 2430 4193 :
2460 4149 2516 4196 et
2539 4139 2664 4196 ideo
2693 4140 2750 4196 in
2772 4154 3001 4212 corpore
3031 4141 3169 4214 ejus,
3204 4142 3308 4199 hoc
3336 4154 3442 4212 est,
3474 4144 3741 4209 Ecclesia,
3779 4150 3797 4177 ε

616 4236 672 4294 5.
703 4237 772 4293 Ει
798 4236 925 4309 quid
945 4237 1015 4293 de
1044 4235 1270 4308 singulis
1297 4235 1531 4304 loquar?
1556 4235 1786 4292 Samson
1816 4235 1998 4292 divina
2022 4250 2146 4307 pro-
2252 4246 2383 4303 apes
2410 4239 2680 4303 repertas,
2710 4246 2832 4303 quas
2877 4232 3121 4290 condunt
3148 4234 3311 4289 mella
3358 4236 3664 4307 sapientiae;
3704 4231 3798 4304 quia

496 4376 507 4381 -
547 4329 807 4387 missione
826 4338 1145 4401 generatus,
1193 4327 1455 4401 Spiritum
1482 4329 1836 4385 comitantem
1867 4328 2103 4385 habebat
2128 4346 2143 4396 ;
2253 4335 2374 4397 post
2402 4325 2615 4381 Domini
2644 4326 2954 4395 passionem
3004 4328 3175 4400 magis
3200 4329 3438 4399 apostoli
3465 4327 3795 4386 crediderunt.

545 4422 627 4481 lsic
646 4422 791 4480 enim
816 4422 1053 4495 legimus
1077 4440 1089 4477 :
1115 4421 1251 4491 Quia
1277 4422 1536 4479 benedixit
1567 4424 1613 4477 ei
1642 4420 1981 4490 Dominus,el
1997 4423 2148 4494 coepit
2253 4418 2407 4474 Hune
2450 4417 2611 4490 igitur
2651 4417 2867 4475 leonem
2902 4419 3131 4477 Samson
3160 4421 3315 4492 quasi
3360 4421 3580 4479 Judzeus
3603 4419 3799 4483 occidit,

549 4516 779 4591 Spiritus
809 4516 1013 4572 Domini
1040 4516 1274 4572 comitari
1292 4533 1409 4572 cum
1434 4533 1493 4572 eo
1517 4517 1572 4572 in
1596 4525 1767 4572 castra
1787 4514 1990 4588 (Judic.
2017 4532 2142 4584 xm,
2256 4510 2350 4567 sed
2380 4511 2435 4567 in
2468 4526 2533 4568 eo
2564 4511 2670 4567 mel
2702 4512 2853 4583 quasi
2876 4510 2929 4567 in
2957 4511 3127 4586 ﬁgura
3156 4513 3492 4573 redimenda
3518 4513 3803 4574 hereditatis

620 4705 648 4735 ι
672 4695 770 4768 Sic
805 4709 999 4752 omnes
1033 4694 1168 4768 edit.
1197 4709 1262 4768 ac
1282 4695 1475 4768 plures
1498 4710 1631 4768 mss.
1661 4714 1673 4749 :
1704 4694 1799 4751 alii
1841 4710 1973 4751 vero
2005 4710 2138 4751 non-
2166 4694 2221 4756 D
2246 4693 2454 4764 Spiritu
2520 4701 2710 4768 sancto
2758 4707 2882 4768 cap.
2924 4693 3015 4750 l6.
3064 4693 3171 4768 Sed
3217 4695 3509 4766 imperium
3558 4706 3804 4768 paternum

550 4766 1051 4848 uultu-patefactum
1069 4767 1228 4848 sit,_si
1251 4764 1529 4848 diligenter
1554 4767 1903 4848 aduertamus,
1934 4776 1984 4823 et
2009 4768 2141 4848 ipsis
2248 4780 2402 4848 esse,
2435 4779 2544 4848 n_on
2580 4764 2921 4848 despoticum
2951 4764 3311 4848 {nullamque
3360 4769 3416 4825 in
3443 4764 3581 4848 Filio
3607 4769 3809 4848 servitu-

538 4836 805 4915 judicibus
842 4836 1095 4915 metet-um
1152 4836 1461 4915 Judteorum
1521 4839 1817 4915 spiritalem,
1850 4836 2139 4915 inuenimus
2249 4845 2358 4915 tem
2390 4836 2876 4915 inducere__iidem_
2890 4837 3204 4915 egistimant
3234 4855 3247 4893 :
3274 4839 3807 4915 quemadmodum‘lu-

545 4907 766 4985 gratiam
807 4909 1112 4985 rcfulsisse;
1171 4909 1388 4985 quidam
1433 4911 1715 4985 omittunt,
1773 4914 1821 4964 si
1858 4910 2142 4985 diligenter
2248 4908 2499 4985 colenter
2536 4907 2817 4985 explicant
2837 4907 3073 4985 Basilius
3105 4908 3198 4966 lib.
3238 4910 3337 4966 cit.
3360 4926 3485 4985 cap.
3512 4913 3567 4978 8,
3602 4910 3807 4985 Cyrillns

545 4978 890 5040 advertamus‘.
920 4982 1046 5055 Sed,
1074 4978 1333 5055 tam—hoc
1370 4997 1532 5055 quam
1579 4982 1810 5055 verbum
1851 4978 2141 5055 invenimus
2248 4980 2408 5055 Alex.
2433 4979 2507 5055 jn
2528 4978 2786 5055 eumdth
2805 4980 2985 5055 locum
3011 4979 3312 5055 Geneseos,
3333 4992 3391 5055 et
3412 4978 3697 5055 Gregorius
3722 4979 3807 5036 Na-

545 5056 849 5112 verisimile
874 5063 963 5111 est
986 5052 1170 5110 addita
1199 5052 1368 5109 luisse
1390 5048 1463 5109 ab
1495 5054 1561 5108 iis
1588 5053 1850 5118 librariis,
1886 5053 1976 5123 qni
2016 5067 2143 5108 ora.
2250 5052 2393 5125 zian.
2423 5048 2575 5106 Orat.
2603 5050 2693 5106 56.
2724 5050 2860 5107 Vide
2890 5066 3012 5122 quas
3036 5066 3137 5107 nos
3181 5054 3277 5109 lib.
3297 5048 3306 5051 ’
3325 5052 3398 5111 de
3425 5048 3557 5112 Fide
3584 5054 3688 5125 jam
3730 5064 3807 5106 no-

548 5126 752 5185 tionem
795 5128 847 5182 in
888 5136 1001 5181 ant.
1056 5138 1189 5180 mss.
1236 5125 1565 5195 pependere,
1610 5141 1711 5180 nec
1741 5125 1959 5192 plenum
2008 5139 2137 5179 scn-
2252 5123 2504 5195 tavimus.

546 5213 666 5255 sum
695 5198 954 5256 exhibere
982 5193 1541 5253 anidmadverternnt.
1572 5196 1907 5267 Quamquam
1934 5204 2138 5268 autem
2326 5204 2347 5232 ε
2389 5193 2613 5268 Amerb.
2641 5203 2691 5250 et
2725 5195 2904 5268 Eras.,
2934 5194 3193 5251 connubia
3217 5196 3473 5268 petiturus
3492 5206 3679 5268 optata;
3694 5206 3807 5249 mss.

548 5270 602 5325 in
632 5279 906 5340 receptam
937 5268 1232 5340 lectionem
1258 5268 1450 5323 vitium
1481 5282 1546 5340 es
1570 5265 1909 5336 aliqua‘voce
1931 5267 1982 5340 in
2007 5282 2137 5322 mss.
2251 5265 2534 5340 nonnulli,
2564 5267 2877 5340 connubium
2918 5269 3172 5340 petiturus
3201 5265 3468 5340 optatum;
3515 5265 3600 5323 alii
3628 5270 3806 5339 plures,

549 5336 913 5411 praetermissa
982 5336 1268 5411 irrepsisse
1324 5353 1437 5393 non
1463 5336 1814 5411 dilliteamur,
1872 5338 2141 5411 malumus
2250 5345 2450 5411 etcum
2472 5338 2557 5392 his
2581 5336 2712 5411 Gill.
2737 5352 2802 5392 ae
2830 5336 2988 5393 Rom.
3014 5337 3175 5404 edit.,
3201 5339 3335 5395 utin
3366 5346 3534 5396 textu.

547 5402 729 5471 tamen
808 5425 1055 5467 maneam
1098 5402 1357 5481 eamdem
1398 5409 1760 5481 "relinquere,
1801 5402 1981 5479 'quam
2038 5410 2140 5481 ipsi
2322 5406 2348 5446 ἀ
2379 5409 2456 5481 lta
2481 5416 2587 5481 vet.
2616 5408 2751 5464 edit.
2775 5423 2897 5465 cum
2918 5424 3055 5481 mss.
3086 5402 3243 5481 longe
3282 5411 3548 5481 plurimis,
3570 5410 3662 5467 nisi
3686 5402 3808 5481 quod

548 5487 851 5555 membrum
881 5482 1025 5555 quod
1054 5480 1290 5555 alienum
1316 5478 1642 5555 judicemtts.
1672 5478 1918 5537 assuere.
2064 5478 2074 5481 '
2250 5481 2307 5555 i_n
2340 5478 2661 5551 quibusdam
2689 5495 2787 5551 pro
2815 5478 3304 5555 dulcepraefertur
3348 5482 3601 5538 dulcedo:
3623 5488 3678 5534 at
3696 5478 3809 5533 edit.

621 5554 649 5593 ι’
676 5554 796 5611 Νοιι
839 5550 1134 5611 defuerunt
1170 5552 1399 5625 antiqui_
1419 5550 1611 5606 Patres
1633 5562 1862 5625 _et_ante
1909 5562 1965 5609 et
2018 5562 2141 5625 post
2250 5550 2410 5607 Rom.
2442 5567 2570 5625 cum
2625 5550 2903 5625 nennullis
2952 5552 3073 5607 aliis
3113 5567 3249 5609 mss.
3290 5568 3393 5625 pro
3429 5564 3480 5607 et
3514 5555 3574 5608 de
3612 5560 3808 5618 potente,

551 5623 829 5681 Nicaeunm
859 5625 1180 5690 concilium,
1235 5621 1337 5695 qui
1371 5623 1589 5677 Patrem
1633 5621 1770 5677 Filio
1817 5621 2142 5693 praecepisse
2251 5625 2505 5695 leguntet
2536 5623 2599 5678 de
2624 5624 2771 5693 Iorti,
2805 5632 2913 5680 etc.

550 5705 929 5768 agnoscerent,
960 5705 1027 5768 ut
1056 5690 1446 5768 lrenteuslib._
1473 5709 1555 5768 nt_,
1601 5709 1721 5764 cap.
1770 5690 1830 5757 8,
1852 5706 1907 5749 et
1937 5690 2030 5768 lib.
2052 5710 2140 5768 _tv,
2255 5765 2283 5768 ξ
2308 5690 2349 5732 ὀ
2392 5695 2521 5750 Mss.
2546 5690 2655 5749 non
2685 5696 2837 5761 pauci
2858 5737 2873 5761 ,
2905 5712 3028 5765 apes
3069 5705 3303 5768 reperta,
3335 5713 3451 5768 quae
3469 5694 3685 5751 condidit
3705 5690 3806 5768 tutel.

552 5761 675 5835 cap.
705 5767 810 5827 75;
838 5761 1042 5823 Marius
1067 5767 1243 5822 victor
1270 5766 1344 5821 tib
1372 5782 1390 5820 1
1415 5764 1485 5821 de
1522 5761 1723 5821 Rerum
1746 5776 1944 5831 creat.,
1976 5761 2146 5821 Alba-
2254 5765 2462 5821 Rursus
2485 5781 2616 5821 vero
2641 5768 2733 5824 ubi
2761 5761 2971 5823 cunctae
3015 5761 3152 5824 edit.
3179 5761 3303 5824 cum
3347 5761 3478 5823 inss.
3512 5781 3610 5823 uno
3640 5764 3722 5820 vel
3743 5761 3810 5816 al-

551 5837 737 5896 nasius
782 5837 879 5895 lib.
928 5837 1089 5893 Decr.
1138 5836 1333 5911 synodi
1386 5835 1654 5908 Nicaeum,
1699 5847 1757 5896 et
1806 5838 2041 5897 Basilius
2078 5836 2148 5894 de
2254 5846 2396 5906 tero,
2419 5838 2538 5894 etin
2555 5854 2613 5894 eo
2635 5838 2737 5895 mel
2761 5840 2816 5895 in
2831 5839 3031 5913 ﬁgura;
3060 5848 3194 5897 mss.
3215 5839 3698 5914 reliqui,sediseo,
3715 5843 3805 5891 etc.
