4016 6292
212 251 301 309 us
327 224 338 232 ’

210 362 439 428 invenit;
493 368 553 417 ut
588 360 836 436 reliquiae
880 362 1042 419 salvae
1083 362 1269 420 ﬁerent
1323 363 1621 420 secundum
1674 365 1788 421 ele-
1819 373 1873 435 Α

208 456 434 513 ctionem
459 457 648 528 gratia:
683 455 862 529 (Rom.
892 472 972 525 ιι,
995 455 1113 527 27).

270 549 357 604 10.
400 547 470 602 Et
499 549 706 617 decidit,
743 549 940 620 inquit,
971 565 1127 620 super
1151 565 1267 605 eum
1299 548 1525 622 Spiritus
1551 549 1786 616 Domini,

1339 251 1425 307 DE
1465 249 1736 308 SPIRITU
1773 246 2044 308 SANCTO
2082 247 2210 304 LIB.
2255 247 2318 303 II.

3383 258 3487 315 746

1973 362 2058 418 14.
2101 361 2405 418 Tantumne
2443 375 2571 434 ergo
2601 363 2863 420 momenti
2894 365 3076 422 crines
3123 368 3366 428 habuere
3397 388 3490 428 ca-

1892 457 2037 527 pitis,
2057 466 2115 512 ut
2135 457 2479 514 manentibus
2501 457 2607 526 his,
2629 460 2802 515 virtus
2823 459 3022 517 invicta
3051 463 3302 520 duraret:
3328 475 3487 523 tonso

1892 560 2077 608 autem
2106 552 2306 623 capite,
2335 551 2592 608 fortitudo
2616 553 2792 612 omnis
2818 553 2919 609 viri
2948 557 3110 629 637
3169 558 3348 614 subito
3376 560 3487 614 sol-

208 651 248 696 et
271 640 536 696 descendit
567 641 620 696 in
648 641 973 710 Ascalonem,
1005 651 1052 696 et
1081 645 1330 713 percussit
1380 643 1498 696 inde
1525 651 1550 678 ⁸
1583 642 1793 713 triginta
1893 647 2144 703 veretur?
2173 645 2291 702 Non
2323 647 2393 702 ita
2447 656 2532 703 est
2555 689 2570 716 ,
2619 657 2673 704 ut
2717 656 2920 704 tantam
2969 651 3076 704 vim
3121 653 3485 724 corporalium

207 738 332 792 viros
354 735 553 807 (Judic.
582 752 696 804 xiv,
718 737 936 808 19,20).
957 735 1140 807 Neque
1175 738 1323 793 enim
1352 737 1790 807 potueratvicto-

1894 741 2215 811 capillorum
2268 749 2541 812 putemus.
2593 741 2731 798 Sunt
2756 741 2973 810 quidam
3002 743 3181 800 crines
3205 745 3490 816 religionis

210 830 336 886 riam
353 845 464 886 non
494 829 814 902 tenere,qui
839 839 1182 886 sacramenta
1205 830 1484 886 cernebat.
1509 830 1796 899 Accipiunt
1897 845 1952 891 et
1977 835 2101 892 ﬁdei
2131 853 2146 892 ε
2175 835 2354 892 crines
2395 835 2637 891 Nazarmi
2668 835 2722 891 in
2752 835 2896 908 Lege
2927 835 3191 906 perfecti,
3223 839 3276 892 in
3310 839 3492 910 parci-

209 923 389 995 itaque
421 924 474 978 in
513 923 672 980 stolis
705 923 990 996 praemium
1023 923 1338 995 sapientiae,
1368 923 1797 980 conversationis
1900 930 2083 984 monia
2115 939 2168 986 et
2191 928 2520 985 abstinentia
2549 928 2891 994 consecrati,
2923 929 3122 1000 quibus
3157 930 3245 984 illa
3279 931 3332 985 in
3367 940 3494 1001 typo

206 1016 436 1088 insigne,
469 1017 563 1088 qui
591 1016 878 1073 absolvunt
905 1027 960 1073 et
990 1016 1302 1073 renuntiant
1325 1017 1704 1087 quaestionem.

1903 1022 2165 1089 Ecclesia,
2199 1037 2320 1093 qua:
2352 1021 2567 1077 Domini
2604 1021 2774 1091 pedes
2800 1021 2923 1077 oleo
2966 1022 3300 1092 perfuderat,
3333 1022 3497 1078 Verbi

275 1111 362 1166 11.
402 1109 618 1167 Rursus
649 1109 736 1167 hic
762 1110 867 1166 alia
919 1110 1247 1167 oboriuntur
1304 1110 1600 1182 mysteria,
1655 1111 1799 1182 quod
1901 1114 2142 1170 caelestis
2200 1114 2424 1186 vestigia
2478 1114 2802 1186 detergebat
2859 1112 3050 1186 (Joan.
3084 1131 3192 1179 xu,
3225 1117 3317 1185 5);
3368 1125 3498 1171 tunc

207 1219 341 1260 uxor
371 1203 493 1275 ejus
518 1202 794 1268 aufertur;
840 1212 896 1260 et
920 1203 1042 1260 ideo
1071 1205 1267 1276 vulpes
1293 1203 1590 1260 incendunt
1630 1205 1799 1260 mani-

1905 1207 2052 1263 euim
2081 1215 2138 1262 et
2178 1208 2478 1263 secundum
2533 1221 2755 1263 carnem
2805 1217 3028 1266 noverat
3056 1205 3352 1263 Christum.
3407 1209 3498 1264 Isti

206 1299 358 1371 pulos
410 1300 841 1372 alienigenarum
876 1299 897 1372 (
917 1299 1096 1357 Iudic.
1129 1318 1220 1369 xv,
1274 1304 1297 1358 I
1346 1311 1396 1358 et
1423 1303 1582 1376 seq.).
1616 1300 1644 1340 ι)
1694 1302 1803 1358 Eos
1906 1301 2156 1358 videlicet
2182 1301 2386 1370 crines,
2409 1300 2476 1357 de
2502 1301 2702 1372 quibus
2722 1301 2958 1357 dicitur:
2987 1301 3305 1374 Capillatura
3333 1313 3422 1356 tua
3446 1313 3500 1357 ut

206 1397 352 1453 enim
401 1396 496 1467 qui
548 1395 810 1452 adversus
841 1395 1022 1452 divina
1054 1406 1396 1454 sacramenta
1428 1397 1802 1461 contendunt,

1907 1412 2084 1468 greges
2109 1411 2384 1468 caprarum
2421 1394 2659 1466 (Cantic.
2692 1411 2775 1464 tv,
2811 1396 2901 1464 I);
2932 1411 2997 1450 ex
3032 1397 3124 1451 illo
3168 1398 3346 1467 capite
3382 1399 3502 1465 pul-

205 1490 457 1561 decipere
486 1505 584 1547 sua
613 1491 902 1547 consuevit
930 1492 1152 1546 astutia.
1185 1490 1342 1548 Unde
1368 1491 1564 1547 iterum
1593 1491 1725 1547 dicit
1749 1491 1803 1546 in
1891 1488 2180 1556 ‘Iulantes,
2235 1487 2304 1542 de
2331 1503 2442 1559 quo
2489 1487 2694 1543 dictum
2743 1495 2830 1543 est
2858 1506 2872 1542 :
2903 1486 3069 1560 Caput
3097 1489 3227 1554 viri,
3273 1489 3505 1545 Christus

206 1584 444 1641 Czinticis
486 1583 828 1640 canticorum
863 1600 876 1637 :
925 1582 1174 1638 Pren‘dite
1200 1584 1346 1639 nobis
1381 1584 1560 1655 vulpes
1588 1584 1808 1657 pusillas
1912 1579 1958 1653 (I
1979 1579 2099 1634 Cor.
2129 1596 2186 1635 xt
2208 1629 2222 1648 ,
2260 1579 2356 1654 5);
2388 1590 2444 1637 et
2469 1580 2598 1635 alibi
2629 1599 2642 1634 :
2675 1577 2844 1652 Caput
2870 1583 2982 1654 ejus
3003 1596 3189 1636 aurum
3220 1583 3425 1655 cephas,
3457 1592 3507 1636 et

205 1684 606 1738 exterminantes
632 1683 805 1736 vineas
824 1722 838 1748 ,
862 1690 916 1735 ut
936 1682 1096 1736 uinew
1118 1689 1308 1736 nostra
1319 1682 1536 1752 ﬂoreant
1560 1678 1806 1752 (Cant.tt,

1912 1674 2080 1729 crines
2108 1675 2221 1744 ejus
2237 1673 2426 1730 abietes
2454 1675 2617 1747 nigra:
2643 1671 2817 1745 (Cant.
2849 1689 2902 1741 v,
2941 1672 3052 1745 11).
3083 1671 3112 1713 ιι
3139 1673 3205 1729 Et
3235 1674 3395 1730 bonae
3440 1690 3508 1731 ex

209 1774 335 1846 15).
389 1787 412 1814 ο
441 1773 587 1830 Bene
617 1772 841 1844 pusillas
868 1771 1039 1838 dixit;
1083 1775 1206 1844 quia
1239 1771 1476 1842 majores
1505 1773 1694 1829 vineas
1720 1787 1815 1828 ex-
1845 1784 1893 1844 Β
1920 1766 2098 1823 abiete
2146 1781 2314 1823 naves
2361 1765 2588 1822 'I‘barsis
2610 1809 2626 1833 ,
2682 1782 2807 1838 qua:
2854 1766 3108 1822 ﬂuctibus
3155 1777 3513 1837 supernatent

208 1868 514 1925 terminare
563 1883 670 1924 non
702 1875 982 1937 poterant,
1011 1865 1151 1938 licet
1205 1866 1439 1922 fortibus
1481 1878 1536 1922 et
1562 1865 1812 1922 diabolus

209 1964 279 2018 sit
312 1960 565 2033 pusillus.

274 2055 370 2112 ιε.
417 2055 559 2126 Ergo
589 2054 679 2110 ille
708 2053 792 2128 (ut
821 2052 1207 2124 compendium
1243 2053 1504 2110 faciamus
1533 2053 1810 2120 historiae;

203 2168 302 2209 suo
325 2152 474 2207 enim
503 2151 734 2222 tempori
759 2150 925 2205 totius
949 2150 1202 2205 lectionis
1226 2149 1462 2221 digestio
1485 2149 1815 2206 reservanda

202 2248 310 2317 est)
338 2246 571 2302 invictus
593 2252 731 2311 erat,
755 2243 1012 2315 quamdiu
1034 2242 1221 2299 habuit
1241 2242 1472 2315 gratiam
1486 2243 1814 2315 spiritalem,

201 2342 356 2397 sicut
387 2338 489 2396 Dei
521 2337 754 2410 populus
805 2337 899 2392 ille
944 2336 1155 2394 electus
1182 2351 1214 2392 a
1243 2336 1494 2404 Domino,
1529 2335 1622 2392 ille
1648 2334 1820 2391 Naza-

201 2449 358 2492 rzcus
387 2433 444 2490 in
474 2432 642 2504 Lege.
677 2432 911 2488 Invictus
939 2445 1070 2502 ergo
1099 2431 1354 2499 Samson,
1377 2439 1544 2501 atque
1569 2431 1643 2486 ita
1667 2429 1821 2485 insu-

203 2527 498 2602 perabilis,
519 2536 579 2582 ut
606 2525 661 2582 in
685 2525 905 2581 maxilla
939 2524 1080 2580 asini
1111 2524 1260 2580 viros
1289 2523 1441 2580 mille
1473 2530 1818 2596 percuteret:

200 2623 278 2679 ita
303 2623 508 2694 plenus
538 2623 731 2695 gratia:
752 2622 1017 2690 cmlestis,
1033 2631 1090 2678 ut
1116 2621 1279 2678 etiam
1300 2636 1494 2693 aquam
1523 2621 1578 2677 in
1601 2619 1824 2676 maxilla

203 2717 351 2774 asini
377 2717 576 2774 sitiens
591 2717 865 2790 reperiret
881 2717 902 2791 (
920 2715 1098 2772 Judic.
1118 2732 1210 2785 xv,
1234 2716 1301 2773 15
1322 2726 1369 2773 et
1391 2716 1548 2789 seq.);
1573 2717 1691 2774 sive
1720 2717 1826 2774 hoc

199 2811 273 2867 ad
335 2811 673 2868 miraculum
706 2809 976 2878 conferas,
1006 2810 1121 2866 sive
1147 2809 1213 2866 ad
1244 2810 1565 2882 mysterium
1617 2819 1820 2879 vertas,

199 2904 357 2978 quod
395 2905 455 2960 in
481 2903 667 2975 pepuli
697 2901 844 2964 foret
869 2902 1176 2959 humilitate
1198 2902 1419 2974 gentilis
1441 2911 1498 2958 et
1525 2903 1746 2971 requies
1774 2909 1831 2958 et

199 2997 555 3069 triumphus.
581 2995 741 3052 Juxta
761 2995 907 3068 quod
939 2996 1204 3066 scriptum
1234 3003 1321 3052 est
1355 3012 1368 3048 :
1407 2993 1509 3063 Qui
1537 3005 1586 3050 te
1614 3010 1828 3067 percus-

200 3097 338 3152 serit
369 3096 429 3149 in
457 3093 748 3160 max-illam,
771 3092 942 3166 prcbe
969 3091 1018 3146 ei
1046 3101 1093 3147 et
1120 3092 1336 3146 alterunt
1379 3089 1596 3162 (Matth.
1629 3105 1687 3159 v,
1712 3089 1826 3161 59).

1915 1859 2133 1928 mundi,
2170 1860 2185 1897 ί
2222 1870 2274 1916 et
2297 1868 2472 1917 tutum
2501 1861 2788 1932 remigium
2814 1861 3008 1917 salutis
3037 1862 3351 1919 exhibeant.

1991 1953 2078 2010 I5.
2109 1952 2265 2010 Unde
2287 1961 2344 2010 ct
2365 1955 2419 2010 in
2451 1954 2744 2025 Evangelia
2773 1954 3033 2011 Dominus
3056 1964 3246 2012 noster
3270 1956 3518 2014 visibiles

1916 2047 2113 2118 capitis
2150 2059 2206 2103 et
2236 2047 2610 2118 intelligibiles
2660 2047 2888 2118 capillos
2913 2047 3178 2117 quosdam
3204 2063 3326 2105 esse
3345 2049 3516 2120 signi-

1917 2140 2203 2206 ﬁcans,ait
2226 2158 2238 2194 :
2275 2140 2383 2196 Sed
2409 2141 2656 2212 ethapilli
2677 2141 2862 2211 capitis
2891 2143 3042 2196 vestri
3066 2158 3239 2197 omnes
3262 2143 3522 2197 numerati

1919 2241 2036 2286 sunt
2073 2231 2293 2305 (Matth.
2317 2248 2370 2299 χ,
2401 2231 2517 2304 51),
2551 2232 2880 2303 spiritalium
2905 2234 3161 2290 videlicet
3208 2234 3520 2305 signiﬁcans

1919 2322 2062 2380 facta
2099 2325 2394 2391 virtutum;
2426 2339 2604 2396 neque
2636 2325 2782 2380 enim
2807 2325 2877 2382 de
2899 2326 3114 2398 capillis
3153 2327 3362 2382 nostris
3391 2341 3520 2382 cura

1921 2426 2007 2474 est
2028 2417 2160 2474 Deo.
2193 2418 2530 2488 Quamquam
2560 2427 2615 2473 et
2643 2417 2775 2473 illud
2800 2434 2908 2474 non
2952 2418 3248 2474 absurdum
3279 2418 3350 2475 sit
3379 2419 3526 2474 testi-

1923 2523 2110 2576 mare,
2168 2510 2295 2581 quia
2327 2523 2425 2580 pro
2477 2509 2767 2580 majestate
2790 2509 2972 2565 divina
3001 2524 3126 2566 eum
3172 2510 3342 2567 latere
3389 2510 3525 2567 nihil

1925 2603 2125 2674 possit.

2000 2697 2088 2753 16.
2134 2695 2242 2753 Sed
2275 2695 2403 2767 quid
2431 2695 2563 2752 mihi
2601 2699 2846 2768 prodest,
2883 2701 2897 2749 l
2930 2698 2977 2754 si
3011 2697 3156 2754 Deus
3185 2699 3304 2769 ipse
3335 2713 3528 2756 omnes

1928 2806 2079 2850 meos
2102 2792 2256 2848 novit
2280 2791 2558 2862 capillos?
2588 2791 2729 2848 Illud
2762 2792 2892 2848 mihi
2917 2792 3184 2850 redundat
3202 2802 3256 2848 et
3282 2792 3526 2863 proficit,

1927 2886 1975 2940 si
2004 2886 2272 2942 bonorum
2301 2899 2526 2956 operum
2557 2885 2784 2956 pervigil
2819 2885 2995 2950 testis,
3031 2885 3528 2941 remunerationem

1930 2980 2118 3052 gloria
2143 2979 2314 3036 donet
2341 2987 2581 3035 aeternae.
2639 2978 2886 3050 Denique
2934 2987 2989 3034 et
3013 2977 3128 3048 ipse
3156 2977 3385 3033 Samson
3421 2993 3530 3032 non

1934 3072 2276 3143 corporales,
2306 3071 2402 3127 sed
2426 3069 2796 3141 intelligibiles
2824 3069 2924 3124 hos
2943 3070 3175 3142 capillos
3199 3085 3322 3126 esse
3345 3069 3528 3125 decla-

198 3186 317 3242 per
346 3185 499 3241 hanc
526 3185 671 3240 enim
712 3161 1036 3255 iniuriarum
1070 3161 1411 3254 patientiam;
1453 3177 1478 3218 ιι
1511 3195 1672 3252 quam
1705 3195 1832 3236 em-
1859 3174 1905 3239 ο
1935 3181 2063 3221 rans
2091 3166 2169 3220 ait
2196 3183 2208 3218 :
2236 3163 2305 3218 Et
2333 3165 2378 3219 si
2409 3173 2588 3219 tonsus
2614 3163 2786 3232 fuero,
2810 3161 3041 3218 discedet
3064 3179 3096 3216 a
3119 3179 3198 3218 me
3234 3164 3392 3217 virtus
3419 3179 3533 3217 mea

199 3280 380 3336 diunt
407 3285 750 3336 sacramenta
769 3276 1139 3349 baptismatis,
1162 3276 1231 3333 de
1252 3274 1575 3348 quibusdam
1599 3273 1834 3330 stimulis

197 3369 531 3430 iracundia:
564 3369 1012 3443 triumphamus;
1050 3379 1111 3426 ut
1159 3379 1336 3426 morte
1364 3369 1510 3425 obita
1535 3410 1550 3436 ,
1579 3382 1832 3425 resurre-

195 3465 428 3522 ctionis
458 3461 704 3535 requiem
732 3477 1158 3533 consequamur.
1826 3533 1828 3537 .

279 3561 386 3618 15.
414 3558 588 3615 Illene
611 3571 746 3629 ergo
775 3556 1032 3624 Samson,
1055 3557 1146 3628 qui
1173 3556 1330 3612 funes
1359 3555 1600 3611 intextos
1624 3555 1831 3622 nervis,

193 3653 303 3726 qui
341 3665 528 3708 novas
556 3660 738 3706 restes
785 3649 928 3704 sicut
958 3649 1144 3704 mollia
1194 3648 1281 3704 flla
1329 3648 1624 3704 dissolvit?
1665 3647 1833 3704 Illenc

189 3748 464 3805 Samson
501 3744 591 3815 qui
633 3742 868 3799 crinium
900 3756 1122 3798 suorum
1153 3742 1279 3813 palo
1316 3741 1611 3798 constricta
1654 3739 1835 3796 deﬁxo

191 3841 410 3897 vincla
441 3852 554 3895 non
585 3837 796 3904 sensit,
831 3835 1094 3908 quamdiu
1134 3836 1322 3892 habuit
1364 3835 1594 3907 gratiam
1619 3835 1838 3904 spirita-
1864 3887 1866 3889 .

189 3937 321 3994 lem
345 3938 375 3990 1'
413 3932 501 3999 Is,
534 3931 777 4003 inquam,
811 3939 1163 4000 posteaquam
1197 3928 1430 3998 Spiritus
1460 3929 1556 3983 Dei
1585 3927 1841 3983 discessit

189 4030 274 4086 ab
309 4044 396 4086 eo
418 4069 436 4095 ,
499 4027 524 4056 °
565 4025 726 4096 longe
753 4032 994 4080 mutatus
1021 4023 1090 4080 ab
1110 4023 1206 4080 illo
1236 4023 1528 4090 Samsone,
1560 4023 1650 4093 qui
1680 4021 1848 4079 rediit

185 4119 661 4194 Allophylorum
689 4117 910 4173 indutus
935 4117 1159 4173 exuvias
1179 4159 1195 4184 ,
1229 4117 1285 4172 in
1315 4116 1672 4172 muliebribus
1693 4115 1848 4185 geni-

185 4222 314 4277 bus
349 4216 594 4272 virtutis
613 4229 726 4270 suae
750 4211 1010 4284 degener,
1032 4211 1051 4250 ί
1081 4212 1330 4284 palpatus
1353 4222 1410 4269 et
1434 4221 1625 4283 captus
1643 4221 1668 4261 Β
1690 4226 1849 4268 sacro

183 4313 376 4370 crine
415 4307 682 4365 tondetur
712 4303 924 4378 (Judic.
952 4320 1069 4374 xvi,
1100 4305 1134 4362 9
1163 4316 1210 4361 et
1233 4304 1418 4377 seq.)?

277 4462 306 4488 ει
362 4451 520 4506 Post
557 4461 742 4511 voces,
794 4445 1003 4518 triginta
1032 4443 1186 4511 viros,
1217 4442 1426 4500 addunt
1454 4451 1686 4514 quatuor
1712 4455 1842 4498 mss.
1874 4450 1928 4512 1)

179 4522 478 4592 implevit
509 4519 722 4592 triginta
749 4533 932 4592 annos.

271 4585 307 4635 ἱ»
362 4593 522 4649 Mss.
554 4585 784 4660 aliquot,
844 4588 979 4644 Sunt
1009 4587 1145 4642 enim
1167 4588 1253 4658 qui
1287 4587 1532 4660 adversus
1557 4585 1733 4640 divina
1759 4602 1846 4640 sa-

174 4672 515 4729 cramenta
545 4658 775 4729 decipere
796 4675 890 4715 sua
912 4668 1219 4714 consuerunt
1242 4658 1450 4714 astutia.

273 4743 303 4772 ο
363 4735 612 4794 Thuan.
645 4728 770 4788 cod.
798 4729 954 4787 Colb.
1002 4746 1141 4802 unus
1170 4739 1226 4787 et
1255 4731 1404 4802 Alb.,
1455 4728 1592 4802 Bene
1633 4729 1852 4802 pusillas

178 4817 412 4870 vineas
431 4823 457 4872 ;
492 4804 627 4859 Tell.
656 4814 710 4859 et
742 4813 854 4858 vet.
877 4802 1034 4866 edit.,
1067 4801 1206 4856 Bene
1220 4801 1440 4873 pusillas
1458 4801 1654 4872 vulpes.
1688 4801 1846 4856 Rom.

179 4885 351 4944 edit.
393 4893 484 4935 ac
515 4878 696 4946 plures
716 4882 933 4946 mss.rut
955 4874 1007 4928 in
1040 4883 1210 4928 textu.

270 4955 303 4992 ἀ
365 4941 530 5006 Mss.
576 4963 684 5002 non
715 4945 891 5015 pauci,
934 4961 1088 5016 quam
1139 4943 1380 5016 erudiunt
1429 4941 1718 5016 (quidam,
1748 4958 1854 5016 qua

179 5018 555 5087 erudimur)
587 5019 650 5072 de
675 5014 984 5088 quibusdam
1013 5015 1300 5088 iracundia
1317 5014 1536 5088 stimulis
1549 5014 1853 5088 triumpha-

179 5084 337 5157 inus
359 5138 380 5159 ,
460 5084 870 5144 ut’sacra'menta
896 5087 1214 5157 baptismatis
1244 5084 1558 5159 capiamus_(
1573 5084 1858 5159 nonnulli;

176 5155 594 5244 ῥαρςίδτξξαιίε
621 5160 818 5244 uideas)
857 5155 1075 5244 (triginta
1101 5155 1353 5244 anno'ru'm
1383 5156 1708 5244 baptizatum
1733 5155 1861 5244 dicit

175 5227 284 5317 (al.
290 5243 370 5307 ii,
412 5230 692 5316 dicimus)
714 5227 823 5286 esse
850 5227 1190 5317 Saluatorem.
1221 5227 1298 5317 In.
1329 5228 1537 5317 trigigta
1559 5228 1709 5311 annis
1723 5227 1859 5317 '(ali-

172 5296 297 5390 ὴῖιί
385 5296 787 5390 φρειιιςὶρὶίιιςι
813 5302 996 5390 annos)
1026 5296 1689 5390 incarnationisDominu‘s
1705 5297 1862 5390 {esus

174 5370 219 5445 ῗι
234 5370 285 5443 :1
299 5370 530 5439 uelitis
550 5370 885 5446 interﬁcitur;
911 5383 964 5427 ut
978 5383 1089 5445 past
1107 5382 1319 5446 mortem
1342 5370 1563 5446 obitum;
1583 5384 1687 5425 non
1705 5370 1865 5446 pauci

175 5441 378 5519 sicut
417 5460 495 5504 οι
526 5441 865 5511 edit.,'morte
883 5441 1050 5519 obita;
1076 5454 1158 5500 est
1187 5444 1463 5519 enimnon
1491 5442 1721 5500 obscura
1741 5441 1866 5496 imi-

172 5514 363 5591 ἱεὶιῑο
399 5519 722 5590 Virgiliani
751 5520 898 5573 illius
923 5532 953 5572 e
983 5517 1078 5571 nn.
1103 5533 1158 5583 χ,
1191 5514 1407 5571 Ᾱὲἒηθίά.

354 5618 571 5671 Morte
589 5613 737 5675 obita,
762 5609 936 5673 quales
959 5609 1082 5659 fama
1101 5615 1180 5660 est
1196 5608 1399 5659 volitare
1423 5607 1622 5670 ﬁguras.

271 5709 627 5767 Caeterum
659 5694 971 5766 superiores
1003 5693 1297 5767 varietates
1350 5705 1417 5746 eo
1455 5688 1687 5747 consilio
1716 5685 1871 5743 exhi—

1455 5770 1585 5824 teat,
1609 5767 1872 5829 quantum

167 5764 528 5845 hujmus,
559 5776 620 5846 u_t
647 5764 748 5823 hoc
769 5776 1040 5846 tamquam
1066 5764 1364 5846 specimine
1381 5770 1640 5846 pateant!

171 5831 413 5922 Sibi]
423 5831 747 5912 nandoque
777 5831 1078 5894 scribarum
1101 5831 1425 5903 permiserit
1450 5831 1697 5890 audacia.

718 5933 997 5995 Ρλτιιοι..
1043 5926 1219 5993 XVI.

1939 3255 2160 3332 (jJudic.
2186 3273 2298 3324 xvr,
2332 3256 2467 3328 I7).
2513 3256 2629 3312 Iloc
2669 3257 2737 3312 de
2764 3256 3024 3328 mysterio
3053 3273 3066 3308 :
3095 3271 3239 3313 nunc
3287 3257 3570 3339 lectionis_

1937 3352 2136 3409 seriem
2166 3349 2606 3407 consideremus.

2459 3441 2692 3499 CAPUT
2729 3440 3000 3499 PRIMUM
3015 3485 3027 3498 .

1939 3557 2198 3631 Spiritum
2221 3555 2434 3612 Domini
2461 3559 2614 3613 etiam
2645 3555 2928 3611 Dominum
2949 3573 3010 3612 ac
3028 3558 3267 3613 virtutem
3287 3551 3426 3622 esse,
3448 3575 3540 3614 nec

2250 3653 2306 3706 in
2335 3653 2432 3706 hoc
2464 3649 2612 3704 Patri
2642 3651 2719 3704 vel
2748 3649 2890 3704 Filio
2921 3637 3253 3720 inferiorem:

2016 3746 2104 3802 17.
2145 3745 2319 3816 Supra
2350 3743 2520 3800 babes
2542 3744 2668 3816 quia
2695 3741 2969 3798 Benedixit
3005 3744 3051 3797 ei
3077 3743 3348 3810 Dominus,
3373 3755 3418 3799 et
3436 3763 3541 3801 coe-

1947 3839 2020 3908 pit
2051 3838 2282 3911 Spiritus
2326 3836 2540 3893 Domini
2570 3837 2808 3893 comitari
2845 3853 2960 3891 cum
2987 3853 3044 3892 eo
3069 3835 3268 3908 (Judic.
3299 3853 3413 3903 xm,
3444 3837 3536 3905 ‘24,

1943 3931 2060 4003 25).
2093 3931 2240 3987 Infra
2263 3933 2339 3987 ait
2369 3950 2382 3985 :
2435 3929 2462 3969 ¹ι
2494 3929 2563 3984 Et
2611 3931 2802 3985 direxit
2828 3947 2980 4003 super
3026 3947 3144 3985 eum
3177 3931 3408 4001 Spiritus
3436 3932 3544 3988 Do-

1943 4025 2072 4080 mini
2103 4025 2306 4094 (Judic.
2337 4039 2455 4090 xiv,
2484 4023 2562 4094 6).
2598 4022 2729 4079 Item
2761 4023 2837 4078 ait
2869 4042 2881 4078 :
2919 4022 2984 4079 Si
3013 4034 3189 4079 tonsus
3214 4028 3397 4097 fuero,
3428 4027 3542 4082 dis-

1947 4118 2139 4175 cedeta
2169 4135 2249 4174 me
2279 4119 2440 4174 uirtus
2467 4133 2580 4172 mea
2614 4114 2825 4190 (Judic.
2878 4132 2996 4183 xvr,
3035 4116 3156 4190 I7).
3184 4118 3543 4190 Posteaquam

1951 4221 2143 4267 tonsus
2163 4219 2268 4275 est,
2298 4207 2427 4265 vide
2451 4208 2732 4278 Scriptura
2753 4206 2882 4280 quid
2912 4206 3056 4264 dicat
3089 4226 3103 4264 :
3152 4206 3431 4280 Dominus,
3460 4214 3545 4266 iu-

1953 4305 2100 4373 quit,
2131 4303 2365 4359 discessit
2384 4302 2525 4358 abeo
2558 4299 2743 4373 (Ibid.,
2776 4301 2894 4372 20).

2027 4450 2050 4477 ο
2089 4439 2368 4496 Manifesta
2422 4437 2513 4494 hic
2565 4437 2730 4494 etiam
2767 4435 2971 4508 Virgilii
3021 4453 3052 4496 e
3082 4437 3175 4494 lib.
3209 4454 3269 4508 ιι,
3322 4439 3546 4499 Aineid.

1952 4511 2212 4578 imitatio;
2242 4513 2320 4567 sic
2343 4511 2489 4567 enim
2517 4508 2659 4564 illic:

2561 4603 2808 4663 Quantum
2832 4609 3052 4655 mutatus
3069 4607 3133 4656 ab
3156 4605 3240 4657 illo

2076 4667 2325 4730 Hectore,
2359 4667 2442 4730 qui
2474 4665 2606 4716 redit
2636 4668 2840 4717 exuvias
2868 4668 3067 4718 indutus
3094 4669 3314 4720 Achillis.

2030 4752 2047 4791 ί
2088 4754 2166 4809 Ila
2194 4761 2303 4808 vet.
2333 4750 2463 4806 edit.
2498 4757 2554 4804 et
2587 4749 2770 4819 plures
2795 4765 2956 4817 mss.;
2981 4761 3038 4807 at
3064 4752 3223 4809 Rom.
3256 4753 3389 4810 edit.
3423 4769 3548 4810 cum

1953 4823 2076 4881 aliis
2105 4823 2403 4887 nonnullis,
2433 4819 2706 4892 colligatus
2726 4831 2772 4878 et
2800 4832 3001 4892 captus.

2027 4907 2052 4944 ε
2091 4893 2347 4950 Nonnulli
2379 4907 2536 4958 mss...
2561 4894 2745 4947 inuicto
2772 4895 2914 4948 crine
2936 4894 3192 4950 tondetur.

2032 4965 2059 5004 ιι
2099 4965 2221 5021 Vet.
2244 4965 2400 5027 cdit.,
2435 4962 2503 5017 Et
2526 4965 2670 5019 bona:
2691 4965 2876 5020 abietes
2906 4980 3056 5019 naves
3085 4965 3296 5019 Tharsis
3314 4983 3332 5031 ;
3365 4965 3552 5035 Ilom.,

1965 5038 2032 5094 Et
2062 5039 2182 5092 bene
2207 5053 2270 5092 et
2295 5037 2458 5091 abiete
2487 5045 2608 5090 sunt
2636 5052 2785 5091 naves
2818 5035 3028 5090 Tharsis
3059 5053 3078 5090 :
3128 5050 3260 5090 mss.
3289 5051 3422 5092 vero
3452 5055 3553 5092 no-

1965 5109 2171 5165 biscum
2203 5108 2429 5173 faciunt,
2449 5108 2693 5177 exceptis
2715 5108 2899 5178 paucis
2928 5105 2984 5161 in
3015 5107 3212 5178 quibus
3240 5106 3455 5178 legitur,
3488 5108 3558 5163 Et

1965 5181 2109 5237 bona;
2134 5179 2444 5234 adducentes
2473 5194 2644 5245 naves,
2676 5189 2781 5235 etc.

2047 5251 2063 5290 ί
2095 5251 2323 5320 Quidam
2350 5265 2507 5318 mss.,
2534 5260 2582 5305 et
2606 5260 2765 5305 totum
2781 5249 3070 5321 remigium.
3105 5248 3174 5304 Et
3198 5248 3358 5313 infra,
3389 5265 3564 5304 omnes

1969 5342 2001 5380 a
2022 5323 2132 5380 Deo
2156 5323 2411 5378 numerati
2437 5332 2577 5377 sunt.

2047 5396 2060 5447 i
2109 5395 2239 5451 Mss.
2271 5396 2497 5466 aliquot,
2525 5393 2571 5448 si
2619 5390 2760 5447 Deus
2787 5391 3105 5463 omnipotens
3134 5405 3270 5444 meos
3309 5390 3449 5443 novit
3477 5406 3564 5446 ca-

2007 5469 2149 5523 illos.

1971 5487 2270 5593 Ρηίοῖίοηι.
2294 5535 2425 5593 edit.
2453 5534 2590 5599 sola,
2639 5543 2688 5587 et
2716 5532 2869 5586 irruit
2893 5548 3049 5600 super
3076 5547 3228 5597 eum;
3285 5547 3413 5587 mss.
3462 5533 3568 5587 ali-

1924 5634 1929 5640 -
1973 5621 2126 5683 quot,
2161 5610 2226 5683 Et
2255 5609 2447 5683 decidit
2477 5621 2630 5683 super
2655 5618 2814 5683 fama
2839 5618 2946 5683 non
2971 5605 3133 5683 male.
3160 5603 3215 5657 In
3243 5603 3563 5683 quibusdam

1973 5672 2122 5740 enim
2140 5681 2344 5738 Graicis
2371 5672 2772 5744 exemplaribus
2803 5672 3019 5744 legitur,
3047 5677 3134 5730 καὶ
3160 5675 3462 5734 nati-ﬂown
3485 5678 3572 5732 ἐπὶ

1975 5756 2150 5818 αὐτὸν,
2175 5753 2304 5806 licet
2329 5742 2593 5805 habeatur
2624 5745 2678 5798 in
2714 5742 2982 5813 pluribus,
3012 5749 3096 5803 καὶ
3117 5746 3295 5815 ἥλατο,
3322 5757 3368 5802 et
3394 5749 3578 5805 insiliit

1977 5837 2025 5880 et
2052 5823 2224 5891 irruit,
2248 5830 2354 5878 etc.
