4016 6292
207 314 314 377 749

1364 321 1452 382 DE
1494 320 1767 385 SPIRITU
1807 324 2082 385 SANCTO
2118 326 2248 385 LIB.
2293 323 2357 386 11.

3411 340 3517 398 750

206 454 304 493 rus
347 438 492 496 Deus
532 453 640 496 non
684 442 788 510 sit;
817 443 1022 500 incides
1051 453 1107 500 ut
1157 443 1300 501 Patri
1342 447 1514 520 magis
1543 447 1808 520 derogare
1835 445 1889 506 Α
1913 459 2027 500 ram
2059 455 2203 501 stare
2229 461 2335 500 non
2361 459 2542 516 posse,
2575 444 2667 502 sed
2697 443 2861 503 etiam
2879 457 3186 507 creatorem
3205 453 3368 510 totius
3392 472 3515 514 esse

205 531 471 600 videaris,
501 533 662 605 cujus
690 551 826 605 opus
855 551 960 592 non
986 547 1138 607 putes
1160 538 1326 594 solius
1345 555 1487 598 verae
1511 540 1811 599 divinitatis

207 642 333 684 esse
347 629 710 701 praecipuum,
727 631 822 686 sed
845 640 1108 688 creatura:
1129 635 1383 705 operibus
1397 636 1806 695 conferendum.

831 747 1056 804 CAPUT
1100 747 1188 804 IV.

209 835 472 907 Spiritum
518 849 754 894 sanctunt
803 857 909 896 non
953 858 1096 897 secus
1143 860 1203 897 ac
1244 843 1456 900 Patrem
1496 860 1546 902 et
1590 847 1807 918 Filium,

255 998 258 1000 γ
527 937 824 1004 operatione
858 952 960 990 non
991 936 1191 993 diversa
1220 939 1496 1008 viri/icore.

279 1024 368 1079 29.
415 1025 560 1095 Quid
591 1038 768 1083 autem
815 1030 1009 1085 tnirum
1055 1032 1098 1086 si
1148 1032 1380 1104 Spiritus
1423 1045 1676 1107 operator
1727 1047 1814 1094 est

208 1120 356 1186 vitae,
383 1122 474 1192 qui
505 1122 745 1179 viviﬁcat
783 1124 923 1182 sicut
967 1126 1146 1192 Pater,
1182 1129 1416 1186 viviﬁcat
1461 1132 1599 1188 sicut
1638 1132 1810 1188 Filius

209 1211 391 1286 (Joau.
431 1231 480 1281 ν,
510 1214 942 1288 21)?Viviﬁcare
966 1229 1149 1276 autem
1181 1224 1304 1291 quis
1329 1222 1532 1278 abnuat
1557 1240 1680 1280 esse
1699 1211 1816 1280 ma?

203 1306 426 1376 jestatis
453 1310 712 1366 a-ternte?
744 1310 1015 1381 Scriptum
1041 1322 1124 1368 est
1153 1315 1294 1370 enim
1323 1333 1334 1368 :
1372 1315 1584 1386 Vici/ica
1609 1333 1809 1372 servum

208 1412 353 1457 tuum
379 1402 557 1476 (Psat.
592 1420 777 1473 cxvm,
819 1406 930 1479 17).
979 1407 1301 1465 Viviticatur
1328 1425 1460 1481 ergo
1487 1411 1576 1482 qui
1621 1426 1812 1467 servus

208 1507 318 1564 est.
351 1497 458 1556 hoc
487 1507 596 1568 est,
627 1500 811 1565 immo,
848 1501 943 1574 qui
970 1502 1134 1559 vitam
1176 1513 1304 1560 ante
1333 1520 1440 1560 non
1471 1505 1677 1572 habuit,
1713 1504 1808 1562 sed

207 1601 266 1647 ut
299 1590 548 1659 haberet,
578 1595 806 1665 accepit.

277 1683 369 1740 30.
401 1683 694 1741 Videamus
718 1686 878 1760 igitur
906 1698 1084 1744 utrum
1118 1690 1422 1746 viviﬁcetur
1446 1691 1700 1761 Spiritus,
1739 1707 1808 1748 an

207 1777 328 1849 ipse
354 1779 610 1836 viviﬁcct.
646 1780 753 1838 Sed
779 1784 1040 1855 scriptum
1065 1794 1149 1841 est
1175 1804 1188 1840 :
1215 1784 1412 1841 Littera
1441 1787 1648 1852 occidit,
1681 1787 1807 1856 Spi-

205 1871 341 1926 ritus
363 1881 536 1928 autem
561 1874 784 1943 uiviﬁcat
808 1874 874 1946 (II
899 1875 1020 1932 Cor.
1049 1893 1126 1941 nt,
1152 1877 1231 1949 6).
1264 1878 1408 1950 Ergo
1433 1878 1669 1934 viviﬁcat
1694 1877 1814 1948 Spi-

212 1966 376 2021 ritus.

276 2059 362 2114 51.
403 2059 512 2116 Sed
568 2071 619 2117 ut
675 2063 947 2135 intelligas
1000 2063 1176 2120 Patris
1208 2074 1264 2120 et
1310 2063 1432 2121 Filii
1478 2074 1534 2122 et
1579 2066 1816 2136 Spiritus

203 2152 382 2222 sancti
413 2153 830 2211 vit-iticationcnt
879 2173 984 2212 non
1024 2172 1146 2214 esse
1185 2158 1438 2225 dinsam,
1470 2160 1659 2230 accipe
1688 2159 1813 2230 quia

204 2247 594 2304 viviﬁcationis
639 2266 856 2322 quoque
899 2253 1080 2308 unitas
1128 2255 1234 2318 sit;
1289 2253 1509 2325 quando
1550 2255 1669 2326 ipse
1715 2269 1815 2325 per

203 2338 473 2408 Spiritum
519 2341 764 2398 vivilicat
804 2343 980 2407 Deus;
1021 2345 1160 2400 dixit
1214 2347 1360 2402 enim
1402 2347 1651 2402 Paulus:
1710 2347 1814 2415 Qui

228 2433 469 2488 uscitarit
495 2433 757 2489 Christum
801 2452 864 2490 ex
895 2437 1139 2502 mortuis,
1172 2437 1446 2508 uiviﬁcabit
1475 2448 1523 2492 et
1569 2439 1814 2494 mortalia

199 2542 424 2599 corpora
471 2539 641 2584 uestra
668 2541 876 2603 prapter
911 2531 1284 2588 inhabitantem
1315 2532 1575 2604 Spiritum
1603 2537 1716 2606 ejus
1760 2535 1815 2589 in

200 2619 348 2674 vobis
382 2619 561 2692 (Rom.
596 2638 712 2690 vnt,
743 2624 859 2695 Η).

743 2738 912 2812 σω
937 2739 1165 2796 carur
1207 2741 1270 2795 v.

203 2849 356 2905 Sicut
389 2847 600 2904 Patrem
628 2867 692 2904 ac
720 2849 933 2917 Filium,
966 2854 1040 2908 ita
1069 2855 1220 2907 etiam
1250 2853 1504 2922 Spiritum
1532 2863 1814 2909 creatorem

278 2943 335 2996 in
365 2943 642 3015 Scriptura
663 2944 964 3016 signiﬁcari.
988 2943 1102 2999 Hoc
1125 2946 1294 3016 ipsum
1317 2963 1348 2999 a
1371 2947 1590 3019 paganis
1617 2963 1816 3017 quoque

276 3036 621 3106 scriptoribus
666 3037 1028 3092 adumbratam
1059 3055 1078 3092 :
1107 3038 1198 3093 sed
1249 3039 1552 3108 planissime
1597 3040 1813 3095 demon-

277 3141 506 3186 stratum
535 3145 642 3187 esse
676 3133 730 3186 in
768 3133 1012 3204 mysterio
1051 3133 1455 3203 incarnationis,
1485 3135 1548 3188 de
1576 3151 1678 3205 qua
1729 3135 1813 3190 ubi

278 3225 527 3279 delibaoit
556 3225 860 3279 Ambrosius
891 3226 1167 3291 nonnulla,
1199 3235 1418 3294 emptum
1450 3238 1883 3304 argumentuan
1918 3263 2057 3313 mus,

279 3332 346 3372 ea:
369 3332 430 3371 eo
455 3317 595 3382 quod
609 3317 866 3380 adoratto.
893 3333 1006 3386 ante
1027 3318 1126 3372 soli
1155 3319 1365 3373 debetur
1384 3321 1626 3386 creatori,
1656 3321 1813 3374 etiam

283 3410 514 3480 Spiritui
537 3409 800 3475 debeatur,
835 3412 1124 3480 cenﬁrmat.

281 3523 375 3578 52.
409 3525 543 3594 Quis
573 3541 707 3582 vero
732 3526 980 3582 dubitare
1013 3536 1189 3596 potest
1220 3529 1342 3599 quia
1376 3530 1609 3587 viviticet
1628 3532 1812 3586 omnia

199 3618 450 3687 Spiritus
475 3629 716 3685 sanctus,
740 3619 956 3692 quando
984 3628 1038 3676 et
1061 3622 1177 3693 ipse
1199 3622 1339 3676 sicut
1366 3622 1525 3678 Pater
1547 3633 1600 3680 ct
1624 3623 1808 3694 Filius,

203 3720 431 3767 creator
471 3720 556 3767 est
586 3711 852 3781 omnium,
879 3719 900 3749 ⁸
931 3727 1030 3769 nec
1063 3712 1356 3785 quidquam
1401 3715 1502 3771 nisi
1531 3731 1649 3771 cum
1693 3715 1809 3787 Spi-

203 3806 318 3861 ritu
349 3814 540 3861 sancto
567 3805 712 3862 Deus
738 3810 1082 3875 omnipotens
1112 3806 1272 3864 Pater
1309 3808 1641 3879 intelligatur
1683 3825 1814 3880 0pc-

201 3907 392 3965 ratns;
423 3898 864 3970 quandoquidem
891 3910 947 3956 et
989 3901 1044 3956 in
1089 3903 1360 3972 principio
1402 3912 1668 3958 creatura:
1691 3905 1812 3978 Spi-

203 3995 350 4049 ritus
379 3992 829 4064 superferebatttr
856 4006 1023 4064 super
1049 4008 1242 4064 aquam
1277 3993 1431 4063 (Gen.
1461 4011 1497 4061 t,
1534 3993 1633 4068 l)?

280 4089 375 4144 5'5.
410 4087 595 4160 Itaque
617 4103 742 4144 cum
770 4089 1211 4159 superferebatur
1234 4090 1490 4160 Spiritus,
1523 4091 1666 4145 nulla
1698 4102 1815 4147 erat

200 4185 386 4256 gratia
443 4193 708 4241 creatura:
757 4202 770 4238 :
821 4194 1006 4254 postea
1055 4200 1184 4240 vero
1224 4199 1386 4255 quam
1437 4186 1812 4254 operationem

201 4277 448 4347 Spiritus
477 4277 639 4332 etiam
667 4285 916 4333 creatura
936 4277 1120 4332 mundi
1141 4278 1294 4332 iStius
1321 4277 1812 4348 suscepit,ontnem

203 4369 357 4426 hanc
384 4369 570 4440 gratiae
596 4370 798 4426 meruit
823 4379 1187 4436 venustatem,
1217 4386 1319 4441 qua
1353 4369 1584 4426 mundus
1613 4370 1812 4427 illuxit.

205 4462 461 4534 Denique
505 4462 623 4518 sine
676 4461 882 4533 Spiritu
928 4471 1115 4518 sancto
1165 4463 1536 4518 universitatis
1584 4467 1812 4536 gratiam

205 4569 440 4611 manere
470 4569 574 4609 non
618 4559 776 4623 posse
808 4552 1076 4623 Propheta
1104 4553 1405 4608 declaravit
1445 4553 1634 4611 dicens
1663 4574 1674 4609 :
1709 4556 1810 4608 Au-

1917 539 2172 610 Spiritum
2201 551 2486 596 creaturae.

1986 633 2074 687 54.
2111 632 2177 687 Ει
2205 631 2326 704 quis
2357 644 2518 704 neget
2545 649 2680 705 OpttS
2720 651 2840 692 esse
2887 638 3124 710 Spiritus
3155 645 3329 700 sancti
3369 648 3512 717 quod

1914 733 2096 779 creata
2125 733 2210 781 est
2238 735 2403 793 terra,
2437 727 2590 800 cujus
2616 743 2752 798 Opus
2777 739 2861 786 est
2889 732 3031 804 quod
3062 737 3333 792 novatur?
3376 737 3508 794 Nam

1913 817 1957 870 si
1989 833 2186 888 negare
2215 819 2434 892 cupiant
2462 821 2606 892 quod
2637 838 2730 893 per
2754 823 3012 896 Spiritum
3043 829 3114 884 sit
3137 841 3351 898 creata;
3385 845 3508 888 cum

1915 925 2010 979 per
2043 910 2303 979 Spiritum
2336 914 2637 970 novandam
2671 933 2868 990 negare
2902 936 3004 975 non
3034 923 3282 992 possint;
3319 926 3512 982 melio-

1915 1014 2032 1056 rem
2066 1017 2196 1074 ergo
2227 1006 2596 1074 Operationem
2638 1007 2872 1079 Spiritus
2916 1015 3111 1081 sttncti,
3145 1032 3307 1086 quam
3338 1016 3512 1074 Patris

1913 1101 1968 1147 et
1995 1089 2137 1160 Filii,
2180 1097 2268 1165 qui
2307 1099 2524 1168 cupiunt
2560 1115 2836 1171 separare.
2875 1103 3167 1164 defendent
3198 1126 3210 1161 :
3244 1109 3386 1180 quod
3413 1110 3512 1166 ab~

1915 1183 2100 1240 horret
2131 1203 2158 1239 a
2191 1203 2351 1255 vero;
2383 1205 2556 1261 neque
2587 1193 2728 1247 enim
2765 1194 2985 1250 dubiutn
3016 1208 3098 1253 est
3131 1201 3273 1270 quod
3317 1214 3511 1260 novata

1915 1289 2056 1334 terra
2108 1279 2323 1348 melior,
2380 1298 2538 1354 quam
2584 1295 2765 1341 creata
2799 1289 2889 1344 sit.
2923 1289 3034 1346 Aut
3084 1291 3128 1347 si
3177 1294 3354 1366 primo
3397 1297 3516 1354 sine

1914 1373 2231 1442 operatione
2288 1375 2523 1448 Spiritus
2590 1380 2763 1435 sancti
2822 1390 3021 1453 terram
3078 1383 3237 1442 Pater
3280 1387 3408 1445 fecit
3461 1399 3516 1446 et

1915 1461 2130 1523 Filius:
2176 1479 2363 1539 postea
2411 1486 2541 1526 vero
2585 1469 2821 1542 Spiritus
2855 1475 3028 1532 sancti
3077 1480 3324 1548 operatio
3350 1496 3518 1552 copu-

1915 1559 2152 1628 labatur;
2180 1560 2447 1619 videbitur
2475 1563 2526 1620 id
2565 1567 2709 1638 quod
2736 1567 2935 1624 factum
2974 1579 3079 1639 est,
3116 1572 3233 1644 ejus
3261 1577 3405 1646 quod
3430 1593 3518 1632 at:-

1913 1657 2073 1712 cessit
2119 1659 2334 1728 eguisse
2376 1660 2652 1731 praesidio.
2687 1662 2792 1719 Sed
2838 1664 2982 1720 absit
3021 1676 3079 1721 ut
3104 1667 3206 1724 hoc
3233 1669 3514 1742 quisquam

1915 1750 2209 1819 existimet,
2261 1765 2318 1807 ut
2361 1755 2609 1825 operatio
2654 1756 2838 1814 divina
2878 1760 3198 1818 varietatem
3252 1767 3518 1822 creatoris

1846 1845 1891 1904 B
1918 1840 1945 1880 δ
1992 1859 2151 1912 quam
2197 1843 2523 1902 Manichmus
2555 1849 2782 1914 inducit,
2826 1851 3024 1910 habere
3051 1856 3326 1912 credatur.

1990 1938 2079 1993 35.
2111 1938 2194 1993 An
2229 1955 2358 1995 vero
2374 1940 2492 1997 sine
2508 1957 2674 2012 opere
2697 1945 2931 2013 Spiritus
2961 1950 3137 2004 sancti
3158 1950 3515 2010 substantiam

1920 2042 2172 2100 putamtts
2210 2049 2330 2090 esse
2381 2044 2670 2104 terrarum,
2713 2039 2831 2095 sine
2877 2041 3032 2115 cujus
3064 2059 3232 2117 opere
3265 2064 3365 2105 nec
3394 2051 3518 2108 cmli

1918 2139 2154 2182 convexa
2183 2127 2525 2184 subsistunt?
2555 2129 2830 2199 Scriptum
2861 2144 2945 2190 est
2974 2138 3117 2193 enim
3151 2157 3162 2190 :
3205 2138 3370 2197 Verbo
3403 2142 3517 2198 Do-

1916 2217 2044 2272 mini
2070 2219 2183 2273 ίωΙί
2204 2218 2399 2287 ﬁrmati
2425 2234 2568 2288 sunt,
2592 2224 2860 2294 etSpiritu
2890 2229 2995 2282 oris
3022 2234 3134 2303 ejus
3162 2235 3330 2288 omnis
3356 2237 3518 2292 uirtus

1918 2327 2094 2365 eorum
2124 2310 2300 2384 (Psal.
2335 2330 2505 2379 χχχιι,
2527 2314 2604 2386 6).
2631 2314 2870 2374 Adverte
2898 2321 3024 2390 quid
3049 2322 3193 2379 dicat
3217 2343 3229 2380 :
3262 2325 3518 2397 Omnem,

1918 2404 2111 2472 inquit,
2144 2408 2398 2462 virtutem
2429 2408 2692 2464 caelorum
2721 2411 2788 2466 ad
2829 2412 3093 2484 Spiritum
3125 2434 3248 2476 esse
3280 2423 3525 2480 referen-

1917 2493 2065 2552 dam.
2097 2499 2198 2566 Qui
2229 2501 2374 2556 enim
2408 2503 2882 2574 superferebatur,
2917 2518 3207 2583 antequam
3251 2524 3393 2571 terra
3421 2517 3521 2574 tle-

1919 2604 1998 2649 ret
2021 2636 2034 2660 ,
2066 2595 2339 2665 quomodo
2365 2608 2386 2635 ο
2419 2613 2543 2652 cum
2574 2609 2718 2655 terra
2749 2601 2928 2670 ﬁeret,
2959 2602 3260 2664 feriahatur
3292 2610 3315 2662 ?

1990 2689 2077 2745 56.
2109 2690 2352 2747 Gentiles
2396 2691 2420 2728 ι¹
2477 2693 2727 2752 homines
2775 2711 2872 2767 per
2927 2700 3171 2758 umbram
3230 2707 3519 2777 quamdam
3617 2707 3642 2747 i"

1920 2779 2148 2838 nostros”
2169 2784 2378 2852 secuti,”
2409 2779 2533 2856 quia
2565 2790 2851 2846 veritatem
2898 2791 3133 2865 Spiritus
3163 2795 3382 2856 haurire
3413 2818 3520 2858 non

1921 2885 2201 2944 poterant;
2236 2879 2694 2964 qugﬂghtmac
2722 2892 2918 2967 terras,
2952 2887 3091 2945 luntn
3115 2890 3276 2968 64]
3304 2911 3521 2966 quoque

1918 2969 2310 3042 stellarumque
2347 2974 2668 3031 micantium
2695 2979 2888 3048 globos
2917 2980 3156 3052 Spiritus
3198 2988 3344 3046 intus
3389 2992 3522 3057 alat,

1918 3059 2309 3139 Sitisversibus
2339 3064 2673 3142 indiderunt.
2711 3069 2855 3142 Ergo
2881 3073 2957 3128 illi
2988 3091 3086 3145 per
3113 3077 3372 3147 Spiritum
3407 3097 3517 3138 non

1920 3165 2116 3225 negant
2143 3156 2406 3212 virtutem
2436 3160 2736 3217 subsistere
2768 3173 3031 3222 creatura:
3063 3186 3076 3222 :
3113 3184 3210 3224 nos
3243 3173 3335 3240 qui
3384 3174 3518 3245 legi-

2089 3247 2453 3320 denegamus‘l
2488 3252 2593 3307 Sed
2637 3254 2859 3310 ﬂatiletn
2890 3259 3090 3327 putatis
3117 3262 3185 3315 ah
3216 3262 3322 3318 illis
3350 3267 3520 3336 spiri-

1922 3352 2033 3397 tum
2075 3341 2439 3414 designatum.
2485 3346 2542 3402 Si
2588 3346 2669 3402 illi
2711 3358 2984 3406 auctorem
3013 3353 3256 3410 ontnium
3293 3357 3515 3417 ﬂatilem

1918 3435 2180 3507 Spiritum
2219 3435 2594 3505 declararunt,
2629 3457 2728 3499 nos
2771 3441 3081 3502 dubitamus
3125 3446 3386 3520 Spiritum
3423 3455 3519 3512 Dei

1917 3546 2039 3587 esse
2070 3533 2313 3586 omnium
2357 3537 2695 3590 creatorem?

1989 3623 2076 3681 57.
2119 3625 2223 3682 Sed
2267 3626 2394 3698 quid
2437 3627 2633 3684 alienis
2673 3630 2968 3689 immorer?
3012 3638 3300 3710 Accipiant
3349 3642 3517 3701 docu-

1919 3727 2161 3774 mentum
2216 3720 2461 3788 evidens,
2519 3721 2651 3778 nihil
2702 3740 2860 3794 posse
2907 3742 3031 3783 esse
3081 3733 3224 3799 quod
3278 3734 3516 3805 Spiritus

1917 3821 2139 3868 sanctus
2196 3824 2424 3885 negetur
2464 3826 2740 3887 operatus,
2776 3835 2874 3875 nec
2909 3820 2978 3877 de
3020 3822 3265 3896 Angelis,
3301 3841 3402 3885 nec
3446 3833 3516 3887 de

1918 3908 2295 3980 Archangelis,
2329 3925 2429 3965 nec
2454 3911 2523 3968 de
2549 3911 2805 3980 Thronis,
2831 3929 2934 3971 nec
2956 3915 3026 3972 de
3046 3916 3518 3982 Dominationibus

1920 4015 2078 4070 posse
2126 4002 2390 4069 dubitari,
2437 4003 2581 4073 quod
2633 4003 2750 4076 ejus
2802 4010 3121 4078 operatione
3180 4014 3513 4082 subsistant;

1918 4096 2357 4168 quandoquidem
2391 4097 2506 4170 ipse
2534 4101 2832 4156 secundum
2861 4117 3081 4160 carnem
3119 4107 3401 4175 Dominus,
3431 4114 3517 4168 cui

1919 4192 2094 4262 angeli
2123 4193 2458 4260 serviebant,
2480 4195 2684 4265 Spiritu
2705 4197 2754 4250 in
2777 4196 3056 4269 Virginem
3075 4205 3518 4275 superveniente,

1917 4288 2132 4357 genitus
2159 4288 2261 4350 sit;
2290 4287 2430 4344 sicut
2455 4298 2510 4345 et
2541 4290 2838 4347 secundum
2873 4293 3180 4355 Matthazum
3212 4297 3278 4353 ad
3315 4298 3519 4372 Joseph

1919 4381 2146 4452 angelus
2174 4381 2311 4437 dixit
2340 4380 2596 4456 :Joseptt,
2625 4385 2702 4455 ﬁli
2731 4383 2928 4452 David,
2957 4389 3062 4443 noli
3085 4391 3264 4446 timere
3287 4394 3521 4461 accipere

1921 4473 2147 4528 Mariam
2171 4490 2388 4530 uxorem
2411 4486 2592 4543 tuam,-
2622 4479 2760 4548 quod
2797 4481 2930 4534 enim
2969 4497 3034 4536 ex
3059 4498 3120 4537 ea
3161 4495 3424 4556 nascetur,
3458 4489 3524 4544 de

1922 4567 2123 4637 Spiritu
2149 4579 2324 4623 sancto
2348 4579 2421 4624 est
2443 4569 2656 4643 (Matth.
2684 4587 2721 4636 t,
2748 4570 2867 4644 20).
2902 4572 2968 4628 Et
2999 4578 3296 4634 secundum
3317 4578 3523 4638 Lucam

207 4653 353 4721 feres
377 4648 635 4717 Spiritum
662 4663 862 4716 eorrrm,
879 4659 929 4703 et
959 4648 1282 4719 deﬁcient,et
1303 4650 1356 4704 in
1384 4650 1642 4719 pulverem
1668 4667 1817 4704 suum
1845 4646 1897 4705 D
1923 4659 2066 4714 dixit
2093 4659 2159 4715 ad
2197 4659 2422 4717 Mariam
2460 4681 2472 4715 :
2506 4663 2735 4734 Spiritus
2782 4677 2990 4722 sanctus
3039 4672 3358 4739 superveniet
3378 4675 3432 4729 iu
3473 4685 3522 4731 te

207 4751 556 4800 revertentur.
589 4741 781 4800 Emitte
809 4743 1070 4816 Spiritum
1102 4754 1267 4809 tuum,
1311 4753 1360 4799 et
1389 4744 1714 4809 creabantur,
1765 4756 1816 4800 et

208 4840 488 4896 innovabis
523 4857 726 4896 omnem
769 4841 959 4911 {aciem
1001 4851 1151 4896 terra:
1205 4839 1372 4911 (Psal.
1415 4855 1528 4901 cm,
1566 4840 1658 4907 29,
1699 4836 1815 4910 50).

210 4936 334 4992 Non
367 4935 546 4992 solum
580 4936 740 5006 igitur
773 4936 890 4992 sine
911 4935 1116 5006 Spiritu
1145 4935 1328 4992 docuit
1359 4949 1574 4990 omnem
1597 4944 1808 4991 creatu-

291 5113 316 5140 ει
358 5101 487 5155 Mss.
519 5099 744 5168 aliquot,
773 5113 860 5152 nec
884 5114 1123 5167 umquam
1144 5097 1244 5153 nisi
1272 5113 1386 5151 cum
1408 5096 1636 5166 Spiritu.

284 5171 313 5212 ι»
356 5171 498 5243 Quid
527 5171 598 5226 sit
626 5169 768 5242 quod
790 5169 1069 5226 blanichaei
1100 5186 1194 5240 per
1215 5170 1530 5243 varietatem
1551 5168 1815 5224 creatoris

212 5239 617 5306 intellexerint,
646 5239 761 5311 per
791 5257 955 5313 quam
1006 5239 1188 5313 aperte
1233 5239 1485 5313 cognosci
1521 5249 1699 5313 potest
1746 5254 1815 5295 ex

212 5257 617 5306 intellexerint,
665 5258 761 5311 per
791 5257 955 5313 quam
1006 5260 1030 5294 a
1075 5257 1188 5297 erte
1233 5257 1485 5311 cognosc:
1521 5257 1699 5310 petest
1746 5257 1812 5295 ex

210 5317 562 5390 Epiphanio;
591 5315 843 5390 hic_enim
868 5313 1008 5367 liscr.
1034 5257 1122 5390 £6,
1149 5311 1438 5390 num.__25,_
1457 5309 1812 5390 deliramenta

205 5383 343 5462 quté
370 5389 439 5442 ab
486 5385 1270 5465 Archmlaomutuatus'fuerat
1301 5383 1651 5465 Mttnichazus,
1684 5383 1810 5465 dum

206 5455 638 5525 commemorat,
671 5457 839 5514 multa
886 5455 1090 5528 quibus'
1118 5457 1204 5512 hic
1248 5455 1518 5512 Ambrosii
1546 5457 1698 5510 locus
1745 5455 1811 5508 il-

206 5535 509 5596 luslretur,
543 5530 725 5592 habet.

295 5617 316 5644 ε
353 5601 574 5660 Atnerl).
625 5602 780 5659 Eras.
827 5608 880 5656 et
929 5614 1061 5654 mss.
1105 5599 1330 5668 aliquot,
1379 5616 1482 5654 non
1514 5597 1813 5667 ferebatur;

206 5677 346 5752 Gil].
365 5689 444 5752 _ac
470 5671 627 5752 Rom.
655 5672 939 5752 e_ti.it..cum
962 5685 1098 5752 ipss.
1124 5670 1390 5752 pjnrrihus,
1419 5670 1730 5752 feriantur;
1779 5741 1789 5751 .

290 5746 318 5785 ά
352 5745 651 5821 Gregorius
678 5743 932 5821 Nazianz.
960 5738 1210 5797 Orat/57
1242 5738 1470 5821 testatur
1497 5738 1683 5821 sancti
1694 5738 1820 5821 _Spi—

210 5823 364 5878 ritus
393 5820 447 5873 in
468 5810 624 5870 orbis
654 5813 1042 5892 gubernatione
1069 5811 1572 5892 operationemASttb
1599 5810 1819 5892 quibus-

207 5895 350 5950 dam
403 5881 683 5945 nominum
736 5884 1028 5941 involucris
1069 5881 1404 5950 designatam
1446 5882 1614 5936 fuisse
1643 5881 1710 5935 ab
1759 5882 1823 5936 iis

1933 4752 2076 4817 {Lua
2106 4769 2146 4817 t,
2175 4753 2292 4817 55).

1933 4753 2076 4806 'Luc.
2106 4769 2146 4817 t,
2175 4755 2245 4809 55
2280 4794 2292 4806 .

1923 4765 1939 4820 ί
1995 4845 2084 4898 58.
2114 4753 2270 4916 Opus)
2293 4861 2423 4916 ergo
2454 4847 2690 4918 Spiritus
2719 4849 2950 4922 Virginis
2979 4865 3169 4924 partus
3215 4868 3316 4916 est.
3369 4863 3517 4930 Opus

1923 4935 2156 5006 Spiritus
2184 4938 2390 4994 [ructus
2414 4948 2498 4994 est
2515 4941 2740 5009 ventris,
2763 4944 3069 5002 secundum
3084 4951 3232 5020 quod
3251 4951 3517 5023 scriptum

1925 5097 2303 5183 Ethn'icorum,
2333 5102 2426 5186 _qui
2461 5101 2750 5176 theologia:
2781 5109 2973 5186 majori
2997 5111 3301 5186 ﬂoruerunt
3337 5117 3518 5186 laude,

1924 5174 2254 5244 prepiusque
2282 5170 2348 5226 ad
2378 5189 2477 5229 nos
2509 5170 2882 5244 accesserunt:
2916 5182 3172 5238 nimirum
3206 5170 3274 5241 ah
3303 5190 3338 5242 Α
3352 5170 3516 5244 rigidi

1922 5243 2048 5307 tele,
2084 5249 2422 5321 Anaxagora.
2463 5243 2932 5321 ctrl-lertnooymo,
2965 5262 3026 5307 ut
3057 5255 3205 5310 Elias
3241 5257 3386 5312 Cret.
3437 5243 3519 5315 in.

1921 5323 2269 5391 terpretatur.
2315 5314 2431 5391 Nec
2453 5317 2674 5373 dubium
2702 5314 2802 5376 est'
2825 5325 2952 5391 quin
2999 5324 3103 5376 hoc
3134 5330 3254 5382 loco
3288 5314 3524 5386 Nazian-

1918 5387 2038 5441 zeni
2063 5387 2304 5454 vestigiis
2333 5386 2547 5443 insistat
2567 5386 2908 5455 Ambrosius,
2943 5408 3129 5449 verum
3153 5413 3273 5453 cum
3309 5403 3519 5456 scribe-

1918 5458 2256 5536 rot_Latinis
2307 5458 2654 5536 hominibus,
2711 5465 3090 5536 auctoritatem
3153 5484 3274 5536 qua:
3326 5473 3522 5529 iisdem

1926 5531 2105 5601 notior
2130 5538 2296 5592 esset,
2327 5530 2618 5588 indicatam
2643 5535 2830 5588 voluit.
2853 5533 3025 5588 Petita
3052 5535 3153 5591 fuit
3173 5530 3263 5595 ilia
3291 5558 3322 5598 e
3341 5544 3438 5598 lib.
3465 5560 3520 5601 Vl

1927 5600 2211 5666 IEneidos,
2243 5601 2330 5652 ubi
2353 5603 2566 5658 canitur
2592 5622 2604 5655 :

2020 5699 2272 5780 principio
2294 5699 2492 5780 malum,
2507 5713 2574 5780 ρο
2604 5709 2781 5780 ternas,
2811 5714 3108 5780 camposque
3130 5709 3394 5780 liquentes,

2023 5764 2402 5830 Lucentequ
2425 5763 2624 5830 globum
2645 5763 2789 5824 lunae,
2814 5763 3090 5830 titnniaqite
3115 5763 3245 5828 ast'ra

2023 5826 2236 5891 _Spiritus
2259 5823 2392 5891 intus
2414 5823 2518 5891 alit,
2543 5823 2795 5884 totamque
2817 5825 2975 5876 infusa
2995 5823 3092 5891 per
3115 5823 3252 5888 arti};

2027 5884 2170 5937 Mens
2194 5884 2350 5944 agitat
2373 5884 2572 5948 molem,
2603 5893 2654 5937 et
2675 5899 2854 5951 magno
2869 5900 2926 5938 se
2950 5884 3158 5956 corpore
3176 5884 3371 5956 miscet.
