  <div class='ocr_page' id='page_1' title='image "/cluster/home/n/w/nwhite01/storage/ocr_20150623/16/hvd.32044015471998/381.png"; bbox 0 0 4016 6292; ppageno 0'>
   <div class='ocr_carea' id='block_1_1' title="bbox 515 283 614 342">
    <p class='ocr_par' dir='ltr' id='par_1_1' title="bbox 515 283 614 342">
     <span class='ocr_line' id='line_1_1' title="bbox 515 283 614 342; baseline -0.01 0"><span class='ocrx_word' id='word_1_1' title='bbox 515 283 614 342; x_wconf 71' lang='grc'><strong>751</strong></span> 
     </span>
    </p>
   </div>
   <div class='ocr_carea' id='block_1_2' title="bbox 1872 270 3761 336">
    <p class='ocr_par' dir='ltr' id='par_1_2' title="bbox 1872 270 3761 336">
     <span class='ocr_line' id='line_1_2' title="bbox 1872 270 3761 336; baseline -0.004 0"><span class='ocrx_word' id='word_1_2' title='bbox 1872 275 2120 336; x_wconf 83' lang='lat' dir='ltr'><strong>SANC&#39;I&#39;I</strong></span> <span class='ocrx_word' id='word_1_3' title='bbox 2163 272 2486 336; x_wconf 76' lang='lat' dir='ltr'><strong>AMBROSII</strong></span> <span class='ocrx_word' id='word_1_4' title='bbox 3677 270 3761 329; x_wconf 73' lang='lat'><strong>752</strong></span> 
     </span>
    </p>
   </div>
   <div class='ocr_carea' id='block_1_3' title="bbox 520 381 3765 466">
    <p class='ocr_par' dir='ltr' id='par_1_3' title="bbox 520 381 3765 466">
     <span class='ocr_line' id='line_1_3' title="bbox 520 381 3765 466; baseline -0.006 -7"><span class='ocrx_word' id='word_1_5' title='bbox 520 411 600 459; x_wconf 89' lang='lat' dir='ltr'><strong>est</strong></span> <span class='ocrx_word' id='word_1_6' title='bbox 630 420 642 456; x_wconf 92' lang='lat'>:</span> <span class='ocrx_word' id='word_1_7' title='bbox 673 398 957 456; x_wconf 85' lang='lat' dir='ltr'><strong>Benedicta</strong></span> <span class='ocrx_word' id='word_1_8' title='bbox 976 397 1041 455; x_wconf 74' lang='grc' dir='ltr'><strong>ια’</strong></span> <span class='ocrx_word' id='word_1_9' title='bbox 1056 398 1189 454; x_wconf 87' lang='lat' dir='ltr'><strong>inter</strong></span> <span class='ocrx_word' id='word_1_10' title='bbox 1219 397 1484 461; x_wconf 73' lang='lat' dir='ltr'><strong>mulieres,</strong></span> <span class='ocrx_word' id='word_1_11' title='bbox 1511 402 1557 450; x_wconf 90' lang='lat' dir='ltr'><strong>et</strong></span> <span class='ocrx_word' id='word_1_12' title='bbox 1580 395 1876 450; x_wconf 73' lang='lat' dir='ltr'><strong>benedictus</strong></span> <span class='ocrx_word' id='word_1_13' title='bbox 1909 396 2107 466; x_wconf 77' lang='lat' dir='ltr'><strong>fruetus</strong></span> <span class='ocrx_word' id='word_1_14' title='bbox 2134 397 2186 459; x_wconf 77' lang='grc' dir='ltr'>Α</span> <span class='ocrx_word' id='word_1_15' title='bbox 2212 392 2377 458; x_wconf 86' lang='lat' dir='ltr'><strong>cabit;</strong></span> <span class='ocrx_word' id='word_1_16' title='bbox 2409 391 2532 462; x_wconf 88' lang='lat' dir='ltr'><strong>quia</strong></span> <span class='ocrx_word' id='word_1_17' title='bbox 2575 389 2639 444; x_wconf 91' lang='lat' dir='ltr'><strong>de</strong></span> <span class='ocrx_word' id='word_1_18' title='bbox 2686 402 2795 444; x_wconf 89' lang='lat' dir='ltr'><strong>meo</strong></span> <span class='ocrx_word' id='word_1_19' title='bbox 2838 385 3054 458; x_wconf 83' lang='lat' dir='ltr'><strong>accipiet</strong></span> <span class='ocrx_word' id='word_1_20' title='bbox 3086 384 3271 460; x_wconf 82' lang='lat' dir='ltr'><strong>(Joan.</strong></span> <span class='ocrx_word' id='word_1_21' title='bbox 3298 399 3410 453; x_wconf 74' lang='lat' dir='ltr'><strong>xvi,</strong></span> <span class='ocrx_word' id='word_1_22' title='bbox 3454 382 3561 455; x_wconf 67' lang='lat' dir='ltr'><strong>id).</strong></span> <span class='ocrx_word' id='word_1_23' title='bbox 3589 381 3661 439; x_wconf 81' lang='lat' dir='ltr'><strong>Ex</strong></span> <span class='ocrx_word' id='word_1_24' title='bbox 3691 402 3765 456; x_wconf 87' lang='lat' dir='ltr'><strong>po-</strong></span> 
     </span>
    </p>
   </div>
   <div class='ocr_carea' id='block_1_4' title="bbox 522 489 2119 566">
    <p class='ocr_par' dir='ltr' id='par_1_4' title="bbox 522 489 2119 566">
     <span class='ocr_line' id='line_1_4' title="bbox 522 489 2119 566; baseline -0.008 -13"><span class='ocrx_word' id='word_1_25' title='bbox 522 497 716 553; x_wconf 79' lang='lat' dir='ltr'><strong>ueutris</strong></span> <span class='ocrx_word' id='word_1_26' title='bbox 749 496 821 550; x_wconf 87' lang='lat' dir='ltr'><strong>tui</strong></span> <span class='ocrx_word' id='word_1_27' title='bbox 845 493 1037 566; x_wconf 88' lang='lat' dir='ltr'><strong>(Ibid.,</strong></span> <span class='ocrx_word' id='word_1_28' title='bbox 1074 492 1190 561; x_wconf 76' lang='grc'><strong>42).</strong></span> <span class='ocrx_word' id='word_1_29' title='bbox 1218 492 1366 564; x_wconf 90' lang='lat' dir='ltr'><strong>Opus</strong></span> <span class='ocrx_word' id='word_1_30' title='bbox 1399 489 1634 558; x_wconf 74' lang='lat' dir='ltr'><strong>Spiritus</strong></span> <span class='ocrx_word' id='word_1_31' title='bbox 1666 489 1764 543; x_wconf 87' lang='lat' dir='ltr'><strong>ﬂos</strong></span> <span class='ocrx_word' id='word_1_32' title='bbox 1783 489 1982 544; x_wconf 82' lang='lat' dir='ltr'><strong>radicis</strong></span> <span class='ocrx_word' id='word_1_33' title='bbox 2004 496 2119 543; x_wconf 87' lang='lat' dir='ltr'><strong>est:</strong></span> 
     </span>
    </p>
   </div>
   <div class='ocr_carea' id='block_1_5' title="bbox 522 583 2121 659">
    <p class='ocr_par' dir='ltr' id='par_1_5' title="bbox 522 583 2121 659">
     <span class='ocr_line' id='line_1_5' title="bbox 522 583 2121 659; baseline -0.006 -15"><span class='ocrx_word' id='word_1_34' title='bbox 522 590 639 656; x_wconf 89' lang='lat' dir='ltr'><strong>ille,</strong></span> <span class='ocrx_word' id='word_1_35' title='bbox 672 589 919 659; x_wconf 88' lang='lat' dir='ltr'><strong>inquam,</strong></span> <span class='ocrx_word' id='word_1_36' title='bbox 961 586 1084 653; x_wconf 84' lang='lat' dir='ltr'><strong>ﬂos,</strong></span> <span class='ocrx_word' id='word_1_37' title='bbox 1129 585 1197 642; x_wconf 90' lang='lat' dir='ltr'><strong>de</strong></span> <span class='ocrx_word' id='word_1_38' title='bbox 1237 600 1344 653; x_wconf 93' lang='lat' dir='ltr'><strong>quo</strong></span> <span class='ocrx_word' id='word_1_39' title='bbox 1389 585 1527 640; x_wconf 88' lang='lat' dir='ltr'><strong>bene</strong></span> <span class='ocrx_word' id='word_1_40' title='bbox 1567 592 1652 638; x_wconf 91' lang='lat' dir='ltr'><strong>est</strong></span> <span class='ocrx_word' id='word_1_41' title='bbox 1694 583 2071 653; x_wconf 90' lang='lat' dir='ltr'><strong>prophetatum</strong></span> <span class='ocrx_word' id='word_1_42' title='bbox 2106 597 2121 635; x_wconf 89' lang='lat'><strong>:</strong></span> 
     </span>
    </p>
   </div>
   <div class='ocr_carea' id='block_1_6' title="bbox 523 676 2124 757">
    <p class='ocr_par' dir='ltr' id='par_1_6' title="bbox 523 676 2124 757">
     <span class='ocr_line' id='line_1_6' title="bbox 523 676 2124 757; baseline -0.006 -19"><span class='ocrx_word' id='word_1_43' title='bbox 523 682 681 738; x_wconf 74' lang='lat' dir='ltr'><strong>Exiet</strong></span> <span class='ocrx_word' id='word_1_44' title='bbox 705 683 851 757; x_wconf 67' lang='lat' dir='ltr'><strong>virga</strong></span> <span class='ocrx_word' id='word_1_45' title='bbox 874 683 935 736; x_wconf 90' lang='lat' dir='ltr'><strong>de</strong></span> <span class='ocrx_word' id='word_1_46' title='bbox 954 681 1133 736; x_wconf 82' lang='lat' dir='ltr'><strong><em>radice</em></strong></span> <span class='ocrx_word' id='word_1_47' title='bbox 1147 679 1313 745; x_wconf 80' lang='lat' dir='ltr'><strong>Iesse,</strong></span> <span class='ocrx_word' id='word_1_48' title='bbox 1346 688 1393 734; x_wconf 88' lang='lat' dir='ltr'><strong>et</strong></span> <span class='ocrx_word' id='word_1_49' title='bbox 1414 679 1512 746; x_wconf 78' lang='lat' dir='ltr'><strong>ﬂos</strong></span> <span class='ocrx_word' id='word_1_50' title='bbox 1536 676 1599 732; x_wconf 90' lang='lat' dir='ltr'><strong>de</strong></span> <span class='ocrx_word' id='word_1_51' title='bbox 1618 676 1794 732; x_wconf 82' lang='lat' dir='ltr'><strong><em>radice</em></strong></span> <span class='ocrx_word' id='word_1_52' title='bbox 1813 680 1924 749; x_wconf 87' lang='lat' dir='ltr'><strong>ejus</strong></span> <span class='ocrx_word' id='word_1_53' title='bbox 1946 691 2124 729; x_wconf 88' lang='lat' dir='ltr'><strong>ascen-</strong></span> 
     </span>
    </p>
   </div>
   <div class='ocr_carea' id='block_1_7' title="bbox 524 770 2123 849">
    <p class='ocr_par' dir='ltr' id='par_1_7' title="bbox 524 770 2123 849">
     <span class='ocr_line' id='line_1_7' title="bbox 524 770 2123 849; baseline -0.004 -18"><span class='ocrx_word' id='word_1_54' title='bbox 524 778 608 833; x_wconf 90' lang='lat' dir='ltr'><strong>det</strong></span> <span class='ocrx_word' id='word_1_55' title='bbox 636 776 790 849; x_wconf 87' lang='lat' dir='ltr'><strong>(Esa.</strong></span> <span class='ocrx_word' id='word_1_56' title='bbox 836 793 913 841; x_wconf 74' lang='grc' dir='ltr'><strong>χι.</strong></span> <span class='ocrx_word' id='word_1_57' title='bbox 940 776 1017 846; x_wconf 83' lang='lat' dir='ltr'><strong>l).</strong></span> <span class='ocrx_word' id='word_1_58' title='bbox 1044 774 1219 831; x_wconf 83' lang='lat' dir='ltr'><strong><em>Radix</em></strong></span> <span class='ocrx_word' id='word_1_59' title='bbox 1262 773 1417 830; x_wconf 85' lang='lat' dir='ltr'><strong>Jesse</strong></span> <span class='ocrx_word' id='word_1_60' title='bbox 1457 770 1781 843; x_wconf 68' lang='lat' dir='ltr'><strong><em>patriarchae</em></strong></span> <span class='ocrx_word' id='word_1_61' title='bbox 1807 770 2004 826; x_wconf 77' lang='lat' dir='ltr'><strong><em>familia</em></strong></span> <span class='ocrx_word' id='word_1_62' title='bbox 2029 770 2123 826; x_wconf 84' lang='lat' dir='ltr'><strong>Ju-</strong></span> 
     </span>
    </p>
   </div>
   <div class='ocr_carea' id='block_1_8' title="bbox 524 862 2120 942">
    <p class='ocr_par' dir='ltr' id='par_1_8' title="bbox 524 862 2120 942">
     <span class='ocr_line' id='line_1_8' title="bbox 524 862 2120 942; baseline -0.008 -14"><span class='ocrx_word' id='word_1_63' title='bbox 524 872 793 940; x_wconf 76' lang='lat' dir='ltr'><strong>dmorum,</strong></span> <span class='ocrx_word' id='word_1_64' title='bbox 819 871 967 942; x_wconf 81' lang='lat' dir='ltr'><strong>virga</strong></span> <span class='ocrx_word' id='word_1_65' title='bbox 1003 869 1192 933; x_wconf 85' lang='lat' dir='ltr'><strong>Maria,</strong></span> <span class='ocrx_word' id='word_1_66' title='bbox 1234 867 1335 924; x_wconf 88' lang='lat' dir='ltr'><strong>llos</strong></span> <span class='ocrx_word' id='word_1_67' title='bbox 1362 865 1547 922; x_wconf 82' lang='lat' dir='ltr'><strong>Mariae</strong></span> <span class='ocrx_word' id='word_1_68' title='bbox 1588 864 1868 929; x_wconf 89' lang='lat' dir='ltr'><strong>Christus;</strong></span> <span class='ocrx_word' id='word_1_69' title='bbox 1899 863 1990 936; x_wconf 93' lang='lat' dir='ltr'><strong>qui</strong></span> <span class='ocrx_word' id='word_1_70' title='bbox 2021 862 2120 918; x_wconf 86' lang='lat' dir='ltr'><strong>bo-</strong></span> 
     </span>
    </p>
   </div>
   <div class='ocr_carea' id='block_1_9' title="bbox 524 954 2124 1031">
    <p class='ocr_par' dir='ltr' id='par_1_9' title="bbox 524 954 2124 1031">
     <span class='ocr_line' id='line_1_9' title="bbox 524 954 2124 1031; baseline -0.009 -8"><span class='ocrx_word' id='word_1_71' title='bbox 524 980 655 1022; x_wconf 90' lang='lat' dir='ltr'><strong>num</strong></span> <span class='ocrx_word' id='word_1_72' title='bbox 693 965 917 1021; x_wconf 91' lang='lat' dir='ltr'><strong>odorem</strong></span> <span class='ocrx_word' id='word_1_73' title='bbox 947 961 1070 1019; x_wconf 85' lang='lat' dir='ltr'><strong>ﬁdei</strong></span> <span class='ocrx_word' id='word_1_74' title='bbox 1103 969 1216 1017; x_wconf 89' lang='lat' dir='ltr'><strong>toto</strong></span> <span class='ocrx_word' id='word_1_75' title='bbox 1257 972 1555 1031; x_wconf 90' lang='lat' dir='ltr'><strong>sparsurus</strong></span> <span class='ocrx_word' id='word_1_76' title='bbox 1583 956 1739 1021; x_wconf 90' lang='lat' dir='ltr'><strong>orbe,</strong></span> <span class='ocrx_word' id='word_1_77' title='bbox 1776 954 2024 1026; x_wconf 81' lang='lat' dir='ltr'><strong>virginali</strong></span> <span class='ocrx_word' id='word_1_78' title='bbox 2056 970 2124 1009; x_wconf 80' lang='lat' dir='ltr'><strong>ex</strong></span> 
     </span>
    </p>
   </div>
   <div class='ocr_carea' id='block_1_10' title="bbox 522 1047 2123 1129">
    <p class='ocr_par' dir='ltr' id='par_1_10' title="bbox 522 1047 2123 1129">
     <span class='ocr_line' id='line_1_10' title="bbox 522 1047 2123 1129; baseline -0.007 -16"><span class='ocrx_word' id='word_1_79' title='bbox 522 1068 681 1115; x_wconf 88' lang='lat' dir='ltr'><strong>utero</strong></span> <span class='ocrx_word' id='word_1_80' title='bbox 719 1054 1061 1129; x_wconf 77' lang='lat' dir='ltr'><strong>germinavit,</strong></span> <span class='ocrx_word' id='word_1_81' title='bbox 1102 1054 1245 1109; x_wconf 84' lang='lat' dir='ltr'><strong>sicut</strong></span> <span class='ocrx_word' id='word_1_82' title='bbox 1272 1053 1389 1123; x_wconf 89' lang='lat' dir='ltr'><strong>ipse</strong></span> <span class='ocrx_word' id='word_1_83' title='bbox 1412 1050 1592 1107; x_wconf 83' lang='lat' dir='ltr'><strong>dixit:</strong></span> <span class='ocrx_word' id='word_1_84' title='bbox 1641 1049 1753 1122; x_wconf 81' lang='lat' dir='ltr'><strong>Ego</strong></span> <span class='ocrx_word' id='word_1_85' title='bbox 1798 1048 1896 1119; x_wconf 81' lang='lat' dir='ltr'><strong>ﬂos</strong></span> <span class='ocrx_word' id='word_1_86' title='bbox 1931 1047 2123 1120; x_wconf 82' lang='lat' dir='ltr'><strong>campi,</strong></span> 
     </span>
    </p>
   </div>
   <div class='ocr_carea' id='block_1_11' title="bbox 432 1142 1501 1227">
    <p class='ocr_par' dir='ltr' id='par_1_11' title="bbox 432 1142 1501 1227">
     <span class='ocr_line' id='line_1_11' title="bbox 432 1142 1501 1227; baseline -0.01 -18"><span class='ocrx_word' id='word_1_87' title='bbox 432 1220 441 1227; x_wconf 35' lang='grc' dir='ltr'>ι</span> <span class='ocrx_word' id='word_1_88' title='bbox 522 1162 571 1209; x_wconf 90' lang='lat' dir='ltr'><strong>et</strong></span> <span class='ocrx_word' id='word_1_89' title='bbox 600 1152 769 1207; x_wconf 89' lang='lat' dir='ltr'><strong>lilium</strong></span> <span class='ocrx_word' id='word_1_90' title='bbox 796 1148 1103 1205; x_wconf 81' lang='lat' dir='ltr'><strong>convallium</strong></span> <span class='ocrx_word' id='word_1_91' title='bbox 1128 1144 1304 1220; x_wconf 88' lang='lat' dir='ltr'><strong>(Cant.</strong></span> <span class='ocrx_word' id='word_1_92' title='bbox 1334 1160 1393 1212; x_wconf 91' lang='grc' dir='ltr'><strong>ιι,</strong></span> <span class='ocrx_word' id='word_1_93' title='bbox 1426 1142 1501 1215; x_wconf 75' lang='grc'><strong>1).</strong></span> 
     </span>
    </p>
   </div>
   <div class='ocr_carea' id='block_1_12' title="bbox 595 1237 2126 1301">
    <p class='ocr_par' dir='ltr' id='par_1_12' title="bbox 595 1237 2126 1301">
     <span class='ocr_line' id='line_1_12' title="bbox 595 1237 2126 1301; baseline -0.008 0"><span class='ocrx_word' id='word_1_94' title='bbox 595 1244 686 1301; x_wconf 78' lang='lat'><strong>59.</strong></span> <span class='ocrx_word' id='word_1_95' title='bbox 728 1243 857 1300; x_wconf 89' lang='lat' dir='ltr'><strong>Flos</strong></span> <span class='ocrx_word' id='word_1_96' title='bbox 898 1241 1119 1299; x_wconf 92' lang='lat' dir='ltr'><strong>odorem</strong></span> <span class='ocrx_word' id='word_1_97' title='bbox 1164 1254 1320 1296; x_wconf 90' lang='lat' dir='ltr'><strong>suum</strong></span> <span class='ocrx_word' id='word_1_98' title='bbox 1364 1246 1421 1296; x_wconf 88' lang='lat' dir='ltr'><strong>et</strong></span> <span class='ocrx_word' id='word_1_99' title='bbox 1464 1237 1713 1293; x_wconf 88' lang='lat' dir='ltr'><strong>succisus</strong></span> <span class='ocrx_word' id='word_1_100' title='bbox 1743 1242 2018 1300; x_wconf 82' lang='lat' dir='ltr'><strong>reservat,</strong></span> <span class='ocrx_word' id='word_1_101' title='bbox 2069 1241 2126 1289; x_wconf 91' lang='lat' dir='ltr'><strong>et</strong></span> 
     </span>
    </p>
   </div>
   <div class='ocr_carea' id='block_1_13' title="bbox 521 1325 2124 1401">
    <p class='ocr_par' dir='ltr' id='par_1_13' title="bbox 521 1325 2124 1401">
     <span class='ocr_line' id='line_1_13' title="bbox 521 1325 2124 1401; baseline -0.01 -4"><span class='ocrx_word' id='word_1_102' title='bbox 521 1339 792 1398; x_wconf 87' lang='lat' dir='ltr'><strong>contritus</strong></span> <span class='ocrx_word' id='word_1_103' title='bbox 818 1335 1149 1401; x_wconf 83' lang='lat' dir='ltr'><strong>accumulat,</strong></span> <span class='ocrx_word' id='word_1_104' title='bbox 1179 1347 1279 1389; x_wconf 90' lang='lat' dir='ltr'><strong>nec</strong></span> <span class='ocrx_word' id='word_1_105' title='bbox 1304 1331 1528 1388; x_wconf 88' lang='lat' dir='ltr'><strong>avulsus</strong></span> <span class='ocrx_word' id='word_1_106' title='bbox 1565 1329 1799 1394; x_wconf 88' lang='lat' dir='ltr'><strong>amittit;</strong></span> <span class='ocrx_word' id='word_1_107' title='bbox 1827 1328 1899 1382; x_wconf 89' lang='lat' dir='ltr'><strong>ita</strong></span> <span class='ocrx_word' id='word_1_108' title='bbox 1928 1333 1985 1383; x_wconf 89' lang='lat' dir='ltr'><strong>et</strong></span> <span class='ocrx_word' id='word_1_109' title='bbox 2018 1325 2124 1382; x_wconf 89' lang='lat' dir='ltr'><strong>Do-</strong></span> 
     </span>
    </p>
   </div>
   <div class='ocr_carea' id='block_1_14' title="bbox 522 1418 2127 1498">
    <p class='ocr_par' dir='ltr' id='par_1_14' title="bbox 522 1418 2127 1498">
     <span class='ocr_line' id='line_1_14' title="bbox 522 1418 2127 1498; baseline -0.009 -10"><span class='ocrx_word' id='word_1_110' title='bbox 522 1432 703 1488; x_wconf 87' lang='lat' dir='ltr'><strong>minus</strong></span> <span class='ocrx_word' id='word_1_111' title='bbox 730 1429 890 1487; x_wconf 80' lang='lat' dir='ltr'><strong>.lesus</strong></span> <span class='ocrx_word' id='word_1_112' title='bbox 935 1428 991 1483; x_wconf 89' lang='lat' dir='ltr'><strong>in</strong></span> <span class='ocrx_word' id='word_1_113' title='bbox 1034 1427 1129 1482; x_wconf 92' lang='lat' dir='ltr'><strong>illo</strong></span> <span class='ocrx_word' id='word_1_114' title='bbox 1158 1424 1402 1498; x_wconf 89' lang='lat' dir='ltr'><strong>patibulo</strong></span> <span class='ocrx_word' id='word_1_115' title='bbox 1451 1422 1652 1487; x_wconf 90' lang='lat' dir='ltr'><strong>crucis,</strong></span> <span class='ocrx_word' id='word_1_116' title='bbox 1706 1434 1809 1477; x_wconf 89' lang='lat' dir='ltr'><strong>nec</strong></span> <span class='ocrx_word' id='word_1_117' title='bbox 1853 1418 2127 1475; x_wconf 90' lang='lat' dir='ltr'><strong>contritus</strong></span> 
     </span>
    </p>
   </div>
   <div class='ocr_carea' id='block_1_15' title="bbox 520 1512 2126 1588">
    <p class='ocr_par' dir='ltr' id='par_1_15' title="bbox 520 1512 2126 1588">
     <span class='ocr_line' id='line_1_15' title="bbox 520 1512 2126 1588; baseline -0.011 -7"><span class='ocrx_word' id='word_1_118' title='bbox 520 1523 809 1588; x_wconf 88' lang='lat' dir='ltr'><strong>emarcuit,</strong></span> <span class='ocrx_word' id='word_1_119' title='bbox 841 1535 942 1578; x_wconf 92' lang='lat' dir='ltr'><strong>nec</strong></span> <span class='ocrx_word' id='word_1_120' title='bbox 971 1519 1195 1575; x_wconf 88' lang='lat' dir='ltr'><strong>avulsus</strong></span> <span class='ocrx_word' id='word_1_121' title='bbox 1226 1516 1445 1574; x_wconf 86' lang='lat' dir='ltr'><strong>evanuit</strong></span> <span class='ocrx_word' id='word_1_122' title='bbox 1472 1532 1488 1579; x_wconf 85' lang='lat'><strong>;</strong></span> <span class='ocrx_word' id='word_1_123' title='bbox 1530 1523 1588 1571; x_wconf 90' lang='lat' dir='ltr'><strong>et</strong></span> <span class='ocrx_word' id='word_1_124' title='bbox 1629 1512 1720 1568; x_wconf 88' lang='lat' dir='ltr'><strong>illa</strong></span> <span class='ocrx_word' id='word_1_125' title='bbox 1750 1513 1954 1568; x_wconf 63' lang='lat' dir='ltr'><strong>lanceae</strong></span> <span class='ocrx_word' id='word_1_126' title='bbox 1988 1525 2126 1580; x_wconf 88' lang='lat' dir='ltr'><strong>pun-</strong></span> 
     </span>
    </p>
   </div>
   <div class='ocr_carea' id='block_1_16' title="bbox 521 1597 2125 1680">
    <p class='ocr_par' dir='ltr' id='par_1_16' title="bbox 521 1597 2125 1680">
     <span class='ocr_line' id='line_1_16' title="bbox 521 1597 2125 1680; baseline -0.01 -6"><span class='ocrx_word' id='word_1_127' title='bbox 521 1617 704 1674; x_wconf 89' lang='lat' dir='ltr'><strong>ctione</strong></span> <span class='ocrx_word' id='word_1_128' title='bbox 731 1614 1002 1679; x_wconf 87' lang='lat' dir='ltr'><strong>succisus,</strong></span> <span class='ocrx_word' id='word_1_129' title='bbox 1034 1625 1193 1667; x_wconf 89' lang='lat' dir='ltr'><strong>sacro</strong></span> <span class='ocrx_word' id='word_1_130' title='bbox 1226 1597 1531 1680; x_wconf 80' lang='lat' dir='ltr'><strong>speciosior</strong></span> <span class='ocrx_word' id='word_1_131' title='bbox 1558 1605 1660 1662; x_wconf 88' lang='lat' dir='ltr'><strong>l&#39;usi</strong></span> <span class='ocrx_word' id='word_1_132' title='bbox 1690 1602 1906 1660; x_wconf 88' lang='lat' dir='ltr'><strong>cruoris</strong></span> <span class='ocrx_word' id='word_1_133' title='bbox 1940 1600 2125 1658; x_wconf 88' lang='lat' dir='ltr'><strong>colore</strong></span> 
     </span>
    </p>
   </div>
   <div class='ocr_carea' id='block_1_17' title="bbox 517 1695 2123 1777">
    <p class='ocr_par' dir='ltr' id='par_1_17' title="bbox 517 1695 2123 1777">
     <span class='ocr_line' id='line_1_17' title="bbox 517 1695 2123 1777; baseline -0.011 -10"><span class='ocrx_word' id='word_1_134' title='bbox 517 1710 788 1777; x_wconf 90' lang='lat' dir='ltr'><strong>vernavit,</strong></span> <span class='ocrx_word' id='word_1_135' title='bbox 835 1706 976 1763; x_wconf 90' lang='lat' dir='ltr'><strong>mori</strong></span> <span class='ocrx_word' id='word_1_136' title='bbox 1012 1706 1131 1777; x_wconf 89' lang='lat' dir='ltr'><strong>ipse</strong></span> <span class='ocrx_word' id='word_1_137' title='bbox 1161 1703 1401 1769; x_wconf 89' lang='lat' dir='ltr'><strong>nescius,</strong></span> <span class='ocrx_word' id='word_1_138' title='bbox 1455 1709 1481 1737; x_wconf 69' lang='grc' dir='ltr'>α</span> <span class='ocrx_word' id='word_1_139' title='bbox 1523 1708 1580 1754; x_wconf 92' lang='grc' dir='ltr'><strong>ει</strong></span> <span class='ocrx_word' id='word_1_140' title='bbox 1624 1695 1858 1753; x_wconf 87' lang='lat' dir='ltr'><strong>mortuis</strong></span> <span class='ocrx_word' id='word_1_141' title='bbox 1902 1703 2123 1752; x_wconf 60' lang='lat' dir='ltr'><strong>aeternae</strong></span> 
     </span>
    </p>
   </div>
   <div class='ocr_carea' id='block_1_18' title="bbox 2227 479 3769 551">
    <p class='ocr_par' dir='ltr' id='par_1_18' title="bbox 2227 479 3769 551">
     <span class='ocr_line' id='line_1_18' title="bbox 2227 479 3769 551; baseline -0.004 -9"><span class='ocrx_word' id='word_1_142' title='bbox 2227 494 2423 543; x_wconf 83' lang='lat' dir='ltr'><strong>testate</strong></span> <span class='ocrx_word' id='word_1_143' title='bbox 2451 492 2654 551; x_wconf 84' lang='lat' dir='ltr'><strong>autem,</strong></span> <span class='ocrx_word' id='word_1_144' title='bbox 2688 483 2829 540; x_wconf 85' lang='lat' dir='ltr'><strong>sicut</strong></span> <span class='ocrx_word' id='word_1_145' title='bbox 2859 483 2987 539; x_wconf 78' lang='lat' dir='ltr'><strong>illud</strong></span> <span class='ocrx_word' id='word_1_146' title='bbox 3019 492 3104 539; x_wconf 90' lang='lat' dir='ltr'><strong>est</strong></span> <span class='ocrx_word' id='word_1_147' title='bbox 3132 502 3146 537; x_wconf 84' lang='lat'><strong>:</strong></span> <span class='ocrx_word' id='word_1_148' title='bbox 3180 482 3329 539; x_wconf 84' lang='lat' dir='ltr'><strong>Unus</strong></span> <span class='ocrx_word' id='word_1_149' title='bbox 3366 479 3506 537; x_wconf 87' lang='lat' dir='ltr'><strong>Deus</strong></span> <span class='ocrx_word' id='word_1_150' title='bbox 3533 480 3690 549; x_wconf 85' lang='lat' dir='ltr'><strong>Pater,</strong></span> <span class='ocrx_word' id='word_1_151' title='bbox 3718 499 3769 536; x_wconf 68' lang='lat' dir='ltr'><strong>es</strong></span> 
     </span>
    </p>
   </div>
   <div class='ocr_carea' id='block_1_19' title="bbox 2224 572 3004 649">
    <p class='ocr_par' dir='ltr' id='par_1_19' title="bbox 2224 572 3004 649">
     <span class='ocr_line' id='line_1_19' title="bbox 2224 572 3004 649; baseline -0.003 -18"><span class='ocrx_word' id='word_1_152' title='bbox 2224 594 2325 649; x_wconf 89' lang='lat' dir='ltr'><strong>quo</strong></span> <span class='ocrx_word' id='word_1_153' title='bbox 2354 576 2527 632; x_wconf 86' lang='lat' dir='ltr'><strong>omnia</strong></span> <span class='ocrx_word' id='word_1_154' title='bbox 2558 574 2601 647; x_wconf 89' lang='lat' dir='ltr'><strong>(l</strong></span> <span class='ocrx_word' id='word_1_155' title='bbox 2630 572 2752 630; x_wconf 87' lang='lat' dir='ltr'><strong>Cor.</strong></span> <span class='ocrx_word' id='word_1_156' title='bbox 2777 591 2894 641; x_wconf 87' lang='lat' dir='ltr'><strong>vm,</strong></span> <span class='ocrx_word' id='word_1_157' title='bbox 2926 573 3004 649; x_wconf 89' lang='lat'><strong>6).</strong></span> 
     </span>
    </p>
   </div>
   <div class='ocr_carea' id='block_1_20' title="bbox 2294 664 3770 739">
    <p class='ocr_par' dir='ltr' id='par_1_20' title="bbox 2294 664 3770 739">
     <span class='ocr_line' id='line_1_20' title="bbox 2294 664 3770 739; baseline -0.005 -13"><span class='ocrx_word' id='word_1_158' title='bbox 2294 670 2386 726; x_wconf 69' lang='grc'>45.</span> <span class='ocrx_word' id='word_1_159' title='bbox 2405 668 2689 738; x_wconf 86' lang='lat' dir='ltr'><strong>Quomodo</strong></span> <span class='ocrx_word' id='word_1_160' title='bbox 2712 682 2841 739; x_wconf 90' lang='lat' dir='ltr'><strong>ergo</strong></span> <span class='ocrx_word' id='word_1_161' title='bbox 2864 667 2916 723; x_wconf 92' lang='lat' dir='ltr'><strong>in</strong></span> <span class='ocrx_word' id='word_1_162' title='bbox 2942 675 3094 723; x_wconf 90' lang='lat' dir='ltr'><strong>utero</strong></span> <span class='ocrx_word' id='word_1_163' title='bbox 3123 666 3310 722; x_wconf 84' lang='lat' dir='ltr'><strong>habuit</strong></span> <span class='ocrx_word' id='word_1_164' title='bbox 3329 665 3492 721; x_wconf 76' lang='lat' dir='ltr'><strong>Maria</strong></span> <span class='ocrx_word' id='word_1_165' title='bbox 3512 680 3576 721; x_wconf 80' lang='grc' dir='ltr'>ει</span> <span class='ocrx_word' id='word_1_166' title='bbox 3599 664 3770 735; x_wconf 88' lang='lat' dir='ltr'><strong>Spiritu</strong></span> 
     </span>
    </p>
   </div>
   <div class='ocr_carea' id='block_1_21' title="bbox 2224 757 3772 832">
    <p class='ocr_par' dir='ltr' id='par_1_21' title="bbox 2224 757 3772 832">
     <span class='ocr_line' id='line_1_21' title="bbox 2224 757 3772 832; baseline -0.004 -14"><span class='ocrx_word' id='word_1_167' title='bbox 2224 760 2455 818; x_wconf 82' lang='lat' dir='ltr'><strong>sancto?</strong></span> <span class='ocrx_word' id='word_1_168' title='bbox 2508 760 2565 817; x_wconf 91' lang='lat' dir='ltr'><strong>Si</strong></span> <span class='ocrx_word' id='word_1_169' title='bbox 2609 761 2762 832; x_wconf 84' lang='lat' dir='ltr'><strong>quasi</strong></span> <span class='ocrx_word' id='word_1_170' title='bbox 2809 775 2877 815; x_wconf 79' lang='lat' dir='ltr'><strong>ex</strong></span> <span class='ocrx_word' id='word_1_171' title='bbox 2926 758 3228 815; x_wconf 87' lang='lat' dir='ltr'><strong>substantia</strong></span> <span class='ocrx_word' id='word_1_172' title='bbox 3259 777 3273 814; x_wconf 92' lang='lat'><strong>:</strong></span> <span class='ocrx_word' id='word_1_173' title='bbox 3304 772 3435 830; x_wconf 88' lang='lat' dir='ltr'><strong>ergo</strong></span> <span class='ocrx_word' id='word_1_174' title='bbox 3482 757 3695 829; x_wconf 85' lang='lat' dir='ltr'><strong>Spiritus</strong></span> <span class='ocrx_word' id='word_1_175' title='bbox 3730 758 3772 812; x_wconf 90' lang='lat' dir='ltr'><strong>in</strong></span> 
     </span>
    </p>
   </div>
   <div class='ocr_carea' id='block_1_22' title="bbox 2226 851 3776 923">
    <p class='ocr_par' dir='ltr' id='par_1_22' title="bbox 2226 851 3776 923">
     <span class='ocr_line' id='line_1_22' title="bbox 2226 851 3776 923; baseline -0.004 -12"><span class='ocrx_word' id='word_1_176' title='bbox 2226 870 2446 911; x_wconf 88' lang='lat' dir='ltr'><strong>carnem</strong></span> <span class='ocrx_word' id='word_1_177' title='bbox 2474 863 2528 911; x_wconf 92' lang='lat' dir='ltr'><strong>et</strong></span> <span class='ocrx_word' id='word_1_178' title='bbox 2555 869 2680 911; x_wconf 91' lang='lat' dir='ltr'><strong>ossa</strong></span> <span class='ocrx_word' id='word_1_179' title='bbox 2710 869 3012 910; x_wconf 88' lang='lat' dir='ltr'><strong>conversus</strong></span> <span class='ocrx_word' id='word_1_180' title='bbox 3040 854 3163 911; x_wconf 85' lang='lat' dir='ltr'><strong>est?</strong></span> <span class='ocrx_word' id='word_1_181' title='bbox 3190 852 3312 909; x_wconf 84' lang='lat' dir='ltr'><strong>Non</strong></span> <span class='ocrx_word' id='word_1_182' title='bbox 3342 853 3545 923; x_wconf 79' lang='lat' dir='ltr'><strong>utique.</strong></span> <span class='ocrx_word' id='word_1_183' title='bbox 3573 851 3624 909; x_wconf 92' lang='lat' dir='ltr'><strong>Si</strong></span> <span class='ocrx_word' id='word_1_184' title='bbox 3649 853 3776 923; x_wconf 79' lang='lat' dir='ltr'><strong>quasi</strong></span> 
     </span>
    </p>
   </div>
   <div class='ocr_carea' id='block_1_23' title="bbox 2225 946 3777 1021">
    <p class='ocr_par' dir='ltr' id='par_1_23' title="bbox 2225 946 3777 1021">
     <span class='ocr_line' id='line_1_23' title="bbox 2225 946 3777 1021; baseline -0.004 -14"><span class='ocrx_word' id='word_1_185' title='bbox 2225 966 2295 1008; x_wconf 82' lang='lat' dir='ltr'><strong>ex</strong></span> <span class='ocrx_word' id='word_1_186' title='bbox 2324 947 2640 1021; x_wconf 87' lang='lat' dir='ltr'><strong>operatione</strong></span> <span class='ocrx_word' id='word_1_187' title='bbox 2668 959 2721 1005; x_wconf 89' lang='lat' dir='ltr'><strong>et</strong></span> <span class='ocrx_word' id='word_1_188' title='bbox 2751 958 3021 1021; x_wconf 88' lang='lat' dir='ltr'><strong>potestate</strong></span> <span class='ocrx_word' id='word_1_189' title='bbox 3046 948 3163 1020; x_wconf 85' lang='lat' dir='ltr'><strong>ejus</strong></span> <span class='ocrx_word' id='word_1_190' title='bbox 3197 947 3357 1019; x_wconf 83' lang='lat' dir='ltr'><strong>Virgo</strong></span> <span class='ocrx_word' id='word_1_191' title='bbox 3384 947 3653 1017; x_wconf 90' lang='lat' dir='ltr'><strong>concepit;</strong></span> <span class='ocrx_word' id='word_1_192' title='bbox 3680 946 3777 1019; x_wconf 88' lang='lat' dir='ltr'><strong>quis</strong></span> 
     </span>
    </p>
   </div>
   <div class='ocr_carea' id='block_1_24' title="bbox 2224 1043 3034 1115">
    <p class='ocr_par' dir='ltr' id='par_1_24' title="bbox 2224 1043 3034 1115">
     <span class='ocr_line' id='line_1_24' title="bbox 2224 1043 3034 1115; baseline -0.005 -14"><span class='ocrx_word' id='word_1_193' title='bbox 2224 1052 2387 1114; x_wconf 86' lang='lat' dir='ltr'><strong>neget</strong></span> <span class='ocrx_word' id='word_1_194' title='bbox 2408 1043 2667 1115; x_wconf 87' lang='lat' dir='ltr'><strong>Spiritum</strong></span> <span class='ocrx_word' id='word_1_195' title='bbox 2694 1044 3034 1100; x_wconf 87' lang='lat' dir='ltr'><strong>creatorem?</strong></span> 
     </span>
    </p>
   </div>
   <div class='ocr_carea' id='block_1_25' title="bbox 2298 1135 3776 1209">
    <p class='ocr_par' dir='ltr' id='par_1_25' title="bbox 2298 1135 3776 1209">
     <span class='ocr_line' id='line_1_25' title="bbox 2298 1135 3776 1209; baseline -0.001 -16"><span class='ocrx_word' id='word_1_196' title='bbox 2298 1138 2391 1193; x_wconf 71' lang='grc'><strong>44.</strong></span> <span class='ocrx_word' id='word_1_197' title='bbox 2423 1138 2564 1207; x_wconf 86' lang='lat' dir='ltr'><strong>Quid</strong></span> <span class='ocrx_word' id='word_1_198' title='bbox 2588 1138 2731 1209; x_wconf 91' lang='lat' dir='ltr'><strong>quod</strong></span> <span class='ocrx_word' id='word_1_199' title='bbox 2757 1138 2920 1194; x_wconf 90' lang='lat' dir='ltr'><strong>etiam</strong></span> <span class='ocrx_word' id='word_1_200' title='bbox 2935 1138 3038 1194; x_wconf 87' lang='lat' dir='ltr'><strong>Job</strong></span> <span class='ocrx_word' id='word_1_201' title='bbox 3058 1148 3363 1193; x_wconf 89' lang='lat' dir='ltr'><strong>creatorem</strong></span> <span class='ocrx_word' id='word_1_202' title='bbox 3379 1152 3533 1194; x_wconf 90' lang='lat' dir='ltr'><strong>suum</strong></span> <span class='ocrx_word' id='word_1_203' title='bbox 3551 1135 3776 1208; x_wconf 87' lang='lat' dir='ltr'><strong>Spiritum</strong></span> 
     </span>
    </p>
   </div>
   <div class='ocr_carea' id='block_1_26' title="bbox 2226 1228 3780 1300">
    <p class='ocr_par' dir='ltr' id='par_1_26' title="bbox 2226 1228 3780 1300">
     <span class='ocr_line' id='line_1_26' title="bbox 2226 1228 3780 1300; baseline -0.005 -11"><span class='ocrx_word' id='word_1_204' title='bbox 2226 1230 2514 1289; x_wconf 83' lang='lat' dir='ltr'><strong>evidenter</strong></span> <span class='ocrx_word' id='word_1_205' title='bbox 2536 1229 2776 1286; x_wconf 84' lang='lat' dir='ltr'><strong>ostendit</strong></span> <span class='ocrx_word' id='word_1_206' title='bbox 2805 1229 2994 1286; x_wconf 89' lang='lat' dir='ltr'><strong>dicens</strong></span> <span class='ocrx_word' id='word_1_207' title='bbox 3021 1247 3035 1283; x_wconf 87' lang='lat'><strong>:</strong></span> <span class='ocrx_word' id='word_1_208' title='bbox 3072 1229 3307 1297; x_wconf 81' lang='lat' dir='ltr'><strong>Spiritus</strong></span> <span class='ocrx_word' id='word_1_209' title='bbox 3335 1228 3555 1297; x_wconf 77' lang='lat' dir='ltr'><strong>divinus,</strong></span> <span class='ocrx_word' id='word_1_210' title='bbox 3586 1230 3665 1298; x_wconf 87' lang='lat' dir='ltr'><strong>qui</strong></span> <span class='ocrx_word' id='word_1_211' title='bbox 3678 1228 3780 1300; x_wconf 75' lang='lat' dir='ltr'><strong>[erit</strong></span> 
     </span>
    </p>
   </div>
   <div class='ocr_carea' id='block_1_27' title="bbox 2227 1321 3777 1398">
    <p class='ocr_par' dir='ltr' id='par_1_27' title="bbox 2227 1321 3777 1398">
     <span class='ocr_line' id='line_1_27' title="bbox 2227 1321 3777 1398; baseline -0.002 -19"><span class='ocrx_word' id='word_1_212' title='bbox 2227 1342 2307 1381; x_wconf 86' lang='lat' dir='ltr'><strong>me</strong></span> <span class='ocrx_word' id='word_1_213' title='bbox 2332 1323 2477 1398; x_wconf 81' lang='lat' dir='ltr'><strong>(Job.</strong></span> <span class='ocrx_word' id='word_1_214' title='bbox 2508 1339 2706 1389; x_wconf 76' lang='lat' dir='ltr'><strong>xum,</strong></span> <span class='ocrx_word' id='word_1_215' title='bbox 2729 1321 2814 1395; x_wconf 70' lang='lat'><strong>4)?</strong></span> <span class='ocrx_word' id='word_1_216' title='bbox 2843 1323 2912 1378; x_wconf 88' lang='lat' dir='ltr'><strong>Et</strong></span> <span class='ocrx_word' id='word_1_217' title='bbox 2943 1322 3188 1379; x_wconf 91' lang='lat' dir='ltr'><strong>divinum</strong></span> <span class='ocrx_word' id='word_1_218' title='bbox 3231 1322 3420 1393; x_wconf 85' lang='lat' dir='ltr'><strong>utique</strong></span> <span class='ocrx_word' id='word_1_219' title='bbox 3439 1330 3496 1378; x_wconf 88' lang='lat' dir='ltr'><strong>et</strong></span> <span class='ocrx_word' id='word_1_220' title='bbox 3520 1329 3777 1377; x_wconf 83' lang='lat' dir='ltr'><strong>creatorem</strong></span> 
     </span>
    </p>
   </div>
   <div class='ocr_carea' id='block_1_28' title="bbox 2228 1410 3780 1487">
    <p class='ocr_par' dir='ltr' id='par_1_28' title="bbox 2228 1410 3780 1487">
     <span class='ocr_line' id='line_1_28' title="bbox 2228 1410 3780 1487; baseline -0.003 -15"><span class='ocrx_word' id='word_1_221' title='bbox 2228 1430 2336 1473; x_wconf 90' lang='lat' dir='ltr'><strong>uno</strong></span> <span class='ocrx_word' id='word_1_222' title='bbox 2363 1415 2638 1472; x_wconf 88' lang='lat' dir='ltr'><strong>versiculo</strong></span> <span class='ocrx_word' id='word_1_223' title='bbox 2667 1414 3085 1470; x_wconf 83' lang='lat' dir='ltr'><strong>demonstravit.</strong></span> <span class='ocrx_word' id='word_1_224' title='bbox 3124 1412 3301 1487; x_wconf 81' lang='lat' dir='ltr'><strong>[Alias</strong></span> <span class='ocrx_word' id='word_1_225' title='bbox 3334 1430 3453 1484; x_wconf 88' lang='lat' dir='ltr'><strong>cap.</strong></span> <span class='ocrx_word' id='word_1_226' title='bbox 3485 1410 3669 1485; x_wconf 80' lang='lat' dir='ltr'><strong>V|.]Si</strong></span> <span class='ocrx_word' id='word_1_227' title='bbox 3695 1414 3780 1483; x_wconf 84' lang='lat' dir='ltr'><strong>igi-</strong></span> 
     </span>
    </p>
   </div>
   <div class='ocr_carea' id='block_1_29' title="bbox 2229 1506 3782 1577">
    <p class='ocr_par' dir='ltr' id='par_1_29' title="bbox 2229 1506 3782 1577">
     <span class='ocr_line' id='line_1_29' title="bbox 2229 1506 3782 1577; baseline -0.002 -12"><span class='ocrx_word' id='word_1_228' title='bbox 2229 1506 2885 1577; x_wconf 88' lang='lat' dir='ltr'><strong>turcreatorestSpiritus</strong></span> <span class='ocrx_word' id='word_1_229' title='bbox 2900 1549 2915 1573; x_wconf 91' lang='lat'><strong>,</strong></span> <span class='ocrx_word' id='word_1_230' title='bbox 2932 1523 3043 1562; x_wconf 90' lang='lat' dir='ltr'><strong>non</strong></span> <span class='ocrx_word' id='word_1_231' title='bbox 3063 1515 3149 1562; x_wconf 91' lang='lat' dir='ltr'><strong>est</strong></span> <span class='ocrx_word' id='word_1_232' title='bbox 3165 1506 3348 1577; x_wconf 90' lang='lat' dir='ltr'><strong>utique</strong></span> <span class='ocrx_word' id='word_1_233' title='bbox 3373 1513 3644 1571; x_wconf 88' lang='lat' dir='ltr'><strong>creatura;</strong></span> <span class='ocrx_word' id='word_1_234' title='bbox 3661 1521 3782 1562; x_wconf 84' lang='lat' dir='ltr'><strong>crea-</strong></span> 
     </span>
    </p>
   </div>
   <div class='ocr_carea' id='block_1_30' title="bbox 2226 1598 3779 1671">
    <p class='ocr_par' dir='ltr' id='par_1_30' title="bbox 2226 1598 3779 1671">
     <span class='ocr_line' id='line_1_30' title="bbox 2226 1598 3779 1671; baseline -0.001 -14"><span class='ocrx_word' id='word_1_235' title='bbox 2226 1609 2403 1657; x_wconf 90' lang='lat' dir='ltr'><strong>turam</strong></span> <span class='ocrx_word' id='word_1_236' title='bbox 2432 1600 2575 1657; x_wconf 91' lang='lat' dir='ltr'><strong>enim</strong></span> <span class='ocrx_word' id='word_1_237' title='bbox 2603 1599 2899 1671; x_wconf 83' lang='lat' dir='ltr'><strong>Apostolus</strong></span> <span class='ocrx_word' id='word_1_238' title='bbox 2926 1611 3340 1671; x_wconf 87' lang='lat' dir='ltr'><strong>creatoremque</strong></span> <span class='ocrx_word' id='word_1_239' title='bbox 3371 1599 3553 1655; x_wconf 84' lang='lat' dir='ltr'><strong>divisit</strong></span> <span class='ocrx_word' id='word_1_240' title='bbox 3580 1598 3779 1656; x_wconf 81' lang='lat' dir='ltr'><strong>dicens:</strong></span> 
     </span>
    </p>
   </div>
   <div class='ocr_carea' id='block_1_31' title="bbox 2227 1691 3781 1765">
    <p class='ocr_par' dir='ltr' id='par_1_31' title="bbox 2227 1691 3781 1765">
     <span class='ocr_line' id='line_1_31' title="bbox 2227 1691 3781 1765; baseline -0.003 -14"><span class='ocrx_word' id='word_1_241' title='bbox 2227 1695 2525 1751; x_wconf 82' lang='lat' dir='ltr'><strong>Servierunt</strong></span> <span class='ocrx_word' id='word_1_242' title='bbox 2551 1703 2803 1748; x_wconf 78' lang='lat' dir='ltr'><strong>creatura:</strong></span> <span class='ocrx_word' id='word_1_243' title='bbox 2827 1693 2997 1763; x_wconf 89' lang='lat' dir='ltr'><strong>potius</strong></span> <span class='ocrx_word' id='word_1_244' title='bbox 3017 1709 3174 1762; x_wconf 86' lang='lat' dir='ltr'><strong>quam</strong></span> <span class='ocrx_word' id='word_1_245' title='bbox 3199 1693 3421 1748; x_wconf 87' lang='lat' dir='ltr'><strong>creatori</strong></span> <span class='ocrx_word' id='word_1_246' title='bbox 3437 1692 3606 1765; x_wconf 83' lang='lat' dir='ltr'><strong>(Rom.</strong></span> <span class='ocrx_word' id='word_1_247' title='bbox 3621 1708 3658 1759; x_wconf 92' lang='grc' dir='ltr'><strong>ι,</strong></span> <span class='ocrx_word' id='word_1_248' title='bbox 3680 1691 3781 1763; x_wconf 74' lang='lat'><strong>25).</strong></span> 
     </span>
    </p>
   </div>
   <div class='ocr_carea' id='block_1_32' title="bbox 518 1785 3786 1867">
    <p class='ocr_par' dir='ltr' id='par_1_32' title="bbox 518 1785 3786 1867">
     <span class='ocr_line' id='line_1_32' title="bbox 518 1785 3786 1867; baseline -0.006 -8"><span class='ocrx_word' id='word_1_249' title='bbox 518 1806 645 1861; x_wconf 70' lang='lat' dir='ltr'><strong>vitae</strong></span> <span class='ocrx_word' id='word_1_250' title='bbox 673 1816 868 1858; x_wconf 87' lang='lat' dir='ltr'><strong>munus</strong></span> <span class='ocrx_word' id='word_1_251' title='bbox 893 1798 1178 1856; x_wconf 75' lang='lat' dir='ltr'><strong>exhalans.</strong></span> <span class='ocrx_word' id='word_1_252' title='bbox 1209 1794 1272 1851; x_wconf 91' lang='lat' dir='ltr'><strong>In</strong></span> <span class='ocrx_word' id='word_1_253' title='bbox 1299 1794 1402 1850; x_wconf 85' lang='lat' dir='ltr'><strong>hoc</strong></span> <span class='ocrx_word' id='word_1_254' title='bbox 1429 1792 1595 1865; x_wconf 78' lang='lat' dir='ltr'><strong>igitur</strong></span> <span class='ocrx_word' id='word_1_255' title='bbox 1621 1789 1860 1862; x_wconf 87' lang='lat' dir='ltr'><strong>Spiritus</strong></span> <span class='ocrx_word' id='word_1_256' title='bbox 1900 1797 2122 1846; x_wconf 85' lang='lat' dir='ltr'><strong>sanctus</strong></span> <span class='ocrx_word' id='word_1_257' title='bbox 2153 1805 2202 1867; x_wconf 79' lang='grc' dir='ltr'><strong>Β</strong></span> <span class='ocrx_word' id='word_1_258' title='bbox 2296 1789 2390 1846; x_wconf 73' lang='grc'><strong>45.</strong></span> <span class='ocrx_word' id='word_1_259' title='bbox 2426 1799 2448 1828; x_wconf 75' lang='grc' dir='ltr'>ο</span> <span class='ocrx_word' id='word_1_260' title='bbox 2479 1786 2653 1845; x_wconf 91' lang='lat' dir='ltr'><strong>Simul</strong></span> <span class='ocrx_word' id='word_1_261' title='bbox 2692 1787 2924 1843; x_wconf 85' lang='lat' dir='ltr'><strong>creatori</strong></span> <span class='ocrx_word' id='word_1_262' title='bbox 2961 1786 3219 1844; x_wconf 89' lang='lat' dir='ltr'><strong>admonet</strong></span> <span class='ocrx_word' id='word_1_263' title='bbox 3267 1787 3622 1855; x_wconf 88' lang='lat' dir='ltr'><strong>serviendum,</strong></span> <span class='ocrx_word' id='word_1_264' title='bbox 3652 1785 3786 1843; x_wconf 88' lang='lat' dir='ltr'><strong>dam—</strong></span> 
     </span>
    </p>
   </div>
   <div class='ocr_carea' id='block_1_33' title="bbox 521 1885 1387 1967">
    <p class='ocr_par' dir='ltr' id='par_1_33' title="bbox 521 1885 1387 1967">
     <span class='ocr_line' id='line_1_33' title="bbox 521 1885 1387 1967; baseline -0.014 -15"><span class='ocrx_word' id='word_1_265' title='bbox 521 1896 690 1967; x_wconf 76' lang='lat' dir='ltr'><strong>virgte</strong></span> <span class='ocrx_word' id='word_1_266' title='bbox 717 1890 913 1964; x_wconf 81' lang='lat' dir='ltr'><strong>regalis</strong></span> <span class='ocrx_word' id='word_1_267' title='bbox 940 1885 1077 1946; x_wconf 84' lang='lat' dir='ltr'><strong>ﬂore</strong></span> <span class='ocrx_word' id='word_1_268' title='bbox 1096 1885 1387 1959; x_wconf 87' lang='lat' dir='ltr'><strong>requievit.</strong></span> 
     </span>
    </p>
   </div>
   <div class='ocr_carea' id='block_1_34' title="bbox 532 1970 2119 2056">
    <p class='ocr_par' dir='ltr' id='par_1_34' title="bbox 532 1970 2119 2056">
     <span class='ocr_line' id='line_1_34' title="bbox 532 1970 2119 2056; baseline -0.012 -12"><span class='ocrx_word' id='word_1_269' title='bbox 532 1976 537 1981; x_wconf 63' lang='grc'><em>’</em></span> <span class='ocrx_word' id='word_1_270' title='bbox 593 1987 686 2044; x_wconf 71' lang='grc' dir='ltr'>ιιι).</span> <span class='ocrx_word' id='word_1_271' title='bbox 714 1986 856 2042; x_wconf 87' lang='lat' dir='ltr'><strong>Bona</strong></span> <span class='ocrx_word' id='word_1_272' title='bbox 876 1983 1124 2056; x_wconf 89' lang='lat' dir='ltr'><strong>virga,ut</strong></span> <span class='ocrx_word' id='word_1_273' title='bbox 1149 1978 1366 2053; x_wconf 91' lang='lat' dir='ltr'><strong>quidam</strong></span> <span class='ocrx_word' id='word_1_274' title='bbox 1391 1984 1607 2048; x_wconf 89' lang='lat' dir='ltr'><strong>putant,</strong></span> <span class='ocrx_word' id='word_1_275' title='bbox 1628 1983 1713 2032; x_wconf 94' lang='grc' dir='ltr'><strong>εει</strong></span> <span class='ocrx_word' id='word_1_276' title='bbox 1732 1986 1860 2030; x_wconf 89' lang='lat' dir='ltr'><strong>caro</strong></span> <span class='ocrx_word' id='word_1_277' title='bbox 1885 1970 2119 2036; x_wconf 87' lang='lat' dir='ltr'><strong>Domini,</strong></span> 
     </span>
    </p>
   </div>
   <div class='ocr_carea' id='block_1_35' title="bbox 519 2062 2116 2152">
    <p class='ocr_par' dir='ltr' id='par_1_35' title="bbox 519 2062 2116 2152">
     <span class='ocr_line' id='line_1_35' title="bbox 519 2062 2116 2152; baseline -0.013 -16"><span class='ocrx_word' id='word_1_278' title='bbox 519 2095 644 2152; x_wconf 74' lang='lat' dir='ltr'><strong>quae</strong></span> <span class='ocrx_word' id='word_1_279' title='bbox 692 2077 762 2134; x_wconf 90' lang='lat' dir='ltr'><strong>de</strong></span> <span class='ocrx_word' id='word_1_280' title='bbox 805 2075 989 2133; x_wconf 88' lang='lat' dir='ltr'><strong>radice</strong></span> <span class='ocrx_word' id='word_1_281' title='bbox 1036 2083 1254 2130; x_wconf 91' lang='lat' dir='ltr'><strong>terrena</strong></span> <span class='ocrx_word' id='word_1_282' title='bbox 1304 2070 1372 2126; x_wconf 84' lang='lat' dir='ltr'><strong>ad</strong></span> <span class='ocrx_word' id='word_1_283' title='bbox 1427 2081 1661 2139; x_wconf 84' lang='lat' dir='ltr'><strong>superna</strong></span> <span class='ocrx_word' id='word_1_284' title='bbox 1710 2080 1771 2122; x_wconf 91' lang='lat' dir='ltr'><strong>se</strong></span> <span class='ocrx_word' id='word_1_285' title='bbox 1808 2062 2116 2133; x_wconf 88' lang='lat' dir='ltr'><strong>subrigens,</strong></span> 
     </span>
    </p>
   </div>
   <div class='ocr_carea' id='block_1_36' title="bbox 518 2156 2120 2232">
    <p class='ocr_par' dir='ltr' id='par_1_36' title="bbox 518 2156 2120 2232">
     <span class='ocr_line' id='line_1_36' title="bbox 518 2156 2120 2232; baseline -0.011 -4"><span class='ocrx_word' id='word_1_286' title='bbox 518 2170 827 2227; x_wconf 78' lang='lat' dir='ltr'><strong>odoriferos</strong></span> <span class='ocrx_word' id='word_1_287' title='bbox 894 2181 1063 2224; x_wconf 74' lang='lat' dir='ltr'><strong>sacrm</strong></span> <span class='ocrx_word' id='word_1_288' title='bbox 1133 2164 1343 2219; x_wconf 83' lang='lat' dir='ltr'><strong>fructus</strong></span> <span class='ocrx_word' id='word_1_289' title='bbox 1420 2159 1700 2232; x_wconf 89' lang='lat' dir='ltr'><strong>religionis</strong></span> <span class='ocrx_word' id='word_1_290' title='bbox 1783 2156 2120 2213; x_wconf 89' lang='lat' dir='ltr'><strong>circumtulit</strong></span> 
     </span>
    </p>
   </div>
   <div class='ocr_carea' id='block_1_37' title="bbox 515 2251 2119 2336">
    <p class='ocr_par' dir='ltr' id='par_1_37' title="bbox 515 2251 2119 2336">
     <span class='ocr_line' id='line_1_37' title="bbox 515 2251 2119 2336; baseline -0.012 -13"><span class='ocrx_word' id='word_1_291' title='bbox 515 2267 743 2333; x_wconf 90' lang='lat' dir='ltr'><strong>mundo,</strong></span> <span class='ocrx_word' id='word_1_292' title='bbox 799 2261 1059 2336; x_wconf 85' lang='lat' dir='ltr'><strong>mysteria</strong></span> <span class='ocrx_word' id='word_1_293' title='bbox 1102 2259 1303 2314; x_wconf 70' lang='lat' dir='ltr'><strong>divina:</strong></span> <span class='ocrx_word' id='word_1_294' title='bbox 1346 2253 1744 2327; x_wconf 85' lang='lat' dir='ltr'><strong>generationis,</strong></span> <span class='ocrx_word' id='word_1_295' title='bbox 1787 2260 1844 2307; x_wconf 90' lang='lat' dir='ltr'><strong>et</strong></span> <span class='ocrx_word' id='word_1_296' title='bbox 1890 2251 2119 2322; x_wconf 86' lang='lat' dir='ltr'><strong>gratiam</strong></span> 
     </span>
    </p>
   </div>
   <div class='ocr_carea' id='block_1_38' title="bbox 517 2350 1578 2422">
    <p class='ocr_par' dir='ltr' id='par_1_38' title="bbox 517 2350 1578 2422">
     <span class='ocr_line' id='line_1_38' title="bbox 517 2350 1578 2422; baseline -0.013 -5"><span class='ocrx_word' id='word_1_297' title='bbox 517 2358 834 2417; x_wconf 67' lang='lat' dir='ltr'><strong>caelestibus</strong></span> <span class='ocrx_word' id='word_1_298' title='bbox 862 2355 1129 2411; x_wconf 85' lang='lat' dir='ltr'><strong>altaribus</strong></span> <span class='ocrx_word' id='word_1_299' title='bbox 1155 2350 1578 2422; x_wconf 84' lang='lat' dir='ltr'><strong>superiundens.</strong></span> 
     </span>
    </p>
   </div>
   <div class='ocr_carea' id='block_1_39' title="bbox 592 2446 2124 2522">
    <p class='ocr_par' dir='ltr' id='par_1_39' title="bbox 592 2446 2124 2522">
     <span class='ocr_line' id='line_1_39' title="bbox 592 2446 2124 2522; baseline -0.006 -14"><span class='ocrx_word' id='word_1_300' title='bbox 592 2455 686 2511; x_wconf 72' lang='grc'><strong>41.</strong></span> <span class='ocrx_word' id='word_1_301' title='bbox 722 2452 977 2508; x_wconf 88' lang='lat' dir='ltr'><strong>Dubitare</strong></span> <span class='ocrx_word' id='word_1_302' title='bbox 1006 2464 1139 2522; x_wconf 86' lang='lat' dir='ltr'><strong>ergo</strong></span> <span class='ocrx_word' id='word_1_303' title='bbox 1178 2463 1293 2504; x_wconf 90' lang='lat' dir='ltr'><strong>non</strong></span> <span class='ocrx_word' id='word_1_304' title='bbox 1337 2460 1627 2518; x_wconf 88' lang='lat' dir='ltr'><strong>possumus</strong></span> <span class='ocrx_word' id='word_1_305' title='bbox 1668 2446 1932 2519; x_wconf 89' lang='lat' dir='ltr'><strong>Spiritum</strong></span> <span class='ocrx_word' id='word_1_306' title='bbox 1969 2458 2124 2501; x_wconf 90' lang='lat' dir='ltr'><strong>crea-</strong></span> 
     </span>
    </p>
   </div>
   <div class='ocr_carea' id='block_1_40' title="bbox 521 2537 2123 2617">
    <p class='ocr_par' dir='ltr' id='par_1_40' title="bbox 521 2537 2123 2617">
     <span class='ocr_line' id='line_1_40' title="bbox 521 2537 2123 2617; baseline -0.007 -11"><span class='ocrx_word' id='word_1_307' title='bbox 521 2561 720 2613; x_wconf 89' lang='lat' dir='ltr'><strong>torem,</strong></span> <span class='ocrx_word' id='word_1_308' title='bbox 754 2561 914 2617; x_wconf 89' lang='lat' dir='ltr'><strong>quem</strong></span> <span class='ocrx_word' id='word_1_309' title='bbox 958 2541 1260 2599; x_wconf 70' lang='lat' dir='ltr'><strong>Dominicaz</strong></span> <span class='ocrx_word' id='word_1_310' title='bbox 1309 2539 1687 2611; x_wconf 86' lang='lat' dir='ltr'><strong>cognoscimus</strong></span> <span class='ocrx_word' id='word_1_311' title='bbox 1736 2537 2123 2596; x_wconf 89' lang='lat' dir='ltr'><strong>incarnationis</strong></span> 
     </span>
    </p>
   </div>
   <div class='ocr_carea' id='block_1_41' title="bbox 519 2630 2125 2707">
    <p class='ocr_par' dir='ltr' id='par_1_41' title="bbox 519 2630 2125 2707">
     <span class='ocr_line' id='line_1_41' title="bbox 519 2630 2125 2707; baseline -0.011 -8"><span class='ocrx_word' id='word_1_312' title='bbox 519 2651 822 2699; x_wconf 90' lang='lat' dir='ltr'><strong>auctorem.</strong></span> <span class='ocrx_word' id='word_1_313' title='bbox 847 2637 981 2707; x_wconf 91' lang='lat' dir='ltr'><strong>Quis</strong></span> <span class='ocrx_word' id='word_1_314' title='bbox 1005 2636 1149 2693; x_wconf 91' lang='lat' dir='ltr'><strong>enim</strong></span> <span class='ocrx_word' id='word_1_315' title='bbox 1175 2632 1407 2701; x_wconf 89' lang='lat' dir='ltr'><strong>dubitet,</strong></span> <span class='ocrx_word' id='word_1_316' title='bbox 1427 2648 1550 2689; x_wconf 92' lang='lat' dir='ltr'><strong>cum</strong></span> <span class='ocrx_word' id='word_1_317' title='bbox 1575 2633 1628 2687; x_wconf 92' lang='lat' dir='ltr'><strong>in</strong></span> <span class='ocrx_word' id='word_1_318' title='bbox 1656 2631 1925 2702; x_wconf 90' lang='lat' dir='ltr'><strong>principio</strong></span> <span class='ocrx_word' id='word_1_319' title='bbox 1946 2630 2125 2685; x_wconf 83' lang='lat' dir='ltr'><strong>Evan-</strong></span> 
     </span>
    </p>
   </div>
   <div class='ocr_carea' id='block_1_42' title="bbox 521 2722 2119 2808">
    <p class='ocr_par' dir='ltr' id='par_1_42' title="bbox 521 2722 2119 2808">
     <span class='ocr_line' id='line_1_42' title="bbox 521 2722 2119 2808; baseline -0.011 -15"><span class='ocrx_word' id='word_1_320' title='bbox 521 2735 650 2808; x_wconf 90' lang='lat' dir='ltr'><strong>gelii</strong></span> <span class='ocrx_word' id='word_1_321' title='bbox 688 2733 911 2798; x_wconf 87' lang='lat' dir='ltr'><strong>habeas,</strong></span> <span class='ocrx_word' id='word_1_322' title='bbox 941 2729 1066 2802; x_wconf 90' lang='lat' dir='ltr'><strong>quia</strong></span> <span class='ocrx_word' id='word_1_323' title='bbox 1095 2725 1299 2783; x_wconf 85' lang='lat' dir='ltr'><strong>Christi</strong></span> <span class='ocrx_word' id='word_1_324' title='bbox 1340 2725 1621 2797; x_wconf 86' lang='lat' dir='ltr'><strong>generatio</strong></span> <span class='ocrx_word' id='word_1_325' title='bbox 1645 2722 1810 2797; x_wconf 66' lang='grc'><strong>642</strong></span> <span class='ocrx_word' id='word_1_326' title='bbox 1847 2726 1929 2778; x_wconf 92' lang='lat' dir='ltr'><strong>sic</strong></span> <span class='ocrx_word' id='word_1_327' title='bbox 1957 2730 2076 2778; x_wconf 90' lang='lat' dir='ltr'><strong>erat</strong></span> <span class='ocrx_word' id='word_1_328' title='bbox 2106 2739 2119 2776; x_wconf 93' lang='lat'>:</span> 
     </span>
    </p>
   </div>
   <div class='ocr_carea' id='block_1_43' title="bbox 521 2816 2120 2898">
    <p class='ocr_par' dir='ltr' id='par_1_43' title="bbox 521 2816 2120 2898">
     <span class='ocr_line' id='line_1_43' title="bbox 521 2816 2120 2898; baseline -0.011 -13"><span class='ocrx_word' id='word_1_329' title='bbox 521 2827 655 2886; x_wconf 85' lang='lat' dir='ltr'><strong>Cum</strong></span> <span class='ocrx_word' id='word_1_330' title='bbox 679 2818 990 2898; x_wconf 79' lang='lat' dir='ltr'><strong>desponsata</strong></span> <span class='ocrx_word' id='word_1_331' title='bbox 1016 2830 1146 2878; x_wconf 89' lang='lat' dir='ltr'><strong>esset</strong></span> <span class='ocrx_word' id='word_1_332' title='bbox 1176 2818 1348 2875; x_wconf 79' lang='lat' dir='ltr'><strong><em>Maria</em></strong></span> <span class='ocrx_word' id='word_1_333' title='bbox 1384 2816 1605 2890; x_wconf 77' lang='lat' dir='ltr'><strong>Ioseph,</strong></span> <span class='ocrx_word' id='word_1_334' title='bbox 1632 2827 1913 2887; x_wconf 83' lang='lat' dir='ltr'><strong>antequam</strong></span> <span class='ocrx_word' id='word_1_335' title='bbox 1940 2830 2120 2869; x_wconf 81' lang='lat' dir='ltr'><strong>conue-</strong></span> 
     </span>
    </p>
   </div>
   <div class='ocr_carea' id='block_1_44' title="bbox 527 2908 2123 2987">
    <p class='ocr_par' dir='ltr' id='par_1_44' title="bbox 527 2908 2123 2987">
     <span class='ocr_line' id='line_1_44' title="bbox 527 2908 2123 2987; baseline -0.009 -10"><span class='ocrx_word' id='word_1_336' title='bbox 527 2923 716 2987; x_wconf 84' lang='lat' dir='ltr'><strong>nirent,</strong></span> <span class='ocrx_word' id='word_1_337' title='bbox 741 2920 948 2974; x_wconf 82' lang='lat' dir='ltr'><strong>inventa</strong></span> <span class='ocrx_word' id='word_1_338' title='bbox 983 2923 1058 2971; x_wconf 90' lang='lat' dir='ltr'><strong>est</strong></span> <span class='ocrx_word' id='word_1_339' title='bbox 1082 2914 1139 2968; x_wconf 88' lang='lat' dir='ltr'><strong>in</strong></span> <span class='ocrx_word' id='word_1_340' title='bbox 1164 2920 1309 2968; x_wconf 84' lang='lat' dir='ltr'><strong>utero</strong></span> <span class='ocrx_word' id='word_1_341' title='bbox 1347 2911 1537 2966; x_wconf 83' lang='lat' dir='ltr'><strong>habens</strong></span> <span class='ocrx_word' id='word_1_342' title='bbox 1564 2909 1593 2948; x_wconf 73' lang='grc' dir='ltr'>ι’</span> <span class='ocrx_word' id='word_1_343' title='bbox 1618 2925 1683 2965; x_wconf 75' lang='lat' dir='ltr'><strong>ea:</strong></span> <span class='ocrx_word' id='word_1_344' title='bbox 1713 2908 1948 2983; x_wconf 79' lang='lat' dir='ltr'><strong>Spirituc</strong></span> <span class='ocrx_word' id='word_1_345' title='bbox 1973 2917 2123 2964; x_wconf 86' lang='lat' dir='ltr'><strong>santo</strong></span> 
     </span>
    </p>
   </div>
   <div class='ocr_carea' id='block_1_45' title="bbox 519 3010 991 3088">
    <p class='ocr_par' dir='ltr' id='par_1_45' title="bbox 519 3010 991 3088">
     <span class='ocr_line' id='line_1_45' title="bbox 519 3010 991 3088; baseline -0.017 -16"><span class='ocrx_word' id='word_1_346' title='bbox 519 3015 746 3088; x_wconf 77' lang='lat' dir='ltr'><strong>(Matth.</strong></span> <span class='ocrx_word' id='word_1_347' title='bbox 784 3029 824 3080; x_wconf 91' lang='grc' dir='ltr'><strong>ι,</strong></span> <span class='ocrx_word' id='word_1_348' title='bbox 860 3010 991 3083; x_wconf 78' lang='lat'><strong>18)?</strong></span> 
     </span>
    </p>
   </div>
   <div class='ocr_carea' id='block_1_46' title="bbox 592 3096 2122 3176">
    <p class='ocr_par' dir='ltr' id='par_1_46' title="bbox 592 3096 2122 3176">
     <span class='ocr_line' id='line_1_46' title="bbox 592 3096 2122 3176; baseline -0.011 -8"><span class='ocrx_word' id='word_1_349' title='bbox 592 3112 682 3168; x_wconf 70' lang='grc'>42.</span> <span class='ocrx_word' id='word_1_350' title='bbox 715 3106 849 3166; x_wconf 89' lang='lat' dir='ltr'><strong>Nam</strong></span> <span class='ocrx_word' id='word_1_351' title='bbox 875 3107 1007 3163; x_wconf 90' lang='lat' dir='ltr'><strong>licet</strong></span> <span class='ocrx_word' id='word_1_352' title='bbox 1031 3102 1278 3176; x_wconf 88' lang='lat' dir='ltr'><strong>plerique</strong></span> <span class='ocrx_word' id='word_1_353' title='bbox 1318 3099 1571 3167; x_wconf 88' lang='lat' dir='ltr'><strong>habeant,</strong></span> <span class='ocrx_word' id='word_1_354' title='bbox 1602 3100 1666 3154; x_wconf 91' lang='lat' dir='ltr'><strong>de</strong></span> <span class='ocrx_word' id='word_1_355' title='bbox 1703 3097 1940 3169; x_wconf 80' lang='lat' dir='ltr'><strong>Spiritu,</strong></span> <span class='ocrx_word' id='word_1_356' title='bbox 1972 3096 2122 3154; x_wconf 68' lang='lat' dir='ltr'><strong>Gras-</strong></span> 
     </span>
    </p>
   </div>
   <div class='ocr_carea' id='block_1_47' title="bbox 2227 1878 3785 1951">
    <p class='ocr_par' dir='ltr' id='par_1_47' title="bbox 2227 1878 3785 1951">
     <span class='ocr_line' id='line_1_47' title="bbox 2227 1878 3785 1951; baseline -0.001 -15"><span class='ocrx_word' id='word_1_357' title='bbox 2227 1879 2407 1936; x_wconf 89' lang='lat' dir='ltr'><strong>nando</strong></span> <span class='ocrx_word' id='word_1_358' title='bbox 2432 1893 2527 1935; x_wconf 86' lang='lat' dir='ltr'><strong>eos</strong></span> <span class='ocrx_word' id='word_1_359' title='bbox 2560 1879 2650 1951; x_wconf 90' lang='lat' dir='ltr'><strong>qui</strong></span> <span class='ocrx_word' id='word_1_360' title='bbox 2683 1878 2930 1934; x_wconf 86' lang='lat' dir='ltr'><strong>serviunt</strong></span> <span class='ocrx_word' id='word_1_361' title='bbox 2957 1887 3247 1946; x_wconf 70' lang='lat' dir='ltr'><strong>creaturaa,</strong></span> <span class='ocrx_word' id='word_1_362' title='bbox 3282 1893 3409 1934; x_wconf 89' lang='lat' dir='ltr'><strong>cum</strong></span> <span class='ocrx_word' id='word_1_363' title='bbox 3439 1878 3659 1934; x_wconf 84' lang='lat' dir='ltr'><strong>creatori</strong></span> <span class='ocrx_word' id='word_1_364' title='bbox 3684 1893 3785 1934; x_wconf 85' lang='lat' dir='ltr'><strong>ser-</strong></span> 
     </span>
    </p>
   </div>
   <div class='ocr_carea' id='block_1_48' title="bbox 2226 1972 3784 2044">
    <p class='ocr_par' dir='ltr' id='par_1_48' title="bbox 2226 1972 3784 2044">
     <span class='ocr_line' id='line_1_48' title="bbox 2226 1972 3784 2044; baseline -0.001 -17"><span class='ocrx_word' id='word_1_365' title='bbox 2226 1975 2415 2030; x_wconf 83' lang='lat' dir='ltr'><strong>vitium</strong></span> <span class='ocrx_word' id='word_1_366' title='bbox 2444 1973 2769 2030; x_wconf 89' lang='lat' dir='ltr'><strong>debeamus.</strong></span> <span class='ocrx_word' id='word_1_367' title='bbox 2815 1973 2883 2028; x_wconf 87' lang='lat' dir='ltr'><strong>Et</strong></span> <span class='ocrx_word' id='word_1_368' title='bbox 2927 1972 3183 2044; x_wconf 89' lang='lat' dir='ltr'><strong>quoniam</strong></span> <span class='ocrx_word' id='word_1_369' title='bbox 3226 1982 3533 2029; x_wconf 88' lang='lat' dir='ltr'><strong>creatorem</strong></span> <span class='ocrx_word' id='word_1_370' title='bbox 3559 1972 3784 2043; x_wconf 89' lang='lat' dir='ltr'><strong>Spiritum</strong></span> 
     </span>
    </p>
   </div>
   <div class='ocr_carea' id='block_1_49' title="bbox 2225 2065 3789 2135">
    <p class='ocr_par' dir='ltr' id='par_1_49' title="bbox 2225 2065 3789 2135">
     <span class='ocr_line' id='line_1_49' title="bbox 2225 2065 3789 2135; baseline -0.004 -10"><span class='ocrx_word' id='word_1_371' title='bbox 2225 2078 2475 2135; x_wconf 90' lang='lat' dir='ltr'><strong>noverat,</strong></span> <span class='ocrx_word' id='word_1_372' title='bbox 2524 2068 2687 2125; x_wconf 90' lang='lat' dir='ltr'><strong>docet</strong></span> <span class='ocrx_word' id='word_1_373' title='bbox 2721 2066 2898 2124; x_wconf 90' lang='lat' dir='ltr'><strong>eidem</strong></span> <span class='ocrx_word' id='word_1_374' title='bbox 2941 2065 3310 2134; x_wconf 86' lang='lat' dir='ltr'><strong>serviendum,</strong></span> <span class='ocrx_word' id='word_1_375' title='bbox 3349 2066 3532 2123; x_wconf 92' lang='lat' dir='ltr'><strong>dicens</strong></span> <span class='ocrx_word' id='word_1_376' title='bbox 3571 2082 3585 2121; x_wconf 89' lang='lat'><strong>:</strong></span> <span class='ocrx_word' id='word_1_377' title='bbox 3633 2066 3789 2120; x_wconf 78' lang='lat' dir='ltr'><strong>Videte</strong></span> 
     </span>
    </p>
   </div>
   <div class='ocr_carea' id='block_1_50' title="bbox 2224 2160 3788 2231">
    <p class='ocr_par' dir='ltr' id='par_1_50' title="bbox 2224 2160 3788 2231">
     <span class='ocr_line' id='line_1_50' title="bbox 2224 2160 3788 2231; baseline -0.003 -15"><span class='ocrx_word' id='word_1_378' title='bbox 2224 2177 2400 2227; x_wconf 87' lang='lat' dir='ltr'><strong>canes,</strong></span> <span class='ocrx_word' id='word_1_379' title='bbox 2426 2160 2591 2217; x_wconf 76' lang='lat' dir='ltr'><strong>videte</strong></span> <span class='ocrx_word' id='word_1_380' title='bbox 2616 2160 2783 2216; x_wconf 86' lang='lat' dir='ltr'><strong>malos</strong></span> <span class='ocrx_word' id='word_1_381' title='bbox 2808 2160 3095 2231; x_wconf 84' lang='lat' dir='ltr'><strong>operarios,</strong></span> <span class='ocrx_word' id='word_1_382' title='bbox 3123 2160 3287 2215; x_wconf 79' lang='lat' dir='ltr'><strong>videte</strong></span> <span class='ocrx_word' id='word_1_383' title='bbox 3318 2160 3679 2224; x_wconf 86' lang='lat' dir='ltr'><strong>concisionem;</strong></span> <span class='ocrx_word' id='word_1_384' title='bbox 3705 2175 3788 2212; x_wconf 83' lang='lat' dir='ltr'><strong>nos</strong></span> 
     </span>
    </p>
   </div>
   <div class='ocr_carea' id='block_1_51' title="bbox 2224 2252 3788 2323">
    <p class='ocr_par' dir='ltr' id='par_1_51' title="bbox 2224 2252 3788 2323">
     <span class='ocr_line' id='line_1_51' title="bbox 2224 2252 3788 2323; baseline -0.001 -14"><span class='ocrx_word' id='word_1_385' title='bbox 2224 2254 2361 2309; x_wconf 87' lang='lat' dir='ltr'><strong>enim</strong></span> <span class='ocrx_word' id='word_1_386' title='bbox 2389 2269 2570 2309; x_wconf 87' lang='lat' dir='ltr'><strong>sumus</strong></span> <span class='ocrx_word' id='word_1_387' title='bbox 2606 2253 2952 2318; x_wconf 81' lang='lat' dir='ltr'><strong>circumcisio,</strong></span> <span class='ocrx_word' id='word_1_388' title='bbox 2992 2254 3021 2295; x_wconf 75' lang='grc' dir='ltr'>(ι</span> <span class='ocrx_word' id='word_1_389' title='bbox 3060 2253 3147 2323; x_wconf 88' lang='lat' dir='ltr'><strong>qui</strong></span> <span class='ocrx_word' id='word_1_390' title='bbox 3188 2252 3417 2321; x_wconf 86' lang='lat' dir='ltr'><strong>Spiritui</strong></span> <span class='ocrx_word' id='word_1_391' title='bbox 3446 2252 3538 2307; x_wconf 87' lang='lat' dir='ltr'><strong>Dei</strong></span> <span class='ocrx_word' id='word_1_392' title='bbox 3571 2252 3788 2307; x_wconf 70' lang='lat' dir='ltr'><strong>servimus</strong></span> 
     </span>
    </p>
   </div>
   <div class='ocr_carea' id='block_1_52' title="bbox 2225 2342 2757 2419">
    <p class='ocr_par' dir='ltr' id='par_1_52' title="bbox 2225 2342 2757 2419">
     <span class='ocr_line' id='line_1_52' title="bbox 2225 2342 2757 2419; baseline 0.004 -20"><span class='ocrx_word' id='word_1_393' title='bbox 2225 2343 2449 2418; x_wconf 79' lang='lat' dir='ltr'><strong>(Philip.</strong></span> <span class='ocrx_word' id='word_1_394' title='bbox 2480 2361 2560 2413; x_wconf 88' lang='grc' dir='ltr'>ιιι,</span> <span class='ocrx_word' id='word_1_395' title='bbox 2590 2344 2649 2412; x_wconf 76' lang='lat'><strong>2,</strong></span> <span class='ocrx_word' id='word_1_396' title='bbox 2679 2342 2757 2419; x_wconf 70' lang='grc' dir='ltr'><strong>δ).</strong></span> 
     </span>
    </p>
   </div>
   <div class='ocr_carea' id='block_1_53' title="bbox 2294 2438 3788 2511">
    <p class='ocr_par' dir='ltr' id='par_1_53' title="bbox 2294 2438 3788 2511">
     <span class='ocr_line' id='line_1_53' title="bbox 2294 2438 3788 2511; baseline 0 -17"><span class='ocrx_word' id='word_1_397' title='bbox 2294 2439 2384 2496; x_wconf 69' lang='lat'><strong>46.</strong></span> <span class='ocrx_word' id='word_1_398' title='bbox 2416 2438 2571 2508; x_wconf 91' lang='lat' dir='ltr'><strong>Quod</strong></span> <span class='ocrx_word' id='word_1_399' title='bbox 2603 2441 2647 2495; x_wconf 89' lang='lat' dir='ltr'><strong>si</strong></span> <span class='ocrx_word' id='word_1_400' title='bbox 2671 2440 2793 2511; x_wconf 89' lang='lat' dir='ltr'><strong>quis</strong></span> <span class='ocrx_word' id='word_1_401' title='bbox 2823 2439 2895 2497; x_wconf 90' lang='lat' dir='ltr'><strong>de</strong></span> <span class='ocrx_word' id='word_1_402' title='bbox 2930 2440 3244 2496; x_wconf 86' lang='lat' dir='ltr'><strong>Latinorum</strong></span> <span class='ocrx_word' id='word_1_403' title='bbox 3288 2438 3531 2496; x_wconf 85' lang='lat' dir='ltr'><strong>codicum</strong></span> <span class='ocrx_word' id='word_1_404' title='bbox 3555 2438 3788 2495; x_wconf 79' lang='lat' dir='ltr'><strong>varietate</strong></span> 
     </span>
    </p>
   </div>
   <div class='ocr_carea' id='block_1_54' title="bbox 2223 2531 3783 2605">
    <p class='ocr_par' dir='ltr' id='par_1_54' title="bbox 2223 2531 3783 2605">
     <span class='ocr_line' id='line_1_54' title="bbox 2223 2531 3783 2605; baseline -0.001 -18"><span class='ocrx_word' id='word_1_405' title='bbox 2223 2532 2523 2600; x_wconf 86' lang='lat' dir='ltr'><strong>contendit,</strong></span> <span class='ocrx_word' id='word_1_406' title='bbox 2555 2547 2786 2604; x_wconf 88' lang='lat' dir='ltr'><strong>quorum</strong></span> <span class='ocrx_word' id='word_1_407' title='bbox 2815 2533 3028 2605; x_wconf 89' lang='lat' dir='ltr'><strong>aliquos</strong></span> <span class='ocrx_word' id='word_1_408' title='bbox 3052 2532 3245 2604; x_wconf 81' lang='lat' dir='ltr'><strong>perﬁdi</strong></span> <span class='ocrx_word' id='word_1_409' title='bbox 3281 2531 3626 2598; x_wconf 83' lang='lat' dir='ltr'><strong>falsaverunt,</strong></span> <span class='ocrx_word' id='word_1_410' title='bbox 3652 2531 3783 2587; x_wconf 76' lang='lat' dir='ltr'><strong>Gne-</strong></span> 
     </span>
    </p>
   </div>
   <div class='ocr_carea' id='block_1_55' title="bbox 2223 2624 3787 2698">
    <p class='ocr_par' dir='ltr' id='par_1_55' title="bbox 2223 2624 3787 2698">
     <span class='ocr_line' id='line_1_55' title="bbox 2223 2624 3787 2698; baseline 0 -17"><span class='ocrx_word' id='word_1_411' title='bbox 2223 2638 2320 2681; x_wconf 82' lang='lat' dir='ltr'><strong>cos</strong></span> <span class='ocrx_word' id='word_1_412' title='bbox 2350 2624 2604 2696; x_wconf 87' lang='lat' dir='ltr'><strong>inspiciat</strong></span> <span class='ocrx_word' id='word_1_413' title='bbox 2645 2625 2883 2693; x_wconf 86' lang='lat' dir='ltr'><strong>codices,</strong></span> <span class='ocrx_word' id='word_1_414' title='bbox 2930 2635 2988 2682; x_wconf 91' lang='lat' dir='ltr'><strong>et</strong></span> <span class='ocrx_word' id='word_1_415' title='bbox 3025 2626 3274 2683; x_wconf 85' lang='lat' dir='ltr'><strong>advertat</strong></span> <span class='ocrx_word' id='word_1_416' title='bbox 3300 2626 3427 2698; x_wconf 87' lang='lat' dir='ltr'><strong>quia</strong></span> <span class='ocrx_word' id='word_1_417' title='bbox 3456 2626 3528 2683; x_wconf 90' lang='lat' dir='ltr'><strong>ibi</strong></span> <span class='ocrx_word' id='word_1_418' title='bbox 3558 2627 3787 2697; x_wconf 85' lang='lat' dir='ltr'><strong>scriptum</strong></span> 
     </span>
    </p>
   </div>
   <div class='ocr_carea' id='block_1_56' title="bbox 2225 2718 3788 2797">
    <p class='ocr_par' dir='ltr' id='par_1_56' title="bbox 2225 2718 3788 2797">
     <span class='ocr_line' id='line_1_56' title="bbox 2225 2718 3788 2797; baseline 0.001 -25"><span class='ocrx_word' id='word_1_419' title='bbox 2225 2724 2311 2773; x_wconf 90' lang='lat' dir='ltr'><strong>est</strong></span> <span class='ocrx_word' id='word_1_420' title='bbox 2338 2735 2351 2771; x_wconf 89' lang='lat'>:</span> <span class='ocrx_word' id='word_1_421' title='bbox 2384 2719 2432 2772; x_wconf 82' lang='lat' dir='ltr'><strong>oi</strong></span> <span class='ocrx_word' id='word_1_422' title='bbox 2456 2720 2702 2791; x_wconf 80' lang='grc' dir='ltr'><strong>Πνεύματι</strong></span> <span class='ocrx_word' id='word_1_423' title='bbox 2725 2726 2854 2776; x_wconf 80' lang='grc' dir='ltr'><strong>Θεοῦ</strong></span> <span class='ocrx_word' id='word_1_424' title='bbox 2881 2720 3238 2797; x_wconf 76' lang='grc' dir='ltr'><strong>λατρεύοντες,</strong></span> <span class='ocrx_word' id='word_1_425' title='bbox 3265 2718 3411 2791; x_wconf 89' lang='lat' dir='ltr'><strong>quod</strong></span> <span class='ocrx_word' id='word_1_426' title='bbox 3441 2719 3788 2791; x_wconf 79' lang='lat' dir='ltr'><strong>interpretatur</strong></span> 
     </span>
    </p>
   </div>
   <div class='ocr_carea' id='block_1_57' title="bbox 2227 2810 3289 2885">
    <p class='ocr_par' dir='ltr' id='par_1_57' title="bbox 2227 2810 3289 2885">
     <span class='ocr_line' id='line_1_57' title="bbox 2227 2810 3289 2885; baseline 0.003 -19"><span class='ocrx_word' id='word_1_427' title='bbox 2227 2810 2455 2867; x_wconf 87' lang='lat' dir='ltr'><strong>Latinus</strong></span> <span class='ocrx_word' id='word_1_428' title='bbox 2478 2829 2494 2868; x_wconf 89' lang='lat'><strong>:</strong></span> <span class='ocrx_word' id='word_1_429' title='bbox 2520 2814 2609 2883; x_wconf 76' lang='lat' dir='ltr'><strong>qni</strong></span> <span class='ocrx_word' id='word_1_430' title='bbox 2638 2812 2869 2885; x_wconf 88' lang='lat' dir='ltr'><strong>Spiritui</strong></span> <span class='ocrx_word' id='word_1_431' title='bbox 2891 2813 2989 2869; x_wconf 87' lang='lat' dir='ltr'><strong>Dei</strong></span> <span class='ocrx_word' id='word_1_432' title='bbox 3017 2815 3289 2870; x_wconf 77' lang='lat' dir='ltr'><strong>servimus.</strong></span> 
     </span>
    </p>
   </div>
   <div class='ocr_carea' id='block_1_58' title="bbox 2298 2907 3785 2987">
    <p class='ocr_par' dir='ltr' id='par_1_58' title="bbox 2298 2907 3785 2987">
     <span class='ocr_line' id='line_1_58' title="bbox 2298 2907 3785 2987; baseline 0.003 -24"><span class='ocrx_word' id='word_1_433' title='bbox 2298 2909 2389 2965; x_wconf 78' lang='grc'>47.</span> <span class='ocrx_word' id='word_1_434' title='bbox 2435 2907 2579 2979; x_wconf 86' lang='lat' dir='ltr'><strong>Ergo</strong></span> <span class='ocrx_word' id='word_1_435' title='bbox 2620 2923 2755 2987; x_wconf 37' lang='lat' dir='ltr'><strong>cum&#39;</strong></span> <span class='ocrx_word' id='word_1_436' title='bbox 2810 2908 3161 2966; x_wconf 87' lang='lat' dir='ltr'><strong>serviendum</strong></span> <span class='ocrx_word' id='word_1_437' title='bbox 3208 2909 3353 2966; x_wconf 89' lang='lat' dir='ltr'><strong>dicat</strong></span> <span class='ocrx_word' id='word_1_438' title='bbox 3401 2909 3617 2982; x_wconf 89' lang='lat' dir='ltr'><strong>Spiritui</strong></span> <span class='ocrx_word' id='word_1_439' title='bbox 3663 2910 3785 2967; x_wconf 85' lang='lat' dir='ltr'><strong>idem</strong></span> 
     </span>
    </p>
   </div>
   <div class='ocr_carea' id='block_1_59' title="bbox 2224 3001 3786 3074">
    <p class='ocr_par' dir='ltr' id='par_1_59' title="bbox 2224 3001 3786 3074">
     <span class='ocr_line' id='line_1_59' title="bbox 2224 3001 3786 3074; baseline 0 -17"><span class='ocrx_word' id='word_1_440' title='bbox 2224 3001 2547 3074; x_wconf 81' lang='lat' dir='ltr'><strong>Apostolus,</strong></span> <span class='ocrx_word' id='word_1_441' title='bbox 2592 3001 2684 3072; x_wconf 87' lang='lat' dir='ltr'><strong>qui</strong></span> <span class='ocrx_word' id='word_1_442' title='bbox 2725 3015 2832 3057; x_wconf 89' lang='lat' dir='ltr'><strong>non</strong></span> <span class='ocrx_word' id='word_1_443' title='bbox 2884 3010 3170 3069; x_wconf 65' lang='lat' dir='ltr'><strong>creaturae,</strong></span> <span class='ocrx_word' id='word_1_444' title='bbox 3217 3003 3312 3061; x_wconf 86' lang='lat' dir='ltr'><strong>sed</strong></span> <span class='ocrx_word' id='word_1_445' title='bbox 3351 3004 3576 3061; x_wconf 88' lang='lat' dir='ltr'><strong>creatori</strong></span> <span class='ocrx_word' id='word_1_446' title='bbox 3619 3002 3786 3060; x_wconf 81' lang='lat' dir='ltr'><strong>asserit</strong></span> 
     </span>
    </p>
   </div>
   <div class='ocr_carea' id='block_1_60' title="bbox 2225 3092 3785 3169">
    <p class='ocr_par' dir='ltr' id='par_1_60' title="bbox 2225 3092 3785 3169">
     <span class='ocr_line' id='line_1_60' title="bbox 2225 3092 3785 3169; baseline 0.001 -19"><span class='ocrx_word' id='word_1_447' title='bbox 2225 3092 2620 3159; x_wconf 85' lang='lat' dir='ltr'><strong>serviendum;</strong></span> <span class='ocrx_word' id='word_1_448' title='bbox 2691 3093 2976 3151; x_wconf 87' lang='lat' dir='ltr'><strong>evidenter</strong></span> <span class='ocrx_word' id='word_1_449' title='bbox 3047 3097 3234 3167; x_wconf 88' lang='lat' dir='ltr'><strong>utique</strong></span> <span class='ocrx_word' id='word_1_450' title='bbox 3288 3104 3345 3153; x_wconf 89' lang='lat' dir='ltr'><strong>et</strong></span> <span class='ocrx_word' id='word_1_451' title='bbox 3402 3097 3518 3169; x_wconf 90' lang='lat' dir='ltr'><strong>ipse</strong></span> <span class='ocrx_word' id='word_1_452' title='bbox 3570 3107 3785 3153; x_wconf 86' lang='lat' dir='ltr'><strong>sanctum</strong></span> 
     </span>
    </p>
   </div>
   <div class='ocr_carea' id='block_1_61' title="bbox 518 3186 3785 3274">
    <p class='ocr_par' dir='ltr' id='par_1_61' title="bbox 518 3186 3785 3274">
     <span class='ocr_line' id='line_1_61' title="bbox 518 3186 3785 3274; baseline -0.005 -13"><span class='ocrx_word' id='word_1_453' title='bbox 518 3220 617 3262; x_wconf 90' lang='lat' dir='ltr'><strong>cus</strong></span> <span class='ocrx_word' id='word_1_454' title='bbox 646 3211 828 3258; x_wconf 86' lang='lat' dir='ltr'><strong>tamen</strong></span> <span class='ocrx_word' id='word_1_455' title='bbox 860 3197 1006 3274; x_wconf 88' lang='lat' dir='ltr'><strong>unde</strong></span> <span class='ocrx_word' id='word_1_456' title='bbox 1051 3195 1453 3252; x_wconf 87' lang='lat' dir='ltr'><strong>transtulerunt</strong></span> <span class='ocrx_word' id='word_1_457' title='bbox 1487 3191 1695 3261; x_wconf 90' lang='lat' dir='ltr'><strong>Latini,</strong></span> <span class='ocrx_word' id='word_1_458' title='bbox 1727 3192 1781 3246; x_wconf 82' lang='grc' dir='ltr'><em>ἐκ</em></span> <span class='ocrx_word' id='word_1_459' title='bbox 1824 3192 2120 3264; x_wconf 75' lang='grc' dir='ltr'><strong>ιινεύματος</strong></span> <span class='ocrx_word' id='word_1_460' title='bbox 2147 3199 2194 3264; x_wconf 74' lang='grc' dir='ltr'>ο</span> <span class='ocrx_word' id='word_1_461' title='bbox 2225 3186 2463 3243; x_wconf 89' lang='lat' dir='ltr'><strong>ostendit</strong></span> <span class='ocrx_word' id='word_1_462' title='bbox 2486 3186 2749 3257; x_wconf 88' lang='lat' dir='ltr'><strong>Spiritum</strong></span> <span class='ocrx_word' id='word_1_463' title='bbox 2770 3196 3098 3257; x_wconf 88' lang='lat' dir='ltr'><strong>creatorem,</strong></span> <span class='ocrx_word' id='word_1_464' title='bbox 3123 3200 3179 3246; x_wconf 89' lang='lat' dir='ltr'><strong>et</strong></span> <span class='ocrx_word' id='word_1_465' title='bbox 3203 3190 3256 3246; x_wconf 90' lang='lat' dir='ltr'><strong>in</strong></span> <span class='ocrx_word' id='word_1_466' title='bbox 3283 3199 3502 3248; x_wconf 65' lang='lat' dir='ltr'><strong>aeternae</strong></span> <span class='ocrx_word' id='word_1_467' title='bbox 3526 3192 3785 3247; x_wconf 79' lang='lat' dir='ltr'><strong>divinitatis</strong></span> 
     </span>
    </p>
   </div>
   <div class='ocr_carea' id='block_1_62' title="bbox 519 3283 2124 3372">
    <p class='ocr_par' dir='ltr' id='par_1_62' title="bbox 519 3283 2124 3372">
     <span class='ocr_line' id='line_1_62' title="bbox 519 3283 2124 3372; baseline -0.011 -17"><span class='ocrx_word' id='word_1_468' title='bbox 519 3299 670 3372; x_wconf 73' lang='grc' dir='ltr'><strong>ἁγίου</strong></span> <span class='ocrx_word' id='word_1_469' title='bbox 696 3293 989 3367; x_wconf 19' lang='grc' dir='ltr'>ᾱίιὶι,διιοε</span> <span class='ocrx_word' id='word_1_470' title='bbox 1014 3297 1117 3356; x_wconf 85' lang='grc' dir='ltr'>εει,</span> <span class='ocrx_word' id='word_1_471' title='bbox 1139 3304 1209 3345; x_wconf 81' lang='lat' dir='ltr'><strong>ex</strong></span> <span class='ocrx_word' id='word_1_472' title='bbox 1236 3286 1444 3357; x_wconf 89' lang='lat' dir='ltr'><strong>Spiritu</strong></span> <span class='ocrx_word' id='word_1_473' title='bbox 1464 3292 1674 3341; x_wconf 91' lang='lat' dir='ltr'><strong>sancto.</strong></span> <span class='ocrx_word' id='word_1_474' title='bbox 1707 3285 1863 3350; x_wconf 82' lang='lat' dir='ltr'><strong>Quod</strong></span> <span class='ocrx_word' id='word_1_475' title='bbox 1888 3283 2033 3338; x_wconf 91' lang='lat' dir='ltr'><strong>enim</strong></span> <span class='ocrx_word' id='word_1_476' title='bbox 2056 3297 2124 3339; x_wconf 86' lang='lat' dir='ltr'><strong>ex</strong></span> 
     </span>
    </p>
   </div>
   <div class='ocr_carea' id='block_1_63' title="bbox 517 3381 2124 3461">
    <p class='ocr_par' dir='ltr' id='par_1_63' title="bbox 517 3381 2124 3461">
     <span class='ocr_line' id='line_1_63' title="bbox 517 3381 2124 3461; baseline -0.008 -15"><span class='ocrx_word' id='word_1_477' title='bbox 517 3391 700 3461; x_wconf 85' lang='lat' dir='ltr'><strong>aliquo</strong></span> <span class='ocrx_word' id='word_1_478' title='bbox 745 3395 851 3453; x_wconf 89' lang='lat' dir='ltr'><strong>est,</strong></span> <span class='ocrx_word' id='word_1_479' title='bbox 891 3393 986 3440; x_wconf 90' lang='lat' dir='ltr'><strong>aut</strong></span> <span class='ocrx_word' id='word_1_480' title='bbox 1026 3399 1095 3439; x_wconf 80' lang='lat' dir='ltr'><strong>ex</strong></span> <span class='ocrx_word' id='word_1_481' title='bbox 1136 3381 1443 3437; x_wconf 89' lang='lat' dir='ltr'><strong>substantia</strong></span> <span class='ocrx_word' id='word_1_482' title='bbox 1483 3387 1589 3444; x_wconf 90' lang='grc' dir='ltr'>εει,</span> <span class='ocrx_word' id='word_1_483' title='bbox 1619 3386 1713 3433; x_wconf 88' lang='lat' dir='ltr'><strong>aut</strong></span> <span class='ocrx_word' id='word_1_484' title='bbox 1746 3393 1813 3433; x_wconf 82' lang='lat' dir='ltr'><strong>ex</strong></span> <span class='ocrx_word' id='word_1_485' title='bbox 1852 3384 2124 3447; x_wconf 81' lang='lat' dir='ltr'><strong>potestate</strong></span> 
     </span>
    </p>
   </div>
   <div class='ocr_carea' id='block_1_64' title="bbox 523 3466 2126 3555">
    <p class='ocr_par' dir='ltr' id='par_1_64' title="bbox 523 3466 2126 3555">
     <span class='ocr_line' id='line_1_64' title="bbox 523 3466 2126 3555; baseline -0.012 -14"><span class='ocrx_word' id='word_1_486' title='bbox 523 3483 665 3555; x_wconf 83' lang='lat' dir='ltr'><strong>ejus.</strong></span> <span class='ocrx_word' id='word_1_487' title='bbox 712 3481 795 3536; x_wconf 76' lang='lat' dir='ltr'><strong>Ex</strong></span> <span class='ocrx_word' id='word_1_488' title='bbox 848 3474 1173 3537; x_wconf 88' lang='lat' dir='ltr'><strong>substantia,</strong></span> <span class='ocrx_word' id='word_1_489' title='bbox 1222 3472 1364 3529; x_wconf 90' lang='lat' dir='ltr'><strong>sicut</strong></span> <span class='ocrx_word' id='word_1_490' title='bbox 1392 3470 1584 3538; x_wconf 87' lang='lat' dir='ltr'><strong>Filius,</strong></span> <span class='ocrx_word' id='word_1_491' title='bbox 1638 3469 1730 3540; x_wconf 91' lang='lat' dir='ltr'><strong>qui</strong></span> <span class='ocrx_word' id='word_1_492' title='bbox 1768 3471 1882 3523; x_wconf 87' lang='lat' dir='ltr'><strong>ait:</strong></span> <span class='ocrx_word' id='word_1_493' title='bbox 1919 3466 2004 3524; x_wconf 79' lang='lat' dir='ltr'><strong>Ea:</strong></span> <span class='ocrx_word' id='word_1_494' title='bbox 2035 3483 2126 3524; x_wconf 85' lang='lat' dir='ltr'><strong>ore</strong></span> 
     </span>
    </p>
   </div>
   <div class='ocr_carea' id='block_1_65' title="bbox 523 3563 2128 3642">
    <p class='ocr_par' dir='ltr' id='par_1_65' title="bbox 523 3563 2128 3642">
     <span class='ocr_line' id='line_1_65' title="bbox 523 3563 2128 3642; baseline -0.009 -10"><span class='ocrx_word' id='word_1_495' title='bbox 523 3574 779 3632; x_wconf 72' lang='lat' dir='ltr'><strong>ditissimi</strong></span> <span class='ocrx_word' id='word_1_496' title='bbox 814 3570 1036 3642; x_wconf 76' lang='lat' dir='ltr'><strong>procliui,</strong></span> <span class='ocrx_word' id='word_1_497' title='bbox 1065 3568 1205 3623; x_wconf 89' lang='lat' dir='ltr'><strong>sicut</strong></span> <span class='ocrx_word' id='word_1_498' title='bbox 1233 3567 1496 3638; x_wconf 91' lang='lat' dir='ltr'><strong>Spiritus,</strong></span> <span class='ocrx_word' id='word_1_499' title='bbox 1527 3565 1615 3635; x_wconf 87' lang='lat' dir='ltr'><strong>qui</strong></span> <span class='ocrx_word' id='word_1_500' title='bbox 1645 3582 1676 3619; x_wconf 93' lang='lat' dir='ltr'><strong>a</strong></span> <span class='ocrx_word' id='word_1_501' title='bbox 1710 3563 1867 3620; x_wconf 89' lang='lat' dir='ltr'><strong>Patre</strong></span> <span class='ocrx_word' id='word_1_502' title='bbox 1896 3564 2128 3636; x_wconf 82' lang='lat' dir='ltr'><strong>procedit</strong></span> 
     </span>
    </p>
   </div>
   <div class='ocr_carea' id='block_1_66' title="bbox 525 3654 2122 3740">
    <p class='ocr_par' dir='ltr' id='par_1_66' title="bbox 525 3654 2122 3740">
     <span class='ocr_line' id='line_1_66' title="bbox 525 3654 2122 3740; baseline -0.011 -14"><span class='ocrx_word' id='word_1_503' title='bbox 525 3668 701 3740; x_wconf 87' lang='lat' dir='ltr'><strong>(Eccl.</strong></span> <span class='ocrx_word' id='word_1_504' title='bbox 729 3681 885 3733; x_wconf 79' lang='lat' dir='ltr'><strong>xxw,</strong></span> <span class='ocrx_word' id='word_1_505' title='bbox 915 3664 1011 3734; x_wconf 85' lang='lat'><strong>5);</strong></span> <span class='ocrx_word' id='word_1_506' title='bbox 1043 3661 1112 3718; x_wconf 87' lang='lat' dir='ltr'><strong>de</strong></span> <span class='ocrx_word' id='word_1_507' title='bbox 1137 3676 1245 3731; x_wconf 90' lang='lat' dir='ltr'><strong>quo</strong></span> <span class='ocrx_word' id='word_1_508' title='bbox 1272 3658 1403 3715; x_wconf 90' lang='lat' dir='ltr'><strong>dicit</strong></span> <span class='ocrx_word' id='word_1_509' title='bbox 1432 3658 1600 3714; x_wconf 87' lang='lat' dir='ltr'><strong>Filius</strong></span> <span class='ocrx_word' id='word_1_510' title='bbox 1631 3675 1643 3711; x_wconf 89' lang='lat'><strong>:</strong></span> <span class='ocrx_word' id='word_1_511' title='bbox 1687 3654 1794 3712; x_wconf 89' lang='lat' dir='ltr'><strong><em>Ille</em></strong></span> <span class='ocrx_word' id='word_1_512' title='bbox 1818 3672 1899 3711; x_wconf 88' lang='lat' dir='ltr'><strong>me</strong></span> <span class='ocrx_word' id='word_1_513' title='bbox 1928 3656 2122 3724; x_wconf 86' lang='lat' dir='ltr'><strong>clari/i-</strong></span> 
     </span>
    </p>
   </div>
   <div class='ocr_carea' id='block_1_67' title="bbox 601 3812 1928 3881">
    <p class='ocr_par' dir='ltr' id='par_1_67' title="bbox 601 3812 1928 3881">
     <span class='ocr_line' id='line_1_67' title="bbox 601 3812 1928 3881; baseline -0.009 -1"><span class='ocrx_word' id='word_1_514' title='bbox 601 3833 627 3862; x_wconf 78' lang='grc' dir='ltr'>ι</span> <span class='ocrx_word' id='word_1_515' title='bbox 665 3819 917 3879; x_wconf 86' lang='lat' dir='ltr'><strong>Nonnulli</strong></span> <span class='ocrx_word' id='word_1_516' title='bbox 948 3831 1107 3879; x_wconf 90' lang='lat' dir='ltr'><strong>mss.,</strong></span> <span class='ocrx_word' id='word_1_517' title='bbox 1129 3825 1177 3872; x_wconf 89' lang='lat' dir='ltr'><strong>et</strong></span> <span class='ocrx_word' id='word_1_518' title='bbox 1196 3823 1451 3881; x_wconf 87' lang='lat' dir='ltr'><strong>mortuus,</strong></span> <span class='ocrx_word' id='word_1_519' title='bbox 1476 3828 1584 3868; x_wconf 90' lang='lat' dir='ltr'><strong>non</strong></span> <span class='ocrx_word' id='word_1_520' title='bbox 1611 3812 1743 3867; x_wconf 91' lang='lat' dir='ltr'><strong>satis</strong></span> <span class='ocrx_word' id='word_1_521' title='bbox 1762 3820 1928 3869; x_wconf 90' lang='lat' dir='ltr'><strong>recte.</strong></span> 
     </span>
    </p>
   </div>
   <div class='ocr_carea' id='block_1_68' title="bbox 596 3882 2128 3958">
    <p class='ocr_par' dir='ltr' id='par_1_68' title="bbox 596 3882 2128 3958">
     <span class='ocr_line' id='line_1_68' title="bbox 596 3882 2128 3958; baseline -0.018 -5"><span class='ocrx_word' id='word_1_522' title='bbox 596 3895 626 3933; x_wconf 73' lang='grc' dir='ltr'>ι’</span> <span class='ocrx_word' id='word_1_523' title='bbox 663 3894 795 3951; x_wconf 82' lang='lat' dir='ltr'><strong>Mss.</strong></span> <span class='ocrx_word' id='word_1_524' title='bbox 826 3891 1054 3958; x_wconf 84' lang='lat' dir='ltr'><strong>aliquot,</strong></span> <span class='ocrx_word' id='word_1_525' title='bbox 1086 3887 1150 3958; x_wconf 84' lang='lat' dir='ltr'><strong>de</strong></span> <span class='ocrx_word' id='word_1_526' title='bbox 1175 3886 1382 3958; x_wconf 85' lang='lat' dir='ltr'><strong>Spiritu</strong></span> <span class='ocrx_word' id='word_1_527' title='bbox 1410 3892 1614 3940; x_wconf 83' lang='lat' dir='ltr'><strong>sancto.</strong></span> <span class='ocrx_word' id='word_1_528' title='bbox 1655 3882 1798 3958; x_wconf 74' lang='lat' dir='ltr'><strong>Nam</strong></span> <span class='ocrx_word' id='word_1_529' title='bbox 1832 3885 1948 3958; x_wconf 82' lang='lat' dir='ltr'><strong>licet</strong></span> <span class='ocrx_word' id='word_1_530' title='bbox 1970 3884 2128 3955; x_wconf 72' lang='lat' dir='ltr'><strong>pleri-</strong></span> 
     </span>
    </p>
   </div>
   <div class='ocr_carea' id='block_1_69' title="bbox 528 3954 2127 4039">
    <p class='ocr_par' dir='ltr' id='par_1_69' title="bbox 528 3954 2127 4039">
     <span class='ocr_line' id='line_1_69' title="bbox 528 3954 2127 4039; baseline -0.01 -13"><span class='ocrx_word' id='word_1_531' title='bbox 528 3986 627 4039; x_wconf 89' lang='lat' dir='ltr'><strong>que</strong></span> <span class='ocrx_word' id='word_1_532' title='bbox 674 3954 1066 4039; x_wconf 69' lang='lat' dir='ltr'><strong>uanitabeant,</strong></span> <span class='ocrx_word' id='word_1_533' title='bbox 1113 3954 1327 4039; x_wconf 57' lang='lat' dir='ltr'><strong>Creticus</strong></span> <span class='ocrx_word' id='word_1_534' title='bbox 1372 3966 1716 4039; x_wconf 40' lang='grc' dir='ltr'><strong>μυηθῇ-εκ.</strong></span> <span class='ocrx_word' id='word_1_535' title='bbox 1756 3954 1894 4039; x_wconf 76' lang='lat' dir='ltr'><strong>Quid</strong></span> <span class='ocrx_word' id='word_1_536' title='bbox 1949 3954 2127 4039; x_wconf 74' lang='lat' dir='ltr'><strong>autem</strong></span> 
     </span>
    </p>
   </div>
   <div class='ocr_carea' id='block_1_70' title="bbox 527 4025 2126 4112">
    <p class='ocr_par' dir='ltr' id='par_1_70' title="bbox 527 4025 2126 4112">
     <span class='ocr_line' id='line_1_70' title="bbox 527 4025 2126 4112; baseline -0.011 -15"><span class='ocrx_word' id='word_1_537' title='bbox 527 4025 946 4112; x_wconf 63' lang='lat' dir='ltr'><strong>praepositiones</strong></span> <span class='ocrx_word' id='word_1_538' title='bbox 975 4025 1221 4112; x_wconf 53' lang='lat' dir='ltr'><strong>caerete</strong></span> <span class='ocrx_word' id='word_1_539' title='bbox 1245 4029 1475 4112; x_wconf 50' lang='lat' dir='ltr'><strong>inter&#39;se</strong></span> <span class='ocrx_word' id='word_1_540' title='bbox 1513 4025 1788 4112; x_wconf 50' lang='lat' dir='ltr'><strong>digerant,</strong></span> <span class='ocrx_word' id='word_1_541' title='bbox 1823 4028 2126 4112; x_wconf 51' lang='lat' dir='ltr'><strong>luettlenter</strong></span> 
     </span>
    </p>
   </div>
   <div class='ocr_carea' id='block_1_71' title="bbox 526 4097 2126 4183">
    <p class='ocr_par' dir='ltr' id='par_1_71' title="bbox 526 4097 2126 4183">
     <span class='ocr_line' id='line_1_71' title="bbox 526 4097 2126 4183; baseline -0.01 -15"><span class='ocrx_word' id='word_1_542' title='bbox 526 4097 764 4183; x_wconf 70' lang='lat' dir='ltr'><strong>explicat</strong></span> <span class='ocrx_word' id='word_1_543' title='bbox 789 4106 1123 4183; x_wconf 70' lang='lat' dir='ltr'><strong>Augustinus</strong></span> <span class='ocrx_word' id='word_1_544' title='bbox 1143 4102 1239 4157; x_wconf 89' lang='lat' dir='ltr'><strong>lib.</strong></span> <span class='ocrx_word' id='word_1_545' title='bbox 1261 4100 1331 4183; x_wconf 83' lang='lat' dir='ltr'><strong>de</strong></span> <span class='ocrx_word' id='word_1_546' title='bbox 1355 4098 1555 4183; x_wconf 74' lang='lat' dir='ltr'><strong>Natura</strong></span> <span class='ocrx_word' id='word_1_547' title='bbox 1586 4099 1741 4162; x_wconf 89' lang='lat' dir='ltr'><strong>Boni,</strong></span> <span class='ocrx_word' id='word_1_548' title='bbox 1771 4112 1892 4181; x_wconf 78' lang='lat' dir='ltr'><strong>cap.</strong></span> <span class='ocrx_word' id='word_1_549' title='bbox 1924 4099 2027 4183; x_wconf 61' lang='lat'><strong>27;</strong></span> <span class='ocrx_word' id='word_1_550' title='bbox 2054 4097 2126 4152; x_wconf 90' lang='lat' dir='ltr'><strong>ibi</strong></span> 
     </span>
    </p>
   </div>
   <div class='ocr_carea' id='block_1_72' title="bbox 524 4170 2130 4259">
    <p class='ocr_par' dir='ltr' id='par_1_72' title="bbox 524 4170 2130 4259">
     <span class='ocr_line' id='line_1_72' title="bbox 524 4170 2130 4259; baseline -0.011 -20"><span class='ocrx_word' id='word_1_551' title='bbox 524 4170 670 4259; x_wconf 80' lang='lat' dir='ltr'><strong>enim</strong></span> <span class='ocrx_word' id='word_1_552' title='bbox 727 4180 831 4235; x_wconf 89' lang='lat' dir='ltr'><strong>hoc</strong></span> <span class='ocrx_word' id='word_1_553' title='bbox 876 4170 1126 4259; x_wconf 51' lang='lat' dir='ltr'><strong>Apostoli</strong></span> <span class='ocrx_word' id='word_1_554' title='bbox 1160 4180 1335 4259; x_wconf 74' lang='lat' dir='ltr'><strong>_textu</strong></span> <span class='ocrx_word' id='word_1_555' title='bbox 1380 4171 1642 4259; x_wconf 48' lang='lat' dir='ltr'><strong>quoniani</strong></span> <span class='ocrx_word' id='word_1_556' title='bbox 1677 4170 1908 4259; x_wconf 33' lang='lat' dir='ltr'><strong>exhipso.</strong></span> <span class='ocrx_word' id='word_1_557' title='bbox 1935 4179 1984 4225; x_wconf 89' lang='lat' dir='ltr'><strong>et</strong></span> <span class='ocrx_word' id='word_1_558' title='bbox 2037 4185 2130 4259; x_wconf 68' lang='lat' dir='ltr'><strong>per</strong></span> 
     </span>
    </p>
   </div>
   <div class='ocr_carea' id='block_1_73' title="bbox 523 4241 2119 4324">
    <p class='ocr_par' dir='ltr' id='par_1_73' title="bbox 523 4241 2119 4324">
     <span class='ocr_line' id='line_1_73' title="bbox 523 4241 2119 4324; baseline -0.009 -15"><span class='ocrx_word' id='word_1_559' title='bbox 523 4256 717 4324; x_wconf 88' lang='lat' dir='ltr'><strong>ipsum,</strong></span> <span class='ocrx_word' id='word_1_560' title='bbox 754 4261 890 4315; x_wconf 91' lang='lat' dir='ltr'><strong>etc.,</strong></span> <span class='ocrx_word' id='word_1_561' title='bbox 931 4241 984 4302; x_wconf 84' lang='lat' dir='ltr'><strong>in</strong></span> <span class='ocrx_word' id='word_1_562' title='bbox 1036 4241 1811 4324; x_wconf 45' lang='lat' dir='ltr'><strong>ManichaeosJirtiposito,.ita</strong></span> <span class='ocrx_word' id='word_1_563' title='bbox 1855 4241 2119 4324; x_wconf 52' lang='lat' dir='ltr'><strong>disserit;</strong></span> 
     </span>
    </p>
   </div>
   <div class='ocr_carea' id='block_1_74' title="bbox 528 4312 2125 4393">
    <p class='ocr_par' dir='ltr' id='par_1_74' title="bbox 528 4312 2125 4393">
     <span class='ocr_line' id='line_1_74' title="bbox 528 4312 2125 4393; baseline -0.009 -13"><span class='ocrx_word' id='word_1_564' title='bbox 528 4312 608 4380; x_wconf 75' lang='lat' dir='ltr'><strong>Ex</strong></span> <span class='ocrx_word' id='word_1_565' title='bbox 640 4312 759 4393; x_wconf 81' lang='lat' dir='ltr'><strong>ipso</strong></span> <span class='ocrx_word' id='word_1_566' title='bbox 785 4312 954 4374; x_wconf 86' lang='lat' dir='ltr'><strong>autem</strong></span> <span class='ocrx_word' id='word_1_567' title='bbox 982 4333 1085 4371; x_wconf 88' lang='lat' dir='ltr'><strong>non</strong></span> <span class='ocrx_word' id='word_1_568' title='bbox 1111 4318 1207 4370; x_wconf 86' lang='lat' dir='ltr'><strong>Itoc</strong></span> <span class='ocrx_word' id='word_1_569' title='bbox 1227 4312 1508 4393; x_wconf 72' lang='lat' dir='ltr'><strong>signiﬁcat,</strong></span> <span class='ocrx_word' id='word_1_570' title='bbox 1543 4312 1678 4384; x_wconf 86' lang='lat' dir='ltr'><strong>quod</strong></span> <span class='ocrx_word' id='word_1_571' title='bbox 1700 4312 1770 4367; x_wconf 89' lang='lat' dir='ltr'><strong>de</strong></span> <span class='ocrx_word' id='word_1_572' title='bbox 1797 4313 1935 4380; x_wconf 90' lang='lat' dir='ltr'><strong>ipso.</strong></span> <span class='ocrx_word' id='word_1_573' title='bbox 1974 4312 2125 4380; x_wconf 83' lang='lat' dir='ltr'><strong>Quod</strong></span> 
     </span>
    </p>
   </div>
   <div class='ocr_carea' id='block_1_75' title="bbox 529 4384 2128 4476">
    <p class='ocr_par' dir='ltr' id='par_1_75' title="bbox 529 4384 2128 4476">
     <span class='ocr_line' id='line_1_75' title="bbox 529 4384 2128 4476; baseline -0.007 -26"><span class='ocrx_word' id='word_1_574' title='bbox 529 4384 750 4450; x_wconf 45' lang='lat' dir='ltr'><strong>enim-de</strong></span> <span class='ocrx_word' id='word_1_575' title='bbox 772 4394 887 4476; x_wconf 83' lang='lat' dir='ltr'><strong>ipso</strong></span> <span class='ocrx_word' id='word_1_576' title='bbox 912 4399 1007 4453; x_wconf 90' lang='lat' dir='ltr'><strong>est,</strong></span> <span class='ocrx_word' id='word_1_577' title='bbox 1047 4396 1212 4456; x_wconf 84' lang='lat' dir='ltr'><strong>potest</strong></span> <span class='ocrx_word' id='word_1_578' title='bbox 1229 4384 1350 4476; x_wconf 55' lang='lat' dir='ltr'><strong>Jdici</strong></span> <span class='ocrx_word' id='word_1_579' title='bbox 1376 4400 1441 4439; x_wconf 81' lang='lat' dir='ltr'><strong>ea:</strong></span> <span class='ocrx_word' id='word_1_580' title='bbox 1453 4384 1582 4476; x_wconf 53' lang='lat' dir='ltr'><strong>Jipso</strong></span> <span class='ocrx_word' id='word_1_581' title='bbox 1606 4402 1624 4438; x_wconf 90' lang='lat'><strong><em>:</em></strong></span> <span class='ocrx_word' id='word_1_582' title='bbox 1650 4393 1953 4476; x_wconf 54' lang='lat' dir='ltr'><strong>nonnautem</strong></span> <span class='ocrx_word' id='word_1_583' title='bbox 1980 4399 2128 4467; x_wconf 73' lang='lat' dir='ltr'><strong>omne</strong></span> 
     </span>
    </p>
   </div>
   <div class='ocr_carea' id='block_1_76' title="bbox 527 4453 2129 4538">
    <p class='ocr_par' dir='ltr' id='par_1_76' title="bbox 527 4453 2129 4538">
     <span class='ocr_line' id='line_1_76' title="bbox 527 4453 2129 4538; baseline -0.007 -17"><span class='ocrx_word' id='word_1_584' title='bbox 527 4466 665 4538; x_wconf 86' lang='lat' dir='ltr'><strong>quod</strong></span> <span class='ocrx_word' id='word_1_585' title='bbox 693 4480 754 4519; x_wconf 85' lang='lat' dir='ltr'><strong>ea:</strong></span> <span class='ocrx_word' id='word_1_586' title='bbox 789 4453 907 4530; x_wconf 83' lang='lat' dir='ltr'><strong>ipso</strong></span> <span class='ocrx_word' id='word_1_587' title='bbox 933 4468 1027 4525; x_wconf 86' lang='lat' dir='ltr'><strong>est,</strong></span> <span class='ocrx_word' id='word_1_588' title='bbox 1049 4453 1192 4538; x_wconf 66' lang='lat' dir='ltr'><strong>recte</strong></span> <span class='ocrx_word' id='word_1_589' title='bbox 1220 4456 1411 4538; x_wconf 72' lang='lat' dir='ltr'><strong>dicitur</strong></span> <span class='ocrx_word' id='word_1_590' title='bbox 1445 4453 1509 4509; x_wconf 87' lang='lat' dir='ltr'><strong>de</strong></span> <span class='ocrx_word' id='word_1_591' title='bbox 1546 4457 1680 4526; x_wconf 86' lang='lat' dir='ltr'><strong>ipso.</strong></span> <span class='ocrx_word' id='word_1_592' title='bbox 1729 4453 1814 4538; x_wconf 81' lang='lat' dir='ltr'><strong>Ea:</strong></span> <span class='ocrx_word' id='word_1_593' title='bbox 1844 4456 1958 4538; x_wconf 75' lang='lat' dir='ltr'><strong>ipso</strong></span> <span class='ocrx_word' id='word_1_594' title='bbox 1985 4456 2129 4538; x_wconf 73' lang='lat' dir='ltr'><strong>enim</strong></span> 
     </span>
    </p>
   </div>
   <div class='ocr_carea' id='block_1_77' title="bbox 527 4528 2126 4600">
    <p class='ocr_par' dir='ltr' id='par_1_77' title="bbox 527 4528 2126 4600">
     <span class='ocr_line' id='line_1_77' title="bbox 527 4528 2126 4600; baseline -0.008 -7"><span class='ocrx_word' id='word_1_595' title='bbox 527 4528 713 4593; x_wconf 67' lang='lat' dir='ltr'><strong>coelum</strong></span> <span class='ocrx_word' id='word_1_596' title='bbox 732 4544 778 4589; x_wconf 91' lang='lat' dir='ltr'><strong>et</strong></span> <span class='ocrx_word' id='word_1_597' title='bbox 810 4528 976 4596; x_wconf 79' lang='lat' dir='ltr'><strong>terra,</strong></span> <span class='ocrx_word' id='word_1_598' title='bbox 1001 4530 1124 4599; x_wconf 88' lang='lat' dir='ltr'><strong>quia</strong></span> <span class='ocrx_word' id='word_1_599' title='bbox 1142 4529 1253 4596; x_wconf 86' lang='lat' dir='ltr'><strong>ipse</strong></span> <span class='ocrx_word' id='word_1_600' title='bbox 1280 4528 1400 4600; x_wconf 78' lang='lat' dir='ltr'><strong>fecit</strong></span> <span class='ocrx_word' id='word_1_601' title='bbox 1430 4543 1491 4582; x_wconf 90' lang='lat' dir='ltr'><strong><em>ea</em></strong></span> <span class='ocrx_word' id='word_1_602' title='bbox 1515 4542 1668 4600; x_wconf 86' lang='lat' dir='ltr'><strong>:_uon</strong></span> <span class='ocrx_word' id='word_1_603' title='bbox 1687 4537 1859 4600; x_wconf 86' lang='lat' dir='ltr'><strong>autem</strong></span> <span class='ocrx_word' id='word_1_604' title='bbox 1888 4528 1951 4600; x_wconf 84' lang='lat' dir='ltr'><strong>de</strong></span> <span class='ocrx_word' id='word_1_605' title='bbox 1978 4528 2126 4596; x_wconf 87' lang='lat' dir='ltr'><strong>ipso;</strong></span> 
     </span>
    </p>
   </div>
   <div class='ocr_carea' id='block_1_78' title="bbox 528 4598 2127 4678">
    <p class='ocr_par' dir='ltr' id='par_1_78' title="bbox 528 4598 2127 4678">
     <span class='ocr_line' id='line_1_78' title="bbox 528 4598 2127 4678; baseline -0.006 -16"><span class='ocrx_word' id='word_1_606' title='bbox 528 4609 649 4678; x_wconf 90' lang='lat' dir='ltr'><strong>quia</strong></span> <span class='ocrx_word' id='word_1_607' title='bbox 680 4623 787 4678; x_wconf 75' lang='lat' dir='ltr'><strong>non</strong></span> <span class='ocrx_word' id='word_1_608' title='bbox 817 4603 883 4678; x_wconf 83' lang='lat' dir='ltr'><strong>de</strong></span> <span class='ocrx_word' id='word_1_609' title='bbox 908 4598 1191 4678; x_wconf 73' lang='lat' dir='ltr'><strong>substantia</strong></span> <span class='ocrx_word' id='word_1_610' title='bbox 1238 4598 1371 4674; x_wconf 85' lang='lat' dir='ltr'><strong>ejus,</strong></span> <span class='ocrx_word' id='word_1_611' title='bbox 1402 4608 1512 4678; x_wconf 73' lang='lat' dir='ltr'><strong>etc.</strong></span> <span class='ocrx_word' id='word_1_612' title='bbox 1542 4598 1676 4678; x_wconf 78' lang='lat' dir='ltr'><strong>Item</strong></span> <span class='ocrx_word' id='word_1_613' title='bbox 1723 4598 1777 4652; x_wconf 91' lang='lat' dir='ltr'><strong>in</strong></span> <span class='ocrx_word' id='word_1_614' title='bbox 1810 4598 1959 4654; x_wconf 81' lang='lat' dir='ltr'><strong>Actis</strong></span> <span class='ocrx_word' id='word_1_615' title='bbox 2004 4612 2127 4678; x_wconf 62' lang='lat' dir='ltr'><strong>cuin</strong></span> 
     </span>
    </p>
   </div>
   <div class='ocr_carea' id='block_1_79' title="bbox 530 4669 2130 4740">
    <p class='ocr_par' dir='ltr' id='par_1_79' title="bbox 530 4669 2130 4740">
     <span class='ocr_line' id='line_1_79' title="bbox 530 4669 2130 4740; baseline -0.005 -6"><span class='ocrx_word' id='word_1_616' title='bbox 530 4669 716 4735; x_wconf 74' lang='lat' dir='ltr'><strong>Felice</strong></span> <span class='ocrx_word' id='word_1_617' title='bbox 747 4675 1045 4733; x_wconf 66' lang='lat' dir='ltr'><strong>Manichaee</strong></span> <span class='ocrx_word' id='word_1_618' title='bbox 1079 4672 1173 4726; x_wconf 87' lang='lat' dir='ltr'><strong>lib.</strong></span> <span class='ocrx_word' id='word_1_619' title='bbox 1207 4669 1272 4737; x_wconf 68' lang='grc' dir='ltr'><strong>ιι,</strong></span> <span class='ocrx_word' id='word_1_620' title='bbox 1294 4686 1416 4726; x_wconf 89' lang='lat' dir='ltr'><strong>cum</strong></span> <span class='ocrx_word' id='word_1_621' title='bbox 1442 4669 1740 4740; x_wconf 71' lang='lat' dir='ltr'><strong>hzereticus</strong></span> <span class='ocrx_word' id='word_1_622' title='bbox 1764 4680 2032 4740; x_wconf 65' lang='lat' dir='ltr'><strong>quaareret</strong></span> <span class='ocrx_word' id='word_1_623' title='bbox 2062 4670 2130 4726; x_wconf 90' lang='lat' dir='ltr'><strong>de</strong></span> 
     </span>
    </p>
   </div>
   <div class='ocr_carea' id='block_1_80' title="bbox 529 4738 2129 4812">
    <p class='ocr_par' dir='ltr' id='par_1_80' title="bbox 529 4738 2129 4812">
     <span class='ocr_line' id='line_1_80' title="bbox 529 4738 2129 4812; baseline -0.006 -7"><span class='ocrx_word' id='word_1_624' title='bbox 529 4752 708 4806; x_wconf 89' lang='lat' dir='ltr'><strong>anima</strong></span> <span class='ocrx_word' id='word_1_625' title='bbox 741 4745 991 4802; x_wconf 85' lang='lat' dir='ltr'><strong>rationali</strong></span> <span class='ocrx_word' id='word_1_626' title='bbox 1040 4755 1213 4797; x_wconf 83' lang='lat' dir='ltr'><strong>utrum</strong></span> <span class='ocrx_word' id='word_1_627' title='bbox 1244 4759 1356 4798; x_wconf 85' lang='lat' dir='ltr'><strong>vere</strong></span> <span class='ocrx_word' id='word_1_628' title='bbox 1400 4758 1464 4797; x_wconf 80' lang='lat' dir='ltr'><strong>ea:</strong></span> <span class='ocrx_word' id='word_1_629' title='bbox 1501 4738 1613 4795; x_wconf 88' lang='lat' dir='ltr'><strong>Deo</strong></span> <span class='ocrx_word' id='word_1_630' title='bbox 1644 4750 1717 4796; x_wconf 86' lang='lat' dir='ltr'><strong>est</strong></span> <span class='ocrx_word' id='word_1_631' title='bbox 1739 4742 1764 4797; x_wconf 88' lang='lat'><strong><em>?</em></strong></span> <span class='ocrx_word' id='word_1_632' title='bbox 1788 4738 2129 4812; x_wconf 73' lang='lat' dir='ltr'><strong>Augustinus</strong></span> 
     </span>
    </p>
   </div>
   <div class='ocr_carea' id='block_1_81' title="bbox 531 4812 2130 4885">
    <p class='ocr_par' dir='ltr' id='par_1_81' title="bbox 531 4812 2130 4885">
     <span class='ocr_line' id='line_1_81' title="bbox 531 4812 2130 4885; baseline -0.006 -8"><span class='ocrx_word' id='word_1_633' title='bbox 531 4822 696 4877; x_wconf 79' lang='lat' dir='ltr'><strong>dixit:</strong></span> <span class='ocrx_word' id='word_1_634' title='bbox 720 4818 805 4875; x_wconf 75' lang='lat' dir='ltr'><em>Ex</em></span> <span class='ocrx_word' id='word_1_635' title='bbox 835 4817 964 4885; x_wconf 88' lang='lat' dir='ltr'><strong>Deo,</strong></span> <span class='ocrx_word' id='word_1_636' title='bbox 994 4833 1097 4871; x_wconf 84' lang='lat' dir='ltr'><strong>non</strong></span> <span class='ocrx_word' id='word_1_637' title='bbox 1125 4815 1188 4868; x_wconf 88' lang='lat' dir='ltr'><strong>de</strong></span> <span class='ocrx_word' id='word_1_638' title='bbox 1214 4812 1746 4869; x_wconf 84' lang='lat' dir='ltr'><strong>Deo.Verumtatnen</strong></span> <span class='ocrx_word' id='word_1_639' title='bbox 1780 4828 1886 4868; x_wconf 88' lang='lat' dir='ltr'><strong>n0n</strong></span> <span class='ocrx_word' id='word_1_640' title='bbox 1910 4828 2130 4885; x_wconf 80' lang='lat' dir='ltr'><strong>semper</strong></span> 
     </span>
    </p>
   </div>
   <div class='ocr_carea' id='block_1_82' title="bbox 532 4884 2128 4958">
    <p class='ocr_par' dir='ltr' id='par_1_82' title="bbox 532 4884 2128 4958">
     <span class='ocr_line' id='line_1_82' title="bbox 532 4884 2128 4958; baseline -0.008 -8"><span class='ocrx_word' id='word_1_641' title='bbox 532 4909 595 4950; x_wconf 87' lang='lat' dir='ltr'><strong>ca</strong></span> <span class='ocrx_word' id='word_1_642' title='bbox 625 4890 918 4949; x_wconf 85' lang='lat' dir='ltr'><strong>severitate</strong></span> <span class='ocrx_word' id='word_1_643' title='bbox 942 4884 1240 4958; x_wconf 87' lang='lat' dir='ltr'><strong>loquuntur</strong></span> <span class='ocrx_word' id='word_1_644' title='bbox 1270 4884 1397 4958; x_wconf 85' lang='lat' dir='ltr'><strong>boni</strong></span> <span class='ocrx_word' id='word_1_645' title='bbox 1430 4894 1703 4958; x_wconf 84' lang='lat' dir='ltr'><strong>auctores,</strong></span> <span class='ocrx_word' id='word_1_646' title='bbox 1739 4894 1792 4938; x_wconf 91' lang='lat' dir='ltr'><strong>at</strong></span> <span class='ocrx_word' id='word_1_647' title='bbox 1823 4884 2128 4958; x_wconf 66' lang='lat' dir='ltr'><strong>promiscue</strong></span> 
     </span>
    </p>
   </div>
   <div class='ocr_carea' id='block_1_83' title="bbox 532 4956 2130 5034">
    <p class='ocr_par' dir='ltr' id='par_1_83' title="bbox 532 4956 2130 5034">
     <span class='ocr_line' id='line_1_83' title="bbox 532 4956 2130 5034; baseline -0.007 -12"><span class='ocrx_word' id='word_1_648' title='bbox 532 4964 836 5034; x_wconf 67' lang='lat' dir='ltr'><strong>eodemque</strong></span> <span class='ocrx_word' id='word_1_649' title='bbox 854 4956 1143 5017; x_wconf 57' lang='lat' dir='ltr'><strong>sensu&#39;has</strong></span> <span class='ocrx_word' id='word_1_650' title='bbox 1174 4956 1468 5034; x_wconf 77' lang='lat' dir='ltr'><strong>particulas</strong></span> <span class='ocrx_word' id='word_1_651' title='bbox 1500 4956 1699 5025; x_wconf 89' lang='lat' dir='ltr'><strong>passim</strong></span> <span class='ocrx_word' id='word_1_652' title='bbox 1733 4964 2018 5034; x_wconf 73' lang='lat' dir='ltr'><strong>usurpant.</strong></span> <span class='ocrx_word' id='word_1_653' title='bbox 2062 4956 2130 5011; x_wconf 91' lang='lat' dir='ltr'><strong>Et</strong></span> 
     </span>
    </p>
   </div>
   <div class='ocr_carea' id='block_1_84' title="bbox 531 5026 2125 5103">
    <p class='ocr_par' dir='ltr' id='par_1_84' title="bbox 531 5026 2125 5103">
     <span class='ocr_line' id='line_1_84' title="bbox 531 5026 2125 5103; baseline -0.006 -11"><span class='ocrx_word' id='word_1_654' title='bbox 531 5051 667 5092; x_wconf 89' lang='lat' dir='ltr'><strong>sane</strong></span> <span class='ocrx_word' id='word_1_655' title='bbox 695 5026 763 5091; x_wconf 66' lang='lat' dir='ltr'><strong>in&#39;</strong></span> <span class='ocrx_word' id='word_1_656' title='bbox 791 5032 1016 5103; x_wconf 81' lang='lat' dir='ltr'><strong>Vulgata</strong></span> <span class='ocrx_word' id='word_1_657' title='bbox 1056 5026 1335 5092; x_wconf 80' lang='lat' dir='ltr'><strong>versione,</strong></span> <span class='ocrx_word' id='word_1_658' title='bbox 1365 5028 1455 5103; x_wconf 81' lang='lat' dir='ltr'><strong>ubi</strong></span> <span class='ocrx_word' id='word_1_659' title='bbox 1497 5043 1594 5103; x_wconf 77' lang='lat' dir='ltr'><strong>par</strong></span> <span class='ocrx_word' id='word_1_660' title='bbox 1619 5037 1703 5083; x_wconf 87' lang='grc' dir='ltr'><strong>εει</strong></span> <span class='ocrx_word' id='word_1_661' title='bbox 1729 5026 2125 5103; x_wconf 61' lang='lat' dir='ltr'><strong>religiosiorem</strong></span> 
     </span>
    </p>
   </div>
   <div class='ocr_carea' id='block_1_85' title="bbox 535 5097 2128 5169">
    <p class='ocr_par' dir='ltr' id='par_1_85' title="bbox 535 5097 2128 5169">
     <span class='ocr_line' id='line_1_85' title="bbox 535 5097 2128 5169; baseline -0.008 -4"><span class='ocrx_word' id='word_1_662' title='bbox 535 5123 660 5165; x_wconf 87' lang='lat' dir='ltr'><strong>esse</strong></span> <span class='ocrx_word' id='word_1_663' title='bbox 691 5097 923 5162; x_wconf 60' lang='lat' dir='ltr'><strong>tralato?</strong></span> <span class='ocrx_word' id='word_1_664' title='bbox 942 5111 1171 5159; x_wconf 87' lang='lat' dir='ltr'><strong>cunctos</strong></span> <span class='ocrx_word' id='word_1_665' title='bbox 1198 5114 1371 5169; x_wconf 87' lang='lat' dir='ltr'><strong>prope</strong></span> <span class='ocrx_word' id='word_1_666' title='bbox 1401 5098 1551 5169; x_wconf 77' lang='lat' dir='ltr'><strong>locos</strong></span> <span class='ocrx_word' id='word_1_667' title='bbox 1579 5097 1631 5152; x_wconf 91' lang='lat' dir='ltr'><strong>in</strong></span> <span class='ocrx_word' id='word_1_668' title='bbox 1663 5099 1859 5168; x_wconf 83' lang='lat' dir='ltr'><strong>quibus</strong></span> <span class='ocrx_word' id='word_1_669' title='bbox 1883 5101 1938 5153; x_wconf 82' lang='grc' dir='ltr'><em>ἐκ</em></span> <span class='ocrx_word' id='word_1_670' title='bbox 1950 5098 2128 5154; x_wconf 83' lang='lat' dir='ltr'><strong>Graeci</strong></span> 
     </span>
    </p>
   </div>
   <div class='ocr_carea' id='block_1_86' title="bbox 534 5168 2125 5242">
    <p class='ocr_par' dir='ltr' id='par_1_86' title="bbox 534 5168 2125 5242">
     <span class='ocr_line' id='line_1_86' title="bbox 534 5168 2125 5242; baseline -0.007 -7"><span class='ocrx_word' id='word_1_671' title='bbox 534 5180 752 5235; x_wconf 87' lang='lat' dir='ltr'><strong>codices</strong></span> <span class='ocrx_word' id='word_1_672' title='bbox 783 5176 1003 5238; x_wconf 87' lang='lat' dir='ltr'><strong>habent,</strong></span> <span class='ocrx_word' id='word_1_673' title='bbox 1029 5187 1124 5242; x_wconf 89' lang='lat' dir='ltr'><strong>per</strong></span> <span class='ocrx_word' id='word_1_674' title='bbox 1146 5168 1211 5224; x_wconf 83' lang='lat' dir='ltr'><strong>de</strong></span> <span class='ocrx_word' id='word_1_675' title='bbox 1238 5168 1491 5242; x_wconf 83' lang='lat' dir='ltr'><strong>reddidit.</strong></span> <span class='ocrx_word' id='word_1_676' title='bbox 1519 5168 1633 5224; x_wconf 90' lang='lat' dir='ltr'><strong>lmo</strong></span> <span class='ocrx_word' id='word_1_677' title='bbox 1657 5184 1789 5242; x_wconf 85' lang='lat' dir='ltr'><strong>vero</strong></span> <span class='ocrx_word' id='word_1_678' title='bbox 1818 5171 2125 5225; x_wconf 86' lang='lat' dir='ltr'><strong>cautionem</strong></span> 
     </span>
    </p>
   </div>
   <div class='ocr_carea' id='block_1_87' title="bbox 536 5240 2126 5316">
    <p class='ocr_par' dir='ltr' id='par_1_87' title="bbox 536 5240 2126 5316">
     <span class='ocr_line' id='line_1_87' title="bbox 536 5240 2126 5316; baseline -0.006 -10"><span class='ocrx_word' id='word_1_679' title='bbox 536 5251 679 5306; x_wconf 88' lang='lat' dir='ltr'><strong>hanc</strong></span> <span class='ocrx_word' id='word_1_680' title='bbox 705 5240 1108 5316; x_wconf 84' lang='lat' dir='ltr'><strong>nonnumquam</strong></span> <span class='ocrx_word' id='word_1_681' title='bbox 1132 5240 1455 5316; x_wconf 78' lang='lat' dir='ltr'><strong>Ambrosius</strong></span> <span class='ocrx_word' id='word_1_682' title='bbox 1481 5240 1881 5316; x_wconf 77' lang='lat' dir='ltr'><strong>ipseneglexit,</strong></span> <span class='ocrx_word' id='word_1_683' title='bbox 1898 5250 1958 5296; x_wconf 90' lang='lat' dir='ltr'><strong>ut</strong></span> <span class='ocrx_word' id='word_1_684' title='bbox 1977 5243 2126 5316; x_wconf 82' lang='lat' dir='ltr'><strong>vide-</strong></span> 
     </span>
    </p>
   </div>
   <div class='ocr_carea' id='block_1_88' title="bbox 531 5311 2127 5388">
    <p class='ocr_par' dir='ltr' id='par_1_88' title="bbox 531 5311 2127 5388">
     <span class='ocr_line' id='line_1_88' title="bbox 531 5311 2127 5388; baseline -0.006 -10"><span class='ocrx_word' id='word_1_685' title='bbox 531 5322 678 5378; x_wconf 87' lang='lat' dir='ltr'><strong>bitur</strong></span> <span class='ocrx_word' id='word_1_686' title='bbox 697 5320 834 5376; x_wconf 84' lang='lat' dir='ltr'><strong>inira</strong></span> <span class='ocrx_word' id='word_1_687' title='bbox 849 5311 1043 5388; x_wconf 48' lang='lat' dir='ltr'><strong>capit),</strong></span> <span class='ocrx_word' id='word_1_688' title='bbox 1072 5327 1228 5388; x_wconf 68' lang='lat' dir='ltr'><strong>num.</strong></span> <span class='ocrx_word' id='word_1_689' title='bbox 1251 5311 1321 5388; x_wconf 60' lang='grc' dir='ltr'><strong>ἐμ</strong></span> <span class='ocrx_word' id='word_1_690' title='bbox 1343 5320 1399 5388; x_wconf 82' lang='lat' dir='ltr'><strong>et</strong></span> <span class='ocrx_word' id='word_1_691' title='bbox 1418 5324 1536 5378; x_wconf 91' lang='lat' dir='ltr'><strong>seq.</strong></span> <span class='ocrx_word' id='word_1_692' title='bbox 1556 5325 1571 5362; x_wconf 87' lang='lat'><strong>:</strong></span> <span class='ocrx_word' id='word_1_693' title='bbox 1599 5311 1671 5365; x_wconf 88' lang='lat' dir='ltr'><strong>ibi</strong></span> <span class='ocrx_word' id='word_1_694' title='bbox 1692 5313 1915 5388; x_wconf 77' lang='lat' dir='ltr'><strong>enimut</strong></span> <span class='ocrx_word' id='word_1_695' title='bbox 1937 5313 2127 5388; x_wconf 85' lang='lat' dir='ltr'><strong>probet</strong></span> 
     </span>
    </p>
   </div>
   <div class='ocr_carea' id='block_1_89' title="bbox 532 5382 2127 5461">
    <p class='ocr_par' dir='ltr' id='par_1_89' title="bbox 532 5382 2127 5461">
     <span class='ocr_line' id='line_1_89' title="bbox 532 5382 2127 5461; baseline -0.004 -16"><span class='ocrx_word' id='word_1_696' title='bbox 532 5406 697 5447; x_wconf 87' lang='lat' dir='ltr'><strong>voces</strong></span> <span class='ocrx_word' id='word_1_697' title='bbox 721 5406 784 5446; x_wconf 77' lang='lat' dir='ltr'><strong>ea:</strong></span> <span class='ocrx_word' id='word_1_698' title='bbox 808 5382 934 5461; x_wconf 46' lang='lat' dir='ltr'><strong>ipso:</strong></span> <span class='ocrx_word' id='word_1_699' title='bbox 947 5387 1110 5461; x_wconf 81' lang='lat' dir='ltr'><strong>etiam</strong></span> <span class='ocrx_word' id='word_1_700' title='bbox 1138 5382 1363 5452; x_wconf 90' lang='lat' dir='ltr'><strong>Spiritui</strong></span> <span class='ocrx_word' id='word_1_701' title='bbox 1394 5388 1582 5461; x_wconf 80' lang='lat' dir='ltr'><strong>sancto</strong></span> <span class='ocrx_word' id='word_1_702' title='bbox 1625 5382 1954 5461; x_wconf 57' lang='lat' dir='ltr'><strong>convenire,</strong></span> <span class='ocrx_word' id='word_1_703' title='bbox 1976 5386 2127 5461; x_wconf 77' lang='lat' dir='ltr'><strong>testi-</strong></span> 
     </span>
    </p>
   </div>
   <div class='ocr_carea' id='block_1_90' title="bbox 534 5453 2119 5530">
    <p class='ocr_par' dir='ltr' id='par_1_90' title="bbox 534 5453 2119 5530">
     <span class='ocr_line' id='line_1_90' title="bbox 534 5453 2119 5530; baseline -0.004 -13"><span class='ocrx_word' id='word_1_704' title='bbox 534 5464 714 5517; x_wconf 89' lang='lat' dir='ltr'><strong>monia</strong></span> <span class='ocrx_word' id='word_1_705' title='bbox 743 5462 796 5515; x_wconf 92' lang='lat' dir='ltr'><strong>in</strong></span> <span class='ocrx_word' id='word_1_706' title='bbox 822 5453 1111 5530; x_wconf 78' lang='lat' dir='ltr'><strong>quibus_de</strong></span> <span class='ocrx_word' id='word_1_707' title='bbox 1153 5468 1251 5530; x_wconf 80' lang='lat' dir='ltr'><strong>pro</strong></span> <span class='ocrx_word' id='word_1_708' title='bbox 1279 5468 1342 5507; x_wconf 78' lang='lat' dir='ltr'><strong>ea:</strong></span> <span class='ocrx_word' id='word_1_709' title='bbox 1369 5453 1605 5530; x_wconf 61' lang='lat' dir='ltr'><strong>ponitur,</strong></span> <span class='ocrx_word' id='word_1_710' title='bbox 1639 5453 1839 5530; x_wconf 76' lang='lat' dir='ltr'><strong>passim</strong></span> <span class='ocrx_word' id='word_1_711' title='bbox 1870 5455 2119 5522; x_wconf 90' lang='lat' dir='ltr'><strong>adhibet;</strong></span> 
     </span>
    </p>
   </div>
   <div class='ocr_carea' id='block_1_91' title="bbox 532 5521 2121 5599">
    <p class='ocr_par' dir='ltr' id='par_1_91' title="bbox 532 5521 2121 5599">
     <span class='ocr_line' id='line_1_91' title="bbox 532 5521 2121 5599; baseline -0.003 -14"><span class='ocrx_word' id='word_1_712' title='bbox 532 5542 589 5585; x_wconf 86' lang='grc' dir='ltr'><strong>ει</strong></span> <span class='ocrx_word' id='word_1_713' title='bbox 615 5546 776 5599; x_wconf 87' lang='lat' dir='ltr'><strong>supra</strong></span> <span class='ocrx_word' id='word_1_714' title='bbox 802 5521 951 5585; x_wconf 72' lang='lat' dir='ltr'><strong>num.</strong></span> <span class='ocrx_word' id='word_1_715' title='bbox 982 5526 1052 5583; x_wconf 89' lang='lat'><strong>88</strong></span> <span class='ocrx_word' id='word_1_716' title='bbox 1081 5521 1253 5580; x_wconf 75' lang='lat' dir='ltr'><strong>omnia</strong></span> <span class='ocrx_word' id='word_1_717' title='bbox 1276 5539 1385 5578; x_wconf 91' lang='lat' dir='ltr'><strong>esse</strong></span> <span class='ocrx_word' id='word_1_718' title='bbox 1413 5522 1475 5575; x_wconf 86' lang='lat' dir='ltr'><strong>de</strong></span> <span class='ocrx_word' id='word_1_719' title='bbox 1505 5521 1729 5591; x_wconf 80' lang='lat' dir='ltr'><strong>Spiritu,</strong></span> <span class='ocrx_word' id='word_1_720' title='bbox 1763 5524 1965 5580; x_wconf 89' lang='lat' dir='ltr'><strong>diserte</strong></span> <span class='ocrx_word' id='word_1_721' title='bbox 1991 5521 2121 5596; x_wconf 48' lang='lat' dir='ltr'><strong>pro;</strong></span> 
     </span>
    </p>
   </div>
   <div class='ocr_carea' id='block_1_92' title="bbox 531 5603 2123 5737">
    <p class='ocr_par' dir='ltr' id='par_1_92' title="bbox 531 5603 2123 5737">
     <span class='ocr_line' id='line_1_92' title="bbox 531 5603 2123 5737; baseline 0.002 -18"><span class='ocrx_word' id='word_1_722' title='bbox 531 5603 890 5737; x_wconf 43' lang='lat' dir='ltr'><strong>“litatum</strong></span> <span class='ocrx_word' id='word_1_723' title='bbox 919 5681 1073 5730; x_wconf 88' lang='lat' dir='ltr'><strong>mss.,</strong></span> <span class='ocrx_word' id='word_1_724' title='bbox 1126 5665 1298 5723; x_wconf 86' lang='lat' dir='ltr'><strong>Simul</strong></span> <span class='ocrx_word' id='word_1_725' title='bbox 1342 5680 1471 5737; x_wconf 7' lang='lat' dir='ltr'><strong>cum,</strong></span> <span class='ocrx_word' id='word_1_726' title='bbox 1494 5665 1713 5720; x_wconf 89' lang='lat' dir='ltr'><strong>creatori</strong></span> <span class='ocrx_word' id='word_1_727' title='bbox 1736 5665 1977 5721; x_wconf 87' lang='lat' dir='ltr'><strong>admonet</strong></span> <span class='ocrx_word' id='word_1_728' title='bbox 2017 5685 2123 5722; x_wconf 85' lang='lat' dir='ltr'><strong>ser-</strong></span> 
     </span>
    </p>
   </div>
   <div class='ocr_carea' id='block_1_93' title="bbox 536 5736 2122 5809">
    <p class='ocr_par' dir='ltr' id='par_1_93' title="bbox 536 5736 2122 5809">
     <span class='ocr_line' id='line_1_93' title="bbox 536 5736 2122 5809; baseline 0.001 -15"><span class='ocrx_word' id='word_1_729' title='bbox 536 5736 799 5805; x_wconf 80' lang='lat' dir='ltr'><strong>viendum,</strong></span> <span class='ocrx_word' id='word_1_730' title='bbox 829 5738 1151 5809; x_wconf 78' lang='lat' dir='ltr'><strong>damnandos</strong></span> <span class='ocrx_word' id='word_1_731' title='bbox 1181 5753 1266 5792; x_wconf 88' lang='lat' dir='ltr'><strong>eos</strong></span> <span class='ocrx_word' id='word_1_732' title='bbox 1293 5736 1536 5809; x_wconf 83' lang='lat' dir='ltr'><strong>ostendit,</strong></span> <span class='ocrx_word' id='word_1_733' title='bbox 1562 5737 1750 5808; x_wconf 87' lang='lat' dir='ltr'><strong>qui....</strong></span> <span class='ocrx_word' id='word_1_734' title='bbox 1786 5737 1852 5792; x_wconf 83' lang='lat' dir='ltr'><strong>Et</strong></span> <span class='ocrx_word' id='word_1_735' title='bbox 1879 5739 2122 5809; x_wconf 86' lang='lat' dir='ltr'><strong>quoniam</strong></span> 
     </span>
    </p>
   </div>
   <div class='ocr_carea' id='block_1_94' title="bbox 530 5807 1617 5877">
    <p class='ocr_par' dir='ltr' id='par_1_94' title="bbox 530 5807 1617 5877">
     <span class='ocr_line' id='line_1_94' title="bbox 530 5807 1617 5877; baseline -0.005 -8"><span class='ocrx_word' id='word_1_736' title='bbox 530 5819 729 5869; x_wconf 79' lang='lat' dir='ltr'><strong>creator</strong></span> <span class='ocrx_word' id='word_1_737' title='bbox 750 5818 828 5863; x_wconf 88' lang='lat' dir='ltr'><strong>est</strong></span> <span class='ocrx_word' id='word_1_738' title='bbox 853 5807 1101 5877; x_wconf 87' lang='lat' dir='ltr'><strong>Spiritus,</strong></span> <span class='ocrx_word' id='word_1_739' title='bbox 1126 5824 1221 5863; x_wconf 86' lang='lat' dir='ltr'><strong>nos</strong></span> <span class='ocrx_word' id='word_1_740' title='bbox 1246 5807 1484 5874; x_wconf 85' lang='lat' dir='ltr'><strong>addocet,</strong></span> <span class='ocrx_word' id='word_1_741' title='bbox 1509 5807 1617 5865; x_wconf 88' lang='lat' dir='ltr'><strong>etc.</strong></span> 
     </span>
    </p>
   </div>
   <div class='ocr_carea' id='block_1_95' title="bbox 2227 3278 3784 3356">
    <p class='ocr_par' dir='ltr' id='par_1_95' title="bbox 2227 3278 3784 3356">
     <span class='ocr_line' id='line_1_95' title="bbox 2227 3278 3784 3356; baseline 0.002 -20"><span class='ocrx_word' id='word_1_742' title='bbox 2227 3278 2439 3337; x_wconf 87' lang='lat' dir='ltr'><strong>honore</strong></span> <span class='ocrx_word' id='word_1_743' title='bbox 2477 3280 2879 3347; x_wconf 86' lang='lat' dir='ltr'><strong>venerandum;</strong></span> <span class='ocrx_word' id='word_1_744' title='bbox 2914 3283 3038 3354; x_wconf 87' lang='lat' dir='ltr'><strong>quia</strong></span> <span class='ocrx_word' id='word_1_745' title='bbox 3085 3284 3346 3356; x_wconf 89' lang='lat' dir='ltr'><strong>scriptum</strong></span> <span class='ocrx_word' id='word_1_746' title='bbox 3375 3294 3500 3342; x_wconf 87' lang='lat' dir='ltr'><strong>est:</strong></span> <span class='ocrx_word' id='word_1_747' title='bbox 3540 3284 3784 3340; x_wconf 70' lang='lat' dir='ltr'><strong>Donum</strong></span> 
     </span>
    </p>
   </div>
   <div class='ocr_carea' id='block_1_96' title="bbox 2228 3371 3781 3451">
    <p class='ocr_par' dir='ltr' id='par_1_96' title="bbox 2228 3371 3781 3451">
     <span class='ocr_line' id='line_1_96' title="bbox 2228 3371 3781 3451; baseline 0.003 -25"><span class='ocrx_word' id='word_1_748' title='bbox 2228 3371 2398 3429; x_wconf 88' lang='lat' dir='ltr'><strong>Deum</strong></span> <span class='ocrx_word' id='word_1_749' title='bbox 2416 3383 2562 3429; x_wconf 85' lang='lat' dir='ltr'><strong>tuum</strong></span> <span class='ocrx_word' id='word_1_750' title='bbox 2582 3374 2845 3439; x_wconf 89' lang='lat' dir='ltr'><strong>adorabis,</strong></span> <span class='ocrx_word' id='word_1_751' title='bbox 2864 3384 2912 3430; x_wconf 91' lang='lat' dir='ltr'><strong>et</strong></span> <span class='ocrx_word' id='word_1_752' title='bbox 2937 3376 3038 3448; x_wconf 91' lang='lat' dir='ltr'><strong>ipsi</strong></span> <span class='ocrx_word' id='word_1_753' title='bbox 3054 3377 3152 3432; x_wconf 88' lang='lat' dir='ltr'><strong>soli</strong></span> <span class='ocrx_word' id='word_1_754' title='bbox 3178 3377 3586 3451; x_wconf 77' lang='lat' dir='ltr'><strong>servies(llattlt.</strong></span> <span class='ocrx_word' id='word_1_755' title='bbox 3609 3375 3781 3447; x_wconf 68' lang='lat'><strong>“.10).</strong></span> 
     </span>
    </p>
   </div>
   <div class='ocr_carea' id='block_1_97' title="bbox 2751 3466 3313 3541">
    <p class='ocr_par' dir='ltr' id='par_1_97' title="bbox 2751 3466 3313 3541">
     <span class='ocr_line' id='line_1_97' title="bbox 2751 3466 3313 3541; baseline 0 -17"><span class='ocrx_word' id='word_1_756' title='bbox 2751 3466 2913 3541; x_wconf 63' lang='lat'><strong>35.3</strong></span> <span class='ocrx_word' id='word_1_757' title='bbox 2950 3466 3182 3527; x_wconf 82' lang='lat' dir='ltr'><strong>CAPUT</strong></span> <span class='ocrx_word' id='word_1_758' title='bbox 3222 3469 3313 3526; x_wconf 86' lang='lat' dir='ltr'><strong>v1.</strong></span> 
     </span>
    </p>
   </div>
   <div class='ocr_carea' id='block_1_98' title="bbox 2239 3559 3783 3636">
    <p class='ocr_par' dir='ltr' id='par_1_98' title="bbox 2239 3559 3783 3636">
     <span class='ocr_line' id='line_1_98' title="bbox 2239 3559 3783 3636; baseline 0 -18"><span class='ocrx_word' id='word_1_759' title='bbox 2239 3559 2618 3636; x_wconf 84' lang='lat' dir='ltr'><strong>Objicientibus</strong></span> <span class='ocrx_word' id='word_1_760' title='bbox 2639 3578 2703 3617; x_wconf 71' lang='lat' dir='ltr'><strong>ex</strong></span> <span class='ocrx_word' id='word_1_761' title='bbox 2720 3563 2888 3617; x_wconf 81' lang='lat' dir='ltr'><strong>verbis</strong></span> <span class='ocrx_word' id='word_1_762' title='bbox 2908 3562 3065 3619; x_wconf 86' lang='lat' dir='ltr'><strong>Amos</strong></span> <span class='ocrx_word' id='word_1_763' title='bbox 3093 3565 3263 3619; x_wconf 88' lang='lat' dir='ltr'><strong>creari</strong></span> <span class='ocrx_word' id='word_1_764' title='bbox 3293 3563 3569 3635; x_wconf 84' lang='lat' dir='ltr'><strong>Spiritum,</strong></span> <span class='ocrx_word' id='word_1_765' title='bbox 3614 3564 3783 3633; x_wconf 80' lang='lat' dir='ltr'><strong>reponi—</strong></span> 
     </span>
    </p>
   </div>
   <div class='ocr_carea' id='block_1_99' title="bbox 2300 3657 3783 3732">
    <p class='ocr_par' dir='ltr' id='par_1_99' title="bbox 2300 3657 3783 3732">
     <span class='ocr_line' id='line_1_99' title="bbox 2300 3657 3783 3732; baseline -0.001 -20"><span class='ocrx_word' id='word_1_766' title='bbox 2300 3668 2383 3713; x_wconf 87' lang='lat' dir='ltr'><strong>tur</strong></span> <span class='ocrx_word' id='word_1_767' title='bbox 2402 3658 2537 3713; x_wconf 85' lang='lat' dir='ltr'><strong>hanc</strong></span> <span class='ocrx_word' id='word_1_768' title='bbox 2550 3673 2722 3713; x_wconf 83' lang='lat' dir='ltr'><strong>vocem</strong></span> <span class='ocrx_word' id='word_1_769' title='bbox 2737 3657 2845 3713; x_wconf 88' lang='lat' dir='ltr'><strong>illic</strong></span> <span class='ocrx_word' id='word_1_770' title='bbox 2860 3658 3247 3731; x_wconf 80' lang='lat' dir='ltr'><strong>intelligendam</strong></span> <span class='ocrx_word' id='word_1_771' title='bbox 3266 3659 3329 3714; x_wconf 90' lang='lat' dir='ltr'><strong>de</strong></span> <span class='ocrx_word' id='word_1_772' title='bbox 3344 3668 3513 3728; x_wconf 81' lang='lat' dir='ltr'><strong>vento,</strong></span> <span class='ocrx_word' id='word_1_773' title='bbox 3529 3660 3612 3732; x_wconf 82' lang='lat' dir='ltr'><strong>qui</strong></span> <span class='ocrx_word' id='word_1_774' title='bbox 3629 3658 3783 3729; x_wconf 71' lang='lat' dir='ltr'><strong>sapius</strong></span> 
     </span>
    </p>
   </div>
   <div class='ocr_carea' id='block_1_100' title="bbox 2301 3812 3782 3898">
    <p class='ocr_par' dir='ltr' id='par_1_100' title="bbox 2301 3812 3782 3898">
     <span class='ocr_line' id='line_1_100' title="bbox 2301 3812 3782 3898; baseline 0.005 -28"><span class='ocrx_word' id='word_1_775' title='bbox 2301 3812 2329 3853; x_wconf 75' lang='grc' dir='ltr'>τι</span> <span class='ocrx_word' id='word_1_776' title='bbox 2362 3814 2436 3871; x_wconf 88' lang='lat' dir='ltr'><strong>lta</strong></span> <span class='ocrx_word' id='word_1_777' title='bbox 2458 3830 2618 3898; x_wconf 40' lang='lat' dir='ltr'><strong>&quot;mss.</strong></span> <span class='ocrx_word' id='word_1_778' title='bbox 2667 3827 2912 3898; x_wconf 75' lang='lat' dir='ltr'><strong>septem;</strong></span> <span class='ocrx_word' id='word_1_779' title='bbox 2944 3834 3155 3898; x_wconf 60' lang='lat' dir='ltr'><strong>omnes</strong></span> <span class='ocrx_word' id='word_1_780' title='bbox 3188 3822 3531 3898; x_wconf 35' lang='lat' dir='ltr'><strong>autemﬂedit.</strong></span> <span class='ocrx_word' id='word_1_781' title='bbox 3561 3839 3619 3880; x_wconf 92' lang='lat' dir='ltr'><strong>ac</strong></span> <span class='ocrx_word' id='word_1_782' title='bbox 3651 3826 3782 3898; x_wconf 82' lang='lat' dir='ltr'><strong>pauci</strong></span> 
     </span>
    </p>
   </div>
   <div class='ocr_carea' id='block_1_101' title="bbox 2231 3887 3781 3971">
    <p class='ocr_par' dir='ltr' id='par_1_101' title="bbox 2231 3887 3781 3971">
     <span class='ocr_line' id='line_1_101' title="bbox 2231 3887 3781 3971; baseline 0.006 -29"><span class='ocrx_word' id='word_1_783' title='bbox 2231 3900 2397 3971; x_wconf 64' lang='lat' dir='ltr'><strong>mss.,</strong></span> <span class='ocrx_word' id='word_1_784' title='bbox 2452 3887 2681 3971; x_wconf 69' lang='lat' dir='ltr'><strong>Spiritui</strong></span> <span class='ocrx_word' id='word_1_785' title='bbox 2720 3888 2863 3971; x_wconf 61' lang='lat' dir='ltr'><strong>Deo;</strong></span> <span class='ocrx_word' id='word_1_786' title='bbox 2909 3889 3001 3946; x_wconf 90' lang='lat' dir='ltr'><strong>alii</strong></span> <span class='ocrx_word' id='word_1_787' title='bbox 3032 3891 3482 3971; x_wconf 78' lang='lat' dir='ltr'><strong>denique__adhuc</strong></span> <span class='ocrx_word' id='word_1_788' title='bbox 3522 3887 3781 3971; x_wconf 70' lang='lat' dir='ltr'><strong>pauciores.</strong></span> 
     </span>
    </p>
   </div>
   <div class='ocr_carea' id='block_1_102' title="bbox 2233 3957 3785 4032">
    <p class='ocr_par' dir='ltr' id='par_1_102' title="bbox 2233 3957 3785 4032">
     <span class='ocr_line' id='line_1_102' title="bbox 2233 3957 3785 4032; baseline 0.008 -22"><span class='ocrx_word' id='word_1_789' title='bbox 2233 3957 2594 4032; x_wconf 19' lang='lat' dir='ltr'><strong>Spirituibeo.</strong></span> <span class='ocrx_word' id='word_1_790' title='bbox 2627 3962 2965 4032; x_wconf 82' lang='lat' dir='ltr'><strong>Augustinus</strong></span> <span class='ocrx_word' id='word_1_791' title='bbox 3001 3957 3219 4031; x_wconf 82' lang='lat' dir='ltr'><strong>quidem</strong></span> <span class='ocrx_word' id='word_1_792' title='bbox 3251 3964 3350 4019; x_wconf 91' lang='lat' dir='ltr'><strong>lib.</strong></span> <span class='ocrx_word' id='word_1_793' title='bbox 3388 3981 3470 4032; x_wconf 88' lang='grc' dir='ltr'>ιιι,</span> <span class='ocrx_word' id='word_1_794' title='bbox 3509 3957 3644 4022; x_wconf 78' lang='lat' dir='ltr'><strong>éont.</strong></span> <span class='ocrx_word' id='word_1_795' title='bbox 3677 3966 3785 4022; x_wconf 75' lang='lat' dir='ltr'><strong>duas</strong></span> 
     </span>
    </p>
   </div>
   <div class='ocr_carea' id='block_1_103' title="bbox 2232 4029 3786 4102">
    <p class='ocr_par' dir='ltr' id='par_1_103' title="bbox 2232 4029 3786 4102">
     <span class='ocr_line' id='line_1_103' title="bbox 2232 4029 3786 4102; baseline 0.005 -18"><span class='ocrx_word' id='word_1_796' title='bbox 2232 4029 2410 4102; x_wconf 76' lang='lat' dir='ltr'><strong>Epist.</strong></span> <span class='ocrx_word' id='word_1_797' title='bbox 2438 4031 2646 4101; x_wconf 85' lang='lat' dir='ltr'><strong>Pelag.,</strong></span> <span class='ocrx_word' id='word_1_798' title='bbox 2676 4029 2799 4100; x_wconf 75' lang='lat' dir='ltr'><strong>cap.</strong></span> <span class='ocrx_word' id='word_1_799' title='bbox 2832 4034 2886 4101; x_wconf 91' lang='lat'><strong>7,</strong></span> <span class='ocrx_word' id='word_1_800' title='bbox 2918 4029 3031 4089; x_wconf 83' lang='lat' dir='ltr'><strong>tres</strong></span> <span class='ocrx_word' id='word_1_801' title='bbox 3054 4034 3279 4102; x_wconf 89' lang='lat' dir='ltr'><strong>hujusce</strong></span> <span class='ocrx_word' id='word_1_802' title='bbox 3310 4035 3416 4093; x_wconf 92' lang='lat' dir='ltr'><strong>loci</strong></span> <span class='ocrx_word' id='word_1_803' title='bbox 3445 4029 3689 4095; x_wconf 81' lang='lat' dir='ltr'><strong>lectiones</strong></span> <span class='ocrx_word' id='word_1_804' title='bbox 3713 4051 3786 4091; x_wconf 83' lang='lat' dir='ltr'><strong>re-</strong></span> 
     </span>
    </p>
   </div>
   <div class='ocr_carea' id='block_1_104' title="bbox 2232 4100 3782 4175">
    <p class='ocr_par' dir='ltr' id='par_1_104' title="bbox 2232 4100 3782 4175">
     <span class='ocr_line' id='line_1_104' title="bbox 2232 4100 3782 4175; baseline 0.006 -21"><span class='ocrx_word' id='word_1_805' title='bbox 2232 4100 2356 4175; x_wconf 71' lang='grc' dir='ltr'>[ει-ι,</span> <span class='ocrx_word' id='word_1_806' title='bbox 2385 4101 2480 4175; x_wconf 89' lang='lat' dir='ltr'><strong>sed</strong></span> <span class='ocrx_word' id='word_1_807' title='bbox 2506 4100 2673 4175; x_wconf 79' lang='lat' dir='ltr'><strong>quam</strong></span> <span class='ocrx_word' id='word_1_808' title='bbox 2717 4103 2838 4175; x_wconf 88' lang='lat' dir='ltr'><strong>aliis</strong></span> <span class='ocrx_word' id='word_1_809' title='bbox 2875 4100 3267 4175; x_wconf 63' lang='lat' dir='ltr'><strong>praeferendam</strong></span> <span class='ocrx_word' id='word_1_810' title='bbox 3303 4118 3475 4175; x_wconf 90' lang='lat' dir='ltr'><strong>putet,</strong></span> <span class='ocrx_word' id='word_1_811' title='bbox 3506 4127 3608 4166; x_wconf 88' lang='lat' dir='ltr'><strong>non</strong></span> <span class='ocrx_word' id='word_1_812' title='bbox 3646 4108 3782 4164; x_wconf 86' lang='lat' dir='ltr'><strong>addit.</strong></span> 
     </span>
    </p>
   </div>
   <div class='ocr_carea' id='block_1_105' title="bbox 2231 4171 3783 4250">
    <p class='ocr_par' dir='ltr' id='par_1_105' title="bbox 2231 4171 3783 4250">
     <span class='ocr_line' id='line_1_105' title="bbox 2231 4171 3783 4250; baseline 0.004 -22"><span class='ocrx_word' id='word_1_813' title='bbox 2231 4171 2430 4250; x_wconf 74' lang='lat' dir='ltr'><strong>Verum</strong></span> <span class='ocrx_word' id='word_1_814' title='bbox 2462 4173 2558 4250; x_wconf 83' lang='lat' dir='ltr'><strong>lib_.</strong></span> <span class='ocrx_word' id='word_1_815' title='bbox 2585 4191 2602 4228; x_wconf 92' lang='grc' dir='ltr'><strong>ι</strong></span> <span class='ocrx_word' id='word_1_816' title='bbox 2625 4175 2694 4250; x_wconf 82' lang='grc' dir='ltr'><strong>(Ιε</strong></span> <span class='ocrx_word' id='word_1_817' title='bbox 2716 4171 3060 4250; x_wconf 67' lang='lat' dir='ltr'><strong>Trinit._cap.</strong></span> <span class='ocrx_word' id='word_1_818' title='bbox 3095 4179 3151 4244; x_wconf 89' lang='lat'><strong>6,</strong></span> <span class='ocrx_word' id='word_1_819' title='bbox 3174 4178 3246 4250; x_wconf 14' lang='lat' dir='ltr'><strong>Ain</strong></span> <span class='ocrx_word' id='word_1_820' title='bbox 3276 4171 3529 4238; x_wconf 80' lang='lat' dir='ltr'><strong>omnibus</strong></span> <span class='ocrx_word' id='word_1_821' title='bbox 3568 4191 3650 4237; x_wconf 89' lang='lat' dir='ltr'><strong>aut</strong></span> <span class='ocrx_word' id='word_1_822' title='bbox 3674 4195 3783 4250; x_wconf 84' lang='lat' dir='ltr'><strong>pene</strong></span> 
     </span>
    </p>
   </div>
   <div class='ocr_carea' id='block_1_106' title="bbox 2230 4243 3781 4327">
    <p class='ocr_par' dir='ltr' id='par_1_106' title="bbox 2230 4243 3781 4327">
     <span class='ocr_line' id='line_1_106' title="bbox 2230 4243 3781 4327; baseline 0.006 -28"><span class='ocrx_word' id='word_1_823' title='bbox 2230 4243 2484 4327; x_wconf 78' lang='lat' dir='ltr'><strong>omnibus</strong></span> <span class='ocrx_word' id='word_1_824' title='bbox 2503 4244 2721 4327; x_wconf 67' lang='lat' dir='ltr'><strong>Graecis</strong></span> <span class='ocrx_word' id='word_1_825' title='bbox 2747 4243 3030 4327; x_wconf 62' lang='lat' dir='ltr'><strong>codicibus</strong></span> <span class='ocrx_word' id='word_1_826' title='bbox 3055 4257 3111 4304; x_wconf 91' lang='lat' dir='ltr'><strong>et</strong></span> <span class='ocrx_word' id='word_1_827' title='bbox 3133 4243 3380 4327; x_wconf 77' lang='lat' dir='ltr'><strong>pluribus</strong></span> <span class='ocrx_word' id='word_1_828' title='bbox 3410 4251 3608 4327; x_wconf 69' lang='lat' dir='ltr'><strong>Latinis</strong></span> <span class='ocrx_word' id='word_1_829' title='bbox 3628 4243 3781 4327; x_wconf 64' lang='lat' dir='ltr'><strong>observ</strong></span> 
     </span>
    </p>
   </div>
   <div class='ocr_carea' id='block_1_107' title="bbox 2233 4317 3782 4394">
    <p class='ocr_par' dir='ltr' id='par_1_107' title="bbox 2233 4317 3782 4394">
     <span class='ocr_line' id='line_1_107' title="bbox 2233 4317 3782 4394; baseline 0.005 -26"><span class='ocrx_word' id='word_1_830' title='bbox 2233 4326 2321 4370; x_wconf 89' lang='lat' dir='ltr'><strong>vat</strong></span> <span class='ocrx_word' id='word_1_831' title='bbox 2349 4317 2642 4394; x_wconf 67' lang='lat' dir='ltr'><strong>scriptum1</strong></span> <span class='ocrx_word' id='word_1_832' title='bbox 2662 4317 2893 4394; x_wconf 66' lang='lat' dir='ltr'><strong>Spiritui</strong></span> <span class='ocrx_word' id='word_1_833' title='bbox 2899 4317 2994 4373; x_wconf 88' lang='lat' dir='ltr'><strong>Dei</strong></span> <span class='ocrx_word' id='word_1_834' title='bbox 3008 4336 3028 4373; x_wconf 91' lang='lat'><strong><em>:</em></strong></span> <span class='ocrx_word' id='word_1_835' title='bbox 3049 4317 3194 4389; x_wconf 82' lang='lat' dir='ltr'><strong>quod</strong></span> <span class='ocrx_word' id='word_1_836' title='bbox 3217 4331 3401 4379; x_wconf 88' lang='lat' dir='ltr'><strong>autem</strong></span> <span class='ocrx_word' id='word_1_837' title='bbox 3432 4324 3484 4379; x_wconf 92' lang='lat' dir='ltr'><strong>in</strong></span> <span class='ocrx_word' id='word_1_838' title='bbox 3506 4323 3782 4394; x_wconf 81' lang='lat' dir='ltr'><strong>quibusdam</strong></span> 
     </span>
    </p>
   </div>
   <div class='ocr_carea' id='block_1_108' title="bbox 2235 4388 3782 4460">
    <p class='ocr_par' dir='ltr' id='par_1_108' title="bbox 2235 4388 3782 4460">
     <span class='ocr_line' id='line_1_108' title="bbox 2235 4388 3782 4460; baseline 0.005 -19"><span class='ocrx_word' id='word_1_839' title='bbox 2235 4388 2561 4460; x_wconf 88' lang='lat' dir='ltr'><strong>reperiatur,</strong></span> <span class='ocrx_word' id='word_1_840' title='bbox 2602 4389 2808 4460; x_wconf 88' lang='lat' dir='ltr'><strong>Spiritu</strong></span> <span class='ocrx_word' id='word_1_841' title='bbox 2852 4388 2983 4456; x_wconf 89' lang='lat' dir='ltr'><strong>Deo,</strong></span> <span class='ocrx_word' id='word_1_842' title='bbox 3027 4405 3274 4448; x_wconf 86' lang='lat' dir='ltr'><strong>errorem</strong></span> <span class='ocrx_word' id='word_1_843' title='bbox 3309 4409 3452 4451; x_wconf 89' lang='lat' dir='ltr'><strong>esse.</strong></span> <span class='ocrx_word' id='word_1_844' title='bbox 3486 4388 3614 4451; x_wconf 75' lang='lat' dir='ltr'><strong>Cum</strong></span> <span class='ocrx_word' id='word_1_845' title='bbox 3637 4404 3782 4450; x_wconf 70' lang='lat' dir='ltr'><strong>sulm</strong></span> 
     </span>
    </p>
   </div>
   <div class='ocr_carea' id='block_1_109' title="bbox 2237 4459 3782 4538">
    <p class='ocr_par' dir='ltr' id='par_1_109' title="bbox 2237 4459 3782 4538">
     <span class='ocr_line' id='line_1_109' title="bbox 2237 4459 3782 4538; baseline 0.006 -26"><span class='ocrx_word' id='word_1_846' title='bbox 2237 4459 2399 4538; x_wconf 79' lang='lat' dir='ltr'><strong>paulo</strong></span> <span class='ocrx_word' id='word_1_847' title='bbox 2434 4461 2961 4538; x_wconf 49' lang='grc' dir='ltr'><strong>⁸ιιιιιεηᾼιιιιπθείιιιιι</strong></span> <span class='ocrx_word' id='word_1_848' title='bbox 2998 4477 3127 4538; x_wconf 88' lang='lat' dir='ltr'><strong>_non</strong></span> <span class='ocrx_word' id='word_1_849' title='bbox 3177 4464 3411 4522; x_wconf 91' lang='lat' dir='ltr'><strong>obscure</strong></span> <span class='ocrx_word' id='word_1_850' title='bbox 3463 4467 3782 4538; x_wconf 69' lang='lat' dir='ltr'><strong>designarent</strong></span> 
     </span>
    </p>
   </div>
   <div class='ocr_carea' id='block_1_110' title="bbox 2234 4529 3782 4609">
    <p class='ocr_par' dir='ltr' id='par_1_110' title="bbox 2234 4529 3782 4609">
     <span class='ocr_line' id='line_1_110' title="bbox 2234 4529 3782 4609; baseline 0.004 -23"><span class='ocrx_word' id='word_1_851' title='bbox 2234 4529 2402 4601; x_wconf 91' lang='lat' dir='ltr'><strong>(quod</strong></span> <span class='ocrx_word' id='word_1_852' title='bbox 2434 4529 2754 4609; x_wconf 82' lang='lat' dir='ltr'><strong>intelligitur</strong></span> <span class='ocrx_word' id='word_1_853' title='bbox 2785 4548 2891 4609; x_wconf 85' lang='lat' dir='ltr'><strong>non</strong></span> <span class='ocrx_word' id='word_1_854' title='bbox 2933 4532 3109 4609; x_wconf 83' lang='lat' dir='ltr'><strong>solum</strong></span> <span class='ocrx_word' id='word_1_855' title='bbox 3141 4550 3207 4609; x_wconf 73' lang='lat' dir='ltr'><strong>ex</strong></span> <span class='ocrx_word' id='word_1_856' title='bbox 3242 4550 3311 4591; x_wconf 86' lang='lat' dir='ltr'><strong>eo</strong></span> <span class='ocrx_word' id='word_1_857' title='bbox 3339 4538 3485 4609; x_wconf 90' lang='lat' dir='ltr'><strong>quod</strong></span> <span class='ocrx_word' id='word_1_858' title='bbox 3514 4529 3608 4594; x_wconf 69' lang='lat' dir='ltr'><strong>hos</strong></span> <span class='ocrx_word' id='word_1_859' title='bbox 3647 4538 3782 4593; x_wconf 84' lang='lat' dir='ltr'><strong>libros</strong></span> 
     </span>
    </p>
   </div>
   <div class='ocr_carea' id='block_1_111' title="bbox 2232 4602 3781 4678">
    <p class='ocr_par' dir='ltr' id='par_1_111' title="bbox 2232 4602 3781 4678">
     <span class='ocr_line' id='line_1_111' title="bbox 2232 4602 3781 4678; baseline 0.004 -22"><span class='ocrx_word' id='word_1_860' title='bbox 2232 4611 2447 4678; x_wconf 75' lang='lat' dir='ltr'><strong>constat</strong></span> <span class='ocrx_word' id='word_1_861' title='bbox 2472 4602 2650 4678; x_wconf 72' lang='lat' dir='ltr'><strong>lectos</strong></span> <span class='ocrx_word' id='word_1_862' title='bbox 2684 4618 2807 4678; x_wconf 81' lang='lat' dir='ltr'><strong>esse</strong></span> <span class='ocrx_word' id='word_1_863' title='bbox 2833 4606 2902 4659; x_wconf 92' lang='lat' dir='ltr'><strong>ab</strong></span> <span class='ocrx_word' id='word_1_864' title='bbox 2945 4605 3136 4678; x_wconf 79' lang='lat' dir='ltr'><strong>eodem</strong></span> <span class='ocrx_word' id='word_1_865' title='bbox 3174 4602 3499 4678; x_wconf 67' lang='lat' dir='ltr'><strong>Augustino,</strong></span> <span class='ocrx_word' id='word_1_866' title='bbox 3539 4610 3626 4666; x_wconf 89' lang='lat' dir='ltr'><strong>sed</strong></span> <span class='ocrx_word' id='word_1_867' title='bbox 3651 4610 3781 4665; x_wconf 78' lang='lat' dir='ltr'><strong>etiam</strong></span> 
     </span>
    </p>
   </div>
   <div class='ocr_carea' id='block_1_112' title="bbox 2231 4672 3782 4753">
    <p class='ocr_par' dir='ltr' id='par_1_112' title="bbox 2231 4672 3782 4753">
     <span class='ocr_line' id='line_1_112' title="bbox 2231 4672 3782 4753; baseline 0.005 -27"><span class='ocrx_word' id='word_1_868' title='bbox 2231 4672 2373 4753; x_wconf 77' lang='lat' dir='ltr'><strong>quod</strong></span> <span class='ocrx_word' id='word_1_869' title='bbox 2402 4672 2593 4753; x_wconf 72' lang='lat' dir='ltr'><strong>eadem</strong></span> <span class='ocrx_word' id='word_1_870' title='bbox 2621 4674 2769 4729; x_wconf 84' lang='lat' dir='ltr'><strong>Pauli</strong></span> <span class='ocrx_word' id='word_1_871' title='bbox 2789 4686 2951 4748; x_wconf 88' lang='lat' dir='ltr'><strong>atque</strong></span> <span class='ocrx_word' id='word_1_872' title='bbox 2976 4676 3217 4753; x_wconf 68' lang='lat' dir='ltr'><strong>Matthaai</strong></span> <span class='ocrx_word' id='word_1_873' title='bbox 3236 4672 3564 4753; x_wconf 72' lang='lat' dir='ltr'><strong>testimonia,</strong></span> <span class='ocrx_word' id='word_1_874' title='bbox 3585 4697 3689 4753; x_wconf 59' lang='lat' dir='ltr'><strong>qua!</strong></span> <span class='ocrx_word' id='word_1_875' title='bbox 3707 4680 3782 4735; x_wconf 84' lang='lat' dir='ltr'><strong>hic</strong></span> 
     </span>
    </p>
   </div>
   <div class='ocr_carea' id='block_1_113' title="bbox 2231 4746 3778 4873">
    <p class='ocr_par' dir='ltr' id='par_1_113' title="bbox 2231 4746 3778 4873">
     <span class='ocr_line' id='line_1_113' title="bbox 2231 4746 3778 4873; baseline 0.004 -75"><span class='ocrx_word' id='word_1_876' title='bbox 2231 4747 2493 4828; x_wconf 75' lang='lat' dir='ltr'><strong>citantur,</strong></span> <span class='ocrx_word' id='word_1_877' title='bbox 2527 4746 2832 4873; x_wconf 56' lang='lat' dir='ltr'><strong>allegantur</strong></span> <span class='ocrx_word' id='word_1_878' title='bbox 2857 4746 3070 4819; x_wconf 85' lang='lat' dir='ltr'><strong>quoque</strong></span> <span class='ocrx_word' id='word_1_879' title='bbox 3106 4751 3158 4805; x_wconf 90' lang='lat' dir='ltr'><strong>in</strong></span> <span class='ocrx_word' id='word_1_880' title='bbox 3210 4751 3427 4808; x_wconf 86' lang='lat' dir='ltr'><strong>laudato</strong></span> <span class='ocrx_word' id='word_1_881' title='bbox 3457 4746 3625 4825; x_wconf 79' lang='lat' dir='ltr'><strong>capite</strong></span> <span class='ocrx_word' id='word_1_882' title='bbox 3657 4753 3732 4808; x_wconf 87' lang='lat' dir='ltr'><strong>lib.</strong></span> <span class='ocrx_word' id='word_1_883' title='bbox 3766 4766 3778 4804; x_wconf 86' lang='grc' dir='ltr'><strong>ι</strong></span> 
     </span>
     <span class='ocr_line' id='line_1_114' title="bbox 2231 4815 3777 4873; baseline 0.002 -3"><span class='ocrx_word' id='word_1_884' title='bbox 2231 4816 2300 4870; x_wconf 86' lang='lat' dir='ltr'><strong>de</strong></span> <span class='ocrx_word' id='word_1_885' title='bbox 2324 4815 2543 4873; x_wconf 73' lang='lat' dir='ltr'><strong>Trtmt.)</strong></span> <span class='ocrx_word' id='word_1_886' title='bbox 2565 4834 2614 4872; x_wconf 94' lang='lat' dir='ltr'><strong>tn</strong></span> <span class='ocrx_word' id='word_1_887' title='bbox 2657 4834 2687 4871; x_wconf 87' lang='lat' dir='ltr'><strong>c</strong></span> <span class='ocrx_word' id='word_1_888' title='bbox 2707 4819 2902 4873; x_wconf 79' lang='lat' dir='ltr'><strong>collnze</strong></span> <span class='ocrx_word' id='word_1_889' title='bbox 2923 4822 3355 4873; x_wconf 78' lang='lat' dir='ltr'><strong>corruntionem-</strong></span> <span class='ocrx_word' id='word_1_890' title='bbox 3375 4826 3531 4873; x_wconf 74' lang='lat' dir='ltr'><strong>cuius</strong></span> <span class='ocrx_word' id='word_1_891' title='bbox 3552 4822 3777 4873; x_wconf 73' lang='lat' dir='ltr'><strong>hmiiei.</strong></span> 
     </span>
    </p>
   </div>
   <div class='ocr_carea' id='block_1_114' title="bbox 2229 4815 3777 4909">
    <p class='ocr_par' dir='ltr' id='par_1_114' title="bbox 2229 4815 3777 4909">
     <span class='ocr_line' id='line_1_115' title="bbox 2229 4815 3777 4909; baseline -0.005 0"><span class='ocrx_word' id='word_1_892' title='bbox 2229 4815 2687 4909; x_wconf 43' lang='lat' dir='ltr'><strong>Efficiatur</strong></span> <span class='ocrx_word' id='word_1_893' title='bbox 2707 4815 3355 4909; x_wconf 56' lang='grc' dir='ltr'><strong>ξρὲιίεέθφὶῖτιξριίοειειην</strong></span> <span class='ocrx_word' id='word_1_894' title='bbox 3375 4815 3538 4909; x_wconf 58' lang='lat' dir='ltr'><strong>enini</strong></span> <span class='ocrx_word' id='word_1_895' title='bbox 3550 4822 3777 4909; x_wconf 54' lang='lat' dir='ltr'><strong>heretici.</strong></span> 
     </span>
    </p>
   </div>
   <div class='ocr_carea' id='block_1_115' title="bbox 2230 4884 3777 4966">
    <p class='ocr_par' dir='ltr' id='par_1_115' title="bbox 2230 4884 3777 4966">
     <span class='ocr_line' id='line_1_116' title="bbox 2230 4884 3777 4966; baseline 0.011 -26"><span class='ocrx_word' id='word_1_896' title='bbox 2230 4884 2416 4966; x_wconf 78' lang='lat' dir='ltr'><strong>Ariani</strong></span> <span class='ocrx_word' id='word_1_897' title='bbox 2438 4884 2672 4966; x_wconf 56' lang='lat' dir='ltr'><strong>scilicet,</strong></span> <span class='ocrx_word' id='word_1_898' title='bbox 2702 4889 2796 4966; x_wconf 78' lang='lat' dir='ltr'><strong>hic</strong></span> <span class='ocrx_word' id='word_1_899' title='bbox 2828 4884 3175 4966; x_wconf 47' lang='lat' dir='ltr'><strong>accusantur,</strong></span> <span class='ocrx_word' id='word_1_900' title='bbox 3205 4895 3258 4949; x_wconf 90' lang='lat' dir='ltr'><strong>in</strong></span> <span class='ocrx_word' id='word_1_901' title='bbox 3288 4884 3357 4951; x_wconf 81' lang='lat' dir='ltr'><strong>eo</strong></span> <span class='ocrx_word' id='word_1_902' title='bbox 3381 4884 3549 4954; x_wconf 81' lang='lat' dir='ltr'><strong>fuisse</strong></span> <span class='ocrx_word' id='word_1_903' title='bbox 3569 4884 3777 4966; x_wconf 51' lang='lat' dir='ltr'><strong>positam;</strong></span> 
     </span>
    </p>
   </div>
   <div class='ocr_carea' id='block_1_116' title="bbox 2229 4959 3779 5083">
    <p class='ocr_par' dir='ltr' id='par_1_116' title="bbox 2229 4959 3779 5083">
     <span class='ocr_line' id='line_1_117' title="bbox 2229 4959 3779 5083; baseline 0.005 -70"><span class='ocrx_word' id='word_1_904' title='bbox 2229 4959 2374 5083; x_wconf 53' lang='lat' dir='ltr'><strong>quod</strong></span> <span class='ocrx_word' id='word_1_905' title='bbox 2426 4974 2524 5030; x_wconf 90' lang='lat' dir='ltr'><strong>pro</strong></span> <span class='ocrx_word' id='word_1_906' title='bbox 2567 4961 2791 5044; x_wconf 75' lang='lat' dir='ltr'><strong>Spiritui</strong></span> <span class='ocrx_word' id='word_1_907' title='bbox 2835 4960 2954 5030; x_wconf 91' lang='lat' dir='ltr'><strong>Dei,</strong></span> <span class='ocrx_word' id='word_1_908' title='bbox 3004 4967 3369 5035; x_wconf 88' lang='lat' dir='ltr'><strong>reposuerint,</strong></span> <span class='ocrx_word' id='word_1_909' title='bbox 3414 4959 3607 5041; x_wconf 82' lang='lat' dir='ltr'><strong>Spiriiu</strong></span> <span class='ocrx_word' id='word_1_910' title='bbox 3648 4967 3779 5020; x_wconf 84' lang='lat' dir='ltr'><strong>Deo:</strong></span> 
     </span>
     <span class='ocr_line' id='line_1_118' title="bbox 2268 5030 3779 5083; baseline 0 0"><span class='ocrx_word' id='word_1_911' title='bbox 2268 5030 2427 5083; x_wconf 77' lang='lat' dir='ltr'><strong>elude</strong></span> <span class='ocrx_word' id='word_1_912' title='bbox 2469 5047 2598 5083; x_wconf 87' lang='lat' dir='ltr'><strong>vero</strong></span> <span class='ocrx_word' id='word_1_913' title='bbox 2628 5034 2920 5083; x_wconf 79' lang='lat' dir='ltr'><strong>lemtimam</strong></span> <span class='ocrx_word' id='word_1_914' title='bbox 2964 5051 3087 5083; x_wconf 73' lang='lat' dir='ltr'><strong>esse</strong></span> <span class='ocrx_word' id='word_1_915' title='bbox 3138 5039 3426 5083; x_wconf 69' lang='grc' dir='ltr'><strong>Ιρηιίηηρηι</strong></span> <span class='ocrx_word' id='word_1_916' title='bbox 3505 5054 3650 5083; x_wconf 74' lang='grc' dir='ltr'>ηιιειπι</span> <span class='ocrx_word' id='word_1_917' title='bbox 3683 5050 3779 5083; x_wconf 79' lang='lat' dir='ltr'><strong>am-</strong></span> 
     </span>
    </p>
   </div>
   <div class='ocr_carea' id='block_1_117' title="bbox 2268 5030 3780 5112">
    <p class='ocr_par' dir='ltr' id='par_1_117' title="bbox 2268 5030 3780 5112">
     <span class='ocr_line' id='line_1_119' title="bbox 2268 5030 3780 5112; baseline 0.005 -28"><span class='ocrx_word' id='word_1_918' title='bbox 2268 5030 2427 5112; x_wconf 75' lang='lat' dir='ltr'><strong>eiude</strong></span> <span class='ocrx_word' id='word_1_919' title='bbox 2469 5030 3087 5112; x_wconf 42' lang='lat' dir='ltr'><strong>vero;legit_i_mam_essé</strong></span> <span class='ocrx_word' id='word_1_920' title='bbox 3137 5030 3427 5112; x_wconf 75' lang='lat' dir='ltr'><strong>lectionem</strong></span> <span class='ocrx_word' id='word_1_921' title='bbox 3447 5030 3470 5107; x_wconf 89' lang='grc'>,’</span> <span class='ocrx_word' id='word_1_922' title='bbox 3505 5054 3650 5112; x_wconf 87' lang='lat' dir='ltr'><strong>quam</strong></span> <span class='ocrx_word' id='word_1_923' title='bbox 3683 5050 3780 5091; x_wconf 83' lang='lat' dir='ltr'><strong>aln-</strong></span> 
     </span>
    </p>
   </div>
   <div class='ocr_carea' id='block_1_118' title="bbox 2232 5101 3778 5185">
    <p class='ocr_par' dir='ltr' id='par_1_118' title="bbox 2232 5101 3778 5185">
     <span class='ocr_line' id='line_1_120' title="bbox 2232 5101 3778 5185; baseline 0.008 -31"><span class='ocrx_word' id='word_1_924' title='bbox 2232 5101 2537 5185; x_wconf 65' lang='lat' dir='ltr'><strong>plectimur.</strong></span> <span class='ocrx_word' id='word_1_925' title='bbox 2579 5101 2731 5185; x_wconf 43' lang='lat' dir='ltr'><strong>Nam.</strong></span> <span class='ocrx_word' id='word_1_926' title='bbox 2753 5107 2879 5161; x_wconf 92' lang='lat' dir='ltr'><strong>licet</strong></span> <span class='ocrx_word' id='word_1_927' title='bbox 2920 5107 3076 5163; x_wconf 89' lang='lat' dir='ltr'><strong>Eras.</strong></span> <span class='ocrx_word' id='word_1_928' title='bbox 3105 5110 3238 5185; x_wconf 81' lang='lat' dir='ltr'><strong>edit.</strong></span> <span class='ocrx_word' id='word_1_929' title='bbox 3270 5121 3339 5185; x_wconf 61' lang='lat' dir='ltr'><strong>et</strong></span> <span class='ocrx_word' id='word_1_930' title='bbox 3363 5101 3481 5183; x_wconf 84' lang='lat' dir='ltr'><strong>seq.</strong></span> <span class='ocrx_word' id='word_1_931' title='bbox 3513 5101 3611 5185; x_wconf 77' lang='lat' dir='ltr'><strong>non</strong></span> <span class='ocrx_word' id='word_1_932' title='bbox 3648 5120 3778 5185; x_wconf 78' lang='lat' dir='ltr'><strong>secus</strong></span> 
     </span>
    </p>
   </div>
   <div class='ocr_carea' id='block_1_119' title="bbox 2229 5175 3777 5252">
    <p class='ocr_par' dir='ltr' id='par_1_119' title="bbox 2229 5175 3777 5252">
     <span class='ocr_line' id='line_1_121' title="bbox 2229 5175 3777 5252; baseline 0.006 -26"><span class='ocrx_word' id='word_1_933' title='bbox 2229 5185 2292 5226; x_wconf 91' lang='lat' dir='ltr'><strong>ac</strong></span> <span class='ocrx_word' id='word_1_934' title='bbox 2319 5188 2450 5252; x_wconf 71' lang='lat' dir='ltr'><strong>mss.</strong></span> <span class='ocrx_word' id='word_1_935' title='bbox 2467 5175 2670 5252; x_wconf 83' lang='lat' dir='ltr'><strong>aliquot</strong></span> <span class='ocrx_word' id='word_1_936' title='bbox 2691 5175 2910 5234; x_wconf 74' lang='lat' dir='ltr'><strong>Grazcas</strong></span> <span class='ocrx_word' id='word_1_937' title='bbox 2936 5194 3099 5252; x_wconf 79' lang='lat' dir='ltr'><strong>voces</strong></span> <span class='ocrx_word' id='word_1_938' title='bbox 3126 5181 3198 5236; x_wconf 87' lang='lat' dir='ltr'><strong>ita</strong></span> <span class='ocrx_word' id='word_1_939' title='bbox 3227 5175 3481 5249; x_wconf 75' lang='lat' dir='ltr'><strong>eﬂ&#39;erani,</strong></span> <span class='ocrx_word' id='word_1_940' title='bbox 3502 5183 3546 5239; x_wconf 83' lang='lat' dir='ltr'><strong>oi</strong></span> <span class='ocrx_word' id='word_1_941' title='bbox 3566 5183 3777 5252; x_wconf 76' lang='grc' dir='ltr'><strong>Πνεύματι</strong></span> 
     </span>
    </p>
   </div>
   <div class='ocr_carea' id='block_1_120' title="bbox 2227 5246 3775 5321">
    <p class='ocr_par' dir='ltr' id='par_1_120' title="bbox 2227 5246 3775 5321">
     <span class='ocr_line' id='line_1_122' title="bbox 2227 5246 3775 5321; baseline 0.003 -22"><span class='ocrx_word' id='word_1_942' title='bbox 2227 5251 2337 5319; x_wconf 82' lang='grc' dir='ltr'><strong>Θεῷ</strong></span> <span class='ocrx_word' id='word_1_943' title='bbox 2365 5246 2717 5321; x_wconf 62' lang='grc' dir='ltr'><strong>λατρεύοντες,</strong></span> <span class='ocrx_word' id='word_1_944' title='bbox 2752 5259 2932 5305; x_wconf 90' lang='lat' dir='ltr'><strong>tamen</strong></span> <span class='ocrx_word' id='word_1_945' title='bbox 2970 5251 3151 5320; x_wconf 88' lang='lat' dir='ltr'><strong>plures</strong></span> <span class='ocrx_word' id='word_1_946' title='bbox 3180 5268 3312 5309; x_wconf 89' lang='lat' dir='ltr'><strong>mss.</strong></span> <span class='ocrx_word' id='word_1_947' title='bbox 3353 5266 3405 5309; x_wconf 91' lang='lat' dir='ltr'><strong>et</strong></span> <span class='ocrx_word' id='word_1_948' title='bbox 3438 5246 3643 5310; x_wconf 82' lang='lat' dir='ltr'><strong>Amerb.</strong></span> <span class='ocrx_word' id='word_1_949' title='bbox 3671 5246 3775 5305; x_wconf 78' lang='lat' dir='ltr'><strong>iso—</strong></span> 
     </span>
    </p>
   </div>
   <div class='ocr_carea' id='block_1_121' title="bbox 2230 5319 3777 5402">
    <p class='ocr_par' dir='ltr' id='par_1_121' title="bbox 2230 5319 3777 5402">
     <span class='ocr_line' id='line_1_123' title="bbox 2230 5319 3777 5402; baseline 0.006 -32"><span class='ocrx_word' id='word_1_950' title='bbox 2230 5319 2510 5402; x_wconf 59' lang='lat' dir='ltr'><strong>ttttttmodo</strong></span> <span class='ocrx_word' id='word_1_951' title='bbox 2559 5319 3154 5402; x_wconf 64' lang='lat' dir='ltr'><strong>exhibent,__ﬂvsdpart</strong></span> <span class='ocrx_word' id='word_1_952' title='bbox 3195 5325 3543 5402; x_wconf 51' lang='grc' dir='ltr'><strong>λατρεύοντες.</strong></span> <span class='ocrx_word' id='word_1_953' title='bbox 3582 5323 3697 5391; x_wconf 89' lang='lat' dir='ltr'><strong>Quin</strong></span> <span class='ocrx_word' id='word_1_954' title='bbox 3729 5330 3777 5373; x_wconf 61' lang='lat' dir='ltr'><strong>Gl</strong></span> 
     </span>
    </p>
   </div>
   <div class='ocr_carea' id='block_1_122' title="bbox 2226 5385 3771 5474">
    <p class='ocr_par' dir='ltr' id='par_1_122' title="bbox 2226 5385 3771 5474">
     <span class='ocr_line' id='line_1_124' title="bbox 2226 5385 3771 5474; baseline 0.002 -35"><span class='ocrx_word' id='word_1_955' title='bbox 2226 5385 2383 5474; x_wconf 47' lang='lat' dir='ltr'><strong>giras.</strong></span> <span class='ocrx_word' id='word_1_956' title='bbox 2416 5388 2530 5472; x_wconf 73' lang='lat' dir='ltr'><strong>ipse</strong></span> <span class='ocrx_word' id='word_1_957' title='bbox 2559 5385 3443 5474; x_wconf 68' lang='lat' dir='ltr'><strong>incujusedit.Ambrosianorum</strong></span> <span class='ocrx_word' id='word_1_958' title='bbox 3464 5385 3665 5474; x_wconf 73' lang='lat' dir='ltr'><strong>operum</strong></span> <span class='ocrx_word' id='word_1_959' title='bbox 3677 5405 3771 5474; x_wconf 65' lang='lat' dir='ltr'><strong>vox</strong></span> 
     </span>
    </p>
   </div>
   <div class='ocr_carea' id='block_1_123' title="bbox 2226 5463 3775 5533">
    <p class='ocr_par' dir='ltr' id='par_1_123' title="bbox 2226 5463 3775 5533">
     <span class='ocr_line' id='line_1_125' title="bbox 2226 5463 3775 5533; baseline 0.003 -20"><span class='ocrx_word' id='word_1_960' title='bbox 2226 5466 2336 5533; x_wconf 65' lang='grc' dir='ltr'><strong>Θεῷ</strong></span> <span class='ocrx_word' id='word_1_961' title='bbox 2363 5463 2591 5533; x_wconf 79' lang='lat' dir='ltr'><strong>primum</strong></span> <span class='ocrx_word' id='word_1_962' title='bbox 2623 5463 2840 5518; x_wconf 91' lang='lat' dir='ltr'><strong>inducta</strong></span> <span class='ocrx_word' id='word_1_963' title='bbox 2867 5474 2972 5532; x_wconf 88' lang='lat' dir='ltr'><strong>est,</strong></span> <span class='ocrx_word' id='word_1_964' title='bbox 3005 5467 3058 5521; x_wconf 94' lang='lat' dir='ltr'><strong>in</strong></span> <span class='ocrx_word' id='word_1_965' title='bbox 3098 5482 3195 5522; x_wconf 91' lang='lat' dir='ltr'><strong>sua</strong></span> <span class='ocrx_word' id='word_1_966' title='bbox 3224 5475 3406 5524; x_wconf 89' lang='lat' dir='ltr'><strong>tamen</strong></span> <span class='ocrx_word' id='word_1_967' title='bbox 3442 5463 3775 5525; x_wconf 76' lang='lat' dir='ltr'><strong>observatione</strong></span> 
     </span>
    </p>
   </div>
   <div class='ocr_carea' id='block_1_124' title="bbox 2224 5528 3776 5610">
    <p class='ocr_par' dir='ltr' id='par_1_124' title="bbox 2224 5528 3776 5610">
     <span class='ocr_line' id='line_1_126' title="bbox 2224 5528 3776 5610; baseline 0.004 -28"><span class='ocrx_word' id='word_1_968' title='bbox 2224 5528 2580 5610; x_wconf 63' lang='lat' dir='ltr'><strong>ad&#39;cumdegn</strong></span> <span class='ocrx_word' id='word_1_969' title='bbox 2605 5533 2850 5610; x_wconf 81' lang='lat' dir='ltr'><strong>Apostoli</strong></span> <span class='ocrx_word' id='word_1_970' title='bbox 2877 5528 3084 5610; x_wconf 55' lang='lat' dir='ltr'><strong>teritum</strong></span> <span class='ocrx_word' id='word_1_971' title='bbox 3113 5540 3363 5610; x_wconf 88' lang='lat' dir='ltr'><strong>agnoscit</strong></span> <span class='ocrx_word' id='word_1_972' title='bbox 3386 5542 3658 5597; x_wconf 85' lang='lat' dir='ltr'><strong>lectionem</strong></span> <span class='ocrx_word' id='word_1_973' title='bbox 3694 5547 3776 5589; x_wconf 90' lang='lat' dir='ltr'><strong>no-</strong></span> 
     </span>
    </p>
   </div>
   <div class='ocr_carea' id='block_1_125' title="bbox 2224 5601 3776 5684">
    <p class='ocr_par' dir='ltr' id='par_1_125' title="bbox 2224 5601 3776 5684">
     <span class='ocr_line' id='line_1_127' title="bbox 2224 5601 3776 5684; baseline 0.006 -30"><span class='ocrx_word' id='word_1_974' title='bbox 2224 5601 2694 5684; x_wconf 46' lang='lat' dir='ltr'><strong>stram‘Ambrosii</strong></span> <span class='ocrx_word' id='word_1_975' title='bbox 2734 5622 2877 5663; x_wconf 87' lang='lat' dir='ltr'><strong>esse.</strong></span> <span class='ocrx_word' id='word_1_976' title='bbox 2904 5607 3065 5684; x_wconf 74' lang='lat' dir='ltr'><strong>Hanc</strong></span> <span class='ocrx_word' id='word_1_977' title='bbox 3091 5601 3262 5681; x_wconf 67' lang='lat' dir='ltr'><strong>ipsam</strong></span> <span class='ocrx_word' id='word_1_978' title='bbox 3304 5612 3546 5684; x_wconf 85' lang='lat' dir='ltr'><strong>sequitur</strong></span> <span class='ocrx_word' id='word_1_979' title='bbox 3583 5610 3776 5684; x_wconf 75' lang='lat' dir='ltr'><strong>Zezertts</strong></span> 
     </span>
    </p>
   </div>
   <div class='ocr_carea' id='block_1_126' title="bbox 2224 5671 3771 5758">
    <p class='ocr_par' dir='ltr' id='par_1_126' title="bbox 2224 5671 3771 5758">
     <span class='ocr_line' id='line_1_128' title="bbox 2224 5671 3771 5758; baseline 0.001 0"><span class='ocrx_word' id='word_1_980' title='bbox 2224 5671 2280 5758; x_wconf 59' lang='lat' dir='ltr'><strong>in</strong></span> <span class='ocrx_word' id='word_1_981' title='bbox 2308 5671 2497 5758; x_wconf 49' lang='lat'><strong>03“?&quot;</strong></span> <span class='ocrx_word' id='word_1_982' title='bbox 2528 5675 2719 5758; x_wconf 44' lang='lat' dir='ltr'><strong>verba,</strong></span> <span class='ocrx_word' id='word_1_983' title='bbox 2753 5687 2825 5758; x_wconf 64' lang='lat' dir='ltr'><strong>et.</strong></span> <span class='ocrx_word' id='word_1_984' title='bbox 2850 5693 2960 5758; x_wconf 70' lang='grc' dir='ltr'><strong>ηοει</strong></span> <span class='ocrx_word' id='word_1_985' title='bbox 2988 5671 3161 5758; x_wconf 75' lang='grc' dir='ltr'>εριυίιι</span> <span class='ocrx_word' id='word_1_986' title='bbox 3203 5671 3662 5758; x_wconf 49' lang='grc' dir='ltr'>Αειιὺτόείίβιίιμε</span> <span class='ocrx_word' id='word_1_987' title='bbox 3685 5682 3771 5733; x_wconf 57' lang='grc' dir='ltr'><strong>ἀπ’</strong></span> 
     </span>
    </p>
   </div>
   <div class='ocr_carea' id='block_1_127' title="bbox 2222 5746 3654 5815">
    <p class='ocr_par' dir='ltr' id='par_1_127' title="bbox 2222 5746 3654 5815">
     <span class='ocr_line' id='line_1_129' title="bbox 2222 5746 3654 5815; baseline 0.003 -15"><span class='ocrx_word' id='word_1_988' title='bbox 2222 5746 2451 5815; x_wconf 89' lang='lat' dir='ltr'><strong>gustini,</strong></span> <span class='ocrx_word' id='word_1_989' title='bbox 2480 5746 2575 5804; x_wconf 88' lang='lat' dir='ltr'><strong>sed</strong></span> <span class='ocrx_word' id='word_1_990' title='bbox 2598 5748 2761 5805; x_wconf 90' lang='lat' dir='ltr'><strong>etiam</strong></span> <span class='ocrx_word' id='word_1_991' title='bbox 2791 5749 3031 5807; x_wconf 86' lang='lat' dir='ltr'><strong>Salviani</strong></span> <span class='ocrx_word' id='word_1_992' title='bbox 3057 5754 3383 5812; x_wconf 89' lang='lat' dir='ltr'><strong>auctoritate</strong></span> <span class='ocrx_word' id='word_1_993' title='bbox 3408 5746 3654 5812; x_wconf 79' lang='lat' dir='ltr'><strong>defendit.</strong></span> 
     </span>
    </p>
   </div>
  </div>
