4016 6292
203 335 304 392 ’755

1365 331 1453 387 DE
1490 329 1765 389 SPIRITU
1804 329 2077 390 SANCTO
2114 333 2243 391 LIB.
2286 334 2348 391 ll.

3393 342 3499 400 754

274 461 481 504 creatur
513 467 531 504 :
559 451 694 520 quod
743 467 864 504 sane
919 451 1022 504 dici
1095 467 1196 504 non
1251 459 1414 522 potest
1472 452 1537 507 de
1591 452 1797 520 Spiritu
1820 455 1874 516 Α
1902 463 2060 523 taret,
2090 468 2266 514 tamen
2289 459 2412 531 quia
2431 459 2851 530 praedestinatus
2875 470 2998 517 erat
3020 462 3232 519 Domini
3254 462 3500 520 Salvato-

272 553 490 608 sancto;
527 545 718 613 quippe
746 544 834 610 qui
864 553 910 597 et
952 555 1174 598 wternus
1218 545 1305 611 sit,
1341 560 1431 598 nec
1473 556 1656 610 morte,
1712 555 1800 601 aut

272 635 516 689 hteretica
542 636 595 689 in
627 633 835 688 Patrem
857 637 1119 705 refusione
1145 636 1332 690 resolvi
1363 637 1543 705 possit.
1579 637 1733 704 Quod
1754 639 1800 693 si

273 737 498 800 urgeant
520 729 837 799 pervicacius
863 728 1096 783 eumdem
1125 729 1294 782 locum
1311 729 1376 784 de
1397 729 1601 802 Spiritu
1621 740 1799 786 sancto

273 822 522 893 scriptum
548 822 725 893 fuisse,
768 820 912 874 docet
940 821 1308 875 recurrentium
1334 821 1401 874 ad
1427 824 1798 894 expositionem

273 916 629 986 spiritualem;
653 913 912 969 Christum
935 915 1068 968 enim
1112 915 1334 969 adventu
1361 931 1455 970 suo
1471 918 1718 981 tonitrua,
1745 915 1800 971 id

272 1016 360 1072 est,
443 1004 710 1059 uerborum
778 1004 1067 1060 divinorum
1129 1007 1229 1060 vim
1305 1007 1591 1076 firmavisse
1641 1025 1659 1061 :
1707 1025 1799 1080 per

274 1098 530 1161 Spiritum
602 1106 769 1152 autent
839 1098 1118 1152 humanam
1171 1099 1396 1152 animant
1465 1100 1796 1172 signiﬁcari,

272 1193 400 1247 sicut
439 1202 487 1246 et
507 1208 713 1246 carnem
742 1209 772 1246 a
801 1189 1006 1247 Christo
1053 1203 1360 1264 susceptam.
1421 1193 1594 1267 Hujus
1643 1211 1798 1264 porro

272 1301 383 1339 cum
417 1284 655 1354 quaelibet
703 1283 966 1339 Trinitatis
1010 1301 1229 1355 persona
1284 1301 1399 1339 vere
1443 1287 1508 1340 sit
1550 1290 1795 1356 creatrix,

270 1377 388 1432 inde
439 1378 690 1432 astruitur
727 1375 985 1444 Spiritum
1020 1376 1254 1431 similiter
1298 1377 1667 1432 incarnationis
1690 1375 1797 1431 Do-

269 1471 392 1525 mini
418 1480 678 1525 auctorem
703 1486 829 1535 esse,
857 1472 946 1540 qui
989 1487 1160 1526 rerum
1209 1471 1436 1526 omnium
1465 1481 1663 1526 creator
1678 1474 1795 1544 jam

265 1574 384 1618 ante
411 1572 638 1618 asserta:
677 1574 772 1618 est.

265 1657 356 1713 48.
401 1656 581 1730 [Alias
606 1675 722 1727 cap.
755 1655 905 1724 VII.]
931 1656 1041 1713 Nec
1093 1673 1177 1712 me
1223 1659 1467 1730 praeterit
1507 1658 1795 1714 haereticos

195 1751 468 1820 objectare
494 1751 841 1806 consuevisse
870 1750 992 1806 ideo
1021 1751 1196 1806 videri
1225 1763 1471 1807 creatum
1514 1753 1780 1823 Spiritum

192 1854 462 1908 sanctum,
509 1843 634 1914 quia
667 1845 906 1914 plerique
948 1858 1136 1899 eorum
1185 1843 1252 1899 ad
1277 1854 1656 1915 argumentum
1708 1860 1794 1900 as-

194 1935 440 1991 truenda:
461 1951 575 1992 sua:
610 1935 905 2006 impietatis
934 1935 1242 1992 adsciscunt
1283 1936 1436 2002 illud,
1463 1937 1605 2008 quod
1628 1941 1793 1992 Amos

190 2027 258 2083 de
289 2029 417 2082 llatu
449 2035 732 2082 ventorum
777 2028 987 2083 locutus
1028 2037 1132 2093 est,
1186 2037 1246 2084 ut
1287 2031 1404 2100 ipse
1446 2029 1793 2101 propheticus

189 2134 376 2174 sermo
419 2119 686 2174 declarat.
717 2118 808 2176 Sic
842 2121 986 2175 enim
1022 2119 1190 2175 habes
1224 2119 1398 2176 :Ecce
1443 2139 1536 2194 ego
1577 2123 1794 2192 ﬁrmans

189 2215 495 2278 tonitruum,
529 2223 572 2267 et
594 2229 772 2268 creans
801 2214 1063 2284 spiritum,
1093 2225 1140 2269 et
1171 2215 1416 2270 nuntians
1473 2219 1528 2270 in
1557 2215 1794 2274 homines

189 2303 458 2359 (.‘hristum
489 2321 656 2369 suum,
688 2306 879 2376 faciens
897 2306 1057 2359 lucem
1085 2316 1130 2360 et
1160 2308 1418 2373 nebulam,
1443 2319 1490 2362 et
1518 2309 1795 2366 ascendens

187 2415 343 2467 super
368 2399 593 2464 excelsa,
638 2397 892 2454 Dominus
922 2396 1062 2454 Deus
1084 2399 1224 2454 omni
1229 2409 1408 2470 potens
1437 2417 1622 2456 nomen
1647 2412 1724 2456 est
1750 2403 1796 2458 ei

189 2493 388 2564 (Amos
415 2491 621 2561 thS).

258 2584 355 2641 49.
402 2584 463 2640 Si
512 2585 635 2640 hinc
679 2585 883 2642 faciunt
927 2587 1307 2658 quaestionem,
1358 2588 1504 2660 quod
1546 2599 1792 2646 creatum

186 2679 459 2751 Spiritum
492 2678 650 2746 dixit,
673 2679 800 2751 quia
822 2689 1039 2736 creatur
1064 2681 1300 2750 Spiritus
1333 2681 1539 2739 Esdras
1566 2699 1668 2740 nos
1691 2685 1793 2740 do-

186 2773 325 2838 cuit,
369 2772 566 2827 dicens
604 2782 628 2808 α
661 2773 714 2826 in
760 2784 956 2844 quarto
988 2773 1130 2829 libro
1176 2791 1189 2829 :
1226 2773 1293 2828 Et
1323 2776 1375 2830 in
1439 2776 1524 2831 die
1567 2778 1794 2832 secundo

182 2865 381 2918 iterum
408 2865 596 2920 creasti
643 2866 882 2937 spiritum
913 2867 1226 2936 ﬁrmamenti
1252 2867 1342 2938 (IV
1365 2868 1524 2924 Esdr.
1547 2853 1618 2937 vi,
1653 2869 1718 2926 41
1738 2872 1790 2944 );

187 2966 372 3015 tamen
410 2966 436 3004 b
465 2969 522 3014 ut
549 2960 840 3031 propositis
876 2959 1264 3027 iultznreatnus,
1293 2961 1376 3018 his
1399 2963 1646 3020 videlicet
1675 2981 1796 3035 qua:

185 3055 362 3108 Amos
409 3053 568 3120 dixit,
606 3069 788 3109 nonne
827 3053 1110 3110 evidenter
1150 3055 1421 3112 dictorum
1474 3058 1796 3114 testiﬁcatur

183 3149 362 3206 series
391 3147 465 3204 de
487 3148 645 3203 istius
670 3158 918 3204 creatura
961 3148 1146 3204 mundi
1177 3149 1414 3204 locutum
1447 3151 1794 3222 prophetam?

1900 549 1976 605 ris
2002 550 2294 618 adventus;
2317 551 2484 625 6M
2505 568 2614 608 non
2639 553 2811 618 dixit,
2837 564 2988 610 creat
3012 571 3122 623 me,
3150 555 3247 613 sed
3277 557 3494 625 creavit,

1901 658 1968 698 ne
1993 641 2326 714 frequenter,
2359 645 2452 700 sed
2491 646 2659 702 semel
2689 646 2978 703 crederent
3005 664 3070 706 ex
3098 647 3303 722 virgine
3330 650 3498 706 Maria

1897 733 2023 792 Jesu
2050 751 2247 806 corpus
2273 752 2394 793 esse
2421 738 2811 808 generandum.

1969 827 2058 882 52.
2103 827 2169 882 Ει
2201 828 2303 884 hoc
2331 827 2499 900 igitur
2525 830 2667 901 quod
2704 832 2852 886 velut
2894 833 3269 904 quotidianam
3301 850 3502 906 opera-

1900 919 2099 973 tionem
2137 919 2232 975 Dei
2274 920 2326 976 in
2385 923 2606 977 tonitrui
2656 924 3020 989 ﬁrmamento,
3069 936 3126 983 et
3158 928 3211 982 in
3260 927 3498 998 Spiritus

1899 1014 2176 1070 creatione
2203 1016 2466 1085 pr0pheta
2507 1018 2828 1087 declaravit,
2879 1021 3184 1093 intelligere
3211 1021 3366 1080 nefas
3390 1032 3500 1090 est,

1900 1116 1960 1161 ut
1995 1108 2060 1163 de
2099 1108 2302 1178 Spiritu
2347 1121 2536 1167 sancto
2573 1113 2677 1168 tale
2707 1114 2909 1185 aliquid
2939 1117 3298 1185 aestimemus,
3331 1132 3494 1188 quem

1900 1202 1999 1270 ipsi
2033 1203 2182 1271 impii
2205 1214 2333 1260 ante
2358 1205 2552 1260 saecula
2576 1221 2698 1262 esse
2725 1223 2924 1279 negare
2943 1224 3047 1264 non
3073 1218 3326 1281 possunt;
3357 1210 3502 1267 unde

1899 1303 1953 1348 et
1975 1309 2194 1365 semper
2232 1313 2354 1352 eum
2395 1312 2540 1365 esse,
2571 1308 2627 1354 et
2665 1314 2883 1372 semper
2926 1317 3146 1358 manere
3193 1304 3280 1374 pia
3322 1319 3505 1361 asser-

1900 1387 2046 1442 tione
2073 1396 2354 1444 testamur.
2378 1389 2563 1460 Neque
2587 1391 2730 1447 enitn
2759 1393 2995 1463 quiante
3019 1395 3277 1450 mttndum
3308 1410 3503 1467 super-

1899 1479 2174 1537 l’erehatur
2205 1498 2369 1553 super
2396 1498 2564 1555 aquas
2597 1484 2759 1556 (Gen.
2787 1503 2824 1552 t,
2860 1486 2948 1561 2),
2983 1499 3160 1558 potest
3187 1489 3362 1546 videri
3388 1505 3499 1547 cae-

1901 1578 2045 1646 pisse
2072 1588 2193 1648 post
2212 1578 2470 1634 mundum
2492 1595 2505 1636 :
2525 1590 2619 1635 aut
2647 1582 2850 1636 multos
2876 1597 2998 1639 esse
3020 1584 3254 1654 Spiritus
3279 1595 3501 1641 sanctos

1897 1668 2153 1722 mSIimari
2190 1668 2267 1724 fas
2299 1679 2404 1736 est,
2438 1670 2528 1741 qui
2573 1672 2738 1727 veluti
2785 1674 3098 1744 quotidiana
3129 1678 3496 1747 generatione

1897 1771 2248 1830 generentur.
2272 1762 2428 1817 Absit
2457 1773 2515 1818 ut
2543 1778 2600 1819 se
2621 1764 2908 1835 quisquam
2942 1767 3034 1822 tali
3065 1767 3344 1839 impietate
3368 1784 3502 1825 con-

1825 1849 1873 1909 B
1902 1855 2153 1920 taminet;
2191 1864 2246 1909 ut
2294 1855 2440 1911 dicat
2487 1855 2800 1928 frequenter
2841 1860 3056 1926 creari,
3104 1869 3197 1916 aut
3245 1876 3502 1932 umquam

1896 1945 2070 2001 creari
2093 1945 2353 2017 Spiritum
2374 1957 2642 2004 sanctum.
2679 1947 2789 2004 Cur
2819 1951 2966 2005 enim
2991 1951 3308 2022 frequenter
3323 1952 3506 2008 creari

1896 2039 2158 2107 videatur,
2195 2057 2301 2098 non
2335 2043 2607 2114 intelligo;
2643 2043 2744 2099 nisi
2770 2043 2906 2101 forte
2946 2055 3000 2100 et
3036 2046 3173 2101 mori
3213 2061 3337 2102 eum
3381 2062 3503 2103 cre-

1896 2131 2028 2187 dant
2070 2134 2400 2204 frequenter,
2432 2144 2487 2191 et
2530 2135 2838 2208 frequenter
2882 2137 3206 2194 creari.Sed
3233 2137 3499 2209 quemad—

1899 2226 2117 2280 modum
2149 2227 2284 2281 mori
2314 2237 2490 2296 potest
2512 2228 2744 2299 Spiritus
2773 2229 2934 2284 vitae?
2965 2230 3106 2300 Ergo
3133 2231 3178 2285 si
3208 2230 3346 2284 mori
3382 2243 3495 2284 non

1898 2327 2098 2390 potest,
2130 2334 2349 2375 causam
2384 2337 2489 2375 non
2523 2321 2686 2377 habet
2710 2339 2806 2378 cur
2833 2324 3032 2394 smpius
3066 2324 3139 2378 sit
3160 2323 3454 2380 creandas.

1969 2413 2058 2470 53.
2099 2410 2123 2450 ἀ
2150 2413 2222 2468 At
2249 2415 2340 2485 qtti
2369 2415 2528 2469 aliter
2553 2425 2762 2486 putant,
2789 2416 2840 2471 in
2875 2416 3005 2470 illud
3035 2416 3382 2488 sacrilegium
3407 2430 3496 2470 re-

1897 2505 2104 2573 cidunt,
2138 2515 2196 2562 ut
2226 2521 2334 2562 non
2363 2507 2698 2578 distinguant
2731 2507 2995 2580 Spiritum
3027 2517 3304 2575 sanctum,
3343 2517 3365 2544 ο
3406 2508 3505 2579 qui

1898 2602 2219 2673 prolativum
2249 2603 2488 2659 Verbum
2518 2613 2705 2674 putant
2729 2604 2780 2658 in
2823 2603 3037 2660 Patrem
3073 2603 3269 2672 redire,
3301 2602 3491 2675 prola-

1899 2694 2068 2750 tivum
2115 2694 2376 2765 Spiritum
2410 2696 2462 2750 in
2505 2695 2673 2750 Deum
2702 2695 2945 2762 refundi;
2996 2704 3053 2751 ut
3098 2696 3262 2751 unius
3289 2693 3495 2751 reiusio

1898 2787 1991 2853 sit,
2029 2796 2083 2842 et
2111 2787 2358 2858 quaedam
2387 2787 2702 2844 vicissitudo
2735 2789 2789 2842 in
2818 2788 2996 2843 varias
3035 2788 3236 2844 iormas
3262 2803 3320 2844 se
3351 2802 3499 2858 saepe

1901 2883 2161 2938 mutantis
2192 2900 2205 2936 :
2232 2898 2354 2938 cum
2386 2883 2563 2939 Patris
2590 2893 2644 2939 et
2677 2882 2797 2939 Filii
2823 2892 2877 2938 et
2916 2882 3154 2952 Spiritus
3181 2882 3356 2938 sancti
3382 2897 3498 2937 ma-

1901 2992 2036 3030 nens
2053 2991 2271 3046 semper
2286 2971 2750 3047 immutabilisque
2773 2975 3074 3045 distinctio,
3102 2976 3366 3031 unitatem
3386 2988 3501 3030 sua:

1901 3076 2083 3122 teneat
2113 3070 2420 3138 potestatis.

1974 3161 2066 3216 54.
2108 3161 2162 3215 Si
2191 3161 2314 3232 quis
2345 3171 2526 3217 tamen
2560 3163 2940 3234 propheticum
2969 3163 3172 3219 dictum
3207 3161 3331 3217 ideo
3353 3161 3498 3217 deri-

257 3241 353 3298 50.
406 3241 646 3311 Denique
667 3241 741 3296 ita
767 3243 932 3310 coepit
959 3259 972 3296 :
995 3239 1109 3312 Ego
1135 3240 1384 3295 Dominus
1407 3241 1621 3311 ﬁrmans
1651 3243 1790 3296 toni-
1821 3242 1867 3305 C
1899 3251 2138 3308 vandum
2179 3261 2332 3322 putat
2377 3254 2444 3309 ad
2486 3254 2998 3325 interpretationem
3033 3255 3272 3326 Spiritus
3303 3253 3502 3316 sancti,

183 3350 385 3406 truum,
423 3347 467 3393 et
495 3353 673 3393 creans
700 3339 959 3409 spiritum.
990 3337 1110 3406 Ipse
1131 3337 1266 3392 ordo
1289 3352 1388 3392 nos
1411 3338 1638 3404 doceat;
1667 3353 1789 3393 nam

179 3438 225 3487 si
258 3431 330 3487 de
350 3429 564 3500 Spiritu
595 3439 784 3486 sancto
804 3429 986 3484 dicere
1010 3427 1295 3496 voluisset,
1327 3429 1522 3484 nonde
1552 3429 1794 3484 t0nitruo

182 3527 378 3596 utique
420 3523 790 3595 praemisisset.
822 3521 1012 3593 Neque
1033 3523 1180 3578 enim
1211 3523 1518 3592 antiquiora
1555 3524 1794 3578 tonitrua

177 3630 336 3686 sunt,
389 3633 556 3688 quam
599 3617 832 3688 Spiritus
871 3625 1092 3672 sanctus
1126 3634 1140 3672 :
1170 3617 1418 3687 quamvis
1449 3616 1599 3686 impii
1653 3616 1786 3684 sint,

178 3722 370 3767 tamen
402 3710 458 3765 id
487 3724 592 3765 non
623 3709 824 3765 audent
847 3708 1053 3765 dicere.
1090 3709 1294 3764 Deinde
1325 3724 1447 3764 cum
1480 3710 1789 3782 subjectum

175 3805 483 3861 videamus
509 3817 628 3859 esse
655 3803 725 3859 de
753 3803 874 3858 luce
897 3812 950 3857 et
981 3802 1198 3870 nebula,
1235 3819 1415 3858 nonne
1442 3803 1788 3858 manifestum

175 3907 264 3952 est
305 3895 468 3968 quod
512 3895 580 3952 de
622 3907 872 3952 creatura
905 3896 1092 3951 mundi
1131 3895 1335 3951 dictum
1383 3897 1794 3968 intelligendum

171 3997 249 4050 sit
267 3997 291 4050 ?
309 3993 464 4050 Cum
486 3994 630 4048 enim
654 3995 787 4048 ﬁunt
813 3993 1008 4064 aliqua}
1029 4003 1377 4063 tetnpeSIales
1401 3995 1558 4052 istius
1583 3991 1804 4058 mundi,

175 4087 512 4157 przecedere
553 4086 813 4150 tonitrua,
855 4088 1008 4156 sequi
1054 4097 1338 4140 ventorum
1371 4087 1550 4148 ﬂatus.
1595 4087 1795 4143 caelum

172 4182 410 4236 nebulis
445 4180 700 4250 caligare,
722 4179 897 4234 lucem
922 4177 1132 4234 refundi
1165 4195 1231 4233 ex
1255 4178 1514 4246 tenebris,
1546 4180 1665 4249 ipso
1686 4195 1788 4234 usu

174 4274 542 4346 quotidiana,
591 4274 946 4344 exemploque
989 4273 1388 4344 cognoscimus.
1435 4273 1568 4328 Nam
1625 4274 1790 4330 etiam

169 4372 350 4424 ίιηιιιε
381 4379 675 4422 ventorum
705 4367 928 4438 spiritus
954 4367 1169 4432 dicitur,
1215 4367 1354 4424 sicut
1378 4370 1638 4441 scriptum
1670 4380 1752 4425 est
1780 4387 1793 4422 :

175 4461 334 4534 Ignis
357 4456 418 4517 et
444 4460 688 4532 sulphur,
704 4471 748 4516 et
771 4460 997 4532 Spiritus
1019 4461 1259 4529 procellte
1285 4459 1464 4532 (Psal.
1489 4475 1542 4526 ι,
1562 4460 1592 4513 7
1610 4463 1657 4531 ).

249 4559 353 4611 5|.
406 4554 476 4609 Et
521 4565 577 4609 ut
619 4555 791 4610 scires
828 4554 953 4624 quia
985 4554 1125 4608 hunc
1170 4555 1419 4624 spiritum
1462 4554 1619 4621 dixit,
1673 4556 1796 4611 ait:

175 4649 451 4702 Firmana
479 4648 835 4715 tonitruum,et
859 4664 1037 4702 crcaus
1058 4647 1326 4717 spiritum;
1344 4648 1466 4720 quia
1493 4648 1802 4720 frequenter
1829 4639 1882 4699 D
1909 4661 1976 4717 ad
2008 4660 2201 4716 [tilium

165 4755 462 4802 creantur
502 4743 626 4808 ista,
667 4757 789 4797 cum
837 4742 970 4796 [iunt
1006 4761 1018 4795 :
1049 4743 1284 4812 Spiritus
1329 4753 1508 4797 autem
1575 4750 1798 4798 sanctus

169 4849 446 4895 aeternus
469 4847 581 4898 est;
606 4851 763 4907 quem
788 4835 832 4890 si
857 4836 975 4902 quis
996 4834 1156 4889 audet
1182 4833 1363 4888 dicere
1393 4843 1658 4901 creatum,
1689 4849 1796 4890 non

166 4942 377 5004 pulcsl
406 4942 586 4984 tamen
611 4929 792 4985 dicere
821 4929 962 4999 quod
995 4927 1237 4998 quotidie
1260 4936 1498 4995 creatur,
1527 4930 1668 4983 sicut
1697 4928 1796 4983 ﬂa-

169 5028 275 5081 bra
355 5030 678 5079 ventorum.
729 5022 972 5092 Denique
1031 5023 1144 5092 ipsa
1184 5020 1458 5090 Sapientia
1499 5022 1798 5078 secundum

168 5137 191 5162 ί·
208 5119 488 5189 suscepti
514 5118 689 5172 locuta
710 5118 954 5187 corporis
979 5127 1403 5182 sacramentum,
1422 5115 1496 5171 ait
1518 5133 1530 5172 :
1549 5117 1804 5172 Dominus

165 5217 386 5271 creavit
413 5229 499 5266 me
521 5209 990 5283 (Prov.vm,2‘2).
1013 5212 1271 5281 Quamvis
1307 5222 1533 5267 ventura
1573 5213 1804 5283 prophe-

250 5391 281 5418 ι·
331 5377 476 5431 Vel.
501 5375 632 5429 edit.
660 5389 722 5430 ac
745 5388 875 5428 mss.
900 5387 1070 5445 prope
1087 5373 1155 5428 ad
1179 5388 1366 5440 unum,
1390 5374 1442 5427 in
1474 5374 1604 5430 libro
1626 5376 1797 5430 tertio.

168 5453 249 5508 Et
282 5463 446 5505 sane
473 5449 602 5518 quin
632 5445 1064 5518 Ambrosiighaec
1113 5445 1276 5518 lectio
1304 5445 1396 5518 sit,
1432 5446 1564 5500 nihil
1613 5447 1799 5518 prohi-

167 5527 310 5588 bet;
360 5535 398 5574 a
439 5515 600 5573 uehis
626 5517 767 5572 enim
817 5516 868 5570 in
900 5516 1164 5588 Admonil.
1216 5517 1280 5570 ad
1316 5515 1510 5571 librum
1543 5515 1626 5570 de‘
1655 5516 1802 5571 Bono

166 5586 383 5649 mortis
417 5589 768 5644 observatum
797 5596 879 5642 est
908 5589 1005 5641 hos
1033 5586 1218 5641 Esdrte
1251 5588 1418 5643 libros
1442 5589 1589 5644 varie
1625 5590 1677 5644 in
1709 5606 1803 5643 va-

169 5668 286 5724 riis
322 5661 631 5718 codicibus
661 5660 947 5713 distinctos
995 5673 1137 5712 esse.

258 5738 291 5776 δ
341 5735 494 5788 Mss.
526 5730 756 5799 aliquot,
789 5740 842 5783 ut
871 5729 1228 5799 proposuistis,
1256 5729 1620 5796 inhtereamus,
1648 5741 1754 5786 etc.

261 5814 289 5868 "_
340 5805 530 5859 lidcm
561 5817 715 5861 mss..
738 5799 1048 5868 suscipiendi
1082 5799 1251 5853 locuta
1275 5803 1528 5867 corporis,
1560 5813 1662 5855 etc.

262 5862 290 5904 "
343 5870 588 5930 Notium
616 5885 772 5936 Iussu,
809 5862 985 5937 At'qui
1015 5871 1183 5923 taliter
1214 5862 1418 5940 putant.

1896 3345 2021 3416 quia
2071 3343 2235 3401 habet
2273 3363 2287 3398 :
2327 3346 2649 3402 Annurttians
2697 3349 2750 3402 in
2797 3347 3029 3402 homines
3055 3345 3319 3402 Christum
3345 3362 3496 3402 suum

1900 3439 2088 3512 (Amos
2131 3455 2205 3505 tv,
2246 3439 2379 3510 15);
2415 3441 2460 3496 is
2486 3440 2553 3496 ad
2611 3440 3338 3513 incarnationisODominicm
3381 3454 3502 3510 my-

1897 3533 2124 3588 sterium
2157 3531 2364 3588 dictum
2398 3532 2609 3591 facilius
2649 3534 2933 3590 derivabit.
2965 3533 3098 3590 Nam
3142 3535 3187 3588 si
3223 3544 3275 3590 te
3317 3543 3501 3590 movet
3542 3525 3557 3543 ⁸

1898 3626 2023 3696 quia
2057 3625 2304 3695 spiritum
2333 3628 2488 3695 dixit,
2535 3635 2592 3684 et
2622 3628 2747 3685 ideo
2775 3643 2882 3685 non
2916 3628 3020 3684 hoc
3061 3638 3216 3700 putas
3250 3628 3504 3685 derivan-

1899 3721 2027 3776 dum
2073 3722 2140 3777 ad
2182 3723 2499 3796 mysterium
2547 3723 2934 3795 assumptionis
2977 3723 3262 3788 humanm;
3311 3737 3501 3793 prose-

1899 3837 2065 3893 quere
2111 3820 2438 3890 Scripturas,
2486 3827 2541 3874 et
2587 3817 2832 3873 invenies
2860 3816 3065 3888 optime
3108 3831 3412 3887 congruere
3431 3815 3503 3871 de

1899 3915 2138 3984 Christo,
2168 3915 2235 3970 de
2258 3929 2367 3984 quo
2389 3913 2528 3969 bene
2555 3912 2812 3968 convenit
2832 3911 3092 3967 metimari
3115 3911 3239 3982 quia
3271 3910 3504 3966 ﬁrmavit

1902 4011 2142 4065 tonitrua
2177 4007 2418 4063 adventu
2451 4021 2576 4073 suo,
2619 4008 2727 4061 vim
2772 4005 3028 4061 videlicet
3049 4013 3104 4060 et
3152 4017 3346 4058 sonum
3390 4017 3505 4058 coe-

1902 4101 2118 4158 lestium
2147 4100 2573 4170 Scriptor-arum,
2621 4114 2847 4168 quarum
2891 4097 3042 4152 velut
3087 4095 3322 4166 quodam
3363 4095 3504 4173 toni-

1904 4203 2026 4249 truo
2057 4203 2268 4249 mentes
2312 4199 2513 4246 nostra!
2560 4191 2861 4247 redduntur
2890 4189 3135 4244 attonitae
3156 4231 3170 4254 ,
3204 4198 3262 4243 ut
3312 4188 3505 4244 timere

1904 4287 2200 4352 discamus,
2223 4295 2277 4340 et
2308 4285 2670 4340 reverentiam
2698 4282 3018 4344 cmicstibus
3042 4280 3353 4338 deferamus
3379 4296 3505 4337 ora-

1904 4377 2064 4434 culis.

1977 4471 2067 4527 55.
2109 4470 2352 4541 Denique
2379 4469 2430 4524 in
2450 4469 2744 4540 Evangelia
2775 4469 2969 4526 fratres
2995 4469 3205 4526 Domini
3235 4467 3329 4524 [iiii
3354 4470 3506 4525 toni-

1907 4567 2008 4622 trui
2031 4559 2383 4629 dicebantur;
2407 4573 2601 4617 etcum
2626 4579 2725 4617 vox
2748 4563 2923 4619 Patris
2939 4562 3076 4618 facta
3099 4570 3248 4618 esset
3271 4560 3506 4617 dicentis

2247 4675 2260 4710 :
2311 4656 2372 4710 Et
2413 4656 2783 4726 honoriﬁcavi,
2834 4668 2881 4712 et
2924 4658 3111 4711 iterum
3152 4655 3509 4726 honoriﬁcabo

1911 4755 2100 4826 (Joan.
2126 4771 2220 4822 χιι,
2259 4751 2402 4823 28);
2438 4750 2608 4806 Judaei
2641 4749 2894 4805 dicebant
2923 4767 2936 4804 :
2969 4748 3270 4804 Tonitruum
3309 4753 3508 4818 factum

1909 4860 1982 4905 est
2012 4850 2093 4904 illi
2120 4848 2317 4919 (lbid.,
2349 4845 2474 4914 29).
2507 4845 2641 4899 Nam
2670 4844 2801 4898 licet
2831 4844 3056 4913 gratiam
3087 4844 3333 4899 veritatis
3365 4841 3505 4896 hau-

1908 4943 2018 4996 rire
2040 4956 2147 4995 non
2180 4947 2422 5010 possent,
2468 4947 2645 4991 tamen
2699 4934 3094 4991 conﬁtebantur
3123 4934 3303 4999 inviti,
3336 4943 3389 4988 et
3423 4933 3501 5001 ig-

1905 5035 2020 5088 nari
2060 5033 2372 5104 mysterium
2413 5028 2804 5101 loquebantur;
2838 5044 2906 5084 eo
2935 5028 3078 5100 quod
3107 5041 3360 5098 magnum
3401 5025 3506 5081 Pa-

1907 5126 2004 5179 tris
2030 5123 2098 5178 de
2128 5122 2266 5177 Filio
2293 5120 2662 5177 testimonium
2703 5121 3026 5178 resultabat.
3062 5120 3116 5175 ln
3159 5119 3262 5175 Job
3288 5131 3524 5188 quoque

1905 5217 2044 5273 libro
2071 5216 2354 5286 Scriptura
2390 5213 2522 5270 dicit
2564 5231 2575 5267 :
2608 5211 3016 5270 Firmamentum
3055 5228 3254 5282 quoque
3295 5211 3512 5266 tonitrui

1981 5379 2005 5406 θ
2049 5375 2125 5431 De
2174 5374 2276 5430 hac
2301 5372 2470 5429 Verbi
2523 5377 2574 5429 in
2626 5375 2839 5430 Patrem
2891 5370 3170 5427 refusione
3203 5367 3451 5426 nonnihil
3480 5386 3512 5425 a

1915 5448 2073 5503 nobis
2101 5445 2475 5521 observatum
2545 5455 2641 5521 est
2683 5445 2750 5521 a_d
2779 5458 2902 5521 cap.
2949 5441 3162 5521 ii’nlib.
3197 5459 3226 5496 v
3256 5441 3333 5498 De
3385 5442 3517 5508 ﬁde,

1909 5535 2059 5574 num.
2096 5517 2216 5573 16%.
2252 5517 2348 5572 Hic
2376 5525 2555 5572 autem
2588 5515 2719 5570 illud
2763 5510 3204 5583 admonebimus,
3247 5529 3369 5583 quae
3398 5522 3515 5569 toto

1913 5590 2022 5644 hoc
2049 5590 2228 5660 Capite
2260 5589 2327 5643 ad
2369 5587 2643 5655 obiectum
2664 5600 2734 5660 et;
2768 5582 2932 5660 Amos
2963 5580 3145 5660 locum
3179 5580 3517 5660 responden-

1918 5673 2026 5728 tttr,
2063 5676 2091 5713 a
2117 5651 2366 5730 'Didymo
2393 5651 2611 5731 quoque
2653 5654 2825 5731 fuisse
2853 5651 3158 5731 diSputata,
3209 5651 3349 5731 sicut
3397 5664 3453 5710 et
3481 5670 3516 5710 a

1921 5723 2118 5786 Basilio
2145 5723 2323 5782 libim
2353 5723 2615 5781 adversus
2653 5723 3014 5783 Eunomium;
3047 5737 3151 5778 nec
3190 5724 3360 5780 aliena
3389 5739 3518 5783 esse

1921 5803 1990 5856 ah
2021 5799 2364 5868 expositione
2388 5793 2562 5850 sancti
2594 5790 2910 5858 Hieronymi
2940 5791 2992 5844 iit
3020 5789 3274 5851 eumdem
3301 5796 3517 5866 allega‘ti

1926 5866 2206 5936 propheta!
2232 5866 2428 5920 lacum.
