4016 6292
164 6020 203 6040 fr-

549 277 654 334 755
1907 279 2157 340 SANCTI
2193 277 2522 340 ANBROSII
3704 284 3784 341 756

547 397 628 452 sui
656 396 770 468 quis
794 397 889 452 scit
919 397 1130 471 quando
1155 397 1310 469 faciet
1341 396 1497 471 (Job.
1531 412 1685 465 sui,
1713 395 1844 470 id)?
1871 394 2068 466 Utique
2103 397 2150 452 si
2179 400 2233 466 Α
2257 395 2446 463 Filius,
2481 394 2556 451 ita
2583 405 2738 452 creat
2765 405 2820 452 et
2844 395 3084 468 Spiritus
3120 406 3366 466 sanctus,
3410 398 3546 460 sicut
3585 397 3791 472 legimus,

543 487 613 543 ad
657 488 774 544 tunc
818 488 1247 546 commotionum
1303 487 1604 546 caelestium
1638 489 1874 543 tonitrua
1905 488 2145 560 pertine-

544 591 694 649 rent,
752 597 863 638 non
904 582 1086 639 futura
1122 597 1310 639 eorum
1363 581 1840 652 lirmamenta,sed
1883 581 2022 640 facta
2058 581 2145 638 di-

551 674 746 733 sisset.

618 767 709 824 56.
755 767 899 841 Ergo
930 769 1166 825 tonitrua
1215 767 1283 825 ad
1333 783 1621 826 sermones
1667 768 1882 826 Domini
1933 769 2144 838 retulit,

547 875 780 932 quorum
827 862 884 918 in
931 876 1149 918 omnem
1201 873 1404 919 terram
1451 862 1618 918 exivit
1658 877 1825 919 sonus
1855 880 1868 917 :
1897 863 2147 935 spiritum

547 963 730 1010 autem
753 957 858 1010 hoc
881 954 1002 1012 loco
1046 955 1304 1021 animam,
1329 969 1487 1026 quam
1509 957 1750 1027 suscepit
1771 955 2150 1012 rationabilem

543 1055 708 1118 atque
757 1045 1077 1118 perfectam,
1119 1046 1500 1119 intelligimus;
1549 1047 1675 1119 quia
1725 1045 2012 1119 Scriptura
2042 1049 2151 1104 [re-

547 1147 782 1210 quenter
803 1148 857 1195 et
888 1139 1124 1194 animam
1153 1137 1394 1194 hominis
1425 1135 1590 1216 6&5
1633 1139 1858 1212 spiritus
1885 1139 2151 1198 vocabulo

547 1232 815 1304 designat,
846 1230 988 1288 sicut
1017 1231 1228 1288 babes:
1264 1231 1368 1300 Qui
1403 1242 1543 1288 creat
1567 1233 1812 1306 spiritum
1846 1231 2069 1288 hominis
2085 1234 2153 1288 in

544 1325 663 1394 ipso
689 1323 888 1396 (Zach.
921 1340 1017 1392 xu,
1050 1326 1134 1396 i).
1169 1323 1326 1384 Unde
1351 1335 1407 1382 et
1433 1326 1697 1384 Dominus
1730 1327 1964 1383 animam
1995 1343 2150 1384 suam

551 1417 786 1490 spiritus
819 1419 1189 1492 appellatione
1217 1420 1534 1492 signiﬁcans
1571 1421 1649 1476 ait
1679 1438 1693 1477 :
1718 1419 1786 1475 In
1823 1438 2010 1477 manus
2041 1431 2155 1478 tuas

545 1513 850 1568 conmendo
885 1513 1124 1586 spiritum
1151 1528 1321 1568 meum
1351 1511 1694 1582 (Lamum,
1725 1511 1852 1584 46).
2083 1515 2094 1520 ’

611 1609 702 1664 57.
747 1607 815 1662 Et
836 1617 894 1664 ut
917 1608 1094 1664 scires
1121 1607 1249 1680 quia
1275 1605 1345 1664 de
1371 1605 1501 1664 Jesu
1545 1606 1759 1663 Domini
1795 1605 2155 1664 descensione

547 1699 895 1766 memoravit,
921 1697 1134 1755 addidit
1161 1699 1306 1771 quod
1332 1697 1610 1756 nuntiaret
1643 1700 1698 1754 in
1727 1699 1978 1754 homines
1999 1697 2157 1754 Chri-

2246 489 2467 544 dicente
2501 485 2705 546 Paulo:
2737 488 2832 544 Dei
2861 491 2996 544 enim
3021 489 3218 548 danunt
3241 498 3338 559 est,
3373 506 3477 547 non
3500 491 3794 562 “operibus,

2249 596 2314 636 ne
2360 579 2476 652 quis
2518 580 2801 654 glorietur;
2830 581 2997 654 ipsius
3023 583 3162 638 enim
3210 599 3390 640 sumus
3436 585 3652 655 factura,
3677 584 3798 642 creati

2249 672 2302 727 in
2330 669 2534 729 Christo
2555 670 2682 731 Jesu
2711 674 2763 729 in
2793 675 3032 747 operibus
3057 675 3202 732 bonis
3230 673 3464 748 (Ephes,
3489 690 3548 734 ιι.
3567 673 3598 735 8
3623 677 3796 752 etum).

2857 763 3088 826 CAPUT
3126 766 3240 826 VII.

2253 859 2547 916 Creationis
2586 861 2844 935 spiritalis
2872 878 2962 920 seu
2993 863 3399 934 regenerationis
3424 879 3527 920 non
3551 862 3703 920 minus
3732 880 3803 918 os-

2327 963 2519 1009 ctorem
2551 953 2812 1026 Spiritum
2840 971 2972 1024 esse,
3003 971 3162 1026 quam
3188 953 3406 1015 Patrem
3439 971 3502 1013 ac
3545 953 3735 1014 Filium.
3754 957 3803 1013 lit

2324 1063 2428 1120 quo
2474 1048 2721 1103 consistat
2765 1049 2860 1104 illa
2903 1049 3120 1120 creatio,
3168 1049 3384 1124 ejusque
3429 1050 3714 1122 prcstantia
3736 1061 3803 1106 :et

2325 1139 2582 1212 quomodo
2610 1140 2752 1214 quod
2780 1140 3011 1197 membra
3039 1153 3087 1198 et
3111 1157 3300 1212 corpus
3345 1139 3460 1200 Deo
3507 1140 3715 1200 tribuere
3751 1143 3804 1197 ri-

2329 1234 2513 1290 dentur
2541 1235 2678 1290 sacri
2705 1235 2931 1303 codices,
2959 1234 3136 1293 debeat
3163 1235 3427 1309 intelligi?

2327 1325 2419 1382 δί.
2463 1324 2644 1402 [Alias
2671 1344 2786 1398 cap.
2815 1321 2954 1404 IX.]
2983 1327 3130 1402 Ergo
3147 1339 3302 1388 creat
3324 1329 3492 1390 Pater
3515 1329 3572 1388 in
3595 1329 3805 1400 operibus

2258 1420 2419 1480 bonis
2451 1439 2465 1476 :
2497 1431 2649 1480 creat
2675 1432 2732 1480 et
2763 1421 2968 1492 Filius;
2999 1421 3126 1498 quia
3148 1423 3415 1496 scriptum
3438 1431 3562 1484 est:
3593 1421 3806 1495 Quotquot

2258 1523 2429 1568 autem
2456 1530 2572 1570 eum
2603 1525 2925 1588 receperunt,
2957 1515 3098 1570 dedit
3123 1516 3197 1570 eis
3238 1524 3543 1589 potestatem
3570 1517 3698 1588 ﬁlios
3735 1515 3808 1573 Dei

2259 1609 2399 1680 ﬁeri,
2427 1611 2508 1665 his
2534 1610 2622 1681 qui
2645 1611 2858 1666 credunt
2883 1610 2939 1666 in
2967 1610 3174 1666 nomine
3197 1612 3316 1688 ejus
3345 1627 3365 1666 .'
3395 1610 3484 1684 qui
3513 1625 3614 1666 non
3637 1625 3696 1664 ea:
3713 1626 3806 1664 sas.

2258 1702 2525 1776 quinibus,
2558 1719 2718 1778 neque
2743 1719 2808 1762 ea:
2832 1705 3094 1762 uoluntate
3121 1705 3484 1778 carnis,neque
3513 1720 3576 1764 ea:
3597 1705 3806 1762 uoluntate

546 1805 690 1850 stum
735 1810 893 1851 suum
917 1793 1099 1866 (Amos
1119 1809 1194 1864 tv,
1217 1794 1284 1852 13
1309 1791 1362 1869 );
1391 1794 1735 1850 aununtiavit
1774 1793 1919 1850 enim
1963 1795 2018 1850 in
2060 1793 2156 1851 ba-
2187 1781 2236 1846 Β
2263 1797 2381 1864 uiri,
2410 1798 2502 1853 sed
2531 1813 2596 1854 ea;
2619 1795 2732 1854 Deo
2759 1799 2867 1856 nati
2895 1808 3016 1856 sunt
3043 1796 3237 1871 (Joan.
3261 1814 3304 1868 ι,
3333 1797 3425 1870 12,
3458 1797 3528 1858 15
3550 1801 3589 1870 ).

544 1889 820 1959 ptismate,
874 1887 1104 1945 dicens;
1145 1887 1227 1942 Tu
1257 1903 1310 1943 es
1358 1885 1530 1943 Filius
1583 1905 1724 1943 meus
1761 1886 2148 1958 dilectissimus,

547 1985 604 2038 in
631 2001 730 2056 quo
777 1983 902 2040 bene
930 1982 1219 2058 complacui
1253 1981 1480 2056 (Matth.
1513 1997 1593 2051 lii,
1627 1981 1750 2054 i7).
1799 1981 2156 2039 Anuuntiavit

551 2077 606 2132 in
631 2087 845 2144 monte,
875 2075 1065 2132 dicens
1092 2093 1104 2130 :
1133 2073 1235 2130 Hic
1262 2083 1335 2130 est
1361 2071 1412 2127 F
1413 2073 1538 2130 ilius
1563 2091 1702 2130 meus
1723 2075 1962 2143 dilectus,
1981 2076 2154 2148 ipsum

553 2171 732 2225 audite
762 2168 990 2241 (Matth.
1028 2185 1161 2237 svn,
1211 2165 1334 2239 i7).
1383 2160 1746 2224 Annuntiavit
1791 2168 1846 2223 in
1879 2169 2150 2239 passione,

552 2282 676 2324 cum
721 2267 807 2324 sol
849 2255 1102 2334 recessit,
1148 2267 1317 2320 maria
1351 2274 1616 2336 terraeque
1651 2273 2006 2322 tremuerunt.
2046 2265 2157 2320 An-

557 2360 830 2415 uuntiavit
854 2358 912 2414 in
937 2359 1285 2424 centurione,
1321 2356 1411 2429 qui
1439 2357 1548 2413 ait:
1579 2352 1706 2412 Vere
1727 2355 1825 2410 Dei
1856 2353 2026 2412 Filius
2047 2365 2157 2413 erat

556 2455 654 2509 iste
679 2451 905 2528 (Matth.
939 2468 1056 2520 xlv,
1089 2451 1217 2526 53).

633 2547 725 2604 58.
766 2545 964 2604 Totum
995 2545 1159 2620 igitur
1197 2544 1344 2602 hunc
1390 2541 1571 2600 locum
1622 2551 1718 2601 aut
1747 2542 1813 2600 ad
1855 2543 2156 2616 simplicem

561 2641 908 2698 intellectum
937 2639 1093 2696 istius
1123 2638 1282 2697 ﬂatus
1309 2638 1405 2714 qui
1427 2637 1660 2696 vivendo
1685 2635 1956 2706 hauritur,
1978 2644 2072 2692 aut
2089 2635 2158 2696 ad

559 2735 880 2810 mysterium
906 2733 1176 2792 Dontinici
1205 2733 1451 2807 corporis
1477 2732 1688 2790 referre
1712 2731 2013 2802 debemus,
2035 2748 2157 2789 nam

559 2834 605 2887 si
641 2831 728 2888 hic
755 2840 998 2888 creatum
1029 2829 1258 2887 dixisset
1286 2823 1550 2901 Spiritum
1583 2841 1850 2897 sanctum,
1888 2829 2075 2900 utique
2107 2837 2164 2886 et

558 2925 688 2983 alibi
707 2924 849 2982 idem
873 2925 1157 2997 Scriptura
1173 2919 1452 2981 declarare
1474 2922 1762 2996 potuisset,
1778 2923 1918 2980 sicut
1935 2921 2002 2978 de
2024 2922 2160 2979 Filio

560 3019 656 3075 Dei
701 3018 1016 3090 frequenter
1058 3017 1290 3090 legimus
1321 3019 1448 3090 quia
1494 3011 1800 3073 secundum
1834 3031 2054 3072 carnem
2107 3023 2162 3070 ct

561 3113 738 3170 factus
765 3125 849 3170 est
879 3122 936 3169 et
965 3122 1185 3170 creatus
1215 3111 1402 3192 (Rom.
1431 3127 1470 3182 ι,
1501 3109 1592 3184 5).

2325 1892 2492 1969 646
2513 1894 2602 1950 65.
2641 1893 2908 1954 Similiter
2933 1909 3002 1952 ex
3029 1893 3237 1970 Spiritu
3279 1894 3578 1952 secundum
3601 1895 3798 1968 gratiam

2257 1999 2361 2044 nos
2407 1985 2618 2044 renasci
2673 1986 2938 2043 Dominus
2964 1985 3086 2057 ipse
3129 1993 3390 2056 testatur,
3439 1987 3664 2046 dicens:
3693 1985 3811 2057 Quod

2257 2087 2435 2136 natatu
2458 2089 2534 2134 est
2560 2094 2625 2134 ea:
2651 2095 2827 2150 carne,
2856 2095 2978 2136 caro
2997 2088 3105 2146 est.-
3123 2083 3248 2152 quia
3271 2079 3338 2136 de
3361 2096 3520 2138 carne
3547 2091 3711 2137 eum
3725 2091 3810 2136 est:

2259 2181 2306 2228 et
2331 2173 2469 2244 quod
2491 2182 2674 2230 natum
2701 2182 2776 2230 est
2802 2171 2868 2230 de
2895 2173 3084 2246 spiritu
3111 2215 3128 2246 ,
3158 2173 3374 2248 spiritus
3411 2183 3523 2244 est;
3550 2176 3666 2247 quia
3701 2171 3810 2232 Deus

2259 2264 2477 2336 spiritus
2507 2273 2604 2320 est.
2637 2263 2690 2320 Ν
2696 2265 2768 2322 oti
2814 2265 2996 2322 mirari
3037 2267 3158 2339 quia
3193 2267 3310 2323 dixi
3357 2265 3452 2324 tibi
3471 2283 3493 2324 .°
3517 2265 3712 2340 Oportet
3743 2282 3811 2324 vos

2260 2358 2407 2416 nasci
2451 2362 2642 2415 denuo.
2678 2359 2910 2432 Spiritus
2953 2358 3040 2416 ubi
3074 2359 3182 2416 uult
3225 2358 3418 2432 spirat,
3460 2369 3509 2415 et
3546 2359 3812 2428 manu

2261 2449 2414 2505 audis
2441 2466 2461 2505 :
2487 2451 2578 2506 sed
2607 2453 2774 2505 nescis
2804 2451 2942 2506 unde
2968 2451 3156 2517 ueniat,
3189 2461 3282 2506 aut
3329 2467 3433 2523 quo
3457 2451 3607 2508 cadat
3627 2467 3646 2518 ;
3668 2449 3736 2508 sit
3755 2457 3812 2507 est

2263 2543 2431 2600 omnis
2460 2544 2548 2614 qui
2576 2553 2732 2600 natus
2757 2553 2832 2602 est
2854 2543 2920 2601 de
2946 2543 3158 2615 Spiritu
3203 2543 3412 2616 (Joan.
3435 2538 3526 2616 lli,
3560 2543 3593 2601 6
3615 2553 3658 2600 et
3673 2540 3807 2615 αφ).

2335 2637 2424 2696 64.
2464 2637 2649 2697 Ciaret
2698 2638 2865 2710 igitur
2911 2637 3178 2714 spiritalis
3222 2653 3443 2714 quoque
3483 2637 3812 2713 generationis

2261 2743 2540 2792 auctorem
2586 2749 2713 2792 esse
2750 2733 3013 2808 Spiritum
3059 2745 3345 2804 sanctum;
3389 2735 3516 2806 quia
3556 2730 3810 2792 secundum

2265 2827 2434 2888 Deum
2455 2842 2730 2896 creamur,
2763 2838 2824 2885 ut
2848 2828 2946 2888 lilii
2965 2828 3065 2887 Dei
3093 2829 3294 2890 simus.
3320 2828 3467 2900 Ergo
3491 2843 3608 2884 cum
3637 2826 3812 2884 illcuss

2264 2921 2320 2978 in
2350 2937 2577 2994 regnum
2604 2937 2764 2980 suum
2785 2938 2884 2997 per
2909 2923 3261 2996 adoptionem
3281 2937 3458 2983 sacra:
3486 2919 3814 2993 regeneratio-

2265 3017 2352 3072 nis
2379 3017 2762 3088 assumpserit,
2794 3031 2898 3076 nos
2924 3017 2974 3074 ei
3003 3016 3150 3089 quod
3175 3032 3336 3074 suum
3365 3024 3472 3083 est,
3486 3012 3814 3088 denegamus?

2265 3108 2362 3166 ille
2386 3125 2486 3166 nos
2513 3125 2767 3182 superna:
2817 3111 3254 3182 regenerationis
3301 3108 3434 3170 fecit
3464 3107 3715 3172 itazretics.
3738 3118 3814 3160 nui

494 5677 499 5682 ,
588 5621 731 5669 utero
759 5609 950 5682 habens
974 5602 1038 5660 de
1069 5602 1271 5676 Spiritu
1295 5607 1498 5682 sancto.

633 3203 722 3262 59.
764 3205 932 3280 Cujus
965 3217 1144 3262 tamen
1173 3177 1514 3278 maiestatem
1547 3177 1600 3259 in
1627 3219 1694 3260 eo
1727 3205 1846 3280 ipso
1869 3203 2016 3276 quod
2043 3218 2161 3260 car-
2189 3177 2236 3243 (ἶ
2270 3177 2645 3262 itatreditatem
2672 3177 3037 3274 vindicamus,
3065 3202 3370 3264 refutamus
3395 3193 3706 3271 auctorem?
3730 3198 3813 3257 Sui

565 3315 688 3356 nem
723 3315 819 3372 pro
851 3299 1010 3355 nobis
1052 3297 1316 3371 suscepit,
1358 3297 1708 3354 considerare
1735 3313 1836 3354 nos
1870 3297 2160 3360 convenit;
2267 3312 2374 3354 non
2411 3305 2594 3368 potest
2640 3313 2867 3362 manere
2898 3297 3246 3366 beneﬁcium.
3277 3313 3403 3356 cum
3451 3304 3636 3356 auctor
3661 3295 3808 3354 exclu-

564 3405 625 3454 ut
666 3397 902 3452 divinam
933 3395 1232 3465 potentiam
1267 3394 1320 3448 in
1367 3393 1482 3462 ipsa
1519 3393 1763 3466 corporis
1791 3391 2164 3466 assumptione
2266 3389 2463 3461 ditur;
2492 3405 2594 3448 nec
2643 3398 2836 3450 auctor
2880 3389 3004 3448 sine
3030 3406 3286 3460 munere,
3333 3403 3438 3448 nec
3485 3391 3600 3450 sine
3633 3396 3817 3446 auctore

564 3489 845 3544 videmnus
871 3485 1062 3564 [Alias
1092 3503 1210 3560 cap.
1260 3481 1432 3560 Vill].
1495 3480 1708 3542 Etenim
1750 3486 1890 3541 sicut
1930 3483 2164 3558 legimus
2269 3498 2490 3542 munus.
2521 3483 2580 3544 Si
2607 3483 2850 3542 vindieas
2869 3483 3126 3556 gratiam,
3153 3482 3319 3546 crede
3344 3481 3636 3555 potentiam
3661 3497 3675 3536 :
3698 3479 3738 3535 si
3753 3493 3814 3533 re-

567 3583 696 3653 quia
734 3581 940 3637 creavit
986 3579 1148 3638 Pater
1191 3569 1486 3636 Dominicis
1536 3579 1928 3637 incarnationis
1975 3593 2165 3633 sacra-
2279 3577 2423 3636 tutus
2453 3578 2777 3652 potentiam,
2815 3577 3048 3651 gratiam
3079 3592 3149 3636 ne
3193 3577 3464 3648 requiras.
3499 3573 3640 3646 coci
3682 3568 3818 3644 Spiri-

569 3681 836 3742 tnentum,
864 3673 1068 3728 creavit
1091 3681 1144 3727 et
1169 3671 1438 3742 Spiritus;
1470 3675 1541 3725 ita
1569 3671 1739 3728 etiam
1767 3672 2000 3744 legimus
2020 3671 2167 3748 quod
2273 3678 2386 3726 tum
2413 3671 2629 3743 negavit
2653 3711 2669 3738 ,
2697 3671 2884 3729 statim
2913 3670 3137 3743 negavit
3171 3676 3232 3727 et
3272 3670 3501 3727 donum.
3531 3665 3656 3726 Nam
3683 3669 3727 3722 si
3747 3676 3819 3716 sll-

571 3773 629 3824 et
659 3761 777 3838 ipse
805 3763 1056 3820 Christus
1082 3779 1242 3820 suum
1281 3779 1481 3837 corpus
1507 3763 1748 3832 creavit;
1782 3765 1990 3822 creavit
2019 3766 2165 3821 enim
2271 3774 2391 3822 ctor
2412 3764 2562 3836 vilis,
2591 3763 2868 3836 quomodo
2897 3765 3037 3821 dona
3082 3762 3353 3835 pretiosa?
3379 3765 3490 3823 Cur
3518 3761 3711 3822 nostris
3738 3755 3818 3828 ipsi

576 3859 760 3926 Pater,
789 3857 1088 3916 secundum
1119 3857 1264 3930 quod
1291 3857 1555 3931 scriptum
1581 3869 1668 3916 est
1697 3877 1710 3914 :
1747 3856 2002 3914 Dominus
2027 3875 2171 3916 crea-
2269 3859 2590 3918 muneribus
2630 3857 2968 3926 invidemus,
3011 3872 3162 3930 spem
3195 3857 3584 3922 imminuimus,
3622 3851 3816 3930 dignita-

571 3955 642 4008 uit
668 3968 748 4008 me
780 3950 970 4026 (Prov.
1000 3969 1118 4020 vnt,
1142 3953 1282 4024 25);
1314 3961 1370 4008 et
1399 3951 1530 4006 alibi
1559 3969 1571 4005 :
1611 3947 1754 4007 Misit
1793 3951 1935 4007 Deus
1967 3943 2171 4006 Filium
2275 3961 2382 4010 tem
2411 3951 2787 4022 repudiamus,
2813 3950 3216 4010 consolatorem
3237 3949 3524 4025 negamus?

570 4061 725 4100 suum
741 4053 768 4082 α
787 4048 987 4118 factum
1003 4060 1066 4100 ea:
1085 4045 1321 4112 muliere,
1335 4047 1535 4118 factum
1555 4043 1648 4100 sub
1670 4041 1806 4118 Lege
1825 4043 1977 4118 (Gal.
1997 4061 2069 4113 tv,
2087 4042 2168 4116 4).
2347 4045 2438 4106 65.
2479 4045 2588 4103 Sed
2617 4045 2769 4102 illum
2791 4059 2995 4118 negare
3009 4043 3037 4082 (ι
3063 4059 3170 4104 non
3199 4059 3512 4116 possumus.
3539 4041 3687 4102 Absit
3705 4036 3819 4096 enim

573 4135 792 4192 Creavit
817 4142 875 4194 et
901 4133 1138 4209 Spiritus
1160 4133 1292 4190 illud
1315 4149 1478 4192 Omne
1501 4132 1844 4208 mysterium,
1869 4130 2169 4192 secundum
2277 4150 2336 4198 ut
2357 4155 2618 4214 negemus
2635 4140 3100 4214 quodmasimum
3115 4148 3223 4208 est,
3243 4155 3370 4196 cum
3385 4135 3820 4212 Apostolusdicat:

573 4227 721 4304 quod
753 4227 1005 4304 legimus,
1035 4229 1162 4303 quia
1191 4228 1397 4286 inventa
1423 4239 1496 4286 est
1526 4227 1700 4285 Maria
1729 4231 1783 4286 in
1808 4240 1950 4285 utero
1979 4227 2174 4284 habens
2284 4231 2391 4290 Vos
2418 4241 2614 4302 autem,
2647 4235 2860 4306 fratres,
2881 4232 3166 4292 secundum
3197 4231 3352 4290 Isaac
3389 4229 3725 4304 prondssiouis
3747 4223 3822 4297 ﬂii

576 4321 874 4394 ex-Spiritu
901 4332 1080 4376 sancto
1111 4321 1338 4394 (Matth.
1368 4319 1559 4391 1,58).
2283 4328 2447 4385 estis:
2475 4327 2566 4386 sed
2621 4327 2756 4384 sicut
2805 4337 2929 4384 tunc
2976 4329 3067 4398 qui
3127 4324 3412 4386 secundum
3475 4337 3669 4380 corneus
3702 4326 3824 4376 uates

651 4415 742 4472 60.
780 4415 962 4474 Habes
992 4416 1331 4490 quiacreavit
1360 4414 1545 4485 Pater,
1571 4413 1781 4471 creavit
1810 4422 1870 4472 et
1893 4414 2171 4488 Spiritus:
2279 4431 2375 4488 est,
2451 4419 2849 4494 persequebatur
2909 4433 3030 4476 eum
3095 4419 3187 4492 qui
3257 4417 3542 4474 secundum
3611 4414 3823 4486 Spiritus

577 4509 766 4582 accipe
783 4498 909 4580 quia
937 4505 1220 4566 creavitet
1247 4502 1420 4563 Filius
1446 4505 1566 4576 Dei,
1597 4505 1817 4564 dicente
1845 4505 2174 4566 Salomone:
2202 4573 2253 4588 ﬁ
2279 4513 2490 4588 (Galat.
2533 4528 2616 4580 tu,
2652 4511 2744 4584 28,
2783 4507 2907 4582 29).
2939 4512 3162 4580 .iterum
3215 4511 3402 4584 utique
3449 4507 3744 4566 subauditur
3771 4500 3824 4555 de

582 4573 854 4675 Sapientia
889 4601 1013 4678 fecit
1035 4598 1132 4655 sibi
1169 4599 1378 4655 domum
1407 4573 1604 4674 (Prae.
1644 4611 1717 4664 ιι,
1751 4597 1842 4671 1).
1882 4597 2026 4674 Ergo
2053 4599 2176 4673 Spi-
2201 4573 2258 4637 D
2277 4573 2679 4680 superioribus,
2707 4573 2800 4680 qui
2827 4573 3129 4663 secundum
3155 4573 3423 4675 Spirilum
3453 4611 3605 4659 Italus
3629 4607 3724 4656 εδι-
3745 4592 3825 4662 οιί

579 4698 718 4756 ritus
773 4705 994 4752 sanctus
1036 4693 1126 4772 qui
1175 4694 1387 4750 creavit
1435 4685 1733 4751 Dominica:
1781 4693 2174 4754 incarnationis
2283 4714 2413 4771 ergo
2439 4697 2739 4756 secundum
2761 4695 3028 4772 Spiritum
3056 4697 3322 4767 nascitur,
3373 4693 3662 4753 secundum
3681 4689 3822 4746 Deum

581 4802 1016 4862 sacramentum,
1045 4787 1188 4864 quod
1215 4802 1382 4860 super
1404 4801 1597 4844 omnes
1616 4797 2180 4862 eSIcreaturas,quo-
2282 4792 2548 4852 nascitur.
2595 4791 2957 4850 Renascimur
2985 4801 3192 4858 autem,
3239 4789 3461 4866 quando
3509 4789 3562 4845 in
3604 4783 3826 4842 interim

582 4889 748 4950 modo
772 4903 896 4950 esse
921 4893 1111 4962 potest
1131 4892 1378 4944 creatura
1402 4881 1426 4936 7
1491 4882 1500 4892 ’
2281 4901 2614 4948 renovamur
2635 4885 2858 4952 aii'ectu,
2889 4895 2949 4944 et
2977 4884 3268 4944 exterioris
3315 4883 3551 4942 hominis
3580 4885 3603 4914 ε
3628 4886 3826 4936 retusu-

653 4983 746 5042 61.
788 4981 866 5039 De
887 4979 1244 5057 generalitate
1264 4987 1444 5032 autem
1467 4991 1630 5052 supra
1648 4977 2022 5053 ostendimus(
2039 4981 2172 5056 Sup.
2283 4990 2392 5041 tem
2429 4979 2773 5052 deponimus.
2801 4979 2873 5038 Et
2910 4978 3032 5036 ideo
3057 4981 3133 5036 ait
3175 4977 3374 5038 iterum
3401 4975 3675 5049 Apostolus
3703 4987 3718 5024 :
3743 4969 3827 5025 Rt-

581 5096 698 5157 cap.
728 5073 804 5148 5)
832 5074 959 5152 quia
983 5071 1288 5132 secundum
1344 5085 1566 5126 carnem
1613 5079 1830 5130 creator
1866 5082 1953 5132 est
1989 5082 2178 5132 noster
2287 5073 2548 5134 nouamini
2568 5080 2741 5130 autem
2768 5069 2973 5144 Spiritu
2995 5070 3178 5128 mentis
3207 5081 3412 5140 vestrae,
3452 5079 3500 5126 et
3536 5065 3716 5124 induite
3753 5074 3830 5157 utt-

581 5153 820 5248 Spiritus
879 5174 1108 5225 sanctus
1177 5166 1230 5219 in
1281 5161 1504 5220 homine
1573 5165 1890 5222 exteriore:
1941 5165 1968 5206 δ
2033 5183 2181 5228 nunc
2288 5181 2411 5224 vum
2465 5164 2745 5240 hominem,
2791 5164 2880 5245 qui
2915 5160 3200 5220 secundum
3245 5160 3414 5222 Deum
3463 5171 3649 5222 creatus
3695 5162 3764 5212 est
3787 5153 3830 5208 is

583 5262 938 5322 ostendamus
969 5257 1097 5330 quia
1114 5265 1331 5312 creator
1358 5261 1445 5310 est
1467 5265 1674 5323 noster,
1687 5255 1852 5312 etiam
1873 5259 2178 5316 secundum
2287 5262 2514 5330 ueritate,
2537 5269 2584 5316 et
2605 5258 2837 5332 justitia,
2859 5267 2907 5312 et
2951 5259 3224 5312 sanctitate
3262 5255 3493 5328 (Ephes.
3518 5271 3584 5322 tv,
3611 5253 3696 5317 23,
3720 5248 3826 5318 24)-

579 5359 769 5432 entia
789 5359 1212 5415 sacramentum.
1231 5349 1298 5410 Et
1315 5349 1460 5412 eice!
1479 5358 1630 5412 creat
1649 5349 1832 5421 Pater,
1851 5354 1924 5412 ita
1941 5365 2098 5413 creat
2125 5365 2182 5414 et
2288 5352 2528 5413 Audiam
2543 5349 3006 5426 quemadmodum
3029 5349 3294 5412 unitatem
3321 5349 3520 5408 divine
3533 5340 3832 5420 epulationis

651 5542 683 5574 ’³
720 5535 853 5616 uss.
906 5534 1383 5616 aliqug‘tnnatumi
1408 5544 1474 5616 ex
1517 5527 1753 5586 muliere.
1785 5527 1854 5584 Et
1900 5527 2065 5600 intra,
2113 5533 2174 5588 in
2277 5531 2500 5616 negauit,
2522 5527 3229 5616 statimfet‘nomen:
3261 5537 3314 5583 at
3353 5527 3525 5586 multo
3549 5521 3832 5583 concinnius

2279 5603 2372 5658 alii
2401 5609 2548 5670 octo,
2579 5609 2640 5656 ut
2669 5614 2768 5656 nos
2791 5603 2845 5656 in
2877 5608 3048 5655 textu.

2324 5671 2395 5752 ,ἀλ
2417 5673 2546 5752 Mss.
2579 5672 2809 5752 aliquot,
2836 5686 2939 5727 non
2971 5687 3265 5744 possumus.
3310 5669 3426 5728 Nos
3451 5665 3718 5752 negamus!
3739 5661 3832 5722 Sed

2282 5746 2416 5804 absit
2426 5787 2443 5824 ε
2451 5818 2467 5824 _
2478 5749 2653 5804 Minus
2671 5746 2974 5824 eleganter.

2359 5829 2382 5862 ο
2426 5818 2538 5877 Non
2580 5822 2737 5912 pauci
2760 5814 2928 5894 ntss.,
2959 5830 3160 5900 uetusta
3187 5821 3441 5906 desideria
3468 5814 3770 5902 deponimus.

654 5659 686 5724 ἶ
703 5659 1075 5740 dide—tumst,
1106 5659 1242 5728 nunc
1283 5671 1609 5727 ostendamus
1634 5671 1694 5726 in
1715 5659 1985 5726 interiore.
2018 5670 2178 5733 Pater

586 5748 662 5810 ita
686 5751 892 5817 creauit,
927 5756 974 5802 et
1007 5749 1178 5805 Filius
1205 5749 1278 5801 ita
1304 5748 1512 5818 «cauit,
1545 5754 1591 5801 et
1620 5743 1853 5818 Spiritus
1877 5753 2106 5818 sanctus.

662 5833 684 5865 ο
723 5815 925 5879 Omnes
965 5817 1095 5877 edit.
1123 5828 1180 5878 et
1206 5831 1341 5874 mss.
1395 5815 1507 5876 non
1536 5815 1714 5896 pauci,
1767 5815 1870 5889 Qui
1909 5815 2178 5886 Christum
