4016 6292
253 228 360 283 737

1403 223 1492 280 DE
1533 222 1805 284 SPIRITU
1845 226 2119 284 SANC'I‘O
2157 227 2286 286 LIB.
2328 229 2394 285 II.

3444 236 3553 295 758

247 336 538 406 Scriptura
592 336 912 410 signaverit.
959 335 1059 406 Qui
1105 346 1397 394 renovatur
1441 337 1649 408 Spiritu
1698 353 1852 396 men-
1881 347 1935 408 Α
2029 342 2148 395 hinc
2175 343 2408 397 eumdem
2439 343 2695 416 Spiritum
2724 361 2831 401 esse
2881 347 3181 417 inferiorem
3233 353 3551 424 colligerent,

246 428 338 490 tis,
373 427 554 483 induit
584 443 784 485 novom
821 429 1123 496 hominem,
1179 430 1268 504 qui
1322 428 1619 485 secundum
1673 428 1844 486 Deum

245 531 473 577 creatus
501 530 606 578 CSl.

319 615 408 670 66.
454 615 642 672 Sancti
701 617 865 688 igitur
915 617 1152 688 Spiritus
1193 633 1330 690 opus
1361 629 1443 675 est
1499 621 1846 691 regeneratio

247 710 348 765 ista
380 711 759 780 praestantior;
785 719 840 767 et
871 712 996 767 novi
1030 711 1189 785 hujus
1221 709 1479 780 hominis,
1511 715 1599 784 qui
1629 723 1847 769 creatur

243 805 309 860 ad
341 805 634 876 imaginem
666 807 782 872 Dei,
817 817 1007 864 auctor
1037 818 1119 863 est
1143 806 1382 877 Spiritus
1410 828 1423 864 :
1457 825 1618 883 quem
1653 811 1840 882 utique

245 899 532 956 meliorem
584 899 686 955 hoc
716 903 991 956 exteriore
1023 917 1146 957 esse
1179 912 1366 958 nostro
1418 903 1636 959 homine
1682 919 1843 960 nemo

244 990 592 1047 dubitaverit.
637 990 916 1064 Siquidem
957 995 1238 1050 caelestem
1278 995 1532 1062 alterum,
1567 1005 1842 1053 terrenum

240 1082 478 1140 alterum
513 1082 807 1153 Apostolus
861 1085 1186 1156 signiﬁcavit
1231 1087 1465 1144 dicens:
1507 1088 1690 1157 Qualis
1743 1106 1843 1143 cae-

241 1176 408 1241 lestis,
443 1177 570 1230 tales
598 1185 643 1230 et
670 1176 895 1233 caelestes
929 1178 982 1246 (Ι
1012 1178 1130 1233 Cor.
1158 1196 1247 1245 xv,
1275 1181 1406 1252 48).

313 1269 404 1326 67.
447 1267 594 1340 Ergo
634 1285 756 1325 cum
787 1270 1066 1326 cmlestem
1120 1271 1281 1328 faciat
1333 1274 1504 1343 gratia
1553 1273 1837 1345 spiritalis,

238 1359 384 1431 quod
415 1371 692 1417 terrenum
723 1377 914 1418 creare
946 1363 1142 1434 possit,
1176 1364 1337 1418 etiam
1385 1381 1548 1421 sensu
1579 1367 1842 1423 debemus

237 1453 553 1517 advertere,
585 1456 773 1511 alicet
823 1471 1108 1511 careamus
1159 1459 1449 1530 exemplis.
1504 1460 1644 1514 Dicit
1691 1462 1837 1516 enim

240 1548 368 1605 alibi
397 1557 624 1605 sanctus
651 1549 787 1606 Job:
825 1549 956 1605 Vivit
987 1549 1262 1618 Dominus,
1290 1554 1378 1624 qui
1407 1554 1481 1610 sic
1504 1572 1582 1608 me
1597 1555 1805 1626 judicat
1822 1573 1840 1621 ;

237 1651 286 1696 et
318 1645 663 1714 omnipotens,
689 1643 778 1715 qui
801 1644 869 1698 ad
895 1645 1302 1700 amaritudinem
1343 1647 1583 1716 perduxit
1611 1648 1836 1702 animam

2022 435 2174 489 diluit
2197 454 2214 490 :
2241 438 2571 508 quamobrem
2611 440 2919 506 particulam
2949 441 3001 496 in
3029 443 3182 496 etiam
3205 441 3370 512 Filio,
3394 447 3548 502 immo

2023 536 2068 580 et
2091 526 2240 582 Patri
2272 545 2470 599 quoque
2519 531 2690 599 aptari
2715 531 2930 603 planum
2953 535 3117 604 facit:
3142 545 3194 590 at
3221 553 3250 591 e
3291 541 3548 594 contrario

2019 636 2140 676 cum
2171 623 2421 677 creaturis
2439 623 2591 677 etiam
2633 625 2847 679 attribui
2873 626 2984 682 sine
3010 628 3118 681 ulla
3163 628 3444 685 divinitatis
3468 631 3550 685 in-

2014 717 2193 787 juria;
2235 716 2551 787 proindeque
2569 718 2623 770 in
2662 718 2845 772 iisdem
2874 721 3326 792 praepositionibus
3347 723 3550 794 simpli-

2017 809 2144 862 citer
2192 809 2571 883 agnoscendam
2613 810 2906 866 divinarum
2943 829 3279 884 personarum
3328 819 3545 888 conjun—

2019 903 2258 958 ctioaem.

2018 1081 2107 1137 70.
2137 1081 2243 1137 Sed
2271 1082 2399 1152 quid
2429 1081 2623 1138 mirum
2648 1083 2693 1138 si
2719 1083 2788 1139 de
2815 1085 2991 1140 verbis
3022 1095 3266 1142 amentes
3293 1085 3545 1145 homines

1947 1175 2151 1230 faciunt
2177 1177 2558 1246 quiestion'em,
2598 1173 2625 1213 ἀ
2654 1193 2774 1232 cum
2812 1177 3013 1233 faciant
3058 1189 3111 1234 et
3157 1179 3226 1235 de
3270 1181 3544 1252 syllabis?

1946 1267 2085 1324 Sunt
2115 1267 2260 1322 enim
2303 1267 2396 1338 qui
2425 1267 2548 1323 hinc
2599 1278 2788 1339 putent
2832 1267 3139 1325 faciendam
3180 1287 3303 1327 esse
3335 1272 3544 1328 distan-

1947 1361 2099 1425 tiam,
2130 1361 2274 1430 quod
2303 1362 2486 1417 dicant
2541 1364 2592 1418 in
2625 1363 2826 1434 Spiritu
2878 1365 3067 1432 Deum,
3111 1383 3218 1422 non
3247 1383 3368 1422 cum
3419 1367 3544 1437 Spi-

1944 1455 2047 1516 ritu
2101 1454 2505 1522 praedicanduin
2558 1475 2569 1508 :
2622 1465 2677 1511 et
2716 1472 2784 1512 ex
2841 1474 2942 1512 una
2999 1457 3208 1530 syllaba
3239 1501 3255 1527 ,
3299 1459 3382 1515 vel
3437 1476 3540 1515 usu

1944 1547 2176 1617 quodam
2206 1547 2505 1604 divinitatis
2531 1550 2908 1605 aestimandum
2940 1560 3132 1620 putent
3150 1566 3273 1607 esse
3297 1568 3542 1609 momen-

1947 1649 2080 1703 tum,
2108 1651 2554 1710 argumentantes
2583 1642 2727 1708 quod
2759 1644 2804 1698 si
2834 1644 2886 1698 in
2915 1643 3121 1714 Spiritu
3147 1645 3316 1701 Deum
3340 1647 3540 1717 praedi-

236 1754 403 1791 meam
441 1755 459 1791 :
503 1737 734 1807 Spiritus
783 1748 958 1793 autem
1006 1739 1233 1806 divinus,
1279 1743 1367 1812 qui
1412 1751 1484 1795 εει
1526 1743 1578 1796 in
1630 1742 1840 1797 naribus
1871 1737 1916 1799 B
1944 1732 2175 1788 candum
2209 1743 2422 1804 putent,
2448 1736 2812 1791 ministerium
2844 1736 3019 1792 sancti
3060 1737 3297 1808 Spiritus
3325 1739 3544 1809 signare

235 1832 362 1886 meis
391 1830 526 1904 (Job
552 1847 720 1898 xxvu,
746 1832 805 1900 2,
833 1830 923 1903 5).
957 1833 1074 1888 Non
1121 1834 1304 1906 utique
1329 1835 1580 1906 spiritum
1613 1836 1702 1892 hic
1741 1851 1837 1892 au-

237 1940 354 1980 ram
395 1925 618 1980 vitalem
662 1925 803 1981 hanc
851 1936 907 1982 et
936 1928 1328 1996 spiramentum
1370 1943 1691 1998 corporeum
1745 1929 1836 1985 de-

237 2021 500 2092 signavit,
533 2021 626 2077 sed
657 2036 819 2077 nares
845 2022 934 2077 hic
973 2023 1250 2078 interioris
1279 2025 1362 2078 sui
1397 2023 1634 2078 hominis
1663 2024 1834 2094 signi-

238 2113 390 2180 ficat,
443 2115 644 2185 quibus
691 2113 818 2170 vitae
866 2115 1088 2169 odorem
1150 2116 1408 2183 carpebat
1481 2125 1731 2182 aeternae,
1781 2124 1835 2170 et

236 2210 469 2279 gratiam
521 2209 762 2264 cmlestis
781 2209 1041 2280 unguenti
1064 2208 1229 2282 647
1251 2208 1483 2282 geminis
1505 2209 1829 2282 quibusdam

236 2300 494 2355 sensibus
523 2300 832 2356 hauriebat.

306 2393 399 2449 68.
433 2393 572 2449 Sunt
602 2395 747 2448 enim
778 2408 936 2449 nares
967 2395 1264 2461 spiriiales,
1300 2403 1358 2448 ut
1407 2394 1663 2464 legimus,
1697 2410 1830 2466 quas

237 2486 406 2542 habet
434 2485 645 2558 Sponsa
684 2485 868 2554 Verbi,
893 2487 979 2541 cui
1019 2487 1219 2542 dicitur
1247 2504 1261 2539 :
1292 2485 1356 2540 lit
1395 2488 1522 2541 odor
1551 2488 1696 2540 naris
1732 2497 1834 2542 tua:

237 2578 419 2652 (Cant.
445 2595 538 2642 νη,
571 2580 663 2648 8);
693 2588 745 2633 et
781 2579 909 2634 alibi
960 2597 972 2632 :
1002 2578 1260 2633 Oderatus
1298 2587 1372 2632 est
1411 2577 1666 2634 Dominus
1703 2579 1834 2634 odo-

235 2689 346 2727 rem
392 2672 659 2726 suauitatis
703 2669 856 2743 (Gen.
887 2687 1005 2736 vni,
1052 2671 1170 2737 21).
1221 2671 1362 2726 Sunt
1409 2687 1540 2742 ergo
1585 2673 1830 2742 quaedam

235 2765 520 2820 interioris
547 2764 789 2819 membra
819 2763 1077 2829 hominis,
1123 2763 1280 2832 cujus
1305 2761 1333 2800 ι’
1370 2778 1562 2818 manus
1597 2765 1651 2818 in
1683 2772 1828 2830 actu,

235 2874 400 2913 aures
429 2860 484 2912 in
532 2859 744 2923 auditu,
777 2857 943 2927 pedes
991 2859 1045 2912 in
1104 2872 1364 2926 processu
1419 2858 1658 2927 quodam
1705 2859 1831 2914 boni

232 2953 420 3024 operis
450 2952 805 3007 :cstimantur.
843 2953 1028 3022 Itaque
1085 2966 1150 3007 ex
1189 2951 1407 3016 officiis,
1447 2952 1614 3008 veluti
1663 2968 1828 3021 quas-

234 3047 361 3100 dam
393 3046 704 3116 colligimus
741 3045 1113 3100 membrorum
1165 3043 1413 3115 figuras;
1454 3059 1630 3113 neque
1683 3043 1828 3099 enim

1945 1823 2232 1879 videantur
2267 1842 2279 1878 :
2311 1825 2358 1881 si
2389 1841 2518 1880 vero
2547 1841 2670 1881 cum
2704 1826 2912 1898 Spiritu
2954 1828 3140 1884 dicant
3169 1829 3263 1884 Dei
3313 1830 3397 1885 vel
3426 1831 3542 1884 vir-

1941 1925 2111 1973 tutem
2161 1932 2305 1986 esse,
2367 1920 2451 1974 vel
2482 1920 2750 1990 gloriam,
2800 1921 3120 1976 societatem
3167 1922 3456 1993 quamdam
3487 1934 3544 1979 et

1940 2013 2382 2068 communionem
2403 2013 2586 2069 Patris
2615 2022 2670 2069 et
2700 2013 2824 2070 Filii
2856 2025 2910 2070 et
2937 2014 3176 2087 Spiritus
3193 2018 3369 2072 sancti
3399 2018 3545 2073 desi-

1939 2120 2106 2176 gnare
2129 2105 2434 2161 videantur.

2011 2200 2102 2255 71,
2129 2200 2234 2256 Sed
2263 2203 2385 2270 quis
2411 2209 2650 2271 separet,
2681 2202 2825 2274 quod
2874 2219 2982 2258 non
3036 2212 3219 2273 potest
3263 2205 3544 2278 separari?

1937 2295 2058 2364 quis
2085 2294 2291 2350 dividat
2318 2297 2662 2362 societatem,
2691 2312 2873 2367 quam,
2909 2296 3242 2353 individuam
3285 2297 3539 2354 Christus

1938 2389 2182 2442 ostendit
2211 2389 2234 2443 ?
2260 2387 2360 2454 Ite,
2417 2391 2613 2460 inquit,
2646 2390 2902 2460 baptizate
2929 2408 3101 2445 omnes
3139 2402 3312 2461 gentes
3360 2394 3414 2446 in
3451 2409 3544 2447 no-

1937 2480 2072 2534 mine
2096 2479 2272 2536 Patris
2299 2493 2347 2536 et
2378 2480 2508 2536 Filii
2560 2491 2606 2535 et
2636 2480 2868 2552 Spiritus
2909 2483 3074 2538 sancti
3102 2483 3320 2556 (Matth.
3352 2502 3539 2552 xxviii,

1937 2574 2048 2648 l9).
2075 2575 2346 2648 Numquid
2401 2576 2488 2630 hic
2518 2576 2600 2631 vel
2659 2576 2806 2630 circa
2840 2576 3057 2632 Patrem
3089 2577 3176 2633 vel
3205 2577 3405 2634 Filium
3455 2583 3540 2636 vel

1937 2672 2197 2741 Spiritum
2243 2681 2487 2725 sanctum
2535 2679 2628 2725 aut
2669 2669 2898 2725 verbum
2953 2673 3201 2739 mutavit,
3249 2683 3345 2728 aut
3374 2674 3540 2744 sylla-

1936 2765 2060 2820 bam
2090 2773 2114 2819 '.'
2145 2764 2260 2819 Non
2307 2765 2492 2835 utique
2524 2782 2534 2816 :
2573 2760 2670 2818 sed
2720 2761 2786 2817 In
2840 2765 3044 2819 nomine
3078 2807 3091 2830 ,
3139 2765 3331 2836 inquit,
3368 2764 3537 2840 648

1937 2858 2113 2914 Patris
2163 2869 2208 2912 et
2252 2855 2379 2912 Filii
2429 2869 2474 2912 et
2523 2857 2752 2926 Spiritus
2782 2860 2966 2914 sancti.
3026 2858 3169 2912 Idem
3213 2858 3279 2913 de
3331 2858 3534 2929 Spiritu

1935 2951 2079 3022 quod
2116 2951 2183 3006 de
2210 2950 2372 3005 Patre
2413 2960 2468 3004 et
2505 2950 2570 3004 de
2602 2965 2661 3005 se
2711 2961 2891 3005 sonat.
2926 2950 3082 3005 Unde
3123 2947 3331 3004 nullum
3361 2951 3536 3019 Spiri-

1937 3055 2022 3098 tus
2081 3045 2254 3098 sancti
2328 3044 2736 3109 ministerium,
2796 3042 2892 3098 sed
2959 3042 3299 3096 consortium
3362 3044 3537 3113 magis

235 3139 288 3192 in
321 3139 588 3193 interiore
619 3137 840 3192 homine
883 3137 1182 3192 secundum
1233 3135 1473 3192 carnalia
1503 3135 1706 3206 aliquid
1731 3150 1830 3192 nos
1858 3126 1903 3188 C
1937 3136 2164 3192 honoris
2212 3145 2303 3190 aut
2331 3135 2518 3206 aperis
2545 3176 2559 3202 ,
2591 3150 2715 3189 eum
2770 3135 2821 3188 in
2869 3135 3072 3204 Spiritu
3121 3133 3319 3188 dicitur
3341 3176 3353 3199 ,
3387 3134 3535 3189 aesti-

232 3233 492 3287 convenit
519 3230 756 3299 apinari.

305 3323 398 3380 69.
427 3321 593 3395 [Alias
615 3339 732 3391 cap.
765 3321 860 3394 1L]
903 3321 970 3376 Et
997 3332 1127 3376 sunt
1156 3322 1377 3392 quidam
1406 3323 1500 3391 qui
1526 3321 1826 3393 corporali—

233 3425 320 3472 ter
351 3415 518 3470 Deum
547 3424 740 3486 putant
769 3427 791 3454 ε
823 3429 946 3470 esse
975 3413 1289 3478 formatum,
1320 3428 1444 3468 cum
1498 3413 1685 3484 legunt
1736 3422 1828 3468 aut

232 3523 459 3564 manum
488 3507 627 3577 ejus,
653 3518 741 3562 aut
767 3506 1029 3579 digitum:
1057 3522 1157 3562 nec
1208 3507 1498 3562 advertunt
1539 3506 1681 3577 quod
1711 3506 1827 3560 huic

229 3615 343 3656 non
375 3609 598 3671 propter
641 3601 867 3656 formam
920 3600 1122 3670 scripta
1155 3601 1262 3655 sint
1304 3600 1550 3668 corporis
1575 3639 1588 3663 ,
1619 3600 1741 3670 quia
1773 3601 1826 3654 in

228 3693 521 3748 divinitate
550 3708 654 3748 nec
681 3693 946 3760 membra,
983 3707 1083 3748 nec
1133 3703 1315 3762 partes
1340 3701 1468 3747 sunt
1497 3707 1510 3744 :
1540 3692 1636 3746 sed
1669 3707 1829 3762 prop-

231 3795 316 3842 ter
343 3787 611 3842 unitatcm
632 3786 936 3843 divinitatis
980 3803 1259 3859 expressa,
1289 3796 1346 3842 ut
1390 3785 1680 3842 credamus
1704 3787 1828 3856 quia

230 3879 574 3949 impossibile
600 3891 684 3935 est
711 3896 741 3935 a
769 3880 930 3936 Patre
957 3882 1066 3936 Deo
1095 3881 1187 3936 vel
1215 3880 1437 3946 Filium,
1459 3883 1539 3937 vel
1561 3881 1823 3952 Spiritum

227 3983 482 4028 sanetum
528 3973 816 4044 separari;
850 3988 970 4030 cum
1006 3974 1294 4044 plenitudo
1347 3974 1650 4047 divinitatis
1679 3973 1823 4029 velut

225 4065 596 4134 corporaliter
653 4067 860 4122 habitet
916 4069 968 4122 iu
1002 4068 1304 4124 substantia
1362 4067 1663 4122 Trinitatis.
1698 4067 1825 4123 Ideo

228 4162 400 4232 igitur
429 4172 485 4216 et
538 4159 706 4218 Filius
757 4163 931 4218 Patris
974 4164 1200 4219 dextera
1249 4175 1626 4234 nuncupatur,
1683 4163 1826 4218 sicut

226 4255 432 4309 lectum
480 4265 600 4309 est:
634 4252 859 4310 Dextera
905 4255 1116 4310 Domini
1146 4258 1264 4330 fecit
1291 4258 1525 4312 virtutem
1550 4300 1563 4324 ,
1614 4257 1825 4312 dextera

229 4345 446 4401 Domini
472 4348 715 4402 exultavit
746 4366 825 4404 me
854 4349 972 4422 (Ps.
999 4350 1286 4425 cxvn,16).

803 4442 1033 4500 CAPUT
1087 4444 1222 4499 VIII.

1935 3243 2136 3288 matur.

2005 3325 2095 3379 η.
2125 3324 2427 3379 Considera
2456 3333 2511 3377 et
2551 3323 2639 3378 hic
2686 3322 2811 3393 quia
2845 3321 2911 3376 ad
2966 3322 3185 3378 Patrem
3235 3333 3290 3376 et
3339 3320 3533 3377 Filium

1933 3417 2037 3472 hoc
2089 3418 2362 3487 Opinionis
2409 3426 2608 3470 vestra:
2637 3414 3009 3486 praijudicium
3061 3415 3374 3481 derivatur;
3407 3415 3533 3485 quia

1933 3511 2020 3566 hic
2064 3526 2169 3564 non
2193 3509 2329 3564 dixit
2361 3528 2374 3563 :
2405 3507 2541 3562 Cum
2568 3507 2747 3562 Patris
2776 3518 2830 3562 et
2861 3507 2982 3563 Filii
3014 3517 3066 3561 et
3089 3507 3326 3576 Spiritus
3355 3506 3530 3562 sancti

1931 3603 2194 3667 nomine;
2227 3601 2320 3656 sed
2352 3602 2404 3654 in
2449 3599 2766 3655 nomine:et
2795 3609 2975 3655 tamen
3024 3617 3128 3656 non
3167 3599 3527 3656 ministerium

1931 3695 2148 3768 aliquod
2183 3695 2466 3750 Trinitatis
2522 3693 2624 3749 hac
2677 3694 2882 3766 syllaba
2928 3693 3276 3765 exprimitur,
3308 3693 3401 3749 sed
3433 3709 3528 3764 po-

1933 3797 2118 3846 testas.

2002 3886 2090 3940 75.
2119 3884 2358 3953 Denique
2381 3893 2438 3936 ut
2465 3884 2606 3938 scias
2628 3883 2752 3953 quia
2788 3881 2912 3937 fidei
2940 3896 3046 3936 non
3073 3880 3387 3951 praeiudicat
3414 3880 3526 3952 syl-

1931 3979 2074 4044 laba,
2121 3978 2215 4033 sed
2251 3989 2272 4016 ε
2305 3976 2655 4032 commendat
2698 3977 2836 4032 Iides
2876 3976 3166 4047 syllabam,
3217 3984 3270 4029 et
3325 3975 3526 4030 Paulus

1927 4071 2169 4141 loquitur
2198 4069 2249 4123 in
2287 4067 2531 4123 Christo.
2577 4067 2688 4123 Nec
2715 4110 2717 4113 -
2743 4067 2867 4124 ideo
2915 4067 3094 4121 minor
3136 4066 3387 4121 Christus
3414 4075 3523 4132 est,

1927 4163 2051 4233 quia
2085 4161 2284 4215 Paulus
2338 4162 2553 4215 locutus
2602 4161 2655 4214 in
2706 4160 2928 4215 Christo
2975 4169 3077 4223 est,
3127 4159 3270 4213 sicut
3308 4157 3520 4213 habes:

1927 4255 2114 4310 Coram
2143 4252 2252 4309 Deo
2279 4255 2333 4308 in
2355 4252 2560 4308 Christo
2588 4250 2928 4324 loquimur(|l
2948 4249 3068 4305 Cor.
3113 4266 3171 4316 II,
3205 4247 3282 4319 6).
3317 4250 3521 4318 Quem-

1927 4349 2218 4406 admodum
2250 4349 2416 4420 igitur
2443 4349 2738 4420 Apostolus
2787 4346 2923 4402 dicit
2948 4346 3070 4416 quia
3102 4346 3154 4399 in
3199 4345 3418 4400 Christo
3441 4345 3520 4401 lo-

1926 4446 2177 4517 quimur;
2203 4445 2277 4500 ita
2305 4442 2434 4498 illud
2463 4451 2548 4497 est
2571 4441 2694 4512 quia
2727 4438 3005 4511 loquimur
3030 4439 3084 4494 iu
3105 4437 3351 4508 Spiritu;
3382 4439 3526 4494 sicut

224 4538 502 4609 Argutiam
528 4539 889 4594 haereticorum
911 4541 1000 4612 qui
1029 4539 1194 4594 Deum
1219 4541 1412 4596 idcirco
1442 4538 1742 4593 dictitabant
1767 4539 1820 4593 in
1850 4517 1902 4576 Ῑ)
1928 4535 2044 4607 ipse
2088 4536 2383 4605 Apostolus
2424 4534 2560 4588 dixit
2596 4551 2606 4584 :
2645 4529 2810 4586 Nemo
2845 4530 2970 4584 dicit
3002 4527 3282 4583 Dominum
3318 4528 3522 4595 Iesum,

299 4627 534 4700 Spiritu,
565 4647 668 4684 non
709 4640 880 4686 autem
928 4646 1048 4686 cum
1083 4630 1287 4701 Spiritu
1319 4631 1742 4704 glori/icandum,
1769 4639 1822 4682 ut

305 4780 330 4806 λ
375 4768 543 4838 Edit.,
573 4769 690 4822 licet
720 4770 991 4824 credamus
1020 4769 1288 4840 exemplis.

302 4859 332 4899 δ
363 4859 527 4915 Rom.
560 4858 694 4916 edit.
729 4863 870 4926 sola,
904 4879 1086 4916 manus
1132 4863 1183 4914 in
1217 4873 1373 4915 tactu.
1427 4861 1531 4917 Sed
1575 4862 1626 4916 in
1682 4876 1828 4916 com-

227 4933 382 4990 muni
435 4933 668 4988 lectione
719 4933 851 4988 nihil
911 4934 1266 4998 mutanduin;
1302 4947 1493 4989 manus
1543 4933 1826 4986 enimnon

228 5015 443 5087 tantum
470 5013 555 5060 est
579 5007 823 5077 tangere,
845 5015 902 5060 at
930 5005 1105 5062 multo
1133 5004 1304 5074 magis
1333 5019 1493 5074 agere
1514 5014 1675 5074 atque
1698 5017 1826 5072 ope-

225 5093 361 5133 rari.

307 5182 332 5211 ο
363 5170 568 5226 Omnes
615 5171 749 5225 edit.
784 5185 847 5224 ac
893 5170 1077 5240 plures
1129 5186 1421 5236 mss.,esse
1476 5168 1824 5241 formandum.

229 5242 354 5297 Non
378 5241 558 5306 male;
587 5241 728 5313 idem
760 5242 902 5296 enim
929 5251 1034 5305 est,
1067 5257 1130 5294 ac
1156 5243 1388 5313 imagine
1415 5256 1510 5296 seu
1543 5244 1710 5308 figura
1729 5254 1830 5294 ex-

232 5313 605 5385 primendum.
634 5312 701 5367 At
736 5314 1032 5381 simplicius
1065 5323 1242 5368 tamen
1273 5312 1360 5367 alii
1397 5328 1555 5377 mss.,
1588 5327 1693 5385 esse
1724 5315 1832 5380 for-

229 5383 456 5449 matum,
489 5383 591 5438 hoc
628 5392 733 5451 est,
767 5386 1183 5455 coiiliguratum,
1213 5395 1378 5455 atque
1425 5384 1684 5439 exteriori
1711 5398 1836 5450 spe-

228 5459 320 5511 cie
365 5456 753 5524 eompositum.
786 5454 1012 5510 Videtur
1061 5465 1243 5510 autem
1278 5454 1532 5511 Ambros.
1579 5455 1681 5509 hoc
1718 5455 1837 5508 loco

236 5524 611 5596 perstringere
640 5527 1226 5596 Anthropomorphitas
1255 5543 1352 5582 seu
1405 5527 1674 5581 Vadianos
1705 5565 1719 5585 .
1770 5525 1839 5580 de

237 5597 443 5668 quibus
467 5596 689 5667 Epiph.,
717 5598 860 5652 Hier.
892 5599 977 5662 '10,
1011 5611 1065 5652 et
1094 5599 1232 5668 Aug.
1261 5599 1329 5653 de
1361 5599 1531 5660 Ilion,
1556 5612 1678 5667 cap.
1709 5597 1762 5652 5.

321 5685 349 5725 ἀ
371 5688 522 5755 Quos
543 5687 632 5761 hic
650 5688 894 5761 designat
913 5689 1234 5745 Ambrosius
1255 5699 1460 5752 noster.
1483 5688 1703 5761 dubium
1729 5702 1838 5761 non

249 5767 345 5820 est
385 5761 518 5830 quin
570 5759 732 5818 iidem
774 5759 908 5830 siut,
940 5763 1030 5833 qui
1079 5761 1277 5817 Basilio
1307 5760 1579 5816 scribendi
1618 5760 1739 5814 libri
1781 5759 1844 5813 de

1932 4629 2030 4683 nisi
2067 4629 2121 4682 in
2165 4628 2366 4699 Spiritu
2411 4637 2589 4681 sancto
2614 4625 2656 4696 (I
2681 4624 2800 4679 Cor.
2857 4639 2954 4692 xu,
2987 4621 3063 4694 5).
3108 4620 3223 4677 Non
3258 4621 3526 4690 subiectio

1933 4766 2136 4838 Spiritu
2171 4775 2350 4820 sancto
2372 4760 3240 4838 _causam_pr;rbuere,_nimirum
3284 4762 3516 4838 Aetiani.

1931 4832 2130 4892 Narrat
2160 4840 2300 4892 enim
2337 4835 2475 4889 idem
2507 4833 2734 4889 Basilius
2763 4848 2884 4886 cum
2926 4832 3220 4901 aliquando
3249 4849 3436 4898 preces
3467 4833 3521 4886 in

1932 4908 2189 4963 Ecclesiae
2221 4916 2489 4961 conventu
2548 4908 2619 4959 ita
2659 4904 2958 4968 clauderet,
2989 4912 3043 4955 ut
3089 4903 3521 4972 gloriﬁcationem

1935 4979 2042 5032 Deo
2074 4997 2133 5032 ac
2162 4979 2329 5042 Patri,
2361 4978 2618 5032 interdum
2647 4992 2762 5030 cum
2788 4973 2926 5028 Filio
2945 4975 3126 5040 ipsius,
3154 4975 3410 5026 interdum
3433 4989 3522 5036 per

1937 5049 2135 5104 Filium
2163 5053 2215 5104 in
2240 5050 2442 5121 Spiritu
2471 5059 2648 5102 sancto
2668 5047 2951 5121 tribueret,
2983 5045 3272 5121 nonnullos
3291 5044 3378 5096 illa
3400 5060 3526 5121 ora-

1933 5122 2081 5177 tione
2105 5113 2378 5188 tamquam
2407 5121 2719 5174 christiauis
2774 5117 2997 5172 auribus
3045 5114 3322 5182 peregrina
3357 5113 3529 5188 offen-

1932 5208 2022 5248 sos
2053 5209 2196 5247 esse.
2229 5185 2570 5262 Quapmpter
2620 5191 2813 5262 horum
2848 5200 3115 5262 errorem,
3147 5200 3303 5254 quem
3324 5185 3524 5262 partim

1933 5281 1999 5319 ex
2029 5267 2171 5320 Aetii
2203 5255 2548 5327 conuocatis,
2593 5261 2790 5334 partim
2821 5275 2851 5312 e
2906 5257 3248 5326 profanorum
3287 5255 3527 5334 philoso-

1939 5336 2166 5406 phorum
2196 5328 2660 5408 placitisllnxis'se
2687 5331 3164 5408 dicit,memorata
3193 5328 3366 5408 opella
3395 5341 3530 5408 coii-

1941 5403 2136 5462 futavit
2164 5403 2366 5474 {cujus
2404 5407 2663 5460 doctrinze
2692 5409 2793 5454 hoc
2847 5407 2962 5452 toto
2990 5404 3046 5449 et
3075 5403 3321 5466 sequenti
3349 5403 3532 5467 capite

1942 5480 2173 5534 inliteret
2195 5478 2536 5534 Ambrosius.

2018 5561 2040 5586 υ
2071 5552 2188 5606 Vet.
2237 5550 2393 5612 edit.,
2445 5548 2533 5602 sed
2577 5535 3014 5612 convincatﬁdes
3045 5535 3339 5612 syllabam;
3368 5535 3532 5612 Rom.

1947 5631 2000 5677 et
2032 5605 2164 5676 mss.
2210 5605 2436 5690 aliquot,
2473 5617 2560 5670 sed
2589 5607 2910 5690 commendat
2941 5605 3101 5690 ﬁdem
3133 5605 3338 5690 syllaba
3364 5625 3380 5672 ;
3412 5610 3542 5690 rell-

1948 5696 2036 5760 qui
2069 5707 2200 5749 mss.
2230 5684 2319 5761 qui
2359 5698 2414 5745 et
2447 5689 2624 5758 plures
2651 5684 3018 5752 potioresque,
3053 5684 3184 5732 utin
3213 5688 3492 5735 contextu.
3537 5691 3552 5754 ι
