4016 6292
477 229 581 289 759

1829 220 2076 282 SANCTI
2112 222 2444 283 AMBROSII

3639 228 3727 286 τω

477 348 661 416 itaque
685 336 789 401 hoc
829 342 952 400 loco
991 341 1227 415 Spiritus
1282 342 1476 409 sancti,
1507 340 1602 399 sed
1655 341 1850 414 gratiae
1875 341 2073 415 copula
2103 346 2158 408 Α
2249 343 2341 401 77.
2381 342 2593 400 Nullam
2615 342 2785 417 igitur
2809 342 3125 401 distantiam
3175 352 3327 418 putat
3361 342 3634 417 Apostolus
3655 346 3739 406 hac

479 438 820 511 designatur.

554 530 644 588 74.
679 529 751 587 Et
775 538 835 587 ut
859 528 1002 586 scias
1045 528 1436 586 discretionem
1464 542 1574 584 non
1604 541 1727 585 esse
1752 528 1821 584 de
1846 527 2079 601 syllaba,

482 625 610 683 alibi
650 639 867 697 quoque
896 625 972 679 ait
1005 642 1018 678 :
1058 623 1124 679 Et
1166 624 1275 679 haec
1317 622 1523 694 quidem
1564 623 1734 695 fuistis
1757 639 1778 678 :
1806 622 1898 678 sed
1922 620 2085 677 abluti

482 718 625 785 estis,
656 717 747 773 sed
774 716 1080 786 saneti/icati
1096 716 1237 784 estis,
1267 713 1357 770 sed
1367 715 1645 791 justi/icati
1665 716 1783 771 estis
1798 716 1854 770 in
1878 714 2086 771 nomine

482 811 612 867 Jesu
642 810 863 878 Christi,
892 819 941 866 et
960 810 1016 864 in
1043 809 1249 881 Spiritu
1294 808 1391 863 Dei
1430 808 1593 864 nostri
1637 808 1682 881 (l
1712 806 1834 864 Cor.
1865 824 1941 872 vr,
1967 806 2081 879 H).

485 908 660 974 Quam
693 905 861 961 multa
886 918 1112 975 possum
1142 903 1271 959 hinc
1315 903 1568 973 exempla
1615 900 1862 973 proferre
1892 903 1906 957 l
1936 900 2087 973 Scri-

488 1008 638 1070 ptum
662 998 906 1054 estenim
934 1012 947 1050 :
978 996 1168 1051 Omnes
1195 1011 1283 1051 vos
1307 1011 1468 1050 unum
1496 996 1619 1050 estis
1648 995 1704 1049 in
1730 994 1934 1051 Christo
1960 992 2087 1051 Iesu

491 1089 687 1164 (Colat.
723 1107 803 1154 ιιι,
831 1088 959 1160 26);
1002 1097 1057 1144 et
1110 1087 1239 1144 alibi
1271 1105 1285 1143 :
1312 1096 1338 1125 ⁸
1368 1088 1722 1159 Sancti/iratis
1773 1089 1829 1143 in
1878 1085 2088 1144 Christo

485 1188 613 1241 Jesu
635 1185 678 1258 (Ι
709 1182 829 1240 Cor.
860 1201 897 1249 ι,
925 1183 1013 1255 2);
1046 1193 1101 1239 et
1128 1184 1324 1240 ilerum
1352 1201 1366 1238 :
1402 1181 1473 1239 Ut
1515 1199 1611 1238 nos
1638 1200 1863 1239 essemus
1874 1182 2088 1256 justitia

493 1279 586 1334 Dei
636 1283 689 1333 in
722 1279 834 1352 ipso
881 1276 949 1349 (ll
1004 1277 1128 1333 Cor.
1164 1294 1217 1344 v,
1250 1274 1346 1348 21)
1377 1294 1392 1342 ;
1430 1287 1483 1332 et
1513 1276 1621 1332 alio
1675 1277 1795 1333 loco
1827 1292 1839 1328 :
1884 1274 1953 1331 Ut
2000 1293 2086 1332 ea:-

489 1374 664 1427 cidant
691 1389 722 1427 a
751 1372 1007 1441 castitate,
1056 1386 1173 1440 qua:
1218 1379 1296 1426 est
1332 1371 1386 1425 in
1428 1369 1630 1427 Christo
1674 1367 1800 1425 Jesu
1847 1368 1915 1440 (ll
1965 1368 2087 1425 Cor.

490 1485 567 1537 XI,
590 1465 668 1539 δ).

559 1562 652 1617 75.
681 1560 880 1617 Verum
923 1559 1053 1633 quid
1083 1560 1234 1631 ago?
1276 1559 1414 1615 Dum
1465 1558 1611 1633 enim
1665 1558 1921 1615 similiter
1966 1556 2091 1613 dico

490 1654 759 1724 scriptum
806 1631 1045 1711 esse—de
1102 1652 1264 1719 Filio,
1299 1631 1754 1722 quemadmodum
1785 1650 1856 1707 de
1882 1650 2092 1721 Spiritu

487 1749 754 1818 scriptum
782 1756 887 1809 est.
936 1746 1110 1818 magis
1139 1744 1274 1801 illud
1326 1744 1546 1800 incurro
1572 1761 1587 1811 ;
1619 1753 1678 1800 ut
1708 1758 1814 1799 non
1870 1743 1995 1813 quia
2022 1741 2091 1823 de
2121 1737 2170 1797 B

490 1840 630 1896 Filio
658 1841 922 1911 scriptum
952 1846 1063 1906 est,
1088 1838 1342 1910 religiose
1373 1837 1579 1894 dictum
1602 1836 1852 1893 videatur
1877 1837 1947 1894 de
1973 1836 2093 1907 Spi-

491 1936 597 1990 ritu
625 1934 760 1990 :sed
807 1934 932 2006 quia
961 1934 1103 1989 idem
1128 1932 1197 1989 de
1241 1932 1448 2004 Spiritu
1478 1933 1745 2003 scriptum
1771 1942 1877 1999 est,
1927 1932 2090 1987 etiam

486 2027 557 2083 de
586 2027 723 2083 Filio
749 2034 975 2096 prouter
1000 2022 1307 2097 Spiritumb
1340 2024 1602 2095 objiciaut
1630 2022 1971 2093 derogatum.
2005 2022 2095 2077 Di—

492 2132 623 2180 cunt
652 2122 797 2177 enim
825 2137 838 2175 :
873 2120 1144 2190 Numquid
1171 2118 1240 2175 de
1269 2119 1383 2174 Dco
1412 2117 1576 2175 Patre
1599 2118 1862 2188 scriptum
1895 2118 2027 2174 est?

566 2214 656 2270 76.
689 2213 795 2271 Sed
820 2212 1095 2284 accipiant
1135 2214 1300 2268 etiam
1331 2211 1401 2268 de
1428 2212 1539 2268 Deo
1564 2210 1726 2267 Patre
1754 2210 1960 2267 dictum
1987 2228 2001 2263 :
2028 2207 2095 2264 In

501 2306 721 2361 Domino
742 2304 965 2360 laudabo
980 2305 1189 2361 uerbum
1211 2303 1332 2378 (Ps.
1360 2319 1449 2370 LV,
1473 2303 1530 2375 5)
1556 2320 1570 2370 ;
1603 2313 1658 2359 et
1677 2302 1812 2359 alibi
1845 2320 1857 2356 :
1893 2301 1960 2358 In
1990 2302 2096 2357 Deo

497 2399 745 2467 faciemus
766 2397 1003 2451 uirtutem
1028 2395 1148 2467 (Ps.
1197 2412 1309 2463 ιιι,
1332 2395 1460 2466 id);
1502 2405 1593 2451 et:
1624 2393 1691 2450 In
1725 2406 1773 2450 te
1792 2411 2098 2451 commento-

496 2490 633 2544 ratio
667 2506 779 2545 mea
804 2505 1005 2560 semper
1044 2486 1164 2561 (Ps.
1214 2504 1339 2552 ιιι.
1367 2486 1497 2560 16);
1522 2496 1579 2543 et
1603 2505 1615 2541 :
1642 2485 1709 2542 In
1755 2488 1960 2542 nomine
2011 2485 2098 2542 tuo

503 2598 526 2625 ο
540 2586 908 2641 exsultabimus
934 2584 1051 2657 (Ps.
1072 2600 1330 2652 uxxvm,
1349 2583 1439 2656 l7)
1459 2601 1474 2651 ;
1502 2584 1693 2640 iterum
1714 2584 1844 2640 alibi
1867 2602 1881 2639 :
1905 2583 1974 2640 Ut
1990 2601 2099 2638 ma-

498 2679 807 2751 nifestentur
849 2693 1008 2747 opera
1036 2679 1170 2750 ejus,
1195 2677 1317 2747 quia
1339 2675 1395 2730 in
1446 2673 1556 2730 Deo
1582 2685 1704 2730 sunt
1756 2679 1895 2746 facta
1916 2673 2097 2747 (Joan.

500 2785 582 2836 ιιι,
608 2770 736 2841 21);
768 2779 824 2828 et
853 2769 1087 2826 Paulus:
1118 2766 1183 2824 In
1213 2767 1320 2824 Deo
1347 2769 1432 2839 qui
1458 2769 1630 2823 omnia
1658 2772 1846 2825 creavit
1873 2768 2095 2841 (Ephes.

500 2878 582 2925 Ill,
607 2860 702 2933 9);
728 2869 783 2916 et
830 2859 1025 2917 iterum
1062 2879 1073 2915 :
1120 2859 1325 2915 Paulus
1348 2869 1393 2915 et
1423 2860 1685 2932 Syleanus
1726 2870 1773 2916 et
1805 2860 2101 2917 Timotheus

501 2952 748 3009 Ecclesia:
782 2950 1320 3007 Thessalonicensium
1357 2952 1412 3006 in
1456 2950 1566 3007 Deo
1597 2951 1756 3008 Patre
1782 2963 1831 3008 et
1876 2952 2103 3009 Domino

502 3046 633 3102 Iesu
687 3045 895 3101 Christo
935 3044 979 3118 (Ι
1012 3044 1191 3101 Thess.
1238 3061 1277 3111 ι,
1308 3047 1397 3112 1);
1427 3054 1483 3100 et
1526 3045 1580 3100 in
1627 3044 1925 3117 Evangelio
1951 3063 1963 3098 :
1992 3045 2107 3120 Ego

499 3141 555 3194 in
582 3139 764 3205 Patre,
788 3150 837 3195 et
857 3138 1019 3195 Pater
1048 3141 1102 3193 in
1147 3155 1228 3193 me
1266 3137 1451 3211 (Joan.
1483 3154 1594 3206 xrv,
1629 3137 1718 3210 ‘10)
1757 3154 1771 3203 ;
1807 3148 1862 3194 et
1896 3156 1909 3192 :
1945 3137 2106 3194 Pater

501 3234 591 3307 qui
639 3234 693 3289 in
736 3250 818 3290 me
864 3244 1033 3289 manet
1078 3231 1294 3306 (Ibid).
1333 3232 1611 3304 Scriptum
1651 3241 1736 3289 est
1766 3232 1929 3289 etiam
1958 3250 1971 3287 :
2005 3232 2109 3302 Qui

502 3328 759 3397 gloriatur
819 3328 874 3381 in
914 3326 1138 3381 Domino
1179 3325 1430 3397 glorietur
1482 3323 1547 3397 (II
1593 3322 1715 3381 Cor.
1762 3341 1834 3391 ι,
1867 3324 2003 3397 i7);
2052 3334 2107 3380 et

502 3418 632 3474 alibi
661 3437 674 3473 :
709 3419 828 3473 Vita
850 3429 1022 3474 autem
1061 3428 1237 3474 nostra
1264 3418 1566 3474 abscondita
1587 3429 1659 3473 est
1691 3435 1805 3473 cum
1828 3416 2033 3473 Christo
2053 3419 2105 3474 in

508 3511 616 3567 Deo
660 3509 882 3584 (Coloss.
909 3528 988 3577 ιιι,
1022 3510 1101 3583 5).
1148 3511 1417 3582 Numquid
1461 3510 1549 3566 hic
1590 3511 1709 3580 plus
1758 3511 1900 3567 Filio
1943 3527 2103 3583 quam

507 3604 656 3659 Patri
701 3603 919 3665 detulit,
945 3611 1007 3658 ut
1035 3604 1086 3658 in
1120 3603 1232 3657 Deo
1268 3617 1366 3661 nos
1397 3602 1608 3658 diceret
1653 3617 1776 3659 esse
1803 3618 1925 3659 cum
1953 3604 2109 3659 Chri-

509 3697 637 3753 sto?
659 3706 751 3752 aut
800 3697 1059 3769 numquid
1104 3698 1223 3769 plus
1255 3708 1441 3753 nostra
1475 3697 1720 3754 conditio
1748 3712 1909 3767 quam
1943 3696 2108 3771 6&9

508 3790 745 3860 Spiritus
771 3789 943 3862 gratia
987 3788 1088 3845 sibi
1137 3788 1408 3856 vindicat;
1438 3799 1496 3844 ut
1542 3805 1642 3846 nos
1687 3791 1957 3861 possimus
1983 3805 2108 3846 esse

509 3898 632 3940 cum
678 3881 925 3949 Christo,
952 3881 1186 3952 Spiritus
1216 3892 1438 3938 sanctus
1463 3898 1589 3939 esse
1639 3899 1747 3939 non
1781 3884 1992 3954 possit?
2039 3883 2108 3938 Et

506 3982 629 4031 eum
655 3975 907 4031 Chrisrus
946 3976 1077 4032 velit
1099 3991 1222 4032 esse
1252 3976 1558 4043 nobiscum,
1600 3977 1739 4033 sicut
1767 3979 1883 4048 ipse
1924 3977 2062 4033 dixit
2091 3972 2125 4035 :‘

513 4070 691 4138 Pater,
708 4087 837 4142 quos
858 4070 1206 4139 dedistintihi,
1225 4071 1398 4128 oolout
1420 4070 1503 4124 ubi
1526 4087 1619 4142 ego
1640 4088 1772 4136 sum,
1799 4081 1846 4125 et
1884 4072 1985 4141 ipsi
2005 4072 2108 4126 sint

510 4182 708 4221 mecum
732 4164 1043 4238 (Joatmm,
1068 4164 1186 4237 24),
1215 4164 1538 4236 dedignetur
1566 4179 1689 4221 esse
1713 4180 1836 4221 cum
1866 4164 2109 4235 Spiritu?

514 4259 787 4328 Scriptum
830 4267 918 4314 est
970 4259 1136 4313 etiam
1173 4276 1187 4313 :
1221 4257 1649 4313 Convenientibus
1694 4259 1836 4313 vobis
1891 4267 1938 4313 et
1997 4274 2109 4314 meo

518 4349 761 4423 Spit’ilud
791 4368 907 4406 cum
941 4353 1126 4406 virtute
1152 4350 1362 4407 Domini
1388 4351 1518 4408 Jesu
1548 4351 1729 4426 (lCor.
1762 4368 1812 4416 ν,
1842 4351 1922 4424 4).
1965 4353 2110 4424 Ergo

517 4457 619 4497 nos
641 4458 763 4498 cum
786 4443 988 4499 virtute
1012 4443 1224 4499 Domini
1246 4445 1620 4511 convenimus,
1646 4452 1703 4500 et
1731 4444 1998 4501 audemus
2029 4445 2110 4501 dl-

2186 451 2253 492 an
2282 436 2375 494 illa
2398 437 2607 510 syllaba
2627 437 2819 494 utaris.
2835 436 3054 510 Syllaba
3075 437 3222 494 enim
3250 438 3631 510 coniunctionis
3651 448 3738 507 est,

2184 529 2498 601 conjunctio
2547 538 2728 585 autem
2766 530 3168 600 sejunctiunem
3217 544 3325 584 non
3362 530 3488 586 iacit
3527 546 3543 595 ;
3593 544 3739 603 neque

2185 624 2330 682 enim
2360 626 2404 679 si
2431 622 2724 701 divideret,
2755 623 3072 694 conjunctio
3096 622 3395 680 diceretur.
3582 684 3593 693 ι

2260 719 2348 775 78.
2381 716 2521 786 Quid
2552 718 2713 789 igitur
2745 727 2797 773 te
2828 725 3014 797 movet
3063 728 3121 771 ut
3169 716 3321 771 dicas
3348 715 3473 786 quia
3494 715 3651 787 gloria
3675 724 3745 773 est

2188 812 2303 869 Deo
2334 812 2505 877 Patri,
2552 813 2638 868 vel
2686 811 2908 867 Christo
2930 811 3070 883 ejus,
3100 811 3232 877 vita,
3288 809 3482 875 virtus,
3532 810 3747 882 magniﬁ-

2186 907 2388 974 centia,
2405 915 2644 977 potestas
2677 905 2729 961 in
2755 905 2957 976 Spiritu
2984 912 3198 970 sancto,
3217 913 3271 960 et
3292 902 3437 961 nolis
3460 903 3630 960 dicere
3648 919 3748 960 cum

2189 997 2394 1069 Spiritu
2419 1008 2608 1054 sancto
2636 997 2660 1052 ἳ
2686 1000 2770 1053 An
2795 998 2920 1069 quia
2984 998 3143 1053 times
3168 1012 3243 1053 ne
3271 1005 3328 1052 et
3354 996 3609 1067 Spiritum
3651 1012 3752 1053 cum

2188 1092 2353 1148 Patre
2374 1099 2428 1148 et
2457 1091 2601 1147 Filio
2631 1091 2843 1147 sociare
2868 1090 3149 1146 videaris?
3176 1089 3286 1147 Sed
3315 1089 3439 1145 audi
3470 1098 3524 1146 et
3548 1088 3611 1146 de
3650 1089 3750 1161 Spi.

2190 1185 2295 1241 ritu
2318 1183 2581 1255 scriptum
2615 1200 2630 1241 :
2661 1182 2770 1238 Lex
2808 1184 2943 1238 enim
2971 1181 3203 1253 Spiritus
3222 1182 3338 1237 vita:
3358 1182 3413 1236 in
3442 1181 3634 1237 Christo
3651 1180 3757 1237 lese

2192 1277 2370 1350 (Rom.
2401 1292 2518 1342 \‘lll,
2547 1275 2625 1348 Ξ).
2660 1275 2727 1330 Ει
2759 1275 2886 1331 alibi
2927 1275 3074 1331 Dens
3104 1274 3262 1330 Pater
3290 1273 3426 1329 dicit
3456 1292 3471 1329 :
3504 1272 3571 1328 Et
3599 1273 3758 1328 adora-

2192 1370 2315 1425 bunt
2368 1380 2433 1436 te,
2491 1379 2538 1424 et
2582 1369 2637 1423 in
2688 1378 2734 1423 te
2787 1367 3201 1440 deprecabuntur
3231 1364 3408 1440 (Esai.
3438 1364 3757 1435 ιιν,16).1η

2193 1463 2410 1519 Christo
2431 1476 2592 1518 orare
2614 1476 2716 1517 nos
2741 1460 2940 1518 debere
2972 1460 3115 1517 Deus
3140 1460 3303 1516 Pater
3332 1458 3499 1525 dicit;
3527 1467 3582 1514 et
3605 1466 3654 1512 tu
3679 1473 3758 1528 pu-

2196 1566 2279 1612 tas
2298 1555 2523 1628 Spiritui
2552 1555 2827 1626 derogari,
2857 1554 2903 1611 si
2938 1555 2991 1609 in
3022 1569 3090 1611 eo
3116 1554 3289 1626 gloria
3334 1550 3537 1609 Christi
3556 1565 3667 1608 esse
3687 1550 3756 1606 di-

2194 1656 2351 1704 catur
2381 1649 2404 1703 i

2269 1762 2356 1817 79.
2387 1760 2528 1817 Audi
2551 1758 2694 1831 quod
2741 1759 2899 1815 times
2941 1759 3010 1815 de
3051 1758 3257 1829 Spiritu
3288 1756 3556 1824 conﬁteri,
3585 1770 3677 1812 non
3703 1757 3761 1810 ti-

2197 1853 2402 1910 muisse
2429 1851 2499 1908 de
2553 1867 2614 1907 se
2667 1850 2771 1906 sibi
2799 1849 3122 1920 Apostolum
3150 1848 3429 1904 vindicare
3458 1864 3473 1914 ;
3505 1848 3575 1902 ait
3593 1847 3756 1904 enim:

2197 1945 2454 2013 Dissolvi,
2506 1956 2552 2000 et
2584 1961 2700 2000 cum
2732 1942 2934 1999 Christo
2984 1952 3094 1998 esse
3138 1943 3301 1998 multo
3325 1941 3508 1997 melius
3549 1940 3694 2013 (Phil.
3725 1955 3760 2004 ι,

2197 2038 2312 2113 25).
2342 2039 2478 2096 Cum
2511 2055 2618 2110 quo
2649 2036 2814 2107 igitur
2851 2044 2937 2092 est
2982 2035 3304 2105 Apostolus,
3362 2049 3485 2090 cum
3532 2047 3592 2090 eo
3620 2047 3763 2102 negas

2198 2149 2322 2191 esse
2345 2132 2628 2203 Spiritum,
2656 2144 2755 2201 per
2778 2143 2941 2201 quem
2982 2130 3275 2200 Apostolus
3306 2127 3503 2185 meruit
3526 2140 3635 2182 esse
3649 2139 3755 2180 Clltll

2200 2223 2422 2282 Christo
2443 2224 2466 2279 ?

2273 2341 2366 2400 80.
2392 2340 2525 2410 Qum
2557 2339 2721 2413 igitur
2772 2339 2914 2397 ratio
2940 2348 3047 2409 est,
3077 2349 3135 2395 ut
3173 2338 3226 2395 in
3282 2337 3488 2411 Spiritu
3532 2337 3670 2393 malis
3691 2336 3765 2392 di-

2201 2454 2349 2505 cere,
2379 2454 2541 2509 quam
2558 2453 2682 2495 eum
2707 2438 2911 2509 Spiritu
2934 2438 3162 2509 gloriam
3187 2438 3284 2495 Dei
3303 2453 3429 2495 esse
3452 2437 3532 2494 vel
3552 2435 3764 2492 Christi?

2204 2534 2286 2589 An
2318 2533 2443 2604 quia
2471 2532 2517 2588 si
2541 2532 2692 2589 dicas
2724 2532 2783 2588 in
2810 2530 3041 2602 Spiritu,
3075 2540 3099 2568 θ
3139 2529 3320 2586 minor
3357 2529 3571 2588 Christo
3616 2529 3761 2600 Spiri-

2207 2635 2293 2682 tus
2322 2624 2674 2681 declaratur?
2695 2623 2961 2694 Quamvis
2990 2622 3094 2679 hoc
3140 2622 3428 2680 reintabile
3457 2624 3545 2688 sit,
3571 2633 3622 2678 ut
3664 2635 3763 2675 ma-

2203 2717 2383 2787 jorem
2443 2717 2731 2773 Dominum
2780 2715 2949 2772 iacias
3000 2725 3055 2772 et
3106 2715 3416 2782 minorem;
3468 2725 3630 2770 tamen
3653 2727 3761 2769 cura

2206 2811 2407 2868 lectum
2436 2810 2547 2866 sit:
2588 2809 2724 2878 Quia
2752 2824 2846 2880 pro
2874 2809 3020 2863 nobis
3046 2817 3315 2878 peccatum
3356 2809 3523 2874 Iactus
3548 2818 3612 2863 est

2206 2920 2317 2966 stus
2342 2918 2398 2963 ut
2424 2924 2519 2963 nos
2548 2922 2774 2962 essemus
2790 2906 2998 2977 justitia
3027 2904 3126 2960 Dei
3146 2906 3201 2960 in
3218 2906 3333 2977 ipso
3355 2904 3425 2977 (ll
3453 2903 3570 2960 Cor.
3595 2902 3760 2972 v.91);

2213 2999 2233 3039 ί
2260 3002 2354 3059 ille
2385 3000 2660 3056 invenitur
2681 2999 3024 3071 potissimus,
3046 2998 3098 3053 in
3122 3013 3234 3068 quo
3259 3011 3451 3053 sumus
3476 3012 3570 3053 nos
3597 2995 3759 3051 intimi.

2131 3129 2178 3193 ο
2210 3094 2301 3151 Sic
2331 3102 2388 3149 et
2412 3092 2540 3148 alibi
2570 3091 2738 3148 habes
2756 3106 2770 3145 :
2791 3090 2926 3159 Quia
2953 3090 3125 3144 omnia
3145 3090 3203 3144 in
3221 3091 3338 3160 ipso
3351 3099 3573 3145 constant
3595 3087 3759 3162 (Calas.

2211 3203 2252 3253 ι,
2282 3186 2396 3256 l7),
2428 3184 2533 3241 hoc
2560 3195 2647 3242 est
2672 3184 2727 3240 in
2780 3182 2900 3255 ejus
2927 3183 3148 3240 virtute.
3202 3182 3314 3241 Nec
3341 3182 3627 3256 comparari
3656 3196 3762 3253 pos-

2211 3278 2455 3345 suntilli,
2490 3293 2612 3349 quae
2659 3277 2713 3332 in
2745 3291 2812 3333 eo
2841 3283 3130 3342 constant;
3160 3276 3286 3346 quia
3336 3291 3403 3332 ex
3454 3276 3632 3333 virtute
3659 3274 3762 3344 ejus

2212 3381 2267 3428 ut
2290 3379 2564 3438 constent,
2600 3369 2961 3425 substantiam
2989 3376 3421 3439 consequuntur.

2265 3486 2668 3559 ~81.Numquid
2697 3486 2862 3558 igitur
2910 3484 2992 3540 sic
3045 3484 3213 3540 Deum
3263 3499 3491 3555 regnare
3539 3481 3676 3537 vultis
3711 3480 3759 3535 in

2210 3588 2439 3659 Spiritu,
2471 3595 2533 3642 ut
2559 3586 2734 3641 virtus
2766 3583 3003 3653 Spiritus
3033 3581 3296 3655 regnandi
3326 3581 3442 3638 Deo
3483 3576 3761 3651 principium

2211 3681 2363 3753 quasi
2386 3682 2503 3737 fons
2528 3678 2749 3751 quidam
2767 3676 3085 3732 substantiae
3112 3675 3412 3746 largiatur?
3436 3673 3537 3731 Sed
3563 3672 3649 3727 hoc
3670 3670 3757 3725 im-

2209 3775 2357 3848 pimn
2397 3783 2501 3831 est.
2533 3774 2601 3829 Et
2649 3774 2773 3829 ideo
2805 3781 2865 3827 nt
2895 3787 3057 3827 unam
3094 3771 3268 3826 Patris
3299 3778 3356 3826 et
3379 3768 3502 3825 Filii
3525 3776 3576 3823 et
3612 3763 3755 3835 Spiri-

2210 3880 2298 3927 tus
2338 3870 2509 3925 sancti
2538 3879 2563 3916 8
2592 3869 2829 3939 majores
2857 3867 3028 3923 n05tri
3055 3865 3302 3921 dicerent
3328 3872 3631 3935 potestatem
3658 3872 3758 3912 cum

2210 3963 2404 4033 spiritu
2445 3962 2673 4034 gloriam
2691 3959 2893 4017 Chriin
2926 3973 3048 4015 esse
3079 3958 3472 4023 memorabant,
3495 3952 3757 4028 quoindiri.

2210 4058 2373 4114 dnam
2424 4058 2671 4128 copulam
2702 4056 3068 4113 declararent.

2282 4171 2373 4229 82.
2407 4170 2691 4240 Quomodo
2738 4170 2885 4226 enim
2929 4175 3215 4240 separatur
3247 4166 3481 4239 Spiritus
3520 4172 3704 4221 sanctus
3726 4175 3753 4211 a

2210 4267 2370 4333 Filio,
2395 4281 2519 4320 cum
2568 4266 2679 4335 ipse
2700 4264 2943 4335 ~Spiritus
3005 4262 3361 4318 testimonium
3395 4261 3569 4316 reddat
3590 4255 3759 4330 spiritui

2213 4371 2387 4416 nostra
2412 4358 2551 4431 quod
2578 4375 2757 4414 sumus
2785 4359 2883 4428 ﬁlii
2910 4358 3010 4414 Dei
3039 4359 3065 4412 1’
3095 4356 3158 4414 Si
3206 4367 3380 4412 autem
3407 4357 3524 4427 ﬁlii,
3563 4364 3606 4411 et
3629 4355 3759 4408 lterc-

2214 4452 2305 4508 des
2331 4469 2349 4508 :
2371 4451 2600 4507 hatredes
2648 4450 2854 4521 quidem
2909 4448 3042 4514 Dei,
3075 4450 3373 4506 cohteredes
3421 4459 3586 4506 autem
3611 4445 3759 4503 Christi

514 4550 643 4592 cere
668 4535 814 4607 quod
837 4536 971 4592 nolit
993 4535 1258 4594 Dominus
1284 4537 1446 4595 Jesus
1491 4553 1613 4594 cum
1667 4538 1873 4609 Spiritu
1904 4553 2106 4595 conre-
2137 4527 2189 4588 D
2217 4545 2396 4620 (Rom.
2429 4561 2543 4607 rm,
2576 4544 2660 4613 16,
2697 4544 2812 4615 17).
2840 4543 2975 4611 Quis
3002 4542 3169 4612 igitur
3195 4554 3302 4599 tam
3328 4558 3538 4606 amens,
3560 4540 3640 4612 qui
3656 4552 3756 4594 con-

513 4632 653 4698 nire,
682 4632 772 4702 qui
799 4622 908 4687 non
936 4630 1263 4703 dedignatur
1289 4633 1587 4688 convenire
1614 4632 1925 4688 nobiseum.

587 4780 614 4809 ιι
642 4771 802 4825 ltum.
836 4768 991 4834 edit.,
1012 4769 1363 4840 Sanctiﬁcatis
1391 4769 1449 4823 in
1491 4766 1698 4840 Christo
1726 4767 1873 4825 Jesu.
1909 4767 1974 4823 Et
2009 4771 2103 4826 ite-

512 4859 631 4899 rum
659 4859 678 4898 :
726 4851 781 4895 ut
821 4857 912 4896 nos
946 4838 1269 4912 efﬁcerentur
1330 4840 1535 4912 iustitia
1570 4838 1739 4895 Dei...
1785 4840 1877 4896 Sic
1928 4858 2106 4897 sensus

511 4915 665 4970 vestri
691 4913 926 4967 excidant
956 4911 986 4965 a
1018 4915 1269 4982 castitate.
1300 4911 1429 4982 Vel.
1452 4911 1582 4966 edit.
1618 4922 1673 4966 et
1694 4912 1912 4982 quidam
1946 4928 2102 4980 mss.,

512 4985 860 5055 sanetiﬁcatos
886 4985 940 5038 in
967 4984 1171 5038 Christo
1192 4981 1367 5055 glesu.‘
1386 4980 1449 5035 Et
1492 4983 1679 5055 iterum
1710 4980 1805 5038 fut
1848 5001 1941 5039 nos
1969 5001 2103 5055 esse-

513 5050 700 5111 mus")
732 5066 787 5111 ut
814 5055 1055 5110 excidant
1084 5072 1117 5107 a
1168 5054 1291 5124 fide.
1327 5050 1522 5108 Castori
1557 5069 1688 5109 mss.
1721 5055 2000 5110 nobisemn
2030 5054 2109 5110 fa-

512 5128 667 5185 ciunt
707 5128 807 5182 nisi
857 5125 1000 5197 quod
1031 5138 1172 5180 unus
1202 5140 1300 5196 pro
1329 5124 1568 5178 excidant
1594 5142 1626 5178 a
1655 5126 1910 5193 castitate,
1937 5126 2104 5182 habet

514 5198 755 5255 excidant
780 5216 812 5252 a
839 5197 1064 5252 veritate.
1136 5200 1141 5203 ’

584 5269 612 5308 ιι
641 5270 717 5324 Ita
748 5278 853 5323 vet.
885 5267 1017 5323 edit.
1035 5282 1157 5322 cum
1200 5281 1331 5321 mss.
1363 5265 1519 5335 longe
1549 5265 1830 5335 plurimis:
1863 5276 1917 5322 at
1941 5266 2102 5323 Rom.

514 5340 649 5396 edit.
680 5354 803 5394 cum
827 5339 948 5394 aliis
980 5338 1245 5409 pauculis,
1277 5334 1522 5409 objiciunt
1544 5334 1925 5407 derogandum.

589 5421 611 5448 ο
636 5410 795 5463 Rern.
828 5407 990 5476 edit.,,
1033 5407 1405 5472 exsultabant;
1437 5407 1556 5460 alia:
1599 5421 1662 5462 ac
1690 5422 1848 5476 mss.,
1877 5408 2107 5465 exsulta-

516 5481 716 5541 bimus;
742 5479 909 5548 aliqui
940 5478 1536 5548 tamen,e.'csultaoimus.

552 5543 888 5619 .dNnnnulli
934 5564 1090 5615 mss.,
1122 5551 1178 5605 in
1206 5549 1398 5604 uirtute
1446 5543 1656 5600 Domini
1701 5545 1847 5604 Iesu.
1907 5549 2106 5620 Perpe-

518 5632 633 5674 ram
642 5658 656 5673 .

519 5742 561 5763 Α,
588 5698 614 5763 ,ἐ
643 5682 845 5763 Quoties
872 5691 1005 5749 edit.
1030 5706 1095 5746 ac
1124 5691 1280 5744 inulti
1313 5698 1471 5751 mss.,
1498 5684 1695 5763 manu
1718 5686 1951 5763 Christus
1976 5690 2102 5763 Spi-r

512 5756 617 5811 ritu
660 5757 948 5813 declaretur
1000 5777 1016 5813 :
1066 5766 1273 5829 septem
1326 5760 1507 5814 tamen
1576 5757 1794 5816 codices
1854 5756 2096 5818 melioris

2211 4639 2548 4710 iunctionem
2600 4635 2839 4707 Spiritus
2894 4644 2950 4692 et
3002 4633 3208 4692 Christi
3237 4635 3502 4693 dissociet
3524 4632 3762 4704 sempiter-

2208 4780 2376 4838 notae,
2400 4780 2457 4826 ut
2485 4771 2537 4826 in
2570 4778 2743 4826 textu.
2770 4769 2839 4825 Et
2863 4769 3005 4825 hanc
3045 4768 3341 4825 lectionem
3371 4763 3763 4825 manifestissime

2211 4858 2406 4914 sensus
2427 4843 2613 4914 exigit.

2288 4913 2307 4953 ί
2340 4915 2431 4971 Sic
2462 4911 2654 4969 omnes
2683 4912 2820 4970 edit.
2854 4927 2917 4967 ac
2956 4911 3142 4980 plures
3171 4924 3307 4966 mss.
3347 4911 3575 4969 aliorum
3617 4914 3761 4980 autem

2211 4986 2407 5055 aliqui,
2439 4985 2528 5041 ille
2552 4985 2834 5050 invenitur,
2858 4985 2915 5038 in
2951 4979 3055 5054 quo
3080 4999 3261 5039 sumus
3295 4993 3544 5053 potentes,
3574 4997 3663 5055 non
3701 4979 3764 5030 iu-

2212 5052 2352 5128 ﬁrmi
2374 5072 2394 5122 ;
2413 5058 2602 5126 aliqui,
2633 5057 2724 5111 ille
2748 5052 3025 5121 invenitur,
3047 5056 3127 5128 (in
3149 5070 3254 5128 quo
3279 5052 3465 5128 sumus
3490 5052 3763 5128 potissimm

2214 5123 2309 5183 nos
2356 5123 2702 5197 inﬁrrni;alii
2746 5128 2985 5193 denique
3012 5125 3081 5180 ab
3119 5123 3254 5180 edit.
3285 5124 3393 5182 hoc
3435 5123 3554 5181 solo
3577 5123 3762 5185 distant,

2210 5199 2357 5270 quod
2387 5196 2554 5254 verbo
2578 5215 2777 5263 sumus,
2806 5196 3071 5269 adjiciunt
3097 5196 3274 5270 positi.

2284 5280 2311 5319 ε
2338 5270 2442 5339 Qui
2471 5272 2579 5324 sint
2606 5269 2679 5324 illi
2732 5269 2966 5339 majores
3014 5268 3264 5337 quamvis
3296 5268 3401 5333 hoc
3426 5268 3547 5324 loco
3570 5280 3666 5339 non
3689 5276 3760 5339 es-

2209 5331 2466 5410 plicciur,
2503 5340 2660 5395 facile
2686 5331 2872 5396 tamen
2900 5331 3172 5409 intelliges
3202 5354 3267 5393 ex
3293 5332 3478 5394 Basilii
3529 5338 3617 5393 lib.
3634 5331 3766 5410 m_de

2213 5404 2420 5486 Spiritu
2451 5404 2665 5486 Sancto,
2692 5426 2817 5483 cap.
2848 5411 2943 5486 29,
2978 5404 3290 5486 ubi'eorum
3313 5421 3370 5464 et
3397 5410 3607 5486 nomina
3631 5404 3765 5486 refert

2212 5492 2270 5540 et
2293 5484 2481 5538 verba.
2513 5482 2643 5537 Nam
2696 5481 2816 5539 cuin
2865 5482 2955 5537 hic
2986 5492 3194 5537 tantum
3227 5481 3422 5536 innuat
3462 5481 3760 5535 Ambrosius.

2215 5555 2401 5625 quanti
2466 5553 2767 5609 faciendam
2823 5553 3134 5625 traditionis
3182 5553 3560 5609 auctoritatem
3601 5554 3759 5621 putet;

2216 5624 2389 5698 multo
2414 5626 2583 5698 iusius
2616 5625 2846 5698 Basilius
2867 5624 3324 5698 id‘argumentum
3365 5626 3531 5681 citato
3556 5629 3608 5678 et
3629 5629 3757 5687 ευμεν

2206 5691 2337 5753 riori
2370 5691 2489 5768 cap.
2522 5691 2762 5765 ejusdem
2795 5694 2888 5753 lib.
2920 5692 2978 5750 in
3016 5691 3405 5765 prosequitur.
