4016 6292
255 325 358 385 ῗϐί

1415 322 1502 378 DE
1540 319 1812 380 SPIRITU
1857 317 2129 379 SANCTO
2168 319 2299 376 LIB.
2342 319 2408 375 ll.

3454 321 3563 379 762

257 456 426 509 nam;
468 457 595 499 cum
642 442 876 513 Spiritus
918 440 1081 496 etiam
1119 438 1390 510 disjuncta
1417 445 1726 502 connectat,
1759 450 1854 507 per
1880 447 1934 506 Α
1957 435 2154 492 ctore?
2185 445 2278 491 aut
2329 433 2589 506 numquid
2626 433 2837 490 alienus
2890 431 3060 490 Filius
3094 447 3124 488 a
3155 432 3361 504 Spiritu
3389 451 3404 501 ;
3435 435 3562 507 quia

255 550 422 607 quem
455 536 661 592 Christi
688 536 954 594 efﬁcimur
982 533 1342 591 cohaeredes?

330 630 502 703 650
523 630 614 686 85.
640 630 702 687 Si
729 640 916 694 tamen,
957 629 1154 700 inquit,
1183 631 1541 700 compatimur,
1569 636 1625 681 ut
1652 636 1699 682 et
1729 642 1857 681 cono

258 724 622 796 gloriﬁcemur
649 723 866 796 (Ibid.).
897 723 953 780 Si
996 738 1096 778 nos
1142 738 1274 795 ergo
1323 722 1860 794 conglorilicabimur

259 831 385 873 cum
411 815 633 872 Christo
664 832 761 887 per
791 816 1076 888 Spiritum,
1106 814 1378 886 quomodo
1435 827 1489 869 et
1525 815 1700 885 ipsum
1728 828 1858 868 con-

258 907 558 979 glorificari
603 907 822 964 Christo
874 906 1138 979 Spiritum
1197 907 1554 964 recusamus?
1585 905 1858 962 Dissocia-

261 1017 385 1057 mus
416 1001 582 1057 vitam
609 1001 816 1058 Christi
848 1012 902 1059 et
957 1003 1192 1074 Spiritus
1222 1001 1419 1067 sancti,
1471 1016 1592 1058 cum
1622 1000 1859 1071 Spiritus

260 1094 410 1150 dicat
461 1094 610 1166 quod
659 1095 822 1151 simul
866 1095 1068 1153 victuri
1115 1111 1305 1153 sumus
1348 1111 1469 1152 cum
1524 1096 1615 1151 Dei
1671 1095 1862 1151 Filio?

260 1188 404 1243 Dicit
447 1187 595 1244 enim
637 1188 934 1258 Apostolus
962 1206 976 1244 :
1009 1188 1069 1245 Si
1099 1199 1272 1247 autem
1300 1188 1493 1244 mortui
1537 1203 1715 1243 sumus
1745 1205 1862 1242 cum

261 1281 491 1347 Christo,
525 1284 784 1338 credimus
812 1283 951 1353 quod
984 1284 1138 1338 etiam
1174 1285 1328 1340 simul
1373 1284 1598 1338 vivemus
1626 1301 1742 1338 cum
1769 1283 1862 1338 illo

258 1375 441 1448 (Rom.
475 1393 548 1444 vr,
597 1377 693 1448 8);
728 1377 927 1434 deinde
972 1379 1099 1434 alibi
1135 1399 1147 1435 :
1180 1380 1242 1436 Si
1296 1382 1431 1436 enim
1488 1381 1857 1448 compatimur,

260 1469 460 1540 inquit,
509 1480 556 1524 et
599 1470 968 1525 convivemus:
1012 1488 1101 1525 nec
1153 1472 1321 1527 solum
1351 1474 1673 1528 convivemus
1699 1513 1713 1535 ,
1773 1472 1863 1526 sed

259 1564 416 1618 etiam
438 1564 984 1634 conglori/icabimttr:
1015 1582 1105 1619 nec
1134 1566 1302 1621 solum
1323 1566 1858 1639 congloriﬁcabimur,

257 1659 349 1712 sed
375 1658 527 1712 etiam
549 1659 970 1730 conregnabimus
999 1658 1067 1731 (ll
1089 1659 1224 1713 Tim.
1257 1675 1314 1728 ιι,
1339 1661 1428 1724 11,
1462 1661 1577 1733 12).

333 1751 422 1808 84.
457 1751 573 1807 Non
601 1762 687 1808 est
735 1752 900 1824 igitur
940 1753 992 1808 in
1019 1754 1249 1825 syllabis
1274 1755 1395 1810 istis
1419 1755 1526 1810 ulla
1561 1756 1858 1822 discretio;

1960 531 2029 586 ah
2060 529 2403 586 instrumenti
2452 544 2654 599 genere
2693 537 2788 584 aut
2817 527 2968 583 locus
2996 536 3282 598 separatur
3308 538 3401 584 aut
3429 537 3566 585 tem-

1961 639 2062 696 pus
2085 624 2110 679 Υ

2032 720 2122 774 87.
2147 717 2430 788 Compara:
2457 731 2600 772 nunc
2625 715 2960 772 assertiones
2987 723 3223 770 nostras.
3259 714 3343 770 Illi
3373 714 3564 770 volunt

1957 832 2025 873 ex
2054 817 2164 872 Deo
2184 826 2454 887 tamquam
2481 831 2546 872 ex
2576 823 2769 871 natura
2799 814 2892 871 Dei
2921 829 3041 870 esse
3067 813 3228 886 651
3258 814 3562 883 materiam,

1963 921 2019 965 ut
2045 911 2091 965 si
2115 911 2266 965 dicas
2288 927 2353 966 ex
2380 911 2530 983 ligno
2552 925 2733 966 arcam
2756 924 2877 966 esse
2900 909 3118 975 iactam,
3145 925 3216 966 ex
3242 909 3426 980 lapide
3455 919 3565 965 sta-

1964 1017 2111 1061 tuam
2138 1025 2150 1059 :
2183 1007 2252 1061 ita
2284 1021 2352 1062 ex
2389 1007 2496 1062 Deo
2527 1006 2812 1061 materiam
2845 1005 3209 1075 processisse,
3240 1014 3295 1060 et
3316 1003 3565 1060 eamdem

1963 1103 2245 1157 materiam
2277 1110 2553 1171 tamquam
2606 1115 2703 1168 per
2746 1100 3168 1154 instrumentum
3217 1096 3438 1166 aliquod
3488 1095 3569 1151 fa-

1961 1204 2104 1250 ctam
2137 1209 2260 1250 esse
2289 1209 2384 1264 per
2412 1193 2613 1248 Filium
2641 1209 2655 1258 ;
2684 1201 2745 1247 ut
2789 1208 2896 1247 non
2959 1201 3066 1246 tam
3097 1199 3446 1260 Operatorem
3481 1189 3570 1244 Fi-

1962 1288 2116 1356 lium,
2146 1305 2308 1359 quam
2335 1287 2764 1366 instrumentum
2789 1286 2972 1356 operis
2997 1300 3121 1341 esse
3148 1285 3433 1341 declarent
3466 1303 3478 1340 :
3512 1293 3569 1338 et

1964 1382 2148 1438 omnia
2177 1383 2249 1436 ita
2277 1380 2418 1436 facta
2474 1381 2525 1436 in
2557 1383 2787 1452 Spiritu,
2822 1390 3099 1450 tamquam
3146 1380 3200 1434 in
3231 1379 3416 1450 aliquo
3445 1378 3566 1434 loco

1966 1476 2106 1532 facta
2151 1475 2235 1530 vel
2291 1485 2583 1547 tempore:
2631 1474 2844 1546 singula
2893 1473 3123 1544 singulis
3171 1472 3466 1538 tribuunt,
3512 1471 3564 1526 in

1962 1583 2253 1625 Commune
2280 1570 2460 1622 omnia
2485 1577 2704 1638 negant.

2035 1665 2126 1721 88.
2174 1663 2369 1719 Verum
2401 1680 2499 1718 nos
2527 1661 2866 1717 ostendimus
2905 1661 2976 1716 ita
3005 1675 3067 1716 es
3100 1658 3216 1716 Deo
3256 1658 3416 1714 Patre
3445 1672 3570 1714 esse

1963 1756 2166 1820 omnia,
2212 1765 2266 1809 ut
2312 1769 2410 1810 nec
2451 1754 2697 1809 amiserit
2742 1753 2888 1810 Deus
2931 1753 3122 1818 Pater,
3156 1752 3299 1823 quod
3350 1751 3430 1807 vel
3473 1766 3568 1822 per

260 1852 493 1916 utraque
535 1845 681 1901 enim
732 1846 938 1916 syllaba
993 1847 1398 1916 conjunctionis
1445 1861 1545 1903 est.
1610 1849 1854 1920 Denique
1886 1841 1934 1900 B
1961 1850 2136 1920 ipsum
2163 1860 2214 1903 et
2241 1848 2294 1902 in
2325 1848 2444 1920 ipso
2473 1848 2651 1902 omnia
2690 1847 2833 1912 sint,
2877 1861 2978 1902 nec
3020 1854 3296 1917 tamquam
3346 1861 3412 1901 ex
3454 1860 3570 1900 ma-

257 1951 408 2007 sazpe
438 1938 743 2008 reperimus
773 1939 826 1992 in
860 1938 1164 2010 Scripturis
1193 1942 1414 1996 alteram
1462 1942 1856 2013 interpositam,

258 2037 316 2084 et
348 2029 578 2084 alteram
613 2030 968 2097 intellectam,
1001 2033 1143 2087 sicut
1177 2034 1436 2104 scriptum
1465 2046 1546 2088 est
1579 2053 1591 2088 :
1626 2034 1860 2091 lntroibo

259 2123 312 2175 in
343 2121 552 2176 domum
575 2133 716 2178 tuam
741 2125 794 2178 in
817 2125 1131 2181 holocaustis
1160 2125 1278 2199 (Ps.
1314 2143 1435 2193 va,
1472 2125 1585 2197 1'5),
1619 2128 1721 2185 hoc
1751 2141 1857 2195 est,

256 2231 382 2271 cum
411 2215 741 2272 holocaustis
768 2234 782 2282 ;
813 2227 869 2274 et
894 2217 1026 2272 alibi
1062 2235 1076 2273 :
1108 2218 1326 2285 Eduxit,
1359 2221 1552 2291 inquit,
1575 2238 1658 2275 eos
1679 2222 1734 2275 in
1773 2239 1858 2276 ar-

255 2321 410 2380 gento
436 2317 484 2361 et
511 2307 781 2382 auro(Ps.
812 2325 922 2374 etv,
954 2309 1068 2381 57).
1106 2311 1209 2366 hoc
1253 2320 1357 2376 est,
1388 2328 1508 2367 cum
1551 2323 1778 2384 argento
1806 2325 1860 2370 ει

255 2416 412 2456 auro.
437 2401 582 2458 Alibi
624 2417 841 2474 quoque
867 2405 941 2458 ait
975 2421 988 2457 :
1017 2403 1138 2458 Non
1181 2407 1453 2476 egredieris
1483 2408 1534 2460 in
1587 2408 1861 2461 virtutibus

256 2495 526 2548 nobiscum
557 2493 676 2568 (Ps.
704 2511 861 2564 ιιιιι,
893 2495 1018 2569 10);
1051 2512 1149 2568 pro
1175 2513 1242 2552 eo
1270 2498 1412 2569 quod
1448 2509 1551 2563 est,
1578 2515 1700 2555 cum
1751 2499 1860 2555 vir-

259 2589 490 2643 tutibus.
523 2589 664 2660 Ergo
693 2605 814 2645 cum
845 2598 901 2646 et
930 2591 982 2644 in
1015 2605 1113 2644 usu
1135 2593 1409 2646 sermonis
1441 2591 1710 2645 calumnia
1738 2605 1859 2646 esse

255 2696 368 2737 non
398 2683 596 2752 possit,
628 2693 682 2738 et
713 2699 780 2739 ex
821 2698 1082 2740 sermone
1133 2685 1400 2740 calumnia
1443 2685 1712 2740 divinitati
1747 2701 1856 2740 non

259 2775 463 2831 debeat
487 2775 735 2844 excitari,
767 2792 907 2848 opus
937 2790 1021 2834 est
1062 2787 1119 2834 ut
1147 2779 1214 2834 ad
1248 2779 1512 2850 justitiam
1541 2779 1706 2834 corde
1735 2795 1861 2835 cre-

253 2871 442 2936 datur,
475 2880 531 2926 et
556 2886 622 2926 ex
653 2871 756 2928 [ide
784 2874 966 2930 cordis
1021 2873 1113 2928 ﬁat
1139 2873 1206 2929 ad
1233 2876 1461 2928 salutem
1510 2875 1561 2928 in
1609 2889 1704 2930 ore
1730 2888 1861 2930 con-

255 2966 429 3022 fessio
459 2964 636 3036 (Rom.
671 2982 726 3032 κ,
752 2966 862 3038 10).
887 2967 994 3024 Sed
1022 2967 1112 3039 qui
1139 2968 1302 3024 corde
1344 2983 1450 3022 non
1496 2966 1744 3034 credunt,
1769 2981 1858 3022 ca-

255 3061 527 3117 lumniam
551 3069 728 3119 strunt
753 3064 955 3120 verbis.

843 3157 1071 3214 CAPUT
1117 3156 1210 3213 IX.

1966 1943 2098 1996 teria
2135 1958 2202 1997 ex
2246 1942 2363 2010 ipso
2403 1940 2584 1996 omnia
2617 1941 2760 1994 sint:
2790 1941 2860 1993 ita
2890 1952 3109 2010 quoque
3141 1953 3237 2008 per
3277 1937 3566 1992 Dominum

1965 2034 2161 2089 Filium
2195 2049 2316 2090 esse
2347 2035 2550 2101 omnia,
2585 2043 2641 2087 ut
2672 2047 2778 2088 non
2811 2032 3052 2102 privatus
3094 2031 3164 2086 sit
3207 2047 3296 2096 eo,
3324 2030 3469 2102 quod
3501 2045 3566 2085 ex

1965 2130 2103 2186 Filio
2146 2132 2256 2186 sint
2299 2128 2512 2192 omnia,
2559 2136 2582 2165 ⁸
2626 2137 2680 2182 ει
2725 2131 2778 2182 in
2821 2128 2937 2197 ipso
2972 2125 3084 2182 sint
3123 2125 3304 2181 omnia
3346 2143 3359 2180 :
3394 2133 3449 2180 et
3494 2124 3566 2180 ita

1963 2223 2144 2276 omnia
2181 2236 2302 2277 esse
2333 2221 2384 2275 in
2424 2219 2651 2290 Spiritu,
2687 2226 2745 2274 ut
2778 2218 3074 2274 doceamus
3104 2217 3283 2273 omnia
3316 2229 3437 2272 esse
3469 2229 3568 2287 per

1963 2316 2247 2385 Spiritum,
2276 2323 2330 2369 et
2357 2312 2535 2367 onmia
2565 2327 2689 2368 esse
2717 2312 2783 2367 de
2810 2311 3036 2381 Spiritu.

2033 2408 2122 2464 89.
2169 2407 2298 2462 Nam
2327 2407 2443 2462 ista:
2475 2406 2725 2477 syllabae,
2757 2406 2897 2460 sicut
2933 2405 3040 2460 illa:
3069 2404 3138 2460 de
3174 2403 3372 2476 quibus
3400 2417 3568 2475 supe-

1962 2505 2076 2561 rius
2103 2503 2362 2567 diximus,
2389 2517 2448 2556 se
2477 2499 2711 2555 invicem
2734 2501 2971 2570 signant.
3000 2499 3119 2555 Non
3148 2499 3294 2556 enim
3326 2499 3398 2554 ita
3431 2499 3570 2554 dixit

1964 2601 2300 2671 Apostolus:
2338 2601 2415 2655 lix
2454 2601 2565 2655 Deo
2596 2601 2798 2661 omnia,
2833 2608 2887 2652 ει
2917 2613 3012 2668 ρει·
3041 2596 3236 2652 Filium
3265 2596 3478 2662 omnia;
3510 2605 3569 2650 ut

1962 2694 2324 2762 separabilem
2376 2692 2734 2748 substantiam
2783 2690 2957 2746 Patris
3004 2689 3233 2760 Filiique
3277 2689 3564 2759 signaret:

1963 2786 2060 2842 sed
2105 2797 2158 2841 ut
2194 2784 2559 2841 inconl'usibili
2609 2784 2962 2839 distinctione
3007 2781 3153 2852 quod
3199 2781 3562 2850 alius._Pater,

1962 2879 2102 2934 alius
2132 2878 2203 2934 sit
2234 2878 2425 2943 Filius,
2459 2877 2736 2933 edoceret.
2770 2873 2886 2929 Non
2915 2873 3077 2944 igitur
3108 2883 3382 2944 tamquam
3415 2888 3565 2928 coni-

1963 2986 2269 3046 pugnantes
2310 2973 2535 3044 syllaba:
2580 2975 2694 3028 ista:
2717 3012 2732 3036 ,
2761 2969 2857 3025 sed
2891 2979 3166 3038 tamquam
3211 2965 3374 3021 socia:
3405 2975 3566 3035 atque

1963 3065 2266 3122 concordes
2295 3073 2458 3129 sunt;
2483 3072 2539 3118 ut
2566 3062 2730 3117 etiam
2761 3059 2851 3116 uni
2876 3074 3022 3130 stupe
3045 3057 3394 3121 conveniant,
3424 3057 3566 3111 sicut

1964 3160 2225 3230 scriptum
2273 3166 2356 3212 est
2386 3176 2398 3210 :
2433 3155 2568 3224 Quia
2602 3171 2665 3210 ea:
2702 3154 2836 3226 ipso,
2871 3161 2918 3206 et
2955 3168 3046 3222 per
3072 3151 3264 3221 ipsum,
3295 3160 3340 3203 et
3369 3149 3422 3204 in
3453 3149 3565 3219 ipso

253 3250 616 3319 Apostolicum
638 3251 810 3305 locum
835 3267 936 3321 quo
975 3249 1227 3316 nteretici,
1263 3259 1317 3304 ut
1338 3249 1617 3303 discrimen
1647 3247 1857 3302 iuduce—
1886 3238 1930 3300 C
1962 3261 2082 3306 sunt
2110 3250 2282 3305 omnia
2311 3249 2494 3318 (Rom.
2530 3263 2605 3314 st,
2633 3247 2746 3318 '56).

333 3354 444 3398 rent
477 3343 608 3398 inter
646 3360 888 3413 personas
939 3344 1160 3407 divinus,
1194 3342 1556 3404 abutebantur,
1600 3346 1812 3408 exponit
1839 3354 1858 3392 :

327 3447 376 3490 et
435 3437 702 3490 declarata
752 3435 1504 3510 lucretius"interpretationis
1560 3435 1854 3506 impietate,

326 3529 551 3584 ostendit
571 3531 738 3584 locum
763 3531 1013 3602 integrum
1035 3531 1098 3585 tle
1119 3531 1336 3602 singulis
1352 3529 1586 3601 personis
1603 3538 1738 3582 recte
1753 3527 1858 3580 dici

329 3637 524 3691 posse;
546 3637 691 3687 quem
720 3631 890 3676 tamen
921 3623 1132 3692 proprie
1171 3623 1240 3676 ad
1278 3620 1471 3675 Filium
1494 3621 1747 3693 pertinere
1767 3636 1853 3672 as-

326 3713 454 3768 truit
485 3727 505 3766 :
529 3724 784 3786 postremo
831 3715 970 3785 quod
1003 3715 1356 3786 afﬁrmaverat
1409 3715 1579 3768 omnia
1620 3715 1856 3786 ejusdem

327 3807 430 3861 loci
459 3809 682 3862 membra
731 3811 1004 3879 unicuique
1059 3825 1293 3881 persona:
1344 3811 1629 3874 convenire,
1681 3809 1855 3864 multis

325 3886 600 3969 conﬁrmat
650 3901 951 3956 testimoniis
984 3918 1002 3954 :
1031 3910 1078 3955 et
1109 3917 1168 3955 eo
1198 3902 1310 3970 ipso
1360 3902 1498 3971 quod
1531 3900 1680 3955 Patri
1704 3917 1850 3954 com-

324 3995 477 4064 petit,
501 4004 557 4048 ut
603 3994 804 4049 dicatur
834 4011 896 4049 ex
952 3995 1044 4049 illo
1071 3995 1274 4060 omnia,
1305 3993 1468 4046 eidem
1517 3994 1670 4046 etiam
1699 3991 1855 4045 tribui

324 4107 479 4162 posse
501 4105 597 4160 per
626 4091 777 4145 illum
808 4102 864 4146 et
896 4093 945 4145 in
979 4091 1070 4145 illo
1101 4090 1281 4144 omnia
1313 4088 1436 4143 scite
1464 4089 1686 4161 colligit.

326 4183 418 4238 85.
451 4184 698 4255 Denique
723 4185 903 4240 simile
930 4195 981 4240 et
1013 4185 1144 4239 illud
1173 4194 1278 4251 est,
1299 4183 1440 4251 quod
1466 4185 1616 4238 aiunt
1645 4183 1853 4238 discre-

253 4275 458 4332 tionem
487 4292 632 4343 esse,
655 4279 781 4347 quia
834 4279 1095 4348 scriptum
1145 4290 1227 4334 est
1264 4296 1276 4331 :
1310 4276 1475 4332 Nobis
1501 4288 1672 4332 autem
1720 4294 1852 4330 unus

255 4369 395 4424 Deus
419 4368 597 4438 Pater,
631 4387 696 4425 ea:
721 4388 823 4442 quo
872 4372 1065 4438 omnia,
1111 4383 1156 4426 et
1193 4389 1285 4426 nos
1327 4373 1377 4425 in
1401 4371 1548 4425 illum
1593 4388 1610 4425 :
1643 4380 1693 4425 et
1722 4387 1852 4424 unus

252 4462 512 4517 Dominus
561 4464 716 4518 Jesus
741 4464 975 4520 Christus
1024 4483 1113 4536 per
1141 4482 1290 4533 quem
1336 4468 1530 4533 onmia,
1561 4476 1608 4520 et
1640 4483 1733 4520 nos
1760 4482 1853 4536 per

248 4557 421 4626 ipsum
451 4555 495 4627 (l
543 4555 666 4610 Cor.
697 4573 756 4623 tt,
788 4558 866 4627 ti).
903 4556 1100 4612 Volunt
1150 4557 1294 4613 enim
1353 4574 1475 4614 cum
1533 4560 1752 4624 dicitur,
1788 4575 1852 4614 ea:

2035 3342 2124 3398 90.
2167 3341 2321 3410 Quod
2353 3342 2398 3395 si
2425 3355 2554 3395 vere
2583 3339 2899 3395 consideres
2931 3336 3072 3391 unde
3106 3334 3424 3390 translatum
3468 3335 3562 3399 sit,

1961 3435 2027 3490 de
2061 3434 2196 3490 Filio
2228 3433 2432 3489 dictum
2463 3449 2585 3488 esse
2617 3448 2722 3487 non
2753 3431 3014 3500 ambiges.
3049 3429 3187 3484 Dicit
3215 3429 3360 3483 enim
3409 3428 3555 3498 Apo-

1960 3530 2134 3586 stolns
2179 3528 2475 3584 secundum
2526 3525 2868 3598 prophetiam
2904 3524 3078 3580 Esaia:
3109 3543 3122 3578 ε
3160 3524 3288 3592 Quis
3327 3523 3565 3593 cognorit

1959 3639 2168 3677 sensum
2201 3620 2430 3686 Domini,
2469 3632 2556 3675 aut
2601 3620 2712 3691 quis
2752 3618 3081 3672 consiliarius
3107 3619 3221 3688 ejus
3253 3617 3352 3686 fuit
3389 3612 3560 3685 (Επεὶ.

1959 3731 2052 3779 ιι..
2086 3714 2214 3786 l5)?
2243 3715 2307 3768 Et
2333 3713 2540 3768 addidit
2567 3732 2580 3766 :
2615 3713 2748 3779 Quia
2772 3730 2835 3767 ea:
2864 3714 3000 3782 ipso,
3026 3723 3072 3766 et
3095 3728 3187 3782 per
3208 3710 3400 3782 ipsum,
3431 3720 3478 3763 et
3510 3709 3562 3762 in

1958 3809 2073 3880 ipso
2117 3818 2234 3863 sunt
2275 3808 2467 3862 omnia.
2497 3807 2650 3873 Quod
2685 3806 2724 3860 Ε
2761 3846 2768 3854 .
2797 3807 2874 3859 ias
2903 3805 2969 3859 de
2997 3814 3286 3874 operatore
3320 3801 3560 3856 omnium

1957 3905 2114 3969 dixit,
2145 3904 2288 3959 sicut
2318 3902 2486 3958 babes
2514 3919 2526 3955 :
2565 3901 2692 3967 Quis
2734 3917 2938 3954 mensus
2977 3910 3049 3953 est
3090 3916 3245 3953 manu
3271 3915 3483 3969 aquam,
3517 3910 3562 3952 ct

1956 3996 2138 4050 caelum
2166 3995 2359 4066 palmo,
2384 4004 2430 4048 et
2458 3995 2746 4048 universam
2777 4003 2964 4047 terram
3005 3992 3184 4046 clausa
3207 3993 3399 4046 manu?
3434 3991 3564 4058 Quis

1956 4090 2132 4144 statuit
2161 4099 2354 4144 montes
2380 4089 2432 4142 in
2453 4088 2606 4153 libra,
2633 4098 2679 4141 et
2701 4102 2856 4155 rupes
2877 4086 2928 4139 in
2951 4095 3136 4139 statera
3157 4085 3183 4138 ?
3216 4086 3344 4153 Quis
3372 4101 3564 4156 cogno-

1959 4182 2026 4236 vit
2076 4198 2280 4236 sensum
2325 4179 2572 4245 Domini,
2627 4189 2714 4232 aut
2763 4178 2878 4250 quis
2925 4176 3258 4232 consiliarius
3308 4179 3418 4246 ejus
3463 4178 3562 4247 fuit

1957 4275 2129 4345 (Esai.
2160 4292 2247 4343 XL,
2279 4276 2407 4346 l‘2)?

2025 4370 2118 4424 9|.
2161 4369 2226 4424 Et
2255 4369 2465 4423 addidit
2488 4367 2781 4438 Apostolus
2807 4385 2819 4420 :
2853 4366 3109 4432 Quoniam
3143 4382 3205 4420 ea:
3235 4369 3368 4436 ipso,
3395 4375 3442 4420 et
3471 4383 3562 4436 per

1953 4465 2146 4534 ipsum,
2179 4473 2223 4517 et
2253 4466 2304 4517 in
2336 4465 2448 4534 ipso
2474 4472 2589 4516 sunt
2621 4463 2812 4516 omnia.
2839 4459 2977 4528 Quid
3011 4471 3115 4525 est,
3143 4476 3204 4514 ea:
3233 4459 3384 4530 ipso?
3406 4458 3561 4526 Quod

1955 4572 2021 4613 ex
2054 4557 2224 4628 ipsius
2253 4559 2531 4613 voluntate
2561 4569 2750 4611 natura
2794 4554 2867 4610 sit
2913 4554 3187 4619 onmium,
3226 4563 3282 4609 et
3330 4553 3447 4623 ipse
3492 4553 3562 4609 sit

247 4649 344 4703 illo
377 4691 392 4716 ,
445 4651 728 4704 materiam
783 4649 1248 4720 designarizcum
1299 4652 1518 4720 dicitur,
1554 4669 1642 4721 per
1673 4653 1846 4718 illum,
1876 4637 2139 4706 Dauclor
2188 4652 2468 4717 omnium,
2519 4667 2638 4722 qua:
2687 4664 2813 4705 esse
2859 4657 3166 4718 cmperunt.
3221 4645 3325 4700 Per
3366 4647 3559 4732 ipsum,

248 4740 525 4814 quoddam
558 4741 645 4797 vel
676 4742 1100 4797 instrumentum
1130 4745 1334 4813 Operis,
1363 4745 1442 4800 vel
1487 4744 1846 4800 ministerium

247 4834 519 4890 declarari
547 4852 560 4888 :
586 4851 706 4888 cum
762 4845 944 4890 autem
975 4835 1191 4899 dicitur,
1235 4837 1289 4890 in
1315 4837 1426 4903 illo,
1460 4847 1553 4892 aut
1582 4837 1731 4892 locus
1771 4837 1847 4890 si-

245 4926 541 4997 gniﬁcetur
580 4935 673 4982 aut
704 4937 952 5000 tempus,
984 4928 1038 4982 in
1088 4943 1196 4999 quo
1223 4929 1402 4984 omnia
1455 4928 1596 4984 facta
1629 4927 1850 4984 videan-

247 5031 356 5077 ιιιτ.

317 5114 412 5171 86.
476 5115 549 5169 Ita
602 5116 764 5187 igitur
812 5115 1124 5172 distantiam
1182 5116 1471 5188 quamdam
1528 5117 1846 5173 substantia:

242 5209 487 5280 probare
516 5207 853 5277 desiderant,
874 5216 1148 5281 tamquam
1171 5211 1591 5265 instrumentum
1621 5211 1689 5265 ab
1715 5225 1847 5281 Ope-

242 5315 434 5361 ratore
466 5304 686 5374 proprio
721 5303 809 5359 vel
833 5315 1074 5369 auctore,
1099 5314 1155 5360 et
1211 5315 1487 5376 tamquam
1513 5316 1730 5376 tempus
1759 5313 1852 5359 aut

243 5399 430 5453 locum
462 5397 531 5451 ab
558 5398 924 5452 instrumento
947 5397 1204 5453 dirimere
1231 5401 1546 5468 gestientes.
1577 5397 1847 5468 Numquid

240 5505 379 5560 ergo
409 5489 622 5545 alienus
650 5490 949 5546 secundum
971 5500 1215 5546 naturam
1240 5490 1408 5547 Filius
1440 5506 1471 5545 a
1492 5491 1653 5547 Patre
1678 5506 1693 5556 ;
1723 5491 1844 5562 quia

241 5582 487 5638 alienum
519 5581 940 5637 instrumentum
963 5582 1034 5639 ab
1075 5594 1362 5654 operatore
1395 5583 1614 5654 proprio
1636 5583 1721 5638 vel
1752 5597 1848 5637 au-

317 5729 343 5755 ιι
379 5717 447 5771 Et
490 5719 544 5772 in
584 5719 696 5790 ipso
739 5718 842 5784 sint
882 5699 1084 5783 oninia,
1117 5718 1496 5786 deSIderantur
1535 5719 1588 5774 in
1629 5719 1844 5774 cunctis

239 5790 382 5864 edit.
413 5805 480 5844 ac
509 5803 642 5846 mss.
669 5791 1025 5864 nonj'pau'cis;
1051 5795 1117 5864 ‘ea
1145 5796 1323 5854 tamen
1352 5805 1418 5850 es
1451 5790 1573 5864 aliis
1598 5800 1700 5864 sex
1731 5805 1842 5844 me-

240 5860 406 5919 lioris
451 5869 595 5917 nota:
642 5859 995 5917 restititimus.
1040 5862 1108 5917 At
1151 5875 1272 5932 post
1315 5877 1482 5932 pauca
1521 5859 1609 5915 ubi
1657 5874 1844 5915 omnes

1952 4747 2079 4819 quid
2121 4747 2241 4802 est?
2292 4746 2426 4815 Quia
2479 4760 2576 4814 per
2633 4745 2807 4814 ipsum
2848 4741 3169 4799 constitutio
3208 4750 3261 4794 et
3304 4754 3557 4810 perseve-

1953 4840 2122 4895 rantia
2154 4837 2407 4894 omnibus
2432 4838 2710 4907 impertita
2736 4835 3005 4890 videatur.
3031 4833 3098 4888 In
3122 4834 3256 4901 ipso,
3285 4831 3413 4903 quid
3441 4831 3559 4886 est?

1952 4931 2085 5000 Quia
2117 4930 2300 4986 omnia
2329 4929 2634 4985 admirabili
2665 4927 2900 5000 quodam
2930 4926 3224 4991 desiderio,
3259 4934 3313 4979 et
3342 4924 3556 4977 inenar-

1954 5026 2112 5082 rabili
2149 5040 2337 5081 amore
2365 5034 2640 5080 auctorem
2673 5025 2796 5078 vita:
2818 5031 2876 5077 et
2901 5021 3324 5076 ministratorem
3365 5017 3555 5086 gratiae

1953 5133 2064 5174 sua:
2101 5133 2164 5172 ac
2193 5119 2436 5173 tnuneris
2467 5118 2766 5179 intuentur,
2795 5113 3092 5170 secundum
3117 5109 3260 5181 quod
3290 5109 3552 5178 scriptum

1953 5221 2074 5267 est:
2113 5211 2268 5266 Oculi
2309 5212 2540 5266 omnium
2587 5211 2638 5264 in
2681 5221 2726 5263 te
2773 5218 3014 5279 sperant;
3057 5215 3110 5260 et
3157 5221 3169 5258 :
3222 5203 3402 5271 Aperis
3445 5219 3554 5255 ma-

1953 5320 2075 5358 num
2107 5314 2282 5368 tuam,
2317 5314 2362 5358 et
2388 5305 2570 5375 imples
2609 5319 2808 5358 omnem
2847 5301 3074 5354 animam
3121 5297 3252 5350 bona
3297 5293 3556 5347 voluntate

1953 5394 2126 5466 (Psal.
2162 5411 2343 5463 cxuv,
2379 5396 2492 5460 15).
2952 5387 2964 5392 ’

2022 5489 2113 5544 92.
2159 5489 2234 5544 De
2271 5489 2429 5545 Patre
2471 5503 2686 5560 quoque
2723 5487 2767 5541 si
2799 5485 2989 5540 dicas:
3023 5483 3144 5537 ideo
3169 5495 3233 5533 cx
3262 5479 3389 5549 ipso,
3426 5478 3550 5548 quia

1951 5593 2022 5637 ex
2058 5581 2174 5652 ipso
2201 5581 2477 5652 Operatris
2506 5579 2806 5650 Sapientia,
2839 5593 2958 5644 qua:
2990 5573 3244 5628 omnibus
3273 5585 3336 5623 ex
3371 5585 3466 5624 sua
3499 5581 3553 5624 et

1950 5733 2082 5774 mss.
2115 5733 2180 5773 ac
2208 5727 2315 5772 vet.
2347 5718 2504 5780 edit.,
2538 5715 2619 5769 Ea:
2642 5713 2751 5769 Deo
2781 5712 2990 5775 omnia;
3034 5709 3194 5767 Rom.
3236 5705 3351 5764 sola
3394 5723 3552 5779 repo‘

1949 5791 2078 5857 suit,
2104 5805 2168 5843 ea:
2204 5787 2358 5842 Patre
2386 5787 2576 5842 omnia.
