4016 6292
505 270 609 329 765

1849 270 2098 330 SANCTI

2225 270 2454 335 IBROSII
3324 268 3339 275 ’
3659 276 3727 333 τινι

505 387 680 444 Patris
730 387 1006 444 voluntate
1044 386 1194 449 dedit
1241 404 1397 458 esse,
1447 404 1567 461 qua:
1612 404 1717 449 non
1765 397 1961 449 erant:
1996 387 2101 455 Per
2128 390 2182 461 Α
2205 391 2491 462 depositum
2517 391 2720 449 custodi
2736 407 2829 462 per
2852 390 3108 462 Spiritum
3126 398 3365 447 sanctum
3390 389 3434 462 (l
3458 389 3732 465 Tim.i,tl);

504 483 697 553 ipsum,
729 480 852 555 quia
897 498 994 555 per
1034 484 1366 557 Sapientiam
1394 485 1511 555 ejus
1542 482 1678 543 facta
1712 493 1841 543 sunt
1870 485 2053 543 omnia
2082 500 2098 539 :

509 573 576 629 1η
603 576 741 642 ipso,
766 583 794 612 ι
816 576 943 646 quia
964 575 1081 645 ipse
1102 586 1187 631 est
1211 576 1581 632 viviltcatorize
1611 576 1731 631 fons
1758 574 2100 647 substantiae,

509 668 563 723 in
592 681 701 740 quo
728 668 961 725 vivimus
992 678 1048 723 et
1075 682 1263 725 sumus
1288 679 1342 725 et
1373 683 1676 724 movemur.

2204 498 2252 540 et
2284 484 2348 539 ad
2386 485 2650 556 Ephesios
2678 504 2691 541 :
2719 484 3022 559 Confertari
3042 500 3135 558 per
3160 484 3418 559 Spiritum
3440 485 3550 556 ejus
3571 482 3735 558 (Epita.

2204 592 2282 643 nt,
2318 576 2446 649 16);
2474 586 2531 634 el.
2556 578 2623 637 ad
2653 575 3005 634 Corinthios:
3030 576 3138 632 Alii
3166 577 3303 633 enim
3332 576 3483 634 datur
3509 594 3592 650 per
3614 577 3741 649 Spiriv

2208 678 2313 724 tum
2341 686 2507 726 sermo
2544 672 2817 745 sapientia
2843 670 2886 745 (Ι
2915 668 3039 728 Cor.
3080 686 3179 739 xu,
3214 669 3306 742 8);
3335 678 3392 726 et
3415 668 3539 725 alibi
3566 688 3576 723 :
3603 666 3652 726 Si
3672 687 3742 727 tnt-

2205 770 2303 817 tem
2333 780 2426 833 per
2454 761 2711 835 Spiritum
2751 768 2893 836 facta
2930 762 3103 819 carnis
3146 762 3590 833 mortiﬁcaveritis,
3615 762 3745 823 vinetis

2207 850 2384 928 (Rom.
2409 870 2528 922 vui,
2562 854 2684 925 i5);
2715 864 2769 911 et
2794 869 2956 926 supra
2984 874 2998 912 :
3029 854 3133 925 Qui
3164 854 3430 915 suscitrwit
3456 853 3683 911 Christum
3704 873 3749 914 es

2206 948 2443 1021 mortuis,
2466 947 2742 1019 viviﬁcabit
2768 958 2815 1003 et
2841 947 3085 1004 mortalia
3107 963 3332 1022 corpora
3360 959 3528 1004 vestra
3545 964 3622 1016 per
3637 948 3749 1007 inlut-

2207 1041 2453 1099 bitantem
2485 1041 2740 1115 Spiritum
2771 1045 2889 1118 ejus
2917 1042 2970 1096 in
3001 1040 3140 1097 vobis
3170 1038 3362 1113 (Ibid.,
3398 1041 3507 1113 11).

2283 1133 2409 1192 100.
2450 1133 2555 1190 Sed
2586 1136 2813 1191 fortasse
2839 1133 3021 1190 dicat:
3051 1133 3289 1191 Ostende
3329 1132 3461 1189 mibi
3499 1133 3752 1207 specialiter

581 759 669 818 95.
716 759 799 816 Ex
827 761 1028 831 Spiritu
1056 778 1292 835 quoque,
1325 770 1383 817 ut
1410 779 1505 831 per
1536 763 1708 834 ipsum
1738 760 1975 831 formati,
2008 776 2105 837 per

512 855 690 924 ipsum
721 853 940 921 ﬁrmati,
968 853 1025 909 in
1050 856 1171 927 ipso
1200 852 1460 921 roborati,
1482 852 1513 893 ι’
1533 853 1656 910 vitae
1682 853 1961 927 capiamus
1987 869 2107 912 mu-

515 961 616 1002 nus
646 956 888 1002 ωιοιιιω.

596 1039 686 1095 91.
743 1038 877 1095 Cum
931 1037 1051 1095 hinc
1106 1039 1268 1111 igitur
1329 1039 1416 1096 vel
1472 1038 1621 1096 Patri
1682 1040 1768 1097 vel
1828 1038 1966 1095 Filio
2022 1039 2107 1099 vel

512 1132 676 1209 652
701 1130 930 1200 Spiritui
956 1144 1143 1189 sancto
1168 1135 1465 1191 convenire
1493 1134 1800 1205 videantur,
1835 1136 1969 1191 nihil
2001 1138 2107 1192 uti-

515 1242 619 1296 que
659 1226 861 1283 humile
906 1226 958 1282 in
993 1226 1076 1282 his
1112 1236 1317 1283 certum
1355 1235 1441 1285 est
1474 1228 1777 1298 declarari;
1806 1246 1929 1286 cum
1961 1241 2015 1287 et
2044 1246 2111 1289 ex
2209 1228 2433 1295 lectum,
2466 1230 2591 1302 quia
2635 1245 2700 1285 ex
2735 1226 2878 1285 Filio
2908 1226 3115 1291 omnia,
3141 1227 3224 1283 vel
3256 1243 3323 1282 ex
3359 1225 3562 1299 Spiritu
3596 1226 3751 1289 omnis.

517 1317 654 1372 Filio
691 1317 937 1374 dicamus
965 1334 1087 1374 esse
1131 1320 1407 1391 pleraque,
1440 1330 1495 1377 et
1524 1322 1691 1377 multa
1732 1338 1829 1397 per
1868 1322 2108 1395 Patrem,
2212 1318 2283 1374 At
2321 1335 2421 1392 ego
2468 1320 2673 1389 refero,
2722 1330 2777 1375 ut
2821 1328 2877 1377 et
2912 1319 2993 1375 illi
3041 1318 3171 1375 mihi
3216 1318 3416 1375 lectum
3463 1333 3581 1378 esse
3617 1330 3756 1377 osten-

514 1412 654 1466 sicut
688 1410 858 1467 babes
887 1411 957 1468 de
1004 1411 1143 1467 Filio
1183 1413 1386 1468 dictum
1420 1434 1433 1470 :
1469 1413 1541 1471 Ut
1583 1431 1869 1488 augeantur
1904 1418 1960 1472 in
1998 1416 2113 1491 ipso
2213 1416 2345 1472 dant
2372 1415 2496 1485 quia
2526 1431 2624 1491 per
2652 1413 2864 1471 Patrem
2893 1413 3096 1470 omnia.
3126 1412 3234 1470 Sed
3256 1428 3379 1469 cum
3411 1412 3529 1469 bare
3553 1413 3627 1468 vel
3648 1411 3758 1469 Patri

516 1523 604 1575 per
625 1507 821 1574 omnia,
842 1507 931 1578 qui
953 1517 1028 1563 est
1050 1516 1205 1575 caput
1225 1506 1482 1576 Christus,
1506 1525 1573 1564 ea:
1592 1519 1893 1581 quolotnm,
1914 1510 2113 1583 inquit,
2213 1508 2653 1582 probaverimus,
2689 1506 2776 1563 vel
2808 1506 2978 1573 Filio,
3010 1506 3098 1562 vel
3128 1505 3353 1579 Spiritui
3383 1513 3572 1562 sancto
3605 1518 3760 1563 conre-

513 1617 699 1671 corpus
731 1610 1056 1671 compactum
1085 1610 1132 1655 et
1163 1618 1447 1657 connexum
1473 1619 1563 1672 per
1589 1620 1789 1659 omnem
1809 1607 2115 1679 juncturam
2217 1602 2336 1658 nire
2356 1644 2371 1669 ,
2412 1617 2512 1658 nec
2558 1601 2721 1659 ullam
2759 1617 2824 1657 ex
2868 1600 3179 1673 huiusmodi
3218 1598 3442 1675 syllabis
3479 1599 3616 1656 nasci
3643 1613 3763 1673 posse

517 1693 906 1747 ministrationis
934 1692 990 1747 in
1017 1709 1308 1748 mensuram
1342 1694 1747 1769 uniuscujusque
1773 1698 1958 1767 partis,
1987 1714 2116 1769 aug-
2217 1696 2416 1751 divinae
2446 1696 2759 1751 distantiam
2804 1695 3121 1768 potestatis;
3155 1712 3262 1750 non
3306 1702 3387 1751 est
3427 1693 3635 1749 dubium
3667 1694 3765 1764 quin

516 1796 740 1840 mentum
782 1788 1012 1857 corporis
1048 1789 1172 1859 facit
1208 1789 1263 1842 in
1305 1787 1704 1857 ludificationem
1726 1790 1809 1843 sui
1849 1792 1903 1844 in
1945 1790 2120 1843 chari—
2148 1799 2196 1861 Β
2224 1804 2320 1858 per
2363 1803 2519 1861 quem
2562 1788 2768 1855 omnia,
2812 1803 2878 1844 ex
2917 1802 2986 1843 eo
3028 1786 3248 1842 omnia:
3276 1796 3329 1841 et
3360 1801 3428 1841 ex
3467 1801 3572 1859 quo
3609 1785 3767 1857 omnia,

511 1886 612 1933 tate
638 1876 856 1952 (Ephes.
886 1894 961 1943 tv,
986 1878 1078 1945 15,
1111 1878 1225 1952 16).
1258 1880 1326 1935 Et
1352 1880 1547 1937 iterum
1573 1880 1640 1937 ad
1666 1880 2022 1938 Colossenses
2049 1880 2117 1938 de
2220 1897 2319 1953 per
2342 1898 2466 1938 eum
2488 1881 2667 1937 omnia
2695 1898 2708 1935 :
2740 1890 2796 1936 et
2822 1879 2878 1935 in
2907 1895 3014 1953 quo
3036 1880 3243 1946 omnia,
3274 1895 3372 1953 per
3402 1894 3526 1933 cum
3550 1878 3689 1953 653
3706 1877 3770 1935 vel

520 1972 603 2026 his
646 1974 738 2044 qui
792 1988 899 2029 non
952 1972 1221 2029 baberent
1265 1975 1631 2046 cognitionem
1683 1975 1944 2048 unigeniti
1993 1974 2118 2033 Filii
2218 1989 2286 2031 ex
2318 1962 2384 2029 eo
2416 1976 2597 2029 omnia
2629 1989 2750 2030 esse
2775 1973 3085 2046 intelligere
3115 1972 3431 2029 debeamus.
3457 1971 3635 2028 Omnis
3660 1972 3772 2029 enim
3836 1976 3839 1981 ‘

522 2064 614 2121 Dei
648 2082 659 2119 :
696 2064 829 2133 Quia
868 2082 969 2121 non
1014 2076 1207 2134 tenent,
1254 2067 1449 2138 inquit,
1493 2076 1679 2138 caput,
1723 2084 1789 2123 ea:
1827 2085 1927 2141 quo
1970 2084 2120 2127 omne
2219 2075 2475 2122 creatura
2519 2076 2575 2125 et
2616 2082 2681 2123 ex
2727 2066 3026 2132 voluntate,
3057 2075 3112 2121 et
3142 2082 3240 2137 per
3277 2064 3638 2138 operationem
3662 2072 3704 2121 ct
3732 2064 3773 2121 in

522 2173 708 2230 corpus
751 2174 843 2229 per
879 2159 1349 2231 compaginatioues
1388 2169 1439 2215 et
1480 2161 1837 2233 colligationes
1866 2160 2117 2215 submini-
2221 2160 2419 2215 virtute
2449 2170 2531 2215 est
2564 2158 2878 2231 Trinitatis,
2914 2159 3054 2215 sicut
3081 2159 3345 2229 scriptum
3388 2166 3471 2214 est
3501 2175 3515 2210 :
3544 2154 3775 2212 Faciamus

525 2260 740 2304 stratum
794 2260 841 2305 et
893 2253 1195 2321 copulatum
1255 2253 1435 2307 crescit
1489 2253 1544 2307 in
1601 2254 1965 2308 incrementum
2020 2251 2122 2309 Dei
2222 2255 2478 2310 hominem
2512 2254 2583 2307 ad
2614 2253 2889 2325 imaginem
2923 2261 2971 2307 et
3000 2250 3392 2325 similitudinem
3414 2260 3638 2306 nostram
3657 2246 3774 2322 (Gut.

527 2340 751 2411 (Coloss.
778 2358 836 2409 ιι,
866 2343 993 2413 19);
1026 2353 1191 2415 caput
1214 2345 1359 2400 enim
1394 2343 1668 2400 Christum
1700 2361 1823 2401 esse
1865 2344 2120 2401 Ecclesiae
2223 2364 2260 2416 ι,
2291 2346 2423 2421 26);
2455 2357 2508 2403 et
2547 2345 2674 2403 alihi
2708 2366 2721 2403 :
2758 2344 2928 2402 Verbo
2967 2344 3182 2401 Domini
3224 2344 3335 2400 ccli
3377 2344 3571 2417 firmati
3602 2356 3719 2410 sunt,
3740 2350 3776 2397 et

528 2450 689 2507 supra
721 2436 955 2492 diximus
986 2436 1211 2509 (Coloss.
1244 2454 1285 2506 ι,
1314 2438 1428 2511 18).
1458 2438 1526 2493 Ει
1551 2438 1675 2496 alibi
1702 2437 1872 2496 babes
1905 2442 2031 2512 quia
2059 2441 2123 2496 de
2226 2440 2430 2515 Spiritu
2456 2442 2561 2497 oris
2587 2442 2701 2516 ejus
2739 2442 2904 2496 omnis
2934 2440 3094 2496 uirtus
3122 2456 3299 2496 eorum
3331 2437 3508 2511 (Psal.
3541 2454 3689 2504 suo,
3714 2434 3771 2508 6).

530 2527 846 2594 plenitudine
886 2531 997 2602 ejus
1041 2546 1134 2584 nos
1177 2546 1350 2611 omnes
1393 2532 1686 2601 accepimus
1717 2529 1898 2604 (Joan.
1931 2546 1970 2600 ι,
2004 2530 2119 2604 16).
2850 2554 3078 2613 CAPUT
3119 2551 3189 2613 χ,

532 2618 597 2673 Ει
640 2619 757 2689 ipse
802 2620 1058 2677 Dominus
1084 2608 1267 2677 dixit:
1302 2622 1379 2677 De
1408 2640 1519 2679 meo
1557 2625 1804 2695 accipiet,
1834 2635 1882 2679 et
1920 2620 2125 2680 annun-

2225 2650 2528 2704 Probaturus
2566 2662 2710 2703 unam
2757 2608 3024 2701 Trin'il—alis‘
3486 2685 3501 2709 ,
3535 2640 3779 2697 mione!

530 2712 677 2767 tiabit
724 2713 864 2769 vobis
901 2713 1083 2787 (Ioan.
1124 2732 1234 2784 xvi,
1267 2718 1380 2788 14).
1428 2718 1496 2773 Et
1538 2732 1702 2793 supra
1747 2719 1823 2775 ait
1852 2737 1866 2775 :
1898 2716 2125 2793 Cognovi

2284 2739 2427 2798 atque
2433 2732 2721 2799 jussionem,
2746 2731 2883 2784 docet
2899 2745 2993 2785 non
3006 2745 3143 2786 secus
3160 2745 3220 2783 ac
3242 2734 3394 2783 Pater
3413 2736 3459 2782 et
3478 2728 3629 2782 Filius
3646 2726 3777 2779 Eccle-

2286 2816 2409 2867 siam
2440 2821 2701 2881 vocarunt,
2736 2815 2806 2866 ita
2836 2822 2882 2868 et
2913 2814 3156 2880 Spiritum
3185 2827 3296 2866 eam
3328 2826 3555 2874 vocasse;
3588 2809 3713 2874 idque
3731 2823 3779 2861 es

2286 2898 2515 2952 electum
2546 2898 2694 2951 Pauli
2725 2904 2772 2951 et
2794 2899 3038 2951 Barnabas
3064 2896 3275 2951 ostendit
3293 2937 3307 2957 ,
3340 2895 3428 2948 sed
3448 2893 3781 2959 potissitnuna.’

2285 2983 2513 3037 missione
2528 2983 2668 3036 Petri
2682 2983 2749 3035 ad
2769 2981 3066 3037 Cornelium.
3089 2982 3187 3034 Hic
3202 2981 3355 3033 obiter
3376 2979 3598 3042 ejusdem
3613 2975 3784 3040 Spiritu

2289 3075 2518 3135 potestate
2538 3104 2552 3129 ,
2576 3081 2635 3119 ac
2660 3065 2793 3119 trina
2813 3064 2958 3119 Petri
2977 3062 3274 3147 confessiate
3294 3060 3569 3147 perstrictis
3585 3094 3599 3120 ,
3621 3059 3667 3110 in

2291 3154 2405 3205 dem
2425 3149 2628 3217 apostoli
2645 3149 2827 3204 visione
2843 3149 3182 3202 adrunbratant
3204 3146 3353 3213 fuisse
3375 3144 3596 3198 declarat
3617 3144 3783 3193 uocatio-

2290 3222 3785 3302 nemgentium.qutecwuprius{erarunssinilesm

2288 3319 2507 3384 Spiritus
2536 3318 2689 3382 opera
2717 3317 2984 3382 deposuere
3021 3314 3278 3382 feritatem
3323 3312 3448 3365 Tum
3473 3309 3556 3363 ubi
3579 3305 3787 3371 situation

2290 3417 2356 3457 ea:
2381 3404 2480 3457 alio
2510 3405 2615 3457 loco
2646 3400 2892 3462 stabilivit.
2930 3401 2980 3454 iu
3016 3399 3270 3455 Hieremia
3304 3398 3355 3452 in
3389 3401 3553 3452 lactari
3576 3414 3607 3451 a
3629 3390 3786 3450 luditis

2290 3487 2501 3543 dentisso
2522 3529 2538 3554 ,
2562 3497 2607 3541 et
2629 3487 2745 3540 inde
2769 3490 2941 3541 educto
2962 3485 3025 3537 ab
3055 3483 3382 3543 Abdcmelech
3402 3522 3417 3545 ,
3439 3481 3651 3551 Spiritus
3670 3477 3790 3535 rudi

2291 3578 2351 3628 ab
2374 3575 2546 3630 iisdem
2568 3572 2764 3627 Judwis
2790 3570 3078 3639 contemptui
3104 3570 3258 3624 habiti
3276 3611 3293 3637 ,
3330 3577 3378 3625 et
3405 3585 3438 3622 a
3468 3572 3678 3640 gentibus
3699 3580 3789 3636 quas

2291 3662 2556 3725 mandavit,
2581 3660 2802 3712 honorati
2823 3657 3092 3728 symbolum
3113 3653 3363 3724 prteivisse
3378 3656 3685 3709 demonstrat.

2304 3757 2427 3815 101.
2474 3754 2642 3829 [Alias
2684 3770 2800 3825 cap.
2836 3748 2953 3827 XL]
2987 3751 3095 3807 Nec
3147 3749 3321 3806 solum
3347 3765 3453 3805 una
3485 3748 3791 3823 Operatioest

2233 3850 2431 3924 ubique
2473 3847 2651 3906 Patris
2693 3856 2749 3903 et
2782 3845 2911 3902 Filii
2951 3854 3006 3901 et
3043 3843 3279 3915 Spiritus
3317 3844 3517 3912 sancti,
3542 3842 3634 3899 sed
3658 3839 3783 3896 etiam

2234 3960 2339 4003 nua
2373 3953 2536 4015 atque
2580 3939 2770 3997 eadem
2812 3938 3086 4005 voluntas,
3130 3952 3232 3991 una
3278 3934 3520 4003 vacatio,
3553 3950 3653 3990 una
3686 3944 3792 4003 prte-

2233 4037 2413 4108 ceptio
2437 4054 2450 4090 :
2481 4033 2623 4107 quod
2656 4033 2783 4089 licet
2805 4031 2858 4087 in
2892 4030 2988 4087 illo
3013 4045 3209 4105 magno
3234 4044 3300 4084 ac
3326 4028 3553 4085 salutari
3579 4022 3793 4107 Ecclesia

2235 4140 2484 4204 spectare
2511 4126 2797 4202 mysterio.
2831 4125 2985 4183 Sicut
3011 4124 3155 4180 enim
3205 4123 3366 4179 Pater
3404 4120 3616 4179 vocavit
3645 4123 3796 4190 gentes

2235 4224 2301 4280 ad
2350 4222 2679 4286 Ecclesium,
2726 4219 2961 4277 dicens:
3009 4217 3212 4273 Vocabo
3262 4234 3364 4271 non
3411 4216 3608 4289 plebem
3648 4227 3792 4276 meum,

2238 4318 2430 4389 plebem
2469 4331 2672 4370 meam:
2706 4322 2729 4350 θ
2756 4323 2802 4368 et
2843 4328 2944 4366 non
2974 4309 3248 4376 dilectam,
3286 4309 3529 4364 dilectam
3565 4306 3699 4382 (Ose.
3724 4300 3793 4376 n);

2238 4422 2291 4467 et
2318 4408 2447 4465 alibi
2473 4426 2485 4462 :
2519 4406 2713 4462 Domus
2742 4421 2855 4458 mea
2884 4404 3067 4458 domus
3097 4402 3347 4458 orationis
3375 4398 3639 4457 vocabitur
3663 4396 3795 4453 omni-

2241 4504 2332 4559 bus
2358 4500 2592 4576 gentibus
2619 4496 2790 4573 (Esai.
2825 4514 2933 4562 LVI,
2964 4494 3021 4567 7)
3048 4514 3060 4549 :
3094 4496 3167 4552 ita
3193 4496 3357 4551 etiam
3387 4494 3645 4553 Dominus
3671 4489 3795 4548 Iesus

531 2807 767 2862 uirtutem
796 2810 960 2866 exisse
990 2810 1055 2865 de
1082 2827 1162 2866 me
1184 2810 1337 2885 (Luc.
1369 2827 1483 2877 vitt,
1512 2811 1631 2883 46).

600 2901 692 2957 95.
734 2901 997 2959 Similiter
1023 2912 1080 2960 ut
1108 2918 1374 2976 agnoscas
1401 2907 1683 2971 unitatem,
1716 2904 1877 2960 etiam
1902 2905 1972 2962 de
2000 2904 2124 2978 Spl-

532 2997 639 3080 ritu
674 2998 910 3054 dicitur:
944 2998 1079 3067 Quia
1106 3001 1194 3063 qui
1219 3002 1436 3055 seminat
1468 3002 1520 3054 in
1568 2999 1794 3072 Spiritu,
1823 3000 1890 3056 de
1920 3000 2126 3072 Spiritu

534 3102 683 3148 metet
708 3094 863 3147 vitam
892 3103 1136 3148 cateruam
1162 3092 1362 3166 (Galat.
1399 3110 1471 3161 vr,
1502 3092 1582 3164 8).
1620 3094 1690 3153 Et
1730 3093 1965 3150 Joannes
2004 3097 2077 3150 ait
2108 3112 2120 3149 :

532 3178 614 3240 Ei:
653 3189 748 3239 hoc
783 3187 1138 3258 cognoscimus
1173 3196 1194 3225 ο
1225 3187 1345 3257 quia
1383 3187 1438 3240 in
1477 3186 1622 3241 nobis
1652 3196 1746 3255 est,
1776 3187 2023 3257 quoniam
2063 3186 2127 3242 de
2153 3194 2200 3257 Ε

534 3280 734 3353 Spiritu
774 3286 871 3336 s'uo
908 3281 1049 3335 dedit
1088 3282 1235 3337 nobis
1263 3279 1319 3352 (Ι
1338 3281 1499 3335 Joan.
1531 3297 1604 3347 iv,
1636 3280 1745 3354 15).
1780 3282 1849 3337 Et
1880 3280 2126 3357 Angelus

532 3372 699 3428 dicit:
735 3373 889 3442 Quod
930 3390 994 3428 ex
1032 3390 1094 3430 ea
1143 3383 1421 3441 nascetur,
1474 3373 1537 3428 de
1581 3372 1784 3445 Spiritu
1825 3383 2006 3428 sancto
2055 3383 2128 3429 est

534 3463 748 3537 (Matth.
781 3482 820 3533 ι,
839 3464 953 3537 20).
985 3465 1051 3521 Ει
1076 3465 1337 3522 Dominus
1362 3467 1441 3521 ait
1460 3466 1579 3538 quia
1602 3465 1744 3539 quod
1764 3475 1941 3521 natum
1967 3478 2042 3523 est
2063 3465 2128 3522 de

536 3559 760 3632 Spiritu,
795 3561 1024 3631 Spiritus
1051 3576 1122 3617 est
1148 3561 1327 3637 (Joan.
1358 3579 1436 3632 ιιι,
1472 3562 1552 3636 6).

606 3657 696 3713 96.
741 3657 882 3729 Ergo
916 3659 1057 3714 sicut
1094 3676 1163 3716 ex
1194 3659 1357 3716 Patre
1398 3661 1627 3735 legimus
1662 3677 1785 3718 esse
1818 3661 2022 3729 omnia,
2056 3663 2125 3717 ita

535 3757 590 3805 et
616 3766 681 3807 ex
711 3750 850 3806 Filio
884 3767 1044 3823 posse
1069 3752 1175 3809 dici
1205 3755 1404 3821 omnia,
1436 3768 1534 3826 per
1557 3771 1718 3827 quem
1745 3756 1923 3812 omnia
1953 3766 2080 3812 sunt
2111 3774 2126 3812 :

535 3850 588 3897 et
614 3858 678 3897 ex
708 3841 909 3914 Spiritu
951 3858 1073 3901 esse
1112 3846 1316 3912 omnia,
1346 3846 1397 3900 in
1437 3860 1546 3919 quo
1584 3847 1769 3904 omnia
1798 3855 1946 3917 sunt,
1980 3848 2131 3904 testi-

538 3937 736 3993 moniis
761 3937 1077 3995 edncemur.

604 4032 694 4089 97.
737 4033 896 4090 Nunc
936 4034 1345 4091 consideremus
1385 4044 1561 4091 utrum
1603 4052 1702 4109 per
1749 4036 1963 4093 Patrem
2008 4051 2133 4094 esse

531 4124 733 4197 aliquid
772 4127 971 4182 docere
1002 4127 1292 4197 possimus.
1322 4123 1431 4183 Sed
1462 4128 1723 4201 scriptum
1765 4136 1849 4184 est
1880 4146 1893 4183 :
1931 4128 2133 4187 Paulus

534 4236 708 4274 servus
723 4218 919 4275 Christi
943 4237 1032 4292 per
1054 4220 1368 4275 uoluntatem
1391 4218 1492 4277 Dei
1511 4220 1554 4293 (ι
1572 4220 1692 4277 Cor.
1718 4237 1758 4290 ι,
1783 4219 1838 4294 1)
1857 4240 1870 4289 ;
1893 4232 1948 4277 et
1966 4220 2091 4278 alibi
2118 4240 2131 4277 :

542 4312 691 4368 Unde
710 4317 827 4387 jam
858 4330 959 4368 non
998 4323 1073 4369 est
1115 4331 1311 4382 seruus,
1340 4314 1431 4370 sed
1465 4314 1608 4386 ﬁlius
1630 4314 1648 4371 ὲ
1672 4315 1717 4370 si
1756 4326 1925 4371 autem
1966 4314 2131 4385 filius,

537 4417 585 4465 et
610 4408 775 4466 haeres
804 4426 895 4482 per
923 4407 1090 4463 Deum
1117 4409 1318 4484 (Galat.
1352 4427 1425 4478 tv,
1459 4412 1549 4483 7);
1578 4419 1633 4467 et
1660 4410 1788 4467 alibi
1816 4428 1828 4464 :
1862 4410 2009 4467 Sicut
2055 4428 2137 4467 re-

537 4503 764 4558 surrexit
790 4502 1024 4559 Christus
1052 4521 1085 4559 a
1111 4507 1327 4560 mortuis
1356 4522 1450 4579 per
1473 4505 1694 4581 gloriam
1722 4503 1900 4561 Patris
1930 4505 2133 4575 (Rom,

426 4606 431 4611 '
540 4616 611 4670 γι,
638 4598 720 4672 4).
746 4599 812 4655 Ει
836 4601 964 4657 alibi
995 4602 1135 4657 Deus
1160 4601 1320 4658 Pater
1343 4601 1409 4656 ad
1436 4600 1632 4657 Filium
1656 4601 1787 4657 dicit
1812 4617 1825 4655 :
1860 4598 1994 4656 Ecce
2014 4615 2134 4675 pro-
2160 4597 2214 4661 D
2240 4596 2306 4653 ad
2336 4593 2670 4653 evocandam
2702 4601 2756 4649 et
2791 4587 3229 4665 congregandam
3268 4587 3572 4645 Ecclesium
3614 4583 3795 4641 Ρῖιιιιιιω

536 4694 689 4766 selyti
717 4695 919 4748 venient
946 4693 1014 4748 ad
1042 4704 1089 4748 te
1118 4710 1210 4764 per
1236 4710 1316 4748 me
1348 4692 1520 4767 (Esai.
1555 4709 1663 4760 LIV,
1694 4692 1805 4769 15).

613 4786 703 4842 98.
747 4785 912 4842 Multa
963 4786 1204 4858 reperies
1242 4788 1383 4854 alia,
1425 4787 1471 4842 si
1517 4802 1732 4860 quaeras
1778 4798 1877 4861 per
1920 4785 2131 4841 Patrem

542 4880 701 4937 facta.
725 4879 998 4952 Numquid
1023 4880 1150 4937 ideo
1181 4881 1357 4936 minor
1384 4879 1565 4949 Pater,
1593 4880 1716 4954 quia
1744 4879 1797 4936 in
1820 4878 1959 4935 Filio
1984 4888 2039 4934 et
2067 4893 2133 4937 ex

542 4976 681 5033 Filio
729 4977 987 5050 pleraque
1034 4992 1158 5034 esse
1195 4976 1425 5048 legimus
1455 4993 1469 5030 :
1497 4983 1555 5032 et
1597 4991 1692 5048 per
1737 4974 1953 5030 Patrem
1995 4971 2136 5027 facta

542 5067 570 5108 ά
604 5072 687 5130 vel
732 5072 858 5129 data
907 5073 1136 5147 plurima
1184 5071 1237 5127 in
1283 5070 1580 5143 Scripturis
1621 5068 1936 5127 caelestibus
1980 5082 2138 5141 repe-

546 5168 748 5224 rimus?
908 5142 925 5147 v
1412 5142 1417 5143 γ
2243 5155 2457 5213 vocavit
2496 5163 2551 5211 et
2577 5152 2826 5208 Christus
2858 5167 2871 5205 :
2900 5159 2954 5206 et
2978 5144 3434 5225 quemadmodum
3460 5142 3700 5201 Christus
3728 5149 3801 5189 v0-

616 5261 707 5319 99.
748 5261 856 5319 Sed
880 5261 1041 5319 etiam
1067 5277 1164 5335 per
1186 5260 1448 5333 Spiritum
1471 5260 1722 5319 similiter
1747 5259 1977 5331 legimus
2000 5258 2138 5314 facta
2241 5252 2405 5321 cavit,
2438 5249 2510 5305 ita
2541 5245 2752 5304 vocavit
2792 5255 2847 5301 et
2881 5242 3140 5314 Spiritus,
3168 5239 3395 5296 dicens:
3432 5225 3802 5335 Separate-ntilti

546 5356 833 5427 pleraque,
867 5356 1009 5411 sicut
1056 5325 1265 5411 habes':
1303 5352 1467 5409 Nobis
1506 5362 1676 5407 autem
1720 5325 1958 5409 reuelauit
2004 5350 2141 5413 Deus
2246 5344 2474 5403 Paulum
2503 5354 2550 5402 et
2580 5341 2875 5397 Barnabam
2915 5340 2971 5394 in
3011 5354 3139 5411 apus
3194 5353 3296 5409 quo
3340 5334 3515 5390 uocaui
3552 5347 3652 5427 eos.
3688 5325 3803 5382 Tum

547 5467 635 5517 per
676 5425 937 5523 Spiritum
976 5466 1129 5506 suum
1160 5447 1204 5522 (l
1233 5448 1355 5507 Cor.
1388 5464 1447 5517 ιι,
1481 5447 1607 5520 10);
1647 5454 1705 5501 et
1742 5443 1911 5505 alibi:
1940 5442 2143 5503 Bonum
2234 5442 2555 5513 jejunantes,
2588 5435 2785 5509 inquit,
2815 5442 2861 5489 et
2897 5439 3122 5506 orantes,
3150 5429 3507 5503 imposuerunt
3535 5425 3608 5481 eis
3634 5430 3800 5479 mal“,

2238 4708 2267 4747 a
2297 4706 2358 4748 se
2386 4688 2519 4745 dicit
2545 4688 2812 4755 electum,
2855 4685 2997 4740 sicut
3025 4684 3199 4739 habes
3227 4681 3294 4738 ad
3324 4682 3592 4739 Ananiam
3631 4679 3797 4735 dictum

2238 4801 2267 4839 a
2315 4783 2546 4840 Domino
2588 4781 2715 4838 Jesu
2751 4799 2765 4835 :
2802 4778 2983 4843 Vade,
3028 4777 3273 4852 quoniam
3319 4793 3408 4831 uas
3456 4772 3706 4830 electionis
3742 4776 3796 4824 at

2240 4880 2365 4935 mihi
2408 4878 2493 4933 hic
2537 4856 2597 4930 ac
2638 4872 2910 4949 ferendum
2952 4886 3136 4927 nomen
3183 4884 3353 4923 meum
3394 4883 3571 4924 coram
3605 4858 3797 4940 gentibus

2243 4970 2383 5042 (Act.
2417 4985 2506 5034 ιι,
2539 4965 2655 5039 i5).

2312 5063 2439 5121 102.
2482 5062 2633 5119 Sicut
2656 5075 2789 5132 ergo
2812 5057 2975 5113 Pater
3003 5058 3145 5112 Deus
3174 5055 3388 5111 vocavit
3411 5051 3717 5114 Ecclesiarn,
3743 5046 3797 5099 its

624 5626 650 5695 ξ
679 5617 883 5695 omnes
927 5614 1062 5670 edit.
1112 5620 1169 5669 et
1206 5578 1426 5683 quidam
1471 5624 1630 5695 mss.,
1664 5608 1785 5680 quia
1806 5608 1865 5695 in
1893 5606 2007 5679 ipso
2034 5612 2144 5673 ul;

556 5686 746 5760 reliqui
781 5702 913 5742 mss.
945 5699 1141 5758 magno
1168 5699 1418 5752 numero,
1446 5686 1572 5755 quia
1599 5686 1716 5753 ipso
1741 5690 1839 5739 est.

626 5756 656 5798 δ
685 5757 913 5813 Ouidam
942 5772 1102 5813 mss.,
1138 5753 1315 5810 Vitam
1341 5756 1607 5813 capiamus
1627 5764 1873 5810 aeternam

628 5758 656 5798 δ
676 5758 913 5829 Quidam
942 5772 1102 5819 mss.,
1138 5758 1315 5810 Vitam
1341 5758 1607 5830 capiamus
1627 5764 1894 5811 mternam.

628 5839 650 5869 ε
682 5829 813 5907 Mss.
859 5842 970 5904 non
1015 5826 1194 5913 pauci,
1241 5826 1361 5898 quia
1406 5832 1463 5883 in
1506 5825 1654 5883 nobis
1694 5833 1790 5894 ost,
1836 5823 1901 5880 de
1942 5820 2147 5898 Spiritu

2252 5611 2582 5735 “ﬁnium;
2601 5671 2759 5739 edit.,
2790 5669 2869 5726 uel
2889 5667 3061 5734 dicta;
3088 5680 3281 5721 omnes
3298 5678 3458 5739 mss.,
3489 5660 3570 5718 uel
3596 5658 3722 5714 data.

2329 5760 2352 5787 θ
2384 5749 2512 5807 Mss.
2543 5735 2775 5822 aliquot,
2802 5750 2980 5799 etnon
3003 5740 3234 5807 electam,
3264 5735 3495 5809 electam.
