4016 6292
273 250 385 307 76⁸5

1420 245 1509 302 DE
1551 245 1823 308 SPIRlTU
1865 243 2136 308 SANCTO
2175 245 2307 302 LIB.
2350 245 2415 302 ll.

3470 243 3574 298 766

274 378 320 419 et
371 365 681 421 dimiserunt
726 382 832 424 eos.
883 364 998 436 Ipsi
1041 375 1204 420 autent
1256 363 1505 433 pramissi
1551 361 1613 416 ab
1666 361 1868 430 Spiritu
1896 364 2218 430 Aconcessit
2259 361 2434 434 Deus,
2481 365 2611 419 sicut
2656 374 2706 418 et
2748 363 2926 426 nobis;
2977 377 3068 434 ego
3113 361 3225 432 quis
3272 376 3442 429 eram,
3492 362 3580 432 qui

275 469 455 512 sancto
484 458 796 514 devenerunt
830 460 881 512 in
915 458 1203 516 Seleuciam
1251 455 1390 530 (Act.
1431 471 1548 524 χιιι,
1575 454 1612 509 2
1639 465 1686 510 et
1715 457 1872 528 seq.).

273 550 418 621 Ergo
459 567 569 607 non
616 553 791 607 solum
828 551 1061 616 Christi,
1104 549 1198 607 sed
1229 551 1391 608 etiam
1427 549 1660 622 Spiritus
1699 547 1878 606 sancti

271 644 505 718 imperio
545 645 911 716 apostolatum
952 645 1152 701 Paulus
1190 643 1433 716 accepit,
1463 655 1517 701 et
1546 643 1613 700 ad
1645 659 1868 718 emigre-

272 741 552 812 gationem
583 741 826 814 gentium
861 739 1152 796 festinavit.

346 832 472 889 105.
515 832 625 888 Nec
665 833 812 891 solus
850 833 1082 901 Paulus,
1121 833 1216 890 sed
1261 832 1423 890 etiam
1469 830 1692 900 Petrus,
1734 834 1877 888 sicut

271 926 504 999 legimus
543 926 596 983 in
627 926 854 984 Actibus
883 928 1276 1003 apostolorum.
1319 927 1453 983 Nam
1493 943 1614 983 cum
1656 927 1710 983 in
1749 943 1872 984 ora-

273 1021 424 1076 tione
452 1019 674 1074 vidisset
695 1021 888 1076 cmlum
921 1027 1191 1090 apertum,
1218 1030 1270 1075 et
1295 1029 1526 1092 quatuor
1555 1019 1720 1076 initiis
1743 1020 1875 1092 liga-

271 1121 386 1170 tut'n
432 1131 523 1169 vas
550 1115 846 1186 quoddam,
882 1123 1154 1186 tamquam
1197 1115 1420 1170 linteum
1466 1116 1518 1169 in
1563 1130 1671 1186 quo
1715 1123 1876 1172 erant

267 1208 451 1263 omnia
479 1223 678 1277 genera
712 1207 1118 1280 quadrupedum
1151 1219 1204 1263 et
1237 1207 1475 1264 ferarum
1508 1219 1561 1265 et
1591 1209 1870 1264 volucrum

265 1300 431 1369 εαξη,
473 1302 614 1370 facta
652 1313 724 1356 est
763 1317 861 1356 vos:
899 1302 966 1356 ad
1013 1319 1126 1357 eum
1154 1317 1171 1356 :
1200 1301 1393 1377 Surge,
1422 1303 1616 1370 occide,
1647 1313 1696 1358 et
1726 1319 1873 1357 man-

267 1396 422 1450 duca.
475 1393 546 1449 Et
596 1392 783 1450 Petrus
833 1395 967 1450 dixit
1003 1410 1020 1449 :
1055 1394 1229 1460 Absit,
1277 1393 1499 1450 Domine
1538 1410 1556 1449 :
1596 1412 1872 1466 numquam

267 1489 584 1544 manducavi
611 1505 877 1543 commune
913 1501 959 1544 et
1000 1489 1340 1542 immundum.
1378 1486 1442 1542 Et
1473 1504 1568 1543 vos:
1597 1505 1776 1543 rursus
1805 1489 1874 1544 ad

266 1601 380 1638 eum
405 1600 425 1638 :
459 1581 614 1652 Quod
645 1581 786 1637 Deus
815 1583 1110 1650 inundavit,
1153 1598 1206 1637 tu
1248 1601 1514 1639 commune
1555 1601 1617 1638 ne
1658 1584 1869 1640 dixeris.

266 1677 386 1732 lloc
413 1688 584 1732 autem
614 1680 810 1750 factum
851 1688 923 1732 est
961 1695 1051 1748 per
1081 1689 1185 1744 ter,
1228 1689 1275 1733 et
1317 1690 1574 1750 receptum
1601 1690 1673 1734 est
1704 1695 1789 1734 vas
1816 1680 1870 1735 in

1979 454 2297 526 prohiberent
2324 455 2486 511 Deum
2519 458 2656 529 (Act.
2687 471 2760 520 XI,
2789 455 2920 526 17)?

2063 547 2186 603 107.
2228 548 2459 620 Spiritus
2507 563 2638 619 ergo
2682 557 2905 603 sanctus
2947 554 3050 610 est,
3095 545 3187 616 qui
3233 559 3330 598 nos
3371 543 3437 596 ab
3487 542 3578 598 illa

1979 647 2169 720 gentili
2207 644 2516 700 colluvione
2546 641 2844 700 inundavit.
2878 639 2934 694 In
2970 639 3080 693 illis
3108 637 3248 692 enim
3280 635 3577 708 generibus

1980 739 2418 813 quadrupedum,
2449 747 2503 792 et
2543 735 2803 798 ferarum,
2850 742 2903 789 et
2943 734 3222 787 volucrum
3255 731 3424 802 ﬁgura
3461 737 3580 785 erat

1979 832 2308 889 conditionis
2339 833 2608 894 humanm,
2640 845 2761 899 quae
2804 825 3044 883 ferarum
3090 825 3250 880 modo
3289 821 3578 880 bestialetn

1977 928 2194 984 videtur
2216 926 2398 982 induta
2426 924 2712 992 saevitiam,
2746 923 2845 978 nisi
2877 921 3116 991 Spiritus
3146 917 3579 973 Sanctiﬁcatione

1979 1023 2252 1078 mitescat.
2296 1021 2441 1076 Bona
2481 1034 2613 1091 ergo
2659 1019 2863 1090 gratia,
2913 1031 3033 1086 qua:
3083 1014 3315 1070 ferinam
3369 1013 3580 1068 rabiem

1983 1127 2004 1153 ο
2037 1115 2300 1185 spirituali
2333 1114 2681 1187 simplicitate
2709 1119 3050 1166 commutat:
3087 1107 3309 1162 Eramus
3347 1109 3486 1163 enint
3530 1117 3577 1161 et

1977 1223 2073 1263 nos
2096 1205 2376 1279 aliquando
2399 1205 2714 1276 insipientes,
2736 1202 3015 1264 increduli,
3034 1211 3282 1266 errantes,
3310 1201 3581 1254 servientes

1979 1301 2244 1358 desideriis
2271 1311 2314 1354 et
2342 1299 2688 1367 uoluptatibus
2711 1295 2867 1349 uariis
2894 1310 2910 1347 :
2937 1309 3072 1347 nunc
3101 1304 3273 1346 autem
3302 1309 3392 1360 per
3421 1308 3572 1345 reno-

1976 1403 2227 1458 vationem
2254 1400 2483 1473 Spiritus
2509 1398 2737 1453 hwredes
2762 1395 2976 1463 Christi,
3006 1396 3306 1470 angelorum
3330 1397 3578 1466 capimus

1976 1513 2084 1552 esse
2111 1494 2400 1552 cohwredes
2425 1493 2552 1565 (Tit.
2583 1509 2665 1559 Ill,
2696 1488 2776 1564 5).

2054 1590 2173 1644 108.
2214 1587 2398 1656 Itaque
2421 1587 2624 1658 Spiritu
2657 1587 2848 1641 videns
2872 1594 3090 1639 sanctus
3117 1582 3384 1654 propheta
3408 1581 3577 1638 David

1977 1698 2042 1740 ex
2074 1682 2200 1738 leris
2228 1695 2324 1738 nos
2350 1681 2555 1738 similes
2582 1679 2790 1736 futuros
2819 1695 2939 1736 esse
2963 1678 3264 1736 cmlestiunt
3293 1695 3304 1729 :
3338 1675 3579 1747 lncrepa,

265 1770 453 1824 cretum
487 1769 624 1840 (Act.
658 1787 714 1836 x,
747 1771 807 1826 11
840 1781 886 1826 et
915 1770 1067 1846 seq.).
1101 1771 1247 1845 Ergo
1277 1787 1396 1826 cum
1433 1769 1535 1827 hoc
1561 1788 1744 1828 seetitn
1770 1771 1871 1827 Pe-
1904 1776 1951 1836 B
1979 1775 2172 1849 inquit,
2207 1778 2343 1848 [cras
2367 1775 2509 1829 silua:
2534 1773 2710 1845 (Psal.
2743 1789 2912 1839 vau,
2943 1771 3062 1842 52),
3091 1771 3290 1827 silvam
3325 1771 3580 1826 videlicet

267 1873 386 1919 trus
417 1865 612 1918 tacitus
651 1865 937 1935 cogitaret,
967 1874 1022 1919 et
1057 1866 1335 1922 venissent
1379 1864 1444 1920 ad
1478 1881 1599 1934 eum
1637 1863 1874 1922 Cornelii

265 1961 476 2015 servuli
503 1959 570 2016 ab
606 1960 817 2034 Angelo
844 1958 1012 2033 654
1042 1960 1326 2028 destinati,
1369 1961 1444 2014 ait
1480 1960 1556 2014 illi
1596 1960 1829 2029 Spiritus
1859 1976 1873 2013 ε

268 2052 405 2108 Ecce
453 2054 548 2108 viri
593 2063 829 2123 quierunt
877 2065 953 2118 te,
1000 2069 1155 2126 surge
1193 2052 1396 2124 itaque,
1439 2062 1484 2106 et
1529 2051 1793 2114 descende,
1829 2064 1875 2106 et

265 2146 396 2200 unde
443 2163 557 2201 cum
600 2147 672 2200 eis
711 2160 726 2200 :
770 2163 833 2201 ne
877 2145 1118 2211 dubites;
1165 2146 1408 2219 quoniam
1456 2163 1546 2220 ego
1591 2145 1708 2201 misi
1757 2146 1876 2201 illos

275 2239 471 2313 (Ibid,
506 2238 738 2310 19,20).

341 2330 469 2388 104.
530 2331 700 2399 Quam
763 2328 1048 2388 evidenter
1100 2330 1372 2402 expressit
1427 2345 1580 2386 suam
1639 2328 1876 2402 Spiritus

269 2435 495 2481 sanctus
542 2424 900 2498 potestatem?
944 2424 1124 2482 Primo
1165 2425 1405 2479 nuntium
1448 2425 1568 2495 quia
1616 2423 1876 2492 aspiravit

267 2519 474 2586 oranti,
509 2516 685 2572 adluit
725 2517 1036 2587 deprecanti
1067 2535 1078 2571 :
1107 2514 1306 2572 deinde
1348 2517 1603 2590 quoniam
1652 2526 1876 2572 vocatus

267 2611 470 2669 Petrus
500 2610 800 2684 respondit,
827 2610 1065 2679 Domine,
1096 2620 1150 2666 et
1179 2611 1300 2666 ideo
1327 2611 1625 2666 secundum
1656 2610 1876 2665 eviden-

271 2709 382 2761 tius
414 2707 608 2762 meruit
640 2706 939 2772 oraculum,
974 2705 1098 2776 quia
1140 2705 1426 2762 conlcssus
1451 2715 1532 2760 est
1562 2706 1870 2760 Dominum.

271 2798 380 2856 Sed
409 2798 530 2874 quis
557 2799 658 2855 iste
679 2799 748 2855 sit
771 2800 1029 2856 Dominus
1053 2799 1332 2872 Scriptura
1354 2798 1621 2866 declarat;
1650 2814 1873 2869 respon-

269 2891 425 2947 denti
455 2892 620 2956 enim,
658 2892 703 2946 is
745 2891 927 2963 utique
968 2893 1053 2947 cui
1102 2893 1479 2964 responderat,
1515 2892 1869 2964 loquebatur

268 2987 536 3059 Spiritum
552 2994 730 3044 autem
750 2987 1046 3043 ostendunt
1061 2989 1342 3062 sequentia
1360 2988 1694 3045 declaratum
1717 2987 1872 3061 ;quia

270 3082 389 3153 ipse
419 3082 512 3153 qui
546 3081 863 3154 mysterium
901 3081 1188 3155 ﬁgurabat,
1223 3083 1540 3158 mysterium
1575 3082 1870 3140 revolabat.

1981 1867 2293 1940 signiﬁcans
2353 1882 2458 1923 non
2517 1866 2757 1923 ferarum
2811 1860 3080 1938 lrago'sam
3133 1863 3428 1935 cursibus,
3479 1876 3580 1918 nec

1979 1961 2280 2018 bestiarum
2308 1961 2606 2035 gemitibus
2640 1962 3036 2030 inborrentem,
3067 1962 3163 2017 sed
3199 1961 3344 2016 illam
3385 1959 3578 2015 silvam

1979 2053 2048 2111 de
2078 2069 2181 2126 qua
2209 2055 2469 2126 scriptum
2502 2065 2586 2110 est
2617 2072 2628 2107 :
2663 2053 2960 2110 Invenimus
2991 2072 3098 2109 eam
3131 2056 3183 2108 in
3215 2053 3408 2126 campis
3439 2053 3580 2107 silva:

1984 2146 2156 2217 (-Psal.
2181 2163 2366 2213 cxxxt,
2394 2148 2471 2217 6).
2504 2147 2558 2201 1η
2587 2163 2712 2217 qua,
2743 2150 2882 2202 sicut
2909 2148 3042 2202 dixit
3067 2146 3337 2217 Propheta
3365 2165 3376 2198 :
3403 2149 3581 2218 justus

1979 2251 2031 2296 ut
2065 2241 2242 2313 palma
2281 2240 2509 2311 ﬂorebit,
2543 2249 2588 2294 et
2621 2240 2753 2296 velut
2782 2239 2966 2294 cedrus
3006 2257 3122 2310 qua!
3159 2241 3212 2293 in
3252 2238 3451 2294 Libano
3479 2248 3576 2302 est,

1979 2332 2409 2403 multiplicabitur
2457 2329 2648 2405 (Psal.
2701 2347 2854 2398 XCXI,
2905 2332 3031 2402 15).
3093 2330 3183 2386 Illa
3237 2332 3404 2394 silva,
3457 2345 3578 2400 quas

1982 2426 2140 2482 Verbi
2181 2425 2424 2482 caelestis
2453 2427 2766 2481 alimoniam
2807 2426 3249 2498 prophetirarutn
3284 2424 3579 2480 verticibus

1977 2523 2230 2578 arborum
2260 2537 2527 2578 concussa
2554 2519 2798 2577 deﬂuxit.
2836 2520 2928 2575 Illa
2955 2520 3114 2590 silva,
3151 2519 3217 2575 ad
3255 2535 3414 2592 quam
3445 2518 3580 2573 Pau-

1977 2617 2062 2673 lus
2088 2617 2244 2687 lupus
2271 2617 2486 2688 quidem
2518 2623 2705 2687 raptor
2745 2616 2989 2682 intravit,
3022 2615 3115 2669 sed
3150 2621 3334 2684 pastor
3365 2612 3530 2667 exivit
3563 2631 3576 2667 :

1978 2709 2047 2766 In
2097 2728 2298 2768 onmem
2338 2711 2482 2768 enim
2535 2721 2723 2766 terram
2770 2711 2926 2765 exivit
2972 2725 3128 2764 sonus
3183 2725 3357 2764 eorum
3403 2705 3574 2778 (Psal.

1979 2821 2127 2870 xvttt,
2168 2805 2246 2878 5).

2048 2902 2210 2975 655
2244 2901 2364 2958 109.
2399 2901 2629 2956 Eratnus
2659 2916 2790 2971 ergo
2823 2899 2972 2965 ferte,
3000 2909 3055 2954 et
3081 2899 3202 2955 ideo
3230 2899 3362 2954 dicit
3395 2897 3580 2953 Dolui-

1980 3010 2081 3050 nus
2108 3016 2119 3048 :
2151 2995 2405 3049 Attendite
2431 2993 2568 3048 vobis
2607 3011 2639 3050 a
2664 2994 2811 3066 falsis
2843 2994 3106 3064 praphetis
3127 3036 3140 3058 ,
3171 2993 3258 3062 qui
3287 2993 3494 3046 veniunt
3524 2991 3576 3045 in

1979 3091 2161 3144 vestitu
2189 3091 2388 3153 ovium,
2437 3091 2575 3141 intus
2606 3096 2774 3140 autem
2799 3095 2916 3140 sunt
2955 3087 3060 3158 lupi
3102 3102 3316 3156 rapaces
3356 3082 3576 3153 (Matth.

345 3176 472 3232 105.
514 3176 688 3232 Simul
715 3176 845 3232 illud
876 3178 1095 3232 adverte
1118 3177 1240 3250 quia
1263 3178 1422 3232 tertio
1446 3179 1670 3247 repetita
1697 3178 1864 3249 ﬁgura
1892 3176 1939 3241 C
1973 3199 2066 3247 vn,
2093 3181 2200 3253 l5).
2225 3181 2333 3236 Sed
2359 3197 2456 3250 per
2477 3180 2737 3250 Spiritum
2776 3189 3021 3233 sanctum
3046 3179 3155 3248 jam
3184 3179 3400 3232 leonum
3426 3177 3575 3231 suavi-

273 3269 518 3342 my5terii
561 3273 934 3342 operationem
984 3271 1262 3328 Trinitatis
1303 3272 1590 3342 expressit.
1646 3267 1711 3326 Et
1754 3273 1876 3327 ideo

273 3373 296 3399 ε·
335 3364 386 3419 in
421 3365 694 3438 mysteriis
722 3363 1081 3434 interrogatio
1121 3365 1256 3420 trina
1295 3363 1560 3435 defertur,
1591 3376 1641 3420 et
1671 3367 1876 3421 contir-

271 3460 439 3514 tnatio
489 3463 625 3514 tritta
673 3459 980 3515 celebratur
1016 3475 1028 3512 :
1066 3475 1163 3514 nec
1209 3467 1385 3530 potest
1429 3460 1547 3529 quis
1591 3461 1690 3515 nisi
1735 3461 1873 3515 trina

268 3552 613 3608 confessione
657 3552 892 3623 purgari.
928 3551 1082 3608 Unde
1123 3562 1178 3608 et
1219 3554 1332 3624 ipse
1368 3553 1559 3607 Petrus
1592 3553 1645 3609 in
1692 3552 1873 3607 Evano

268 3647 415 3717 gelio
446 3643 625 3718 (Joan.
661 3661 773 3712 χχι,
807 3643 898 3715 15)
929 3646 1091 3700 tertio
1116 3645 1503 3717 interrogatur,
1540 3654 1719 3702 utrum
1750 3645 1876 3700 dili-

266 3749 363 3812 gat
399 3741 716 3805 Dominum;
758 3749 814 3792 ut
847 3737 985 3794 trina
1030 3737 1389 3809 responsione
1431 3737 1670 3808 vincula,
1698 3735 1725 3775 δ
1755 3753 1876 3810 quae

268 3834 564 3888 Dominum
599 3831 849 3902 negando
891 3843 1268 3902 contraxerat,
1310 3842 1366 3888 et
1405 3833 1606 3903 quibus
1650 3848 1711 3889 se
1759 3833 1878 3904 ipse

269 3929 483 4000 ligavit,
516 3927 958 3984 absolverentur.
1537 3981 1543 3985 _

345 4026 471 4083 106.
522 4025 662 4084 Tum
713 4024 914 4082 deinde
970 4024 1094 4098 quia
1150 4023 1216 4080 ad
1272 4023 1594 4082 Cornelium
1651 4027 1877 4099 angelus

267 4120 530 4188 mittitur,
565 4119 784 4177 Petrum
834 4118 1076 4190 Spiritus
1121 4127 1342 4178 sanctus
1387 4119 1685 4192 alloquitur
1732 4120 1873 4195 (Act.

266 4231 332 4281 x,
358 4213 416 4283 5)
450 4231 462 4267 :
501 4214 653 4270 Oculi
679 4215 815 4271 enim
846 4211 1054 4268 Domini
1082 4229 1238 4286 super
1280 4212 1461 4284 ﬁdeles
1502 4223 1652 4270 terra:
1697 4214 1871 4294 (Psal.

265 4326 324 4377 ο,
357 4310 435 4379 6).
467 4308 577 4366 Nec
608 4308 743 4365 illud
774 4307 1036 4376 otiosum,
1071 4307 1213 4380 quod
1251 4322 1373 4364 cum
1410 4308 1462 4364 in
1495 4310 1874 4380 superioribus

270 4403 670 4474 pra-misisset:
707 4402 858 4472 Quod
895 4401 1038 4459 Deus
1079 4401 1378 4471 mundauit,
1424 4413 1478 4459 tu
1517 4420 1581 4459 ne
1608 4421 1874 4464 commune

268 4496 470 4551 dixeris
500 4495 636 4568 (Act.
684 4512 736 4564 x,
771 4494 897 4568 15);
931 4494 1114 4550 subito
1158 4494 1361 4552 decidit
1410 4511 1573 4567 super
1613 4498 1870 4568 gentiles,

272 4603 331 4646 ut
362 4589 654 4648 mundaret
689 4604 784 4646 eos
813 4588 1052 4661 Spiritus
1083 4599 1331 4658 sanctus;
1377 4590 1525 4648 unde
1569 4592 1879 4664 ostenditur
1905 4571 1954 4634 ί)

271 4686 649 4759 operationem
701 4683 938 4758 Spiritus
993 4683 1366 4757 operationem
1428 4700 1552 4744 esse
1611 4685 1871 4744 divinam.

276 4781 472 4836 Petrus
518 4785 701 4834 autem
749 4777 952 4832 missus
994 4776 1062 4832 ab
1106 4776 1343 4851 Spiritu,
1386 4792 1493 4834 non
1540 4781 1878 4850 exspectavit

273 4871 570 4946 imperium
621 4869 714 4926 Dei
763 4869 968 4934 Patris,
1015 4868 1111 4926 sed
1161 4869 1332 4939 ipsius
1375 4885 1594 4943 quoque
1639 4873 1879 4944 Spiritus

275 4964 413 5021 illud
445 4972 530 5020 est
555 4962 841 5020 confessus
867 4963 1170 5033 oraculum,
1193 4962 1363 5034 ipsius
1387 4964 1621 5035 Spiritus
1645 4969 1876 5039 gratiam

276 5075 403 5118 esse
427 5066 656 5116 testatus
678 5066 764 5112 est
783 5056 998 5116 dicens:
1024 5055 1087 5113 Si
1116 5073 1237 5132 ergo
1267 5058 1498 5114 eamdem
1524 5061 1750 5131 gratiam
1770 5062 1881 5119 illis

353 5251 381 5278 ι
415 5235 482 5296 In
521 5235 938 5310 mysteriis,qltoc
973 5232 1275 5310 loco__idem
1315 5233 1585 5305 signiﬁcat
1619 5245 1782 5310 atque
1823 5239 1874 5296 in

283 5303 634 5371 sacramenio
677 5307 1036 5376 baptismatis.
1077 5303 1294 5360 Clarum
1336 5303 1533 5377 quippe
1578 5316 1662 5364 est
1695 5303 1877 5367 'trinas

285 5387 411 5442 illas
441 5380 892 5451 interrogationes
933 5393 997 5451 ac
1033 5377 1428 5451 responsiones
1464 5377 1550 5451 hic
1579 5379 1872 5451 designari,

283 5459 353 5513 de
385 5453 584 5524 quibus
613 5451 678 5506 ad
707 5449 800 5508 lib.
840 5465 877 5504 ιι
909 5450 984 5524 de
1025 5448 1268 5524 sacram.
1300 5464 1432 5524 cap.
1467 5449 1640 5524 ‘l,rubi
1669 5448 1874 5524 eiedem

281 5518 692 5587 describuntur,
726 5535 823 5575 nos
849 5520 1010 5575 etiam
1037 5519 1237 5592 aliquid
1265 5518 1690 5592 observavimus.
1720 5523 1877 5592 Quod

283 5613 451 5660 vero,
502 5593 688 5664 paucis
732 5591 1062 5667 interiectis,
1109 5590 1363 5667 additur;
1396 5591 1510 5667 Nec
1553 5605 1716 5665 potest
1746 5590 1878 5667 quis

283 5671 388 5726 nisi
434 5664 931 5737 trinarconl'essione
978 5664 1224 5737 purgari;
1267 5664 1368 5722 hoc
1403 5665 1472 5721 de
1521 5664 1675 5726 more
1716 5664 1878 5723 solito

285 5736 746 5813 atqueordinatio
774 5736 1191 5813 intelligendum
1205 5736 1288 5798 est
1317 5759 1328 5794 :
1359 5751 1449 5799 aut
1471 5755 1602 5804 sane
1623 5757 1690 5800 eo
1708 5757 1876 5799 sensu

287 5807 692 5884 accipiendum,
719 5825 826 5886 quo
854 5811 906 5866 in
929 5807 1033 5866 tina
1062 5808 1405 5879 confessione
1433 5815 1551 5871 aliae
1571 5813 1691 5872 duae
1721 5829 1874 5873 com-

1978 3278 2079 3342 tia,
2131 3277 2417 3345 pardorum
2459 3276 2714 3338 varietas,
2763 3273 2962 3326 astutia
3010 3273 3282 3340 vulpium,
3326 3270 3574 3338 luporum

1975 3369 2245 3440 rapacitas
2275 3369 2340 3422 de
2374 3367 2574 3421 nostris
2603 3366 2836 3420 exolevit
2861 3363 3164 3419 all'ectibns.
3197 3363 3382 3434 Magna
3417 3363 3576 3434 igitur

1976 3469 2169 3538 gratia,
2193 3481 2313 3536 qua:
2335 3464 2472 3520 coelo
2509 3473 2685 3518 terras
2725 3463 2986 3528 mutavit;
3016 3471 3072 3515 ut
3095 3462 3438 3515 conversatio
3482 3475 3578 3514 no-

1977 3569 2112 3625 stra,
2145 3558 2285 3614 sicut
2313 3557 2610 3627 Apostolus
2640 3555 2783 3610 dixit
2806 3553 3033 3624 (Philip.
3064 3569 3153 3618 ιιι,
3183 3552 3278 3623 20)
3302 3596 3315 3619 ,
3341 3554 3393 3608 in
3423 3552 3576 3608 co‘lis

1977 3653 2067 3715 sit,
2101 3652 2191 3724 qui
2214 3664 2339 3708 ante
2361 3653 2500 3707 sicut
2531 3652 2658 3706 ferte
2691 3651 3008 3706 errabamus
3036 3650 3089 3705 in
3117 3648 3286 3702 silvis.

2052 3747 2174 3801 110.
2215 3745 2323 3802 Sed
2363 3759 2465 3800 nec
2494 3744 2599 3798 hoc
2626 3753 2834 3798 tantum
2877 3744 2994 3797 loco
3036 3742 3230 3797 Petrus
3267 3739 3574 3811 apostolus,

1977 3837 2072 3892 sed
2097 3838 2256 3892 etiam
2285 3836 2410 3891 alibi
2436 3837 2487 3890 in
2521 3835 2714 3890 eodem
2743 3835 2885 3889 libro
2906 3849 2934 3887 a
2960 3833 3164 3903 Spiritu
3193 3841 3382 3886 sancto
3407 3831 3574 3885 rediti-

1977 3942 2150 3988 catam
2183 3931 2482 3987 Ecclesiam
2531 3930 2943 3985 demonstravit.
2985 3927 3166 3983 Habes
3195 3928 3337 3982 enim
3369 3927 3574 3983 dixisse

1978 4040 2142 4082 eum:
2181 4025 2318 4081 Deus
2349 4026 2437 4096 qui
2483 4024 2621 4078 nouit
2666 4023 2823 4077 corda
2873 4021 3178 4085 hominum,
3231 4020 3572 4073 testimonium

1977 4120 2255 4192 perhibuit,
2289 4120 2420 4173 dans
2446 4120 2523 4173 his
2554 4118 2810 4185 Spiritum
2849 4126 3082 4171 sanctum
3106 4159 3120 4182 ,
3155 4114 3288 4168 sicut
3318 4124 3364 4168 et
3394 4115 3574 4178 nobis;

1976 4225 2024 4271 et
2053 4213 2184 4271 nihil
2210 4214 2445 4270 discrevit
2476 4214 2607 4270 inter
2636 4229 2728 4268 nos
2757 4221 2804 4267 et
2832 4210 2972 4274 illos,
3011 4208 3267 4263 mandans
3299 4223 3391 4278 per
3419 4207 3574 4277 ﬁdem

1978 4311 2137 4366 corda
2165 4325 2340 4366 eorum
2368 4308 2506 4380 (Act.
2556 4324 2646 4374 xv,
2696 4306 2753 4372 8,
2802 4304 2882 4376 9).
2933 4303 2989 4359 ln
3017 4320 3123 4376 quo
3167 4303 3298 4358 illud
3331 4313 3413 4358 est
3444 4318 3574 4357 con-

1980 4405 2263 4472 tuendum,
2291 4403 2412 4476 quia
2440 4403 2583 4460 sicut
2607 4401 2864 4460 Christus
2886 4383 3129 4471 lapis-est
3158 4398 3454 4469 angularis,
3485 4398 3575 4466 qui

1979 4501 2238 4557 unitatem
2263 4497 2440 4571 plebis
2469 4497 2745 4568 utriusque
2787 4493 3112 4560 conuexuit,
3154 4493 3220 4547 ita
3249 4494 3409 4548 etiam
3454 4491 3576 4560 Spi-

1984 4596 2121 4652 ritus
2149 4602 2368 4651 sanctus
2405 4607 2513 4649 non
2553 4590 2815 4649 discrevit
2846 4591 3127 4660 utriusque
3158 4585 3344 4660 populi
3374 4585 3537 4640 cctda
3559 4625 3576 4651 ,

1980 4688 2076 4746 sed
2102 4687 2302 4746 iunxit.

2049 4704 2076 4743 ιι
2128 4704 2302 4744 unxu.

2049 4704 2174 4839 11’1.
2203 4779 2317 4835 Non
2338 4792 2468 4848 ergo
2491 4787 2761 4846 tamquam
2781 4775 3000 4830 Judaaus
3019 4783 3339 4830 contemnas
3356 4771 3574 4836 Filium,

1979 4888 2138 4947 quem
2178 4871 2641 4926 annuntiaverunt
2688 4867 3004 4939 propheta};
3052 4877 3370 4921 cotttemnas
3411 4863 3574 4915 etiam

1977 4965 2237 5037 Spiritum
2267 4969 2549 5029 sanctum,
2596 4971 2917 5015 contemnas
2958 4959 3211 5025 Esaiam,
3259 4966 3581 5012 contemnas

1985 5060 2336 5124 Hieremiam,
2384 5073 2545 5129 quem
2591 5057 2658 5113 de
2700 5058 2817 5112 lacu
2864 5057 3104 5112 Jndaiea:
3142 5055 3336 5108 domus
3377 5053 3468 5108 ille
3495 5067 3581 5106 as-

1985 5237 2418 5309 prehenduntnr,
2453 5235 2906 5307 quemadmodum
2937 5235 3007 5290 ab
3031 5235 3263 5304 ipsomet
3291 5233 3582 5309 Ambrosio

1981 5305 2286 5376 extiosilum
2310 5316 2392 5362 est
2412 5305 2675 5376 superiori
2710 5309 2872 5370 libro,
2892 5322 3012 5375 cap.
3039 5309 3094 5368 5,
3121 5321 3268 5357 nutu.
3295 5305 3363 5358 (ίὲ
3387 5315 3439 5359 et
3461 5321 3578 5376 seq.

2054 5380 2080 5418 δ
2113 5381 2186 5436 lla
2221 5395 2350 5433 mss.
2385 5380 2590 5445 aliquot
2618 5377 2958 5447 probatiores
2990 5394 3001 5427 :
3031 5377 3120 5428 alii
3156 5390 3306 5440 vero,
3339 5385 3394 5430 et
3423 5379 3578 5444 ediL,

1981 5469 2094 5524 qua:
2139 5451 2419 5524 Dominum
2447 5446 2657 5524 (Rom.,
2689 5446 3207 5524 quibushDominum)
3255 5447 3493 5524 negando
3519 5448 3584 5524 [ξ-

1981 5515 2189 5595 paverat
2235 5523 2396 5597 (edit.
2448 5515 2582 5584 vet.,
2617 5515 2830 5588 liqiwit,
2867 5518 3046 5582 Βοηι..
3078 5533 3131 5570 se
3159 5515 3368 5586 ligavit)
3413 5517 3586 5574 absol-

1983 5606 2117 5650 veret
2124 5637 2136 5649 .

2059 5678 2080 5708 ο
2113 5664 2370 5726 Nonnulli
2417 5676 2577 5728 mss.,
2622 5659 2825 5729 Spiritu
2870 5665 3022 5726 atque
3064 5659 3394 5734 simplicitate
3438 5677 3580 5720 com-

1983 5748 2161 5809 uiuat.
