4014 6290
460 283 567 343 767

1861 273 2107 336 SANCTI
2147 274 2475 336 AMBROSII
3630 272 3713 330 768

459 407 713 473 sumptus
752 412 781 454 a
825 398 1061 457 Domino
1087 408 1114 438 ιι
1142 398 1335 471 pannis
1359 406 1414 455 et
1438 396 1658 454 funibus
1682 395 1919 454 elevavit
1949 393 2066 467 (Je—
2091 394 2145 457 Α
2168 395 2293 451 audi
2323 395 2451 467 quid
2477 396 2623 453 dicat
2643 394 2712 452 de
2732 410 2799 452 eo
2827 396 2925 451 Dei
2953 358 3154 451 veritas
3179 412 3192 449 :
3222 391 3345 449 Non
3371 393 3501 449 enim
3524 393 3718 465 loquetur

458 512 593 551 rem.
624 510 857 562 xxxvtn,
890 492 1003 566 10).
1041 493 1271 551 Verbum
1301 493 1443 550 enim
1475 489 1851 564 propheticum
1883 488 2066 561 despi-

461 589 640 656 ciens,
667 589 722 646 in
749 589 928 646 lacum
955 588 1295 646 demerserat
1322 601 1443 643 eum
1472 584 1703 656 populus
1726 582 2059 639 Judaaorum.

463 683 575 742 Nec
617 684 906 755 quisquam
952 683 1208 738 inventus
1250 689 1333 736 est
1359 678 1428 735 de
1466 676 1669 736 Iudaeis
1715 677 1806 748 qui
1860 676 2069 732 levaret

463 777 820 849 prophetam,
854 775 953 833 sed
1001 790 1140 831 unus
1181 771 1432 844 Etliiops
1476 769 1849 827 Abdemelech
1875 812 1890 836 ,
1926 769 2069 824 sicut

467 868 750 940 Scriptura
780 877 1032 924 testatur.

542 960 667 1018 112.
706 960 763 1018 In
795 976 904 1034 quo
932 961 1152 1017 nomine
1197 959 1367 1031 ligura
1397 957 1761 1030 pulcherrima
1788 965 1873 1013 est
1897 999 1912 1023 ,
1942 956 2068 1028 quia

468 1069 777 1113 sermonem
801 1055 1201 1127 propheticum,
1227 1070 1384 1125 quem
1406 1054 1581 1111 Judmi
1606 1053 1755 1109 velut
1776 1053 1829 1109 in
1851 1068 2069 1109 cmuum

468 1167 586 1208 sua:
610 1152 809 1209 mentis
854 1153 1143 1224 carnisque
1178 1152 1559 1221 detruserunt,
1586 1166 1687 1209 nos
1716 1152 1970 1209 videlicet
2003 1166 2073 1207 ex

468 1247 725 1317 gentibus
750 1256 1066 1318 peccatores
1083 1287 1097 1313 ,
1130 1246 1271 1319 nigri
1293 1256 1420 1304 ante
1444 1246 1691 1313 delictis,
1719 1255 1775 1302 et
1799 1244 2071 1318 quondam

473 1340 791 1397 infructuosi
839 1341 1173 1397 elevavimus
1219 1340 1289 1397 de
1337 1340 1603 1412 profundo
1633 1339 1827 1407 (Ibid.,
1864 1340 1975 1412 11).
2009 1338 2074 1394 Et

475 1431 601 1488 ideo
621 1432 882 1503 scriptum
911 1440 998 1488 est
1027 1449 1040 1486 :
1074 1431 1353 1505 Ethiopia
1378 1431 1407 1470 ι)
1430 1432 1728 1505 ρνωιευαὸἱι
1747 1448 1930 1486 manus
1953 1447 2074 1486 suas

478 1523 594 1583 Deo
621 1524 797 1596 (Psal.
831 1540 1000 1594 mu,
1032 1523 1148 1597 52).
1187 1525 1241 1581 ln
1272 1541 1382 1597 quo
1410 1537 1614 1582 sanctae
1652 1523 1918 1580 Ecclesia:
1952 1537 2077 1593 spe-

472 1618 588 1673 cies
614 1617 977 1689 signillcatur,
1024 1632 1145 1689 qua:
1183 1618 1262 1674 ait
1305 1619 1357 1674 in
1407 1618 1646 1675 Canticis
1693 1618 2074 1672 canticorum:

480 1707 651 1782 Nigra
679 1724 792 1764 sum
820 1718 868 1763 et
898 1708 1087 1765 decora
1110 1751 1126 1776 ,
1172 1708 1299 1781 ﬁlia:
1330 1708 1651 1765 Hierusalem
1702 1709 1871 1782 (Cant.
1903 1726 1941 1777 ι,
1982 1707 2071 1778 4);

2167 506 2199 543 a
2223 490 2493 560 semetipso
2513 530 2530 557 ,
2557 490 2650 545 sed
2676 504 2791 560 qua
2813 489 3071 556 audierit,
3101 489 3337 559 loquetur
3357 529 3372 554 ,
3419 497 3464 542 et
3494 503 3599 558 qua
3628 502 3719 544 ere-

2169 584 2327 648 nient,
2361 585 2690 640 annuntiabit
2716 585 2858 641 vobis
2880 583 3098 656 (lbid.).

2241 677 2366 734 116.
2409 678 2593 750 Itaque
2623 688 2682 734 ut
2719 679 2973 735 advertas
3003 679 3129 751 quia
3175 677 3327 733 novit
3368 677 3576 745 omnia,
3614 691 3714 733 cum

2169 770 2377 827 diceret
2407 771 2575 829 Filius
2605 790 2617 827 :
2649 771 2729 830 De
2757 774 2842 829 die
2871 783 3042 829 autem
3064 774 3164 829 illa
3193 782 3241 829 et
3267 773 3398 828 liora
3426 789 3562 827 nemo
3585 776 3713 843 norit,

2171 883 2332 938 neque
2359 868 2539 942 Ληρειί
2566 869 2812 924 caelorum
2839 868 3036 938 (Marc.
3076 884 3210 937 xm,
3242 867 3372 941 52);
3400 869 3599 939 excepit
3622 869 3722 939 Spi-

2171 962 2332 1018 ritum
2360 972 2625 1019 sanctum.
2677 964 2733 1019 Si
2762 976 2940 1018 autem
2965 973 3225 1034 exceptus
3261 974 3345 1019 est
3374 960 3596 1035 Spiritus
3619 977 3722 1019 sau-

2171 1065 2293 1111 ctus
2324 1055 2392 1111 ab
2416 1056 2749 1129 ignorantia,
2773 1057 3050 1130 quomodo
3095 1075 3203 1114 non
3254 1065 3507 1127 exceptus
3532 1065 3608 1113 est
3644 1057 3719 1112 Dei

2174 1148 2383 1205 Filius?

2249 1244 2372 1299 117.
2413 1243 2518 1301 Sed
2560 1243 2698 1301 dicis
2747 1245 2875 1316 quia
2918 1259 3040 1300 cum
3088 1244 3293 1315 angelis
3333 1244 3725 1300 annumeraverit

2176 1345 2231 1392 et
2255 1335 2347 1391 Dei
2378 1336 2596 1391 Filium.
2620 1337 3016 1393 Annumeravit
3043 1337 3262 1408 quidem
3290 1336 3506 1403 Filium,
3532 1335 3614 1392 sed
3636 1352 3722 1392 non

2176 1429 2560 1485 annumeravit
2584 1439 2636 1485 et
2656 1429 3067 1501 Spiritum.Aut
3093 1430 3265 1485 latere
3309 1429 3468 1499 igitur
3497 1429 3725 1499 potiorem

2176 1537 2298 1579 esse
2323 1522 2583 1595 Spiritum
2615 1534 2864 1578 sanctum
2912 1523 3005 1578 Dei
3037 1522 3197 1589 Filio,
3231 1520 3256 1558 ά
3289 1530 3347 1577 ut
3371 1520 3479 1592 jam
3518 1536 3613 1575 non
3650 1536 3727 1575 so-

2176 1616 2286 1673 lum
2333 1618 2483 1687 quasi
2531 1617 2793 1683 Arianus,
2847 1617 2940 1673 sed
2990 1616 3151 1672 etiam
3209 1616 3362 1688 quasi
3416 1614 3729 1672 Photinianus

2180 1708 2419 1780 loquaris
2464 1726 2477 1762 :
2522 1717 2617 1764 aut
2663 1724 2901 1781 agnosce
2946 1723 3053 1779 quo
3100 1707 3304 1764 referre
3349 1706 3566 1767 debeas.
3608 1707 3730 1776 quod

476 1800 629 1872 nigra
680 1816 778 1872 per
826 1801 1069 1873 culpam,
1110 1802 1308 1859 decora
1354 1819 1451 1874 per
1473 1804 1704 1876 gratiam
1734 1821 1747 1858 :
1779 1804 1930 1875 nigra
1978 1820 2075 1875 per
2105 1787 2154 1848 B
2182 1801 2399 1858 nescire
2419 1801 2615 1857 Filium
2639 1802 2796 1858 dixit.
2823 1801 3044 1859 Etenim
3066 1801 3220 1872 quasi
3244 1802 3407 1857 homo
3426 1799 3732 1857 annumerari

481 1893 874 1961 conditionem,
902 1894 1098 1951 decora
1132 1910 1229 1966 per
1252 1896 1680 1967 redemptionem
1711 1914 1724 1951 :
1762 1908 1783 1935 ο
1811 1905 1904 1952 aut
1927 1906 2075 1953 certe

479 1988 634 2060 nigra
663 1987 911 2045 exercitii
943 1989 1026 2045 sui
1056 1990 1294 2060 pulvere.
1320 1990 1482 2061 Nigra
1511 2006 1643 2063 ergo
1663 2031 1678 2057 ,
1708 1991 1835 2047 dum
1864 1992 2078 2063 praelia-

477 2089 567 2137 tur
592 2100 606 2138 :
636 2080 838 2139 decora
860 2092 967 2153 est,
1003 2082 1131 2140 dum
1159 2083 1399 2141 victoriae
1438 2099 1550 2140 sum
1580 2084 1882 2157 insignibus
1920 2100 2080 2142 coro-

480 2181 665 2229 natur.

554 2266 681 2322 115.
725 2265 791 2322 Et
836 2266 976 2324 bene
1021 2266 1242 2326 funibus
1294 2272 1501 2327 levatur
1555 2271 1852 2343 propheta;
1903 2270 2081 2328 ﬁdelis

479 2361 631 2417 enim
660 2361 800 2419 dixit
830 2360 1049 2419 :Funes
1080 2365 1371 2421 ceciderunt
1393 2366 1522 2421 mihi
1541 2367 1592 2422 in
1615 2368 1879 2439 prteclaris
1902 2367 2077 2441 (Psal.

482 2473 574 2524 xv,
602 2458 679 2530 6).
711 2458 856 2515 Bene
884 2460 1110 2531 pannis;
1142 2460 1267 2533 quia
1297 2461 1419 2532 ipse
1449 2461 1739 2530 Dominus,
1773 2464 2083 2520 excusanti-

482 2554 583 2609 bus
623 2552 710 2609 ltis
756 2554 847 2626 qui
897 2553 1074 2626 primo
1121 2554 1189 2610 ad
1236 2556 1450 2626 nuptias
1498 2557 1674 2612 vocati
1721 2555 1958 2625 fuerant,
2014 2557 2082 2614 ad

477 2647 659 2701 exitus
707 2646 912 2702 viarum
961 2646 1142 2712 misit,
1192 2656 1251 2702 ut
1298 2657 1565 2719 quotquot
1609 2648 1987 2704 invenirentur
2028 2658 2085 2706 et

485 2741 614 2797 b0ni
658 2749 714 2796 et
758 2726 909 2807 mali,
952 2740 1022 2796 ad
1072 2742 1285 2812 nuptias
1326 2751 1651 2798 vocarentur
1688 2741 1906 2816 (Matth.
1948 2758 2083 2809 uti,

482 2835 540 2904 9,
569 2834 680 2907 10).
706 2834 798 2892 llis
822 2837 1001 2909 itaque
1023 2836 1216 2907 pannis
1244 2835 1620 2908 propheticum
1644 2837 1865 2893 verbum
1889 2837 2087 2895 levavit

486 2941 669 2984 emno.

1004 3042 1171 3116 s56
1205 3040 1434 3099 CAPUT
1474 3041 1564 3097 χι.

488 3152 793 3265 Imitatur“
836 3170 931 3211 nos
979 3154 1317 3265 dbdeiiteleeh
1342 3196 1359 3223 ,
1407 3156 1452 3210 si
1499 3154 1770 3265 credamus
1807 3155 2010 3265 Piliam
2037 3165 2085 3212 et
2115 3185 2161 3249 ρ
2190 3152 2239 3265 Σ,

561 3247 817 3317 Spiritum
858 3258 1094 3303 sanctum
1121 3249 1297 3303 omnia
1340 3264 1673 3322 cegnoscere.
1720 3248 1944 3320 Spiritui
1969 3265 2091 3318 cog-

563 3339 814 3393 nitionem
861 3339 997 3394 Itane
1046 3340 1203 3395 tribui
1231 3341 1286 3395 in
1330 3340 1656 3413 Scripturis;
1705 3340 1847 3396 Filio
1892 3358 2093 3413 quoque

565 3432 799 3486 eamdem
825 3434 1060 3489 attribui.
1094 3432 1295 3489 Filium
1315 3451 1349 3489 a
1388 3434 1593 3506 Spiritu
1617 3435 1901 3506 clarificari
1920 3477 1936 3503 ,
1959 3436 2093 3492 sicut

564 3538 612 3580 et
644 3541 676 3579 a
707 3522 852 3579 Filio
883 3526 1138 3599 Spiritum
1176 3543 1195 3581 :
1226 3528 1347 3582 item
1374 3544 1439 3583 ea:
1465 3544 1524 3583 eo
1549 3528 1689 3601 quod
1717 3527 1969 3596 Patrem,
2003 3529 2094 3584 Fi-

566 3620 696 3673 lium
725 3629 879 3690 atque
901 3618 1158 3690 Spiritum
1188 3622 1416 3693 legamus
1439 3625 1618 3679 eadem
1646 3625 1813 3696 loqui,
1855 3642 1917 3679 ac
1953 3640 2097 3678 reve-

566 3712 700 3780 lare,
732 3713 980 3768 unitatem
1001 3715 1056 3769 in
1087 3716 1214 3788 ipsis
1240 3727 1441 3773 natura:
1464 3729 1512 3775 et
1540 3720 1769 3775 scientiw
1804 3736 2094 3793 agnoscen-

566 3806 973 3878 dam:denique
1011 3809 1150 3879 quod
1192 3810 1299 3865 alta
1348 3811 1442 3867 Dei
1494 3821 1770 3867 scrutatur
1819 3813 2091 3880 Spiritus,

566 3902 880 3974 ignorantia:
902 3917 1007 3957 non
1035 3919 1185 3969 esse;
1213 3921 1330 3959 cum
1360 3904 1521 3959 Pater
1549 3915 1596 3960 et
1626 3904 1795 3960 Filius
1822 3906 1974 3961 etiam
2007 3907 2092 3960 di-

563 4004 747 4050 cantur
773 4005 1107 4061 scrutatores,
1139 4006 1189 4052 et
1223 3997 1425 4052 Paulus
1466 4001 1669 4054 tametsi
1694 4016 1727 4053 a
1753 3997 1959 4055 Christo
1998 4000 2092 4055 do-

562 4090 702 4145 mino
731 4089 946 4156 electus,
975 4090 1187 4146 edoctus
1212 4100 1381 4146 tamen
1414 4092 1567 4163 fuerit
1594 4109 1627 4146 a
1654 4092 1877 4161 Spiritu.

563 4226 687 4282 111.
722 4225 891 4299 [Alias
933 4242 1051 4300 cap.
1084 4226 1222 4302 Xll.]
1252 4228 1375 4285 Eris
1422 4228 1586 4300 igitur
1630 4240 1686 4287 et
1735 4241 1789 4287 tu
1822 4231 2093 4289 Abdeme-

494 4316 641 4383 Iech,
672 4321 775 4375 hoc
798 4328 902 4383 est,
930 4329 1241 4391 assumptus
1283 4336 1315 4377 a
1362 4323 1609 4391 Domino,
1658 4324 1703 4379 si
1731 4323 1800 4380 de
1825 4324 2093 4396 profundo

493 4411 712 4482 gentilis
738 4412 1120 4484 imprudentia:
1160 4415 1429 4474 levaveris
1458 4418 1554 4474 Dei
1588 4418 1820 4477 Verbum
1846 4437 1861 4474 :
1893 4423 1939 4476 si
1971 4436 2093 4478 cre-

495 4505 702 4563 dideris
729 4509 854 4579 quia
886 4523 994 4564 non
1024 4508 1226 4567 fallitur
1252 4528 1267 4578 ;
1301 4528 1408 4568 non
1432 4513 1743 4581 praeteritur
1771 4514 1866 4571 Dei
1898 4516 2087 4580 Filius.

498 4615 606 4656 non
637 4601 849 4672 ignorat
869 4618 989 4674 quae
1013 4602 1195 4659 futura
1222 4614 1351 4660 sunt
1376 4623 1391 4673 ;
1416 4620 1527 4661 non
1554 4605 1756 4662 fallitur
1780 4607 1940 4663 etiam
1971 4609 2093 4680 Spi-

496 4696 634 4751 ritus
663 4705 905 4765 sanctus,
934 4698 1003 4753 de
1049 4713 1158 4770 quo
1201 4699 1334 4755 dicit
1385 4700 1694 4758 Dominus:
1726 4700 1859 4756 Cum
1901 4703 2094 4757 venerit

494 4797 670 4843 autem
698 4787 791 4843 ille
820 4788 1052 4860 Spiritus
1077 4790 1304 4846 ueritatis
1331 4832 1345 4855 ,
1397 4791 1619 4849 deducet
1659 4809 1748 4849 vos
1795 4795 1849 4848 in
1894 4809 2096 4850 omnem

497 4883 764 4939 veritatem
801 4881 983 4957 (Joan.
1037 4900 1145 4952 xvt,
1206 4883 1315 4955 15).
1362 4885 1463 4955 Qui
1505 4885 1637 4943 dicit
1682 4904 1912 4956 omnem,
1960 4888 2096 4945 nihil

498 4975 765 5047 prmterit,
798 4991 906 5031 non
937 4975 1099 5044 diem,
1134 4992 1240 5033 non
1272 4978 1484 5049 horam,
1514 4995 1621 5038 non
1653 4983 1950 5053 prmterita,
1985 4997 2093 5039 non

500 5070 702 5127 futura.

574 5163 700 5219 115.
743 5163 812 5219 Et
840 5173 899 5219 ut
926 5164 1066 5221 scias
1111 5168 1239 5239 quia
1279 5176 1335 5223 et
1381 5168 1562 5225 omnia
1608 5169 1776 5236 novit,
1825 5178 1881 5226 et
1918 5169 2099 5227 futura

497 5254 806 5324 annuntiat,
835 5269 889 5314 et
920 5259 1077 5316 unius
1106 5273 1193 5316 eSt
1222 5260 1466 5317 scientias
1492 5276 1616 5318 cum
1654 5262 1815 5320 Patre
1842 5271 1899 5320 et
1924 5263 2095 5333 Filio;

567 5467 596 5497 ι
633 5457 797 5514 Rom.
829 5459 962 5533 edit.
993 5456 1083 5514 hic
1103 5457 1347 5533 etinlra,
1369 5460 1584 5517 rudibus
1601 5463 1805 5531 pannis.
1825 5461 2092 5533 Reliquae.

496 5544 729 5604 ac‘mss.
778 5530 1037 5604 omittunt
1062 5531 1336 5604 rudibus,
1377 5533 1488 5603 pro;
1508 5530 1614 5604 qua
1657 5548 1794 5589 voce
1823 5535 1875 5589 in
1904 5530 2094 5590 Bibliis

497 5600 729 5656 habetur
756 5602 1005 5657 ueteribus
1030 5600 1146 5657 sive
1174 5600 1430 5669 putribus.

559 5670 588 5709 δ
631 5671 1019 5746 Mss._aliquot._
1040 5674 1345 5746 prmualuit;
1369 5691 1525 5742 unus,
1558 5674 1880 5746 prwlibabit;
1908 5676 2093 5732 caeteri

486 5748 651 5823 atque
703 5740 863 5823 edit”
882 5740 1206 5823 prale'oabit.
1232 5743 1448 5823 Graece
1502 5740 1735 5804 habetur
1781 5740 2091 5823 πρὸφθάσα,

488 5806 913 5881 βτὼοεςιψιιὸίί,
948 5806 1266 5883 prmieniet,
1298 5806 1401 5871 etc.

2178 1896 2443 1954 creaturis
2471 1896 2665 1967 potuit,
2698 1896 2787 1968 qui
2816 1903 3031 1952 creatus
3061 1903 3167 1951 est.

2254 1990 2376 2048 118.
2419 1991 2571 2061 Quod
2617 1991 2664 2047 si
2708 1990 2790 2047 vis
2831 1990 3049 2047 discere
3093 1989 3218 2059 quia
3270 1989 3422 2044 novit
3464 1986 3648 2051 omnis,
3686 1996 3736 2042 et

2181 2087 2579 2159 praescientiam
2610 2086 2775 2142 habet
2803 2084 3049 2141 omnium
3079 2093 3103 2121 ο
3132 2083 3228 2139 Dei
3256 2082 3423 2138 Filius
3447 2082 3737 2145 futurorum,

2180 2196 2300 2252 qua:
2332 2179 2467 2235 Filio
2498 2178 2769 2251 incognita
2798 2187 2985 2249 putas.
3015 2193 3079 2233 ea
3109 2176 3178 2233 de
3228 2176 3369 2233 Filio
3399 2174 3611 2245 Spiritus
3632 2189 3739 2229 san-

2181 2283 2302 2331 ctus
2332 2274 2561 2345 accepit.
2591 2272 3011 2344 Accepitautem
3041 2286 3138 2342 per
3154 2268 3415 2326 unitatem
3437 2265 3736 2329 substantia,

2182 2367 2324 2422 sicut
2349 2366 2559 2436 accepit
2586 2382 2613 2419 a
2642 2365 2803 2421 Patre
2830 2364 3002 2420 Filius
3026 2381 3041 2419 :
3075 2361 3177 2419 Ille
3198 2405 3214 2431 ,
3249 2362 3444 2434 inquit,
3471 2377 3547 2416 me
3572 2358 3740 2427 clariﬁ-

2183 2459 2339 2527 cabit,
2367 2460 2489 2531 quia
2525 2458 2589 2512 de
2614 2474 2726 2513 meo
2756 2458 3013 2530 accipiet,
3040 2466 3087 2511 et
3115 2454 3441 2511 annuntiabit
3467 2452 3611 2508 uobis.
3634 2449 3740 2504 0m-

2185 2556 2273 2610 nia
2297 2570 2628 2626 quacumque
2657 2552 2805 2607 habet
2831 2550 3009 2616 Pater,
3037 2568 3150 2606 mea
3182 2559 3334 2618 sunt;
3362 2557 3609 2621 propterea
3627 2545 3737 2610 dixi,

2186 2652 2250 2704 de
2291 2665 2403 2704 meo
2430 2648 2670 2718 accipiet,
2700 2657 2751 2703 et
2794 2646 3120 2702 annuntiabit
3155 2646 3296 2702 vobis
3322 2643 3497 2717 (Joan.
3534 2658 3629 2705 ινι,
3659 2642 3737 2705 1i,

2190 2743 2305 2815 15).
2355 2744 2494 2814 Quid
2537 2744 2698 2813 igitur
2750 2743 2852 2798 hac
2894 2742 3199 2799 evidentius
3245 2740 3486 2797 unitate?
3520 2739 3634 2808 Qua:
3658 2736 3739 2791 ha-

2186 2837 2279 2894 bet
2323 2837 2504 2906 Pater,
2544 2836 2672 2892 Filii
2701 2845 2828 2893 sunt
2858 2854 2870 2890 :
2904 2851 3024 2909 quae
3072 2836 3234 2894 habet
3258 2835 3457 2904 Filius,
3488 2833 3667 2905 accepit
3689 2838 3740 2886 et

2187 2930 2446 3003 Spiritus.

2263 3022 2367 3079 119
2406 3032 2452 3079 et
2485 3022 2648 3080 120'.
2673 3023 2873 3095 Accipe
2902 3033 3085 3080 tamen
3116 3022 3241 3094 quia
3270 3021 3421 3079 novit
3441 3019 3608 3092 iudicii
3623 3018 3739 3074 diem

2189 3116 2614 3173 Filius.Lectum
2629 3126 2712 3172 est
2730 3116 2783 3172 in
2806 3115 3069 3172 Zacharia
3085 3132 3101 3171 :
3119 3114 3190 3170 Et
3216 3115 3377 3171 veniet
3387 3113 3618 3170 Dominus
3628 3109 3739 3165 Deus

2244 3228 2357 3279 eus,
2385 3222 2434 3267 et
2464 3227 2641 3267 omnes
2669 3211 2836 3265 sancti
2862 3226 2980 3264 cum
3010 3226 3090 3265 eo.
3128 3208 3196 3263 In
3224 3209 3317 3263 illa
3346 3209 3429 3262 die
3453 3224 3547 3261 non
3571 3205 3650 3260 erit
3672 3207 3739 3255 ls-

2193 3322 2309 3359 men
2330 3346 2347 3373 ,
2379 3304 2467 3361 sed
2492 3304 2661 3376 frigus
2687 3314 2737 3360 et
2762 3306 2882 3377 gelu
2909 3320 2929 3359 :
2958 3314 3005 3358 et
3031 3304 3124 3358 erit
3154 3303 3265 3358 dies
3301 3318 3404 3357 una
3430 3343 3443 3365 ,
3484 3310 3529 3355 et
3554 3299 3645 3353 dies
3664 3296 3741 3348 illa

2193 3406 2315 3453 nota
2358 3396 2582 3452 Domino
2631 3396 2818 3469 (Zoch.
2852 3413 2969 3464 xw,
3019 3395 3100 3468 5).
3149 3396 3279 3452 ﬂare
3327 3396 3487 3468 igitur
3512 3395 3741 3448 dicsnnta

2196 3490 2428 3547 Domino
2449 3531 2465 3556 ,
2497 3491 2589 3562 qui
2629 3494 2810 3546 veniet
2846 3505 2968 3546 cum
2997 3490 3200 3546 sanctis
3225 3489 3339 3545 suis
3361 3530 3377 3557 ,
3407 3484 3625 3544 secundo
3657 3494 3738 3537 nos

2195 3583 2603 3640 illuminaturus
2627 3583 2886 3639 adventu.

2269 3676 2394 3732 121.
2437 3675 2545 3733 Sed
2573 3675 2715 3747 quod
2759 3678 2870 3732 orsi
2903 3688 3092 3731 sumus
3130 3673 3201 3731 de
3231 3673 3469 3745 Spiritu,
3499 3681 3744 3743 persequa-

2197 3786 2336 3826 tnur.
2385 3769 2550 3843 657
2604 3770 2785 3826 Habes
2832 3770 2978 3824 enim
3032 3769 3084 3824 in
3134 3784 3201 3824 eo
3254 3767 3401 3840 quod
3461 3763 3744 3837 praetulimus

2195 3866 2447 3935 exemplo
2477 3864 2600 3935 quia
2635 3864 2805 3919 Filius
2834 3864 2969 3919 dicit
2995 3862 3063 3919 de
3103 3861 3315 3934 Spiritu
3344 3878 3358 3916 :
3391 3861 3490 3917 Ille
3513 3876 3584 3914 me
3617 3854 3743 3911 clari—

2197 3957 2389 4025 ﬁcabit.
2415 3954 2690 4011 Clarilicat
2712 3971 2842 4027 ergo
2862 3955 3096 4028 Spiritus
3123 3954 3344 4021 Filium,
3368 3955 3507 4010 sicut
3527 3948 3744 4007 clariﬁcat

2196 4059 2254 4107 et
2294 4051 2455 4107 Pater
2492 4069 2503 4103 :
2533 4050 2628 4106 sed
2670 4050 2833 4106 etiam
2867 4051 3129 4118 Spiritum
3174 4047 3437 4105 clariﬁcat
3466 4047 3556 4105 Dei
3592 4043 3741 4107 Filius,

2194 4145 2333 4201 sicut
2377 4159 2537 4215 supra
2591 4144 2847 4201 diximus.
2901 4144 3017 4199 Non
3069 4154 3153 4200 est
3193 4158 3325 4215 ergo
3381 4140 3627 4204 inﬁrmus,
3670 4134 3745 4205 qui

2194 4238 2379 4295 reddit
2455 4246 2696 4295 mutuam
2765 4237 3071 4294 claritatem
3154 4251 3253 4308 per
3320 4236 3579 4292 unitatem
3638 4228 3749 4286 lucis

2194 4341 2413 4390 aeternas
2456 4351 2470 4388 :
2524 4347 2624 4391 nec
2674 4331 2897 4388 inferior
2946 4339 3136 4387 sancto
3188 4330 3440 4402 Spiritu,
3490 4327 3629 4399 cujus
3663 4321 3748 4378 hoc

2196 4429 2372 4500 ipsum
2407 4436 2531 4497 est,
2578 4426 2720 4497 quod
2763 4423 3093 4481 clarificatur
3132 4424 3201 4479 ab
3236 4421 3462 4494 Spiritu.

2269 4520 2393 4575 122.
2432 4518 2748 4577 Assumeris
2776 4533 2906 4589 ergo
2933 4528 2988 4574 et
3018 4524 3099 4583 tu,
3128 4518 3172 4572 si
3206 4516 3405 4573 credas
3429 4516 3549 4587 quia
3578 4512 3663 4568 hoc
3682 4508 3746 4562 lo-

2195 4624 2354 4671 culus
2394 4621 2481 4671 est
2522 4613 2782 4685 Spiritus,
2813 4611 2960 4684 quod
3013 4611 3228 4667 locutus
3281 4620 3368 4666 est
3421 4610 3590 4673 Pater,
3637 4600 3749 4675 quod

2197 4708 2414 4764 locutus
2461 4716 2544 4763 est
2587 4705 2779 4762 Filius.
2814 4704 3056 4775 Denique
3089 4702 3108 4742 τ
3138 4703 3339 4759 Paulus
3379 4703 3501 4758 ideo
3544 4709 3751 4765 assump-

2201 4811 2289 4857 tus
2340 4811 2444 4869 est,
2486 4801 2614 4872 quia
2670 4801 2748 4855 sic
2794 4799 3065 4866 credidit,
3122 4798 3202 4853 sic
3246 4797 3459 4862 docuit,
3501 4796 3613 4866 quia
3644 4786 3751 4859 quod

2201 4895 2384 4950 oculus
2428 4911 2531 4949 non
2561 4892 2711 4961 vidit,
2746 4908 2837 4947 nec
2880 4891 3019 4946 auris
3061 4890 3281 4956 audiuit,
3309 4905 3403 4944 nec
3432 4891 3485 4943 in
3509 4902 3590 4941 cor
3620 4879 3752 4937 homi-

2203 4988 2284 5042 nis
2328 4986 2577 5054 ascendit,
2620 5001 2735 5057 quw
2780 4983 3091 5056 preparavit
3141 4979 3285 5036 Deus
3335 4978 3648 5054 diligentibus
3677 4987 3749 5032 se.

2203 5079 2349 5134 nobis
2393 5078 2629 5133 reuelauit
2673 5093 2763 5149 per
2810 5076 3069 5146 Spiritum
3108 5090 3259 5129 suum
3285 5115 3300 5139 ,
3343 5074 3483 5129 sicut
3532 5068 3750 5138 scriptum

2201 5183 2285 5231 est
2312 5173 2358 5246 (1
2388 5172 2509 5230 Cor.
2541 5188 2601 5239 tt,
2630 5171 2689 5239 9,
2721 5168 2837 5242 10).
2871 5170 2935 5226 Et
2994 5170 3117 5224 ideo
3163 5166 3511 5223 revelationis
3560 5158 3752 5257 Spiritus

2198 5266 2419 5335 dicitur,
2470 5267 2611 5322 sicut
2649 5263 2813 5320 habes
2848 5279 2861 5316 :
2896 5261 2996 5317 Dat
3025 5261 3160 5317 enint
3191 5257 3333 5315 Deus
3361 5260 3434 5313 sic
3465 5257 3753 5331 purpurati"-

2280 5478 2303 5505 ο
2348 5466 2503 5531 Mss.,
2528 5475 2618 5520 aut
2649 5464 2781 5535 forte
2806 5465 2954 5535 nigra
2983 5478 3073 5535 per
3096 5463 3331 5531 ευίραηιι
3708 5521 3730 5535 κο

2274 5536 2302 5576 ἀ
2344 5537 2417 5593 lla
2472 5537 2604 5593 edit.
2649 5531 2718 5591 ac
2765 5531 2938 5591 multo
2983 5531 3169 5602 plures
3202 5548 3358 5588 mss.:
3391 5531 3482 5588 alii
3512 5542 3645 5593 vero,
3671 5531 3746 5579 ιη’

2201 5626 2322 5665 nam
2351 5610 2485 5664 enim
2514 5625 2616 5663 non
2644 5608 2906 5663 solum....
2945 5604 3142 5659 Filium
3172 5603 3267 5660 Dei
3289 5605 3441 5660 dixit.

2277 5692 2299 5719 θ
2342 5681 2493 5744 Mss.,
2525 5679 2797 5743 nonnulli,
2832 5677 2927 5732 Dei
2958 5674 3422 5748 Spiritumlinus
3451 5685 3681 5746 congrue.

2279 5751 2297 5789 τ
2341 5752 2466 5809 Mss.
2501 5752 2733 5821 aliquot,
2767 5748 2970 5806 Paulus
2996 5745 3029 5802 ὰ
3059 5745 3168 5805 Deo
3197 5755 3491 5816 assumptus
3515 5756 3599 5799 est.
