4014 6290
235 329 338 384 769

1389 333 1475 388 DE
1516 332 1784 391 SPIBITU
1827 331 2099 390 SANCTO
2138 331 2269 388 LIB.
2313 331 2378 388 11.

3440 342 3545 400 770

236 446 328 500 bus
366 463 420 500 se
459 445 718 514 Spiritum
755 446 1018 518 sapientite
1059 457 1106 500 et
1135 447 1454 503 reuelationis
1483 459 1509 486 ει
1535 450 1588 503 in
1619 450 1842 521 agnitio-
1870 450 1921 509 A
1946 447 2088 518 quod
2121 448 2373 504 accidens
2406 448 2458 503 in
2487 461 2553 504 eo
2582 448 2807 505 scientia
2853 449 3186 521 divinorum,
3230 457 3324 512 sed
3355 460 3543 529 cogni-

237 556 352 594 nem
383 539 498 611 ejus
525 537 701 611 (Esai.
728 555 874 604 Lstv,
903 537 983 606 ιι).

311 631 437 688 125.
481 629 673 688 Unitas
696 632 862 702 igitur
890 641 974 687 est
1005 632 1248 686 scientiae
1268 673 1283 698 ,
1317 631 1535 702 quando
1566 631 1705 687 sicut
1737 632 1838 687 Pa-

235 733 320 782 tcr
348 726 577 792 revelat,
610 725 702 795 qui
725 725 817 780 dat
843 725 1502 796 Spiritum_rcvelationis,
1529 727 1606 782 sic
1633 727 1840 783 revelat

233 828 290 875 ct
319 818 534 885 Filius;
583 819 707 888 quia
753 821 1012 888 scriptum
1057 827 1184 874 est:
1221 818 1389 874 Nemo
1434 821 1573 875 nouit
1598 818 1834 888 Filium,

233 912 336 967 nisi
381 911 564 978 Pater;
610 929 772 982 neque
803 911 1017 965 Patrem
1066 912 1179 982 quis
1227 913 1386 979 novit,
1435 913 1537 966 nisi
1567 911 1759 980 Filius,
1789 923 1837 969 et

234 1007 320 1058 cui
349 1005 573 1060 voluerit
603 1001 650 1056 F
656 1005 777 1059 ilius
800 1005 1026 1060 revelare
1053 1004 1269 1076 (Matth.
1297 1021 1373 1072 xl,
1400 1005 1518 1077 27).
1553 1006 1678 1061 Plus
1700 1006 1838 1061 dixit

231 1098 300 1153 de
330 1097 470 1153 Filio
491 1140 506 1165 ,
541 1112 649 1153 non
681 1097 824 1169 quod
857 1099 978 1168 plus
1011 1097 1207 1154 habeat
1234 1113 1395 1168 quam
1427 1098 1609 1165 Pater,
1640 1098 1736 1154 sed
1770 1113 1836 1154 ne

232 1195 413 1247 minus
442 1191 646 1248 habere
671 1192 946 1248 credatur.
976 1191 1088 1246 Nec
1132 1193 1406 1248 immerito
1445 1194 1526 1250 sic
1565 1193 1836 1250 revelatur

232 1285 396 1340 l‘atcr
422 1301 454 1340 a
485 1284 658 1349 Filio;
691 1285 813 1354 quia
839 1285 915 1340 sic
944 1286 1096 1339 novit
1121 1284 1338 1341 Patrem
1363 1285 1555 1353 Filius,
1578 1285 1835 1358 quemad—

229 1378 456 1435 modum
485 1376 684 1432 Filium
709 1377 868 1433 Pater
898 1377 1070 1432 novit.

306 1471 433 1526 121.
467 1470 672 1540 Accipe
697 1485 842 1526 nunc
865 1471 988 1541 quia
1019 1471 1186 1526 Deum
1219 1471 1442 1528 Patrem
1469 1471 1617 1527 novit
1637 1480 1692 1528 et
1712 1471 1833 1542 Spi-

229 1567 403 1632 ritus;
433 1565 700 1636 scriptum
731 1574 815 1621 est
853 1567 997 1620 enim
1028 1565 1151 1636 quia
1201 1569 1336 1621 sicut
1381 1583 1440 1620 ea
1470 1583 1584 1636 qua:
1612 1567 1835 1622 hominis

227 1672 369 1727 sunt,
400 1664 570 1715 "nemo
601 1662 739 1715 novit
770 1661 871 1715 nisi
915 1661 1135 1731 spiritus
1176 1663 1263 1729 qui
1305 1663 1358 1714 in
1403 1663 1515 1731 ipso
1541 1671 1614 1716 est
1643 1677 1662 1715 :
1690 1663 1763 1716 sic
1789 1672 1836 1716 et

226 1761 344 1829 qua:
376 1754 472 1811 Dei
500 1764 642 1822 sunt,
674 1771 818 1810 nemo
843 1755 1083 1828 cOgnovit
1116 1755 1216 1808 nisi
1247 1755 1480 1824 Spiritus
1512 1753 1608 1808 Dei
1637 1754 1682 1825 (l
1712 1752 1830 1808 Cor.

1944 545 2016 598 tio
2045 544 2310 600 naturalis
2334 545 2422 599 sit.

2017 637 2138 693 128.
2188 638 2381 694 Verum
2411 639 2456 694 si
2491 649 2542 697 te
2573 653 2755 698 movet
2783 642 2910 713 quia
2939 640 3098 711 dixit,
3127 653 3408 714 scrutatur,
3442 659 3538 702 ac-

1938 730 2059 802 cipe
2085 731 2209 802 quia
2241 733 2291 788 id
2323 749 2538 806 quoque
2567 735 2634 790 de
2666 737 2780 792 Deo
2820 737 3084 808 scriptum
3115 748 3230 805 est,
3277 756 3344 796 eo
3391 741 3537 812 quod

1939 827 2010 878 sit
2049 833 2320 881 scrutator
2348 827 2532 883 cordis
2560 837 2614 885 et
2637 845 2849 885 renum.
2884 831 3003 901 Ipse
3034 833 3180 887 enim
3207 832 3342 889 dixit
3376 851 3390 888 :
3425 835 3540 906 Ego

1937 931 2054 968 sum
2081 927 2319 972 scrutans
2361 919 2520 974 corda
2547 929 2593 974 et
2624 938 2769 996 renes
2801 920 3016 993 (Jerem.
3051 939 3184 991 xvtt,
3220 925 3333 995 10).
3361 926 3536 983 Etiam

1937 1006 2006 1061 de
2053 1007 2190 1064 Filio
2239 1009 2335 1066 Dei
2386 1011 2552 1068 habes
2596 1013 2663 1068 ad
2708 1014 2966 1072 llebrmos
2999 1035 3012 1072 :
3047 1017 3149 1082 Qui
3176 1029 3434 1075 scrutator
3462 1030 3538 1076 est

1937 1099 2098 1153 animi
2124 1110 2174 1154 et
2202 1102 2529 1172 cogitationis
2563 1104 2751 1177 (Hebr.
2783 1122 2856 1172 tv,
2889 1108 2999 1178 12).
3032 1107 3186 1165 Unde
3213 1109 3382 1182 liquet
3407 1113 3534 1184 quia

1938 1205 2098 1246 nemo
2130 1192 2355 1248 inferior
2402 1197 2704 1266 superioris
2751 1210 3024 1256 scrutatur
3066 1202 3308 1270 interna;
3337 1204 3535 1262 divina:

1935 1284 2077 1338 enim
2110 1285 2279 1340 solius
2305 1297 2388 1342 est
2418 1289 2704 1358 potestatis
2739 1293 2952 1348 occulta
2992 1293 3235 1350 novisse.
3272 1295 3537 1354 Similiter

1936 1389 2068 1446 ergo
2094 1387 2368 1434 scrutator
2398 1391 2484 1436 est
2511 1381 2744 1452 Spiritus
2784 1394 3006 1442 sanctus
3035 1395 3095 1442 ut
3124 1385 3312 1454 Pater,
3344 1389 3537 1445 simili-

1937 1476 2019 1524 ter
2045 1478 2319 1526 scrutator
2362 1482 2417 1528 et
2463 1473 2672 1529 Filius:
2705 1475 2856 1546 cujus
2895 1479 3228 1547 proprietate
3263 1483 3535 1538 sermonis

1935 1560 1987 1615 id
2019 1563 2374 1633 exprimitur;
2409 1574 2466 1620 ut
2495 1565 2744 1623 videatur
2786 1569 2920 1624 nihil
2951 1586 3074 1627 esse
3112 1572 3257 1643 quod
3302 1576 3529 1645 nesciat,

1935 1668 2092 1724 quem
2122 1655 2257 1711 nihil
2290 1659 2546 1728 praeterit.

2010 1748 2133 1806 129.
2177 1751 2422 1823 Denique
2454 1753 2542 1810 ille
2570 1754 2776 1810 electus
2805 1771 2835 1812 a
2866 1756 3106 1826 Christo,
3141 1761 3435 1820 instructus
3464 1766 3534 1822 ab

225 1866 287 1915 ιι,
343 1849 454 1919 ll).
493 1847 682 1913 Nemo,
736 1848 930 1918 inquit.
983 1847 1241 1918 cognovit,
1289 1848 1388 1902 nisi
1433 1846 1662 1917 Spiritus
1709 1843 1830 1901 Dei.
1861 1851 1909 1912 Β
1936 1842 2138 1913 Spiritu
2189 1856 2294 1902 est.
2339 1847 2473 1903 Nam
2515 1850 2658 1904 sicut
2691 1851 2806 1922 ipse
2849 1862 3099 1922 testatur,
3135 1871 3232 1926 per
3271 1858 3529 1929 Spiritum

226 1941 499 2014 Numquid
529 1942 782 1998 exclusus
819 1948 903 1997 est
932 1941 1027 1996 Dei
1074 1940 1281 1996 Filius?
1311 1940 1428 1996 Non
1463 1942 1674 2010 utique;
1707 1940 1828 2010 quia

228 2054 331 2093 nec
365 2038 600 2107 Spiritus
627 2046 848 2092 sanctus
873 2037 1130 2091 exclusus
1155 2045 1260 2102 est,
1292 2052 1415 2091 cum
1447 2035 1643 2092 dicitur
1669 2053 1681 2089 :
1717 2033 1830 2088 Ne-

226 2150 326 2202 que
355 2131 570 2186 Patrem
598 2131 711 2202 quis
739 2129 906 2193 novit,
933 2130 1033 2184 nisi
1061 2128 1256 2183 Filius.

301 2224 430 2280 1‘25.
470 2223 616 2294 Ergo
643 2223 802 2277 unius
819 2231 875 2278 et
899 2221 1060 2277 Pater
1081 2229 1135 2276 et
1158 2221 1327 2275 Filius
1349 2228 1406 2276 et
1428 2219 1668 2290 Spiritus
1703 2234 1831 2275 san-

225 2330 346 2378 ctus
366 2331 420 2376 et
442 2327 652 2374 natura:
681 2327 806 2374 sunt
834 2326 890 2372 et
918 2317 1184 2372 scientizr.
1217 2314 1404 2386 Neque
1432 2331 1556 2370 cum
1578 2315 1831 2370 omnibus

225 2431 349 2486 qua:
379 2429 477 2484 per
507 2412 705 2468 Filium
741 2411 878 2467 facta
908 2418 1068 2474 sunt,
1098 2407 1542 2464 annumerandus
1581 2417 1665 2464 est
1692 2408 1832 2478 ,8ρὶ-

225 2509 367 2563 ritus
389 2547 404 2571 ,
433 2521 556 2561 cum
605 2505 774 2560 Deum
809 2503 1024 2559 Patrem
1055 2503 1289 2576 noverit,
1318 2516 1505 2572 quem,
1535 2501 1676 2556 sicut
1696 2501 1832 2556 scri-

225 2611 378 2672 ptum
393 2609 477 2655 est
498 2597 712 2667 (Matth.
745 2613 816 2664 xl,
839 2597 954 2665 27),
973 2596 1093 2667 quis
1114 2604 1292 2665 potest
1319 2609 1480 2650 nosse
1498 2591 1602 2650 nisi
1625 2592 1830 2648 Filius?

225 2692 337 2749 Sed
367 2702 423 2747 et
453 2689 690 2761 Spiritus
719 2697 942 2743 sanctus
969 2687 1140 2741 novit.
1171 2685 1309 2754 Quid
1341 2689 1507 2757 ergo?
1533 2683 1667 2741 Cum
1696 2683 1832 2740 dici-

227 2792 317 2839 tur
367 2779 693 2836 universitas
731 2788 1136 2846 creaturarum,
1182 2793 1287 2834 non
1334 2778 1571 2850 Spiritus
1609 2787 1830 2833 sanctus

225 2875 735 2945 comprehenditur.

306 2967 427 3022 126.
454 2965 610 3022 Nunc
635 2965 799 3021 velim
824 2964 1216 3036 respondeant,
1244 2963 1372 3034 quid
1399 2974 1482 3020 est
1508 2966 1556 3019 in
1589 2965 1825 3031 homine,

222 3061 373 3134 quod
406 3068 699 3130 cognoscat
742 3073 865 3130 qua:
895 3067 1020 3114 sunt
1060 3056 1329 3112 hominis?
1359 3055 1558 3128 Utique
1588 3058 1820 3113 rationa-

221 3157 358 3222 bile,
393 3155 535 3227 quod
567 3155 783 3210 cmtcris
808 3153 1007 3208 anima:
1032 3153 1326 3208 virtutibus
1353 3153 1741 3222 supereminet,
1775 3162 1830 3208 et

222 3263 336 3316 quo
382 3245 653 3318 praecipua
695 3254 890 3301 natura
936 3244 1173 3300 hominis
1215 3245 1538 3299 :estimatur.
1569 3243 1706 3309 Quid
1753 3251 1834 3299 est
1863 3253 1908 3316 ο

223 3340 394 3411 igitur
420 3337 679 3409 Spiritus,
699 3338 790 3408 qui
809 3337 919 3393 alta
940 3337 1035 3392 Dei
1060 3337 1230 3399 novit,
1256 3351 1350 3405 per
1369 3351 1529 3406 quem
1563 3336 1703 3392 Deus
1725 3353 1840 3391 om-

222 3433 484 3504 nipotens
525 3431 816 3488 revelatur.
855 3430 1125 3499 Numquid
1168 3428 1508 3499 plenitudine
1545 3426 1840 3484 divinitatis

220 3527 458 3585 inferior
485 3535 588 3593 est,
613 3526 704 3597 qui
731 3525 972 3596 ejusdem
999 3539 1120 3578 cum
1150 3522 1308 3577 Patre
1337 3522 1653 3578 substantia:
1674 3523 1836 3578 etiam

221 3620 333 3676 hoc
360 3619 613 3690 exemplo
643 3617 940 3690 probatur?
967 3617 1074 3670 Aut
1095 3615 1292 3686 aliquid
1320 3616 1547 3686 ignorat,
1581 3615 1672 3684 qui
1692 3615 1842 3669 novit

220 3713 456 3770 consilia
487 3712 617 3780 Dei,
647 3722 702 3766 ct
729 3710 982 3782 mysteria
1016 3709 1133 3779 ejus
1160 3708 1228 3762 ab
1277 3707 1432 3762 initio
1479 3706 1839 3762 abscondita?

219 3807 365 3875 Quid
387 3805 635 3877 estquod
663 3805 891 3870 nesciat,
916 3803 1007 3874 qui
1033 3803 1179 3857 novit
1208 3801 1387 3856 omnia
1416 3816 1536 3869 qua:
1564 3799 1657 3855 Dei
1676 3800 1842 3869 sunt?

218 3900 464 3970 Spiritus
496 3899 639 3954 enim
677 3898 830 3952 etiam
852 3898 958 3950 alta
988 3894 1086 3948 Dei
1115 3903 1373 3948 scrutatur
1403 3891 1445 3965 (l
1475 3891 1594 3947 Cor.
1630 3907 1687 3956 ιι,
1724 3890 1836 3962 10).

300 3995 431 4050 1Ξ7.
471 3996 548 4049 Ac
575 4007 643 4048 ne
671 4001 825 4062 putes
844 3988 987 4060 quod
1009 3996 1284 4044 scrutetur
1312 3987 1610 4057 incognita,
1634 3996 1688 4041 et
1718 3985 1839 4040 ideo

223 4097 533 4153 scrutetur,
567 4094 623 4140 ut
643 4084 815 4139 discat
839 4081 890 4137 id
917 4081 1060 4153 quod
1092 4081 1340 4150 ignoret;
1365 4079 1532 4152 658
1551 4092 1678 4134 ante
1700 4094 1838 4149 prm-

218 4180 377 4240 misit
398 4179 522 4248 quia
544 4176 806 4233 revelavit
828 4175 984 4230 nobis
1012 4173 1154 4229 Deus
1174 4171 1200 4210 δ
1231 4188 1331 4244 per
1352 4172 1618 4242 Spiritum
1642 4185 1797 4226 suum
1823 4190 1834 4224 :

220 4272 391 4330 simul
438 4279 498 4325 ut
527 4269 768 4325 disceres
797 4267 923 4338 quia
971 4267 1120 4322 uovit
1148 4264 1382 4336 Spiritus
1407 4279 1528 4334 quae
1556 4263 1712 4319 nobis
1743 4279 1838 4333 per

217 4369 411 4438 ipsum
459 4361 725 4434 Spiritum
772 4359 1108 4424 revelantur,
1163 4357 1214 4412 in
1270 4356 1663 4427 posterioribus
1711 4356 1832 4410 ait:

219 4462 362 4530 Quis
391 4461 529 4514 enim
555 4459 648 4513 scit
681 4456 951 4510 hominum
974 4469 1089 4523 qua:
1119 4451 1344 4507 hominis
1371 4462 1511 4519 sunt,
1548 4462 1568 4488 ο
1602 4450 1702 4504 nisi
1731 4450 1836 4520 spi-

215 4559 362 4610 ritus
384 4554 610 4608 hominis
632 4552 718 4621 qui
748 4552 800 4605 in
821 4551 932 4622 ipso
957 4558 1080 4620 est;
1102 4550 1174 4603 sic
1196 4558 1242 4603 et
1267 4564 1380 4619 qua:
1400 4545 1499 4602 Dei
1520 4555 1661 4612 sunt,
1690 4562 1835 4599 nemo

1935 1937 2104 1992 divini
2133 1939 2501 2010 cognitionem
2537 1957 2862 2000 consecutus
2890 1948 3097 2014 arcani,
3144 1951 3382 2006 ostendit
3408 1955 3534 2023 quia

1934 2039 1990 2084 et
2020 2033 2175 2086 novit
2202 2032 2436 2103 Spiritus
2484 2036 2678 2103 Deum,
2709 2046 2763 2092 et
2791 2053 2856 2092 ea
2901 2040 3059 2096 nobis
3085 2057 3206 2110 qua:
3252 2042 3343 2098 Dei
3384 2055 3534 2111 sunt,

1934 2121 2170 2190 Spiritus
2198 2126 2478 2194 revelavit,
2511 2128 2650 2183 sicut
2676 2129 2941 2186 revelavit
2961 2141 3018 2187 et
3047 2132 3236 2188 Filius.
3283 2134 3352 2189 Et
3379 2135 3532 2192 addi-

1932 2215 2014 2271 dit
2044 2234 2056 2270 :
2091 2215 2207 2272 Nos
2239 2229 2411 2274 autem
2437 2236 2540 2275 non
2566 2222 2804 2290 spiritum
2829 2223 2983 2293 hujus
3010 2227 3192 2280 mundi
3213 2229 3526 2298 accepimus,

1932 2309 2022 2364 sed
2067 2309 2325 2379 Spiritum
2365 2313 2455 2383 qui
2485 2329 2547 2367 ea:
2575 2312 2685 2369 Deo
2710 2325 2821 2382 est;
2851 2326 2907 2370 ut
2949 2317 3175 2374 sciamus
3200 2336 3314 2390 qua:
3357 2337 3390 2374 a
3421 2318 3532 2377 Deo

1931 2400 2122 2455 donata
2150 2413 2272 2456 sunt
2301 2402 2466 2470 nobis,
2517 2421 2632 2475 qua:
2657 2417 2704 2460 et
2745 2408 3026 2478 loquimur,
3061 2426 3165 2464 non
3195 2412 3246 2466 in
3286 2414 3535 2469 suasoriis

1933 2491 2175 2548 humana:
2219 2495 2488 2563 sapientia:
2515 2497 2698 2566 verbis,
2733 2500 2824 2555 sed
2866 2501 2921 2556 in
2970 2504 3260 2560 ostensione
3284 2504 3533 2578 Spiritus,

1932 2599 1980 2643 et
2005 2589 2193 2645 virtute
2219 2589 2318 2646 Dei
2342 2591 2388 2664 (1
2415 2591 2536 2649 Cor.
2563 2610 2618 2661 ιι,
2654 2595 2741 2664 12,
2779 2597 2912 2668 l3)?

2543 2686 2772 2744 CAPUT
2810 2688 2926 2745 XII.

1933 2773 2163 2832 Probata
2192 2778 2452 2850 Spiritum
2477 2797 2620 2853 aque
2650 2783 2877 2839 revelare
2903 2801 2964 2841 ac
2990 2785 3205 2843 Patrem
3232 2798 3280 2845 et
3309 2785 3525 2860 Filium,

2003 2873 2258 2941 quomodo
2291 2891 2394 2930 non
2425 2874 2665 2946 loquatur
2697 2894 2730 2931 a
2755 2893 2809 2933 se
2844 2879 2981 2934 idem
3010 2881 3265 2952 Spiritus.
3308 2884 3535 2954 explica-

2006 2975 2120 3033 tur;
2148 2969 2532 3040 ostenditurque
2577 2986 2679 3024 non
2727 2971 3003 3044 cogitanda
3045 2974 3097 3028 in
3142 2975 3254 3045 ipso
3280 2990 3532 3045 corporeo

2007 3073 2227 3128 organa,
2261 3076 2355 3114 nec
2402 3060 2565 3116 ullam
2593 3062 2987 3131 inferioritatem
3014 3081 3078 3120 ea:
3114 3081 3173 3120 eo
3215 3067 3534 3138 ﬁngendant,

2004 3152 2140 3218 quod
2160 3152 2343 3207 audire
2369 3153 2604 3224 legatur;
2632 3156 2841 3222 quando
2868 3157 3003 3212 idem
3047 3156 3190 3214 Filio
3229 3171 3359 3216 esset
3385 3162 3534 3217 attri-

2011 3242 2304 3312 bueudum';
2338 3247 2492 3301 immo
2522 3263 2640 3303 vero
2670 3251 2825 3303 etiam
2854 3249 3024 3316 Patri,
3052 3268 3172 3307 cum
3212 3262 3262 3308 et
3300 3254 3410 3325 ipse
3438 3272 3539 3311 au-

2018 3335 2124 3388 diat
2156 3337 2378 3395 Filium.
2410 3341 2667 3409 Spiritum
2693 3340 2855 3412 igitur
2881 3360 2938 3397 eo
2965 3359 3120 3400 sensu
3150 3347 3332 3401 audire
3360 3357 3408 3402 et
3434 3350 3540 3405 cla-

2017 3429 2224 3499 riﬁcare
2250 3429 2300 3484 F
2305 3432 2473 3496 ilium,
2505 3433 2641 3502 quod
2663 3449 2780 3488 eum
2810 3437 3074 3506 praphetis
3100 3445 3250 3508 atque
3286 3441 3539 3510 apostolis

2016 3520 2255 3575 revelavit
2275 3539 2293 3587 ;
2319 3538 2419 3593 qua
2462 3539 2526 3577 ex
2563 3541 2617 3578 re
2654 3528 2969 3596 Operationis
3016 3529 3173 3584 trium
3202 3548 3536 3601 personarum

2015 3614 2186 3668 unitas
2208 3616 2476 3681 astruitur;
2497 3625 2542 3670 et
2565 3633 2681 3671 cum
2703 3618 2878 3673 eadem
2899 3621 3126 3692 Spiritus
3143 3636 3402 3696 aperetur,
3421 3644 3538 3699 qua:

2016 3703 2174 3760 Pater
2200 3708 2374 3761 eadem
2399 3724 2597 3779 quoque
2627 3709 2922 3767 declaratur
2950 3715 3215 3788 utriusque
3267 3735 3375 3776 esse
3416 3721 3531 3776 subs

2014 3799 2225 3853 stantia.

2018 3893 2141 3948 150.
2199 3893 2490 3951 Prohatum
2521 3905 2606 3953 est
2655 3897 2820 3969 igitur
2868 3903 2992 3973 quia
3035 3905 3177 3960 sicut
3206 3907 3350 3964 Deus
3379 3910 3539 3967 nobis

1942 3998 2062 4053 quae
2093 3999 2189 4037 sua
2230 3995 2378 4050 sunt,
2414 3987 2484 4041 ita
2515 3997 2570 4042 et
2598 3987 2769 4046 Filius
2800 4007 2925 4062 qua:
2955 3993 3050 4050 Dei
3079 4005 3237 4063 sunt,
3265 3999 3337 4054 ita
3371 4001 3537 4057 etiam

1941 4076 2179 4146 Spiritus
2211 4079 2490 4134 revelavit.
2522 4081 2600 4136 Ex
2645 4098 2754 4137 uno
2799 4085 2942 4140 enim
2989 4086 3191 4156 Spiritu
3231 4105 3328 4160 per
3375 4108 3542 4150 unum

1941 4169 2138 4224 Filium
2171 4170 2223 4224 in
2253 4187 2416 4226 unum
2449 4172 2663 4230 Patrem
2695 4179 2934 4247 cognitio
2955 4188 3140 4235 nostra
3173 4183 3419 4252 procedit
3449 4194 3532 4243 :et

1941 4277 2007 4318 ex
2040 4278 2149 4318 uno
2180 4263 2342 4319 Patre
2395 4281 2490 4336 per
2533 4282 2697 4323 unum
2743 4268 2938 4326 Filium
2984 4272 3038 4328 in
3072 4289 3234 4330 unum
3276 4275 3537 4348 Spiritum

1939 4367 2185 4412 sanctum
2233 4358 2450 4415 bonitas
2505 4369 2560 4415 et
2589 4361 2944 4419 sanctiﬁcatio
3000 4375 3054 4421 et
3119 4366 3401 4438 imperiale
3451 4371 3542 4442 jus

1940 4460 2160 4506 mterna:
2192 4451 2424 4509 traditur
2451 4455 2755 4524 potestatis.
2790 4455 2889 4513 Ubi
2921 4473 3050 4530 ergo
3093 4463 3337 4518 ostensio
3369 4464 3542 4536 Spiri-

1942 4549 2052 4607 tus,
2081 4539 2106 4578 ἀ
2136 4543 2206 4598 ibi
2242 4543 2332 4599 Dei
2377 4545 2549 4602 virtus
2584 4565 2595 4599 :
2632 4561 2732 4603 uec
2776 4559 2956 4618 potest
2982 4565 3103 4608 esse
3125 4553 3417 4623 discretio,
3448 4557 3541 4614 ubi

215 4651 514 4724 ceguovitj,
549 4647 650 4702 nisi
685 4646 915 4716 Spiritus
937 4642 1056 4698 Dei.
1085 4644 1226 4713 Ergo
1256 4643 1300 4697 si
1351 4640 1586 4696 hominis
1615 4640 1836 4710 spiritus
1859 4650 1914 4712 D
1941 4649 2080 4705 Opus
2102 4652 2270 4690 unum
2296 4646 2401 4693 est.
2437 4638 2507 4693 Et
2534 4638 2655 4695 ideo
2685 4641 2828 4712 quod
2875 4642 3110 4714 loquitur
3136 4647 3329 4715 Filius,
3363 4649 3536 4720 loqui-

213 4741 385 4801 novit
416 4756 536 4810 quae
573 4739 808 4794 hominis
837 4747 988 4803 sunt,
1020 4744 1074 4792 et
1116 4746 1404 4804 antequam
1435 4743 1710 4790 scrutetur
1730 4751 1834 4788 no-

212 4839 325 4903 vit,
356 4843 608 4907 potestne
639 4830 842 4903 aliquid
872 4831 964 4886 Dei
990 4843 1111 4886 esse
1135 4871 1150 4896 ,
1181 4827 1324 4899 quod
1355 4826 1596 4897 Spiritus
1621 4827 1711 4882 Dei
1742 4841 1834 4882 ne-

208 4929 399 4989 sciat?
425 4928 500 4984 De
523 4942 632 4999 quo
680 4941 789 4982 non
835 4924 1011 4982 otiose
1041 4921 1335 4992 Apostolus
1363 4919 1497 4976 dixit
1532 4937 1544 4973 :
1579 4919 1712 4985 Quae
1738 4916 1836 4973 Dei

207 5032 370 5092 sunt,
427 5037 575 5076 nemo
621 5019 878 5092 cognouit,
907 5017 1006 5070 nisi
1057 5015 1289 5087 Spiritus
1340 5011 1488 5066 Dei:
1541 5027 1647 5068 non
1687 5010 1834 5083 quod

207 5111 522 5174 scrutando
548 5110 889 5183 cognoverit,
921 5106 1017 5163 sed
1043 5105 1257 5162 noverit
1286 5119 1383 5176 per
1405 5112 1654 5160 naturam
1685 5123 1697 5157 :
1723 5119 1829 5160 non

294 5247 324 5276 ⁸
363 5244 435 5300 1η
455 5243 768 5317 agnitionem
795 5242 929 5317 ejus,
959 5235 1046 5291 his
1070 5231 1256 5317 verbis
1268 5227 1836 5317 nonnullims‘shsiihf

194 5297 682 5391 junguntngum.
700 5297 1018 5391 siculnPater
1049 5307 1182 5391 navit
1209 5301 1641 5391 Filiupysic‘et‘

202 5372 440 5445 'Pat‘r’wm
461 5372 618 5452 nouit,
639 5385 711 5439 sic
741 5392 786 5437 et
820 5380 1050 5450 Spiritus
1082 5377 1246 5430 Deum
1273 5372 1680 5454 Patrem-uouit;
1700 5381 1746 5454 ett
1764 5373 1836 5454 si-

201 5442 308 5516 cut
327 5442 488 5514 Pater
499 5442 686 5515 revelat
710 5454 852 5528 nobis
867 5442 984 5528 quae
1000 5466 1094 5528 sua
1114 5450 1332 5528 sunt,sic
1345 5455 1392 5500 et
1409 5442 1603 5528 Pilius,
1618 5446 1691 5524 sic
1705 5443 1804 5528 S
1816 5472 1832 5482 -

197 5515 357 5590 ritus
377 5542 583 5586 sanctus
612 5515 893 5583 revelavitf
909 5521 1016 5578 Sed
1043 5535 1167 5576 cum
1180 5518 1369 5590 eadem
1387 5517 1493 5570 alio
1507 5515 1629 5569 loco
1645 5515 1695 5567 in
1711 5515 1834 5568 aliis

198 5589 554 5677 quibusdam
575 5614 708 5654 mss.
737 5599 1069 5677 habeantur;
1102 5591 1154 5645 iu
1189 5589 1311 5677 aliis
1338 5594 1830 5677 veroknoAnnt‘ex-tus,

198 5656 322 5732 εἷέᾶ
342 5656 497 5728 tituli
531 5675 705 5726 vicem
735 5669 1037 5742 obtineant,
1058 5656 1177 5742 non
1201 5675 1359 5716 secus
1376 5674 1442 5742 ac
1465 5661 1517 5742 in
1546 5656 1683 5740 edit.
1715 5663 1828 5742 aut:

201 5728 508 5809 itionibus
532 5743 602 5800 ibi
633 5739 957 5814 legebantur
981 5728 1171 5814 paucis
1202 5732 1439 5814 mutatis,
1465 5729 1556 5812 ubi
1581 5736 1744 5798 caput
1768 5728 1834 5810 12

199 5802 551 5888 incipiebat,
582 5802 714 5870 hinc
752 5827 818 5869 ea
851 5802 1078 5880 margini
1111 5815 1318 5861 tantum
1367 5802 1628 5859 duximus
1661 5802 1832 5855 ascri-

1941 4741 2028 4786 tur
2050 4731 2218 4803 659
2247 4741 2302 4788 et
2333 4732 2494 4790 Pater
2525 4750 2538 4788 :
2571 4744 2621 4790 et
2653 4735 2795 4806 quod
2832 4736 2992 4793 Pater
3016 4738 3278 4810 loquitur,
3306 4742 3537 4814 loquitur

1937 4834 1994 4880 et
2024 4824 2196 4880 Filius
2225 4843 2239 4880 :
2273 4835 2327 4882 et
2355 4827 2498 4898 quod
2526 4828 2763 4900 loquitur
2787 4829 2947 4888 Pater
2977 4841 3032 4890 et
3065 4834 3265 4905 Filius,
3299 4836 3540 4908 loquitur

1938 4927 1994 4974 et
2023 4918 2264 4989 Spiritus
2293 4931 2533 4979 sanctus.

2012 5012 2133 5066 151.
2163 5011 2316 5068 Unde
2338 5022 2395 5069 et
2416 5013 2483 5070 de
2506 5013 2711 5086 Spiritu
2735 5015 2906 5074 Filius
2931 5017 3027 5077 Dei
3054 5019 3228 5078 dixit:
3261 5020 3385 5078 Non
3405 5024 3540 5080 enim

1935 5103 2174 5173 loquetur
2199 5121 2232 5158 a
2262 5121 2314 5159 se
2343 5103 2523 5178 (Joan.
2554 5123 2666 5174 xvi,
2701 5107 2814 5179 15),
2845 5109 2950 5169 hoc
2981 5119 3095 5179 est,
3130 5128 3238 5168 non
3270 5113 3392 5170 sine
3419 5130 3539 5171 mea

1945 5225 2158 5306 bendo,
2189 5234 2247 5280 ut
2289 5225 2475 5306 discas
2516 5236 2776 5306 quantum
2827 5228 3201 5306 in__simili_bus
3229 5233 3540 5306 oscitarint,

1943 5307 2036 5370 aut
2058 5297 2160 5370 sibi
2195 5296 2544 5370 permiserint
2569 5301 2864 5370 scriptores
2891 5302 3120 5357 librarii.

2015 5368 2043 5444 ξ)
2085 5367 2336 5444 Nonnulli
2369 5367 2815 5444 mss.,_Spiritum
2841 5388 3011 5444 suum.
3044 5373 3106 5428 Si
3144 5384 3266 5430 ante
3291 5378 3544 5444 prtcmisit

1943 5443 2068 5508 quia
2093 5441 2331 5514 revelavit
2356 5440 2499 5496 nobis
2519 5441 2682 5510 Deus,
2706 5443 2865 5496 simul
2884 5452 2942 5497 ut
2967 5443 3208 5514 disceres,
3233 5440 3342 5503 etc.
3368 5449 3544 5508 Minus

1941 5511 2335 5666 c??|l:i)eir‘ique
2363 5598 2520 5650 mss.,
2551 5583 2652 5637 nisi
2681 5581 2913 5653 Spiritus
2941 5585 3028 5654 qui
3049 5585 3102 5640 iu
3124 5587 3238 5658 ipso
3265 5599 3361 5660 est,
3388 5600 3443 5648 et
3463 5593 3544 5652 sic

1939 5654 2337 5809 1Ῐιῗιίιὶξιῗηιιιιιιί
2363 5738 2521 5791 mss.,
2547 5724 2618 5779 ibi
2637 5721 2738 5781 Dei
2762 5723 2944 5795 virtus,
2972 5744 3088 5801 qua:
3116 5740 3279 5804 potest
3304 5751 3411 5794 esse
3435 5737 3543 5798 dis-

1943 5807 2146 5852 tinctto.
