4014 6290
534 322 636 385 ‘i‘ll
1931 306 2183 370 ssnon
2219 295 2547 371 annuosn
3686 298 3763 369 πεί

529 454 584 501 et
604 442 785 509 Patris
817 440 1238 505 communione;
1278 449 1455 507 neque
1475 432 1618 490 enim
1648 430 1856 487 divisus
1877 442 1941 484 ac
1970 442 2133 498 sepa-
2163 432 2213 496 Α
2237 426 2363 486 dine
2393 427 2629 501 aliquam
2664 427 2806 484 inter
2830 424 3045 483 Patrem
3080 430 3137 483 et
3177 424 3374 482 Filium
3407 433 3771 506 putaresoperis

528 546 681 593 ratus
711 547 801 592 est
822 537 1080 607 Spiritus,
1110 533 1205 589 sed
1236 547 1359 602 quae
1382 529 1551 594 audit,
1583 524 1856 599 loquitur:
1883 521 2035 579 audit
2055 522 2134 577 vi-
2236 538 2358 578 esse
2396 521 2707 578 distantiam
2730 564 2745 589 ,
2777 520 2873 579 sed
2914 520 3160 592 ejusdem
3197 518 3529 591 operationis
3568 521 3771 578 crederes

528 626 733 686 delicet
760 643 859 699 per
887 629 1148 683 unitatem
1174 621 1514 687 substantiis,
1543 630 1598 676 et
1622 628 1719 690 per
1741 618 2130 689 proprietatem
2236 610 2501 671 unitatem
2528 633 2541 669 :
2577 611 2655 670 Et
2680 626 2859 684 opera,
2891 610 3086 685 inquit,
3116 624 3232 683 qua:
3257 626 3353 685 ego
3378 612 3541 686 facio,
3566 613 3662 683 ipse
3683 615 3773 686 facit

531 722 801 779 scientiae.
840 721 1027 792 Neque
1058 714 1200 775 enim
1248 712 1606 771 foraminibus
1639 709 1909 783 aliquibus
1938 718 2135 781 eorpo-
2234 704 2415 781 (lam.
2449 724 2512 775 v,
2543 707 2654 782 l7).
2680 704 2751 764 Et
2791 720 2981 765 rursus
3008 722 3076 764 ne
3105 704 3488 763 discretionem
3515 702 3713 778 aliquam
3736 707 3774 762 in

532 814 738 871 ratibus
772 814 967 885 recipit
994 810 1255 875 auditum,
1287 817 1340 863 et
1365 800 1689 877 quibusdam
1730 800 1911 860 divina
1944 801 2135 857 modu-
2234 801 2420 873 operis
2446 800 2796 858 distinctione
2823 801 3082 867 sentires,
3111 798 3209 857 sed
3236 798 3378 857 idem
3402 799 3555 865 velle,
3576 799 3697 856 idem
3716 799 3776 855 ia-

530 907 596 964 lis
628 902 943 965 carnalibus
972 920 1077 960 vox
1105 902 1373 967 resultat,
1405 892 1491 953 vei
1518 895 1671 954 audit
1707 895 1760 953 id
1793 894 1937 969 quod
1978 895 2135 968 igno-
2236 906 2363 953 rere
2389 939 2405 965 ,
2442 888 2585 953 idem
2615 911 2779 971 posse
2816 892 3032 952 Patrem
3062 905 3113 952 et
3142 890 3338 952 Filium
3372 893 3661 966 iudicares,
3682 894 3781 951 dicit

532 1009 645 1067 rat;
683 1000 941 1073 quoniam
960 998 1013 1054 in
1037 996 1201 1053 rebus
1224 993 1477 1049 humanis
1495 991 1781 1047 scientiam
1813 990 2135 1060 plerumque
2238 984 2334 1045 tibi
2363 987 2645 1061 Sapientia
2664 991 2734 1047 de
2752 982 2951 1046 Patre:
2982 988 3328 1060 aurarumque
3346 989 3479 1044 enim
3505 985 3588 1044 ille
3612 988 3781 1059 fecerit,

532 1094 751 1150 auditus
792 1101 1069 1163 operatur,
1115 1096 1171 1145 et
1216 1098 1395 1143 tamen
1430 1101 1528 1142 nec
1569 1085 1621 1141 in
1655 1081 1791 1155 ipsis
1820 1082 2136 1139 hominibus
2236 1085 2415 1139 eadem
2445 1095 2494 1141 et
2525 1081 2698 1141 Filius
2727 1082 2853 1158 facit
2893 1083 3129 1140 similiter
3164 1080 3355 1156 (Ibid.,
3392 1082 3506 1154 l9).
3548 1083 3651 1138 Non
3686 1097 3784 1155 ergo

534 1200 751 1258 semper
774 1184 1066 1255 alloquium
1086 1180 1395 1253 corporale,
1416 1189 1509 1235 aut
1526 1176 1764 1233 carnalis
1781 1174 1999 1231 auditus
2020 1181 2133 1230 est:
2236 1172 2402 1233 alicui
2442 1180 2593 1251 prior
2622 1178 2710 1235 vel
2742 1177 3021 1235 secundus
3044 1186 3129 1235 est
3166 1182 3321 1234 actus
3340 1222 3356 1245 ,
3386 1174 3479 1233 sed
3509 1175 3636 1232 idem
3664 1178 3786 1233 unius

536 1278 636 1348 Qui
664 1278 808 1336 enim
839 1277 1060 1347 loquitur
1087 1274 1296 1347 linguis,
1332 1289 1434 1328 non
1464 1268 1786 1336 hominibus,
1820 1268 2028 1341 inquit,
2062 1264 2139 1321 lo-
2238 1266 2574 1340 operationls
2591 1266 2838 1327 effectus.
2861 1269 3071 1327 Etideo
3095 1266 3226 1326 nihil
3247 1284 3277 1324 a
3296 1285 3357 1326 se
3380 1282 3533 1339 posse
3552 1268 3705 1325 lacere
3725 1268 3789 1325 Fi-

531 1373 735 1444 quitttr,
774 1370 864 1428 sed
893 1367 1023 1424 Deo.
1057 1364 1224 1423 Nemo
1245 1367 1381 1421 enim
1411 1362 1555 1420 audit
1579 1407 1594 1433 ,
1628 1360 1833 1437 Spiritu
1860 1368 2030 1417 autem
2054 1356 2135 1417 lo-
2239 1365 2343 1421 lius
2365 1365 2591 1432 dicitur;
2615 1366 2742 1438 quia
2768 1382 2797 1421 a
2823 1366 2984 1422 Patre
3006 1380 3115 1420 non
3143 1372 3327 1435 potest
3346 1362 3463 1435 ejus
3485 1361 3704 1434 operatio
3725 1379 3788 1418 εει

532 1464 704 1534 quitur
726 1463 970 1536 mysteria
1000 1460 1043 1532 (l
1072 1458 1192 1517 Cor.
1225 1474 1335 1528 stv,
1370 1458 1454 1531 2).
2241 1455 2439 1526 parari.
2472 1452 2736 1513 Similiter
2760 1468 2812 1514 et
2840 1457 3078 1528 Spiritus
3105 1454 3285 1514 sancti
3321 1457 3563 1527 operatio
3596 1472 3688 1511 non
3720 1471 3789 1512 sc-

605 1555 731 1613 152.
763 1557 905 1626 Ergo
929 1555 978 1611 si
1006 1554 1060 1609 in
1095 1551 1406 1609 hominibus
1433 1564 1541 1606 non
1569 1562 1789 1620 semper
1814 1540 2031 1603 auditus
2054 1550 2140 1601 est
2239 1550 2500 1607 cernitur.
2526 1546 2682 1608 Unde
2701 1549 2864 1607 etiam
2890 1565 2951 1608 ea
2980 1564 3102 1622 qua:
3134 1544 3397 1615 loquitur.
3427 1547 3649 1605 audirea
3669 1545 3791 1604 Patre

531 1650 877 1721 corporalis;
911 1649 965 1704 in
997 1649 1110 1705 Deo
1141 1657 1198 1703 tu
1232 1646 1564 1703 inﬁrmitatis
1600 1642 1849 1700 humanae
1877 1641 2094 1699 sonitus
2119 1680 2137 1708 ,
2240 1637 2458 1700 dicitur.
3662 1658 3665 1661 ν

531 1755 587 1801 ει
604 1744 852 1817 quasdam
877 1757 1085 1815 organa
1117 1740 1290 1813 exigis
1313 1736 1550 1797 carnalis
1579 1738 1833 1803 auditus;
1865 1749 1987 1793 cum
2012 1734 2138 1791 ideo
2315 1726 2601 1808 ia‘lJQuid
2630 1739 2675 1794 sl
2702 1736 2875 1795 doceo
2902 1736 3024 1808 quia
3049 1740 3105 1791 et
3130 1731 3296 1789 Pater
3313 1733 3466 1790 audit
3490 1732 3693 1801 Filium,
3716 1733 3794 1789 sic-

531 1840 723 1895 audire
764 1834 979 1893 dicatur
999 1879 1015 1905 ,
1062 1844 1119 1891 ut
1148 1834 1292 1890 scire
1319 1830 1617 1890 credatur?
1643 1828 1754 1888 Nos
1778 1828 1923 1887 enim
1954 1827 2006 1884 id
2038 1826 2144 1883 sci-
2174 1824 2221 1894 Β
2246 1832 2386 1887 utet
2417 1822 2587 1885 Filius
2614 1829 2764 1887 audit
2792 1829 3058 1887 Patrem?
3092 1825 3275 1884 Habes
3319 1829 3468 1885 enim
3496 1829 3733 1899 scriptum
3757 1829 3797 1882 in

534 1940 655 1988 mus
676 1926 822 2003 quod
854 1929 1208 1995 audierimus,
1234 1937 1287 1983 ct
1313 1935 1442 2007 ante
1466 1925 1739 1994 audimus,
1768 1931 1828 1979 ut
1849 1923 1991 1980 scire
2014 1934 2138 1993 pos-
2241 1916 2558 1995 Evangelio,
2589 1926 2715 1997 quia
2743 1924 2876 1981 dicit
2914 1922 3086 1983 Filius
3111 1945 3126 1984 :
3160 1922 3341 1994 Pater,
3370 1924 3565 1998 gratias
3592 1924 3673 1980 tibi
3690 1939 3797 1996 ago,

531 2023 749 2081 simus:
783 2022 838 2078 in
889 2022 999 2079 Deo
1043 2028 1226 2077 autem
1282 2020 1376 2093 qui
1420 2019 1573 2075 novit
1618 2017 1799 2074 omnia
1844 2023 2137 2087 antequam
2240 2017 2363 2090 quia
2384 2014 2577 2073 audisti
2605 2030 2686 2074 me
2709 2017 2891 2091 (Joan.
2918 2018 3136 2093 an“).
3156 2018 3448 2092 Quomodo
3469 2018 3803 2076 audivitPater

534 2118 690 2185 ﬁant,
718 2115 946 2173 scientia
984 2114 1243 2187 praecedit
1271 2112 1539 2170 auditum.
1575 2112 1761 2183 Itaque
1788 2116 1846 2165 ut
1868 2108 2012 2181 quod
2041 2120 2137 2162 γε·
2241 2109 2468 2175 Filium,
2497 2126 2620 2168 cum
2651 2113 2822 2169 Filius
2855 2110 2986 2169 nihil
3031 2110 3097 2170 ad
3127 2110 3345 2171 Patrem
3389 2113 3443 2170 in
3476 2112 3803 2185 superioribus

530 2212 595 2267 lit
624 2210 809 2278 Pater,
832 2208 1029 2265 Filium
1054 2220 1162 2264 non
1190 2208 1447 2280 ignorare
1475 2205 1746 2271 dicamus,
1780 2200 1998 2258 audisse
2024 2212 2141 2255 me-
2241 2200 2311 2261 de
2340 2198 2546 2262 Lazaro
2572 2206 2643 2262 sit
2674 2196 2921 2264 locutus?
2955 2206 3034 2266 Ac
3065 2224 3132 2266 ne
3171 2220 3396 2281 putares
3435 2208 3565 2281 quia
3601 2206 3749 2265 semei
3780 2220 3803 2260 a

536 2312 818 2360 moramus
846 2319 861 2358 :
894 2300 992 2359 sed
1024 2312 1133 2357 non
1181 2300 1234 2356 in
1266 2298 1380 2356 Deo
1419 2308 1590 2355 sanus
1615 2338 1631 2364 ,
1663 2309 1842 2367 neque
1888 2291 2096 2365 syllaba
2122 2332 2140 2359 ,
2243 2292 2407 2356 Patre
2434 2298 2651 2357 auditus
2671 2304 2755 2357 est
2781 2300 2973 2370 Filius,
2997 2298 3245 2360 addidit:
3278 2295 3465 2376 Etego
3489 2300 3804 2370 περιαιῃῂ

535 2414 655 2467 qua:
693 2396 1006 2470 signiﬁcare
1036 2394 1216 2452 solent
1256 2393 1515 2449 indicium
1559 2387 1893 2454 voluntatis;
1924 2385 2020 2443 sed
2046 2394 2141 2441 vo-
2241 2398 2443 2462 semper
2470 2400 2549 2448 me
2574 2392 2727 2449 audis
2756 2388 2948 2468 (Ibid.,
2974 2394 3091 2469 42).
3124 2394 3267 2468 Ergo
3294 2410 3403 2453 non
3435 2394 3684 2467 subjecta
3705 2392 3807 2449 obe-

538 2490 761 2549 luntatis
793 2491 973 2546 unitas
1003 2487 1206 2544 divinis
1251 2487 1474 2559 quidem
1522 2482 1844 2556 intelligitur
1880 2478 2094 2537 arcanis
2120 2519 2138 2547 ,
2241 2482 2480 2553 ‘dientiaz,
2511 2478 2606 2542 'sed
2633 2482 2855 2543 unitatis
2876 2486 3093 2544 auditus
3124 2494 3210 2545 est
3230 2486 3606 2560 sempiternae.

539 2585 739 2640 nostris
768 2593 946 2640 autem
978 2582 1317 2653 signiﬁcatur
1345 2576 1581 2634 indiciis.
2317 2570 2439 2637 L38.
2491 2576 2754 2636 Similiter
2781 2578 2948 2652 igitur
2982 2590 3037 2638 et
3077 2581 3269 2639 audire
3302 2596 3334 2637 a
3381 2578 3551 2639 Patre
3589 2578 3805 2653 Spiritus,

608 2679 731 2735 155.
764 2677 900 2746 Quid
930 2684 1013 2731 est
1042 2689 1179 2747 ergo
1212 2686 1225 2729 :
1262 2671 1387 2728 Non
1417 2674 1551 2726 enim
1579 2688 1612 2725 a
1636 2687 1691 2726 se
1712 2667 1995 2740 loquetur?
2026 2665 2141 2722 Hoc
2242 2674 2299 2729 ει
2323 2664 2625 2730 ciarIIiCare
2669 2666 2871 2730 Filium
2914 2674 3133 2732 dicitur.
3160 2668 3487 2733 Ciariﬂcare
3526 2675 3677 2742 ideo,
3705 2674 3801 2745 quia

535 2782 639 2835 εει,
673 2784 783 2825 non
816 2770 936 2825 sine
963 2782 1050 2823 me
1078 2767 1355 2838 loquitur;
1388 2765 1513 2836 quia
1542 2762 1798 2834 loquetur
1827 2761 2135 2826 veritatem,
2242 2765 2428 2823 docuit
2478 2782 2578 2822 ητις
2619 2762 2858 2839 spiritus
2896 2778 3117 2825 sanctus
3162 2762 3360 2826 [imum
3421 2770 3522 2828 Dei
3562 2764 3805 2841 imaginem

533 2863 859 2933 sapientiam
885 2859 1109 2933 aspirat.
1133 2856 1250 2915 Non
1281 2860 1398 2914 sine
1421 2857 1579 2914 Patre
1609 2854 1870 2927 loquitur,
1894 2852 2020 2926 quia
2045 2851 2140 2908 Dei
2242 2873 2363 2914 esse
2386 2858 2674 2915 invisibilis
2698 2860 2828 2927 Dei,
2855 2870 2911 2917 et
2938 2861 3286 2932 splendorem
3317 2860 3538 2935 gloriae,
3565 2872 3618 2919 et
3653 2864 3806 2919 chara-

531 2952 766 3026 Spiritus
796 2964 909 3009 eat:
936 2966 1042 3008 non
1074 2966 1103 3007 a
1132 2965 1192 3008 se
1219 2948 1663 3021 audit,quoniam
1694 2962 1761 3003 ex
1795 2944 1904 3003 Deo
1932 2944 2140 3001 omnia.
2241 2964 2445 3009 cterem
2475 2952 2796 3009 substantia:
2819 2954 2933 3026 ejus
2957 2950 3180 3027 (Colore.
3214 2973 3268 3023 ι,
3299 2956 3413 3030 45);
3446 2952 3677 3029 Spiritus
3695 2957 3805 3012 etum

607 3044 731 3101 134.
754 3046 949 3100 Umnia
975 3045 1189 3116 accepit
1213 3059 1243 3098 a
1268 3041 1430 3098 Patre
1450 3040 1638 3107 Filius,
1661 3039 1786 3112 quia
1819 3039 1936 3110 ipse
1960 3036 2137 3092 dixit:
2242 3051 2297 3099 et
2322 3042 2376 3099 in
2405 3043 2736 3115 ρπιτῑπειιίε
2764 3053 2819 3101 ει
2847 3046 2900 3101 in
2926 3040 3213 3119 prophws
3234 3046 3454 3106 loculus
3480 3058 3569 3107 est
3596 3066 3610 3103 τ
3638 3057 3687 3105 ει
3706 3061 3806 3119 apo,

537 3139 725 3194 Omnia
753 3138 881 3193 mihi
908 3136 1102 3193 tradita
1138 3145 1257 3191 sunt
1281 3152 1313 3190 α
1344 3133 1501 3189 Patre
1525 3146 1637 3189 meo
1662 3131 1878 3205 (Matth.
1907 3142 1981 3198 ιι,
2017 3127 2136 3202 97)-
2241 3136 2364 3193 stoli
2389 3138 2620 3207 denique
2639 3146 2766 3195 tunc
2783 3139 3142 3211 perfectiores
3163 3154 3286 3199 esse
3303 3152 3617 3215 creperum,
3637 3153 3806 3215 postea-

531 3233 729 3291 Omnia
760 3232 937 3289 Patris
965 3230 1127 3289 habet
1154 3231 1369 3298 Filius;
1410 3228 1534 3301 quia
1571 3229 1768 3284 iterum
1800 3226 1915 3282 ait:
1947 3222 2137 3280 Ontnia
2159 3222 2207 3292 C
2240 3247 2401 3301 quam
2452 3231 2712 3305 Spiritum
2763 3244 3090 3307 receperunt
3135 3226 3327 3308 (Hebr.
3360 3250 3417 3308 t,
3456 3238 3484 3295 Ι
3516 3280 3532 3303 ,
3558 3235 3636 3310 2).
3681 3234 3803 3292 Nulla

532 3342 645 3400 quia
675 3326 833 3383 Pater
858 3328 1007 3381 habet
1033 3340 1146 3380 mea
1171 3334 1289 3380 sunt
1316 3322 1493 3396 (loan.
1522 3336 1644 3390 ινι,
1672 3320 1785 3394 15).
1812 3318 1880 3375 Et
1905 3332 2028 3391 qua!
2048 3331 2138 3373 π-
2241 3336 2372 3396 ει*ςο
2395 3318 2651 3382 distantia
2675 3326 2874 3383 divina:
2896 3324 3115 3385 virtutis
3134 3338 3188 3385 ct
3210 3331 3438 3402 gratiae;
3469 3344 3596 3387 nam
3616 3328 3725 3385 licet
3750 3326 3806 3381 di-

532 3420 678 3491 cepit
708 3422 825 3490 ipse
849 3434 945 3490 per
968 3416 1231 3473 unitatem
1260 3424 1494 3481 naturte,
1522 3427 1589 3470 ex
1617 3412 1736 3485 ipso
1764 3427 1860 3482 per
1886 3408 2117 3467 eamden

2239 3419 2461 3476 visiones
2488 3422 2779 3494 gratiarum
2805 3423 2942 3491 sint,
2969 3422 3102 3479 idem
3136 3434 3304 3479 autent
3331 3423 3572 3493 Spiritus
3601 3441 3620 3481 :
3645 3421 3728 3479 eth
3748 3422 3806 3475 tli-

533 3517 797 3570 unitatem
830 3510 1042 3583 accepit
1064 3516 1118 3567 et
1148 3509 1381 3581 Spiritus
1409 3552 1423 3575 ,
1454 3503 1596 3563 sicut
1619 3507 1736 3577 ipse
1764 3504 2024 3560 Dominus
2049 3501 2118 3558 Je-

2239 3512 2460 3569 uisiones
2490 3512 2892 3571 ministeriorum
2935 3517 3069 3582 sint,
3097 3518 3231 3572 idem
3267 3529 3445 3575 autem
3481 3517 3805 3575 Domitiana

532 3622 627 3664 Sus
646 3607 923 3672 ’ἀθίῖιθτλῐν
952 3604 1020 3661 de
1050 3600 1259 3675 simil“
1288 3617 1385 3657 δυο
1415 3598 1603 3657 dicens
1628 3616 1641 3652 ε
1678 3597 1957 3685 malum?“
1985 3595 2097 3650 άῖπί
2116 3636 2131 3662 ν
2240 3608 2516 3667 divisiones
2537 3614 2892 3685 Operationum
2912 3612 3035 3681 sint,
3063 3613 3201 3668 idem
3220 3620 3396 3669 autem
3417 3612 3590 3682 Deus,
3611 3612 3690 3683 qui
3714 3624 3805 3679 apt-

534 3700 598 3756 de
627 3714 738 3756 meo
780 3697 1030 3769 accipiet,
1079 3706 1125 3752 et
1174 3693 1498 3750 annuntiabil
1540 3691 1679 3748 uobis
1718 3684 1934 3763 (lbid.).
1977 3687 2119 3758 Quot

2238 3713 2382 3759 ratur
2411 3684 2657 3760 omniain
2685 3704 2920 3761 omnibus
2951 3703 2995 3779 (1
3018 3704 3139 3762 Cor.
3170 3722 3269 3776 xu,
3298 3705 3332 3761 4
3355 3716 3405 3762 et
3434 3703 3599 3779 seq.).
3624 3702 3806 3761 Divisio-

532 3809 665 3865 ergo
695 3791 931 3863 loquitur
956 3789 1226 3862 Spiritus,
1258 3786 1380 3842 Filii
1409 3798 1494 3843 est
1520 3803 1534 3840 :
1564 3784 1707 3856 quod
1746 3784 1897 3840 dedit
1924 3780 2096 3838 Filius

2240 3813 2337 3855 nes
2365 3808 2491 3854 sunt
2524 3810 2809 3856 munerum
2832 3843 2847 3868 ,
2882 3812 2990 3854 non
3022 3800 3406 3870 sep-arationes
3437 3794 3726 3855 Trinitatis.

534 3885 713 3944 Patris
739 3890 843 3941 est.
879 3882 958 3939 ita
987 3882 1121 3938 nihil
1151 3898 1183 3938 a
1215 3897 1275 3938 se
1306 3888 1401 3936 aut
1428 3878 1599 3935 Filius
1627 3878 1865 3949 loquitur
1895 3882 1984 3931 aut
2005 3871 2133 3946 Spi-
2311 3888 2434 3946 159_
2465 3891 2712 3963 Denique
2757 3887 2900 3947 idem
2940 3900 3025 3948 es,
3050 3882 3198 3948 Deus
3236 3892 3327 3965 qui
3359 3902 3631 3962 operam,
3663 3886 3805 3946 omni,

534 3981 696 4048 ritus,
728 3979 851 4052 quia
877 3976 1013 4034 nihil
1033 3987 1189 4033 extra
1221 3989 1282 4031 se
1304 3972 1548 4031 Trinitas
1570 3972 1829 4044 loquitur.

2239 3982 2292 4040 in
2320 3984 2605 4053 omnibus;
2628 3995 2687 4042 ut
2712 3986 2851 4042 scias
2879 3984 3002 4058 quia
3034 3998 3143 4041 non
3168 3994 3253 4042 est
3279 3985 3552 4042 discretio
3579 3982 3806 4055 Operatio-

605 4074 731 4130 155.
772 4072 931 4142 Quod
971 4071 1019 4127 si
1059 4069 1126 4126 ad
1164 4068 1541 4125 inﬁrmitatem
1571 4064 1804 4137 Spiritus
1838 4060 2037 4131 sancti,
2080 4071 2136 4118 ει

2240 4081 2325 4138 nis
2351 4080 2497 4140 inter
2521 4078 2688 4138 Deum
2713 4081 2928 4138 Patrem
2954 4090 3009 4137 et
3033 4078 3297 4152 Spiritum
3324 4088 3606 4148 sanctum,
3632 4073 3806 4151 quando

532 4169 823 4240 quamdam
868 4178 1153 4237 corporeae
1202 4158 1620 4219 similitudinem
1661 4157 1885 4213 vilitatis
1913 4154 1963 4212 id
1991 4154 2132 4212 deri-
2238 4191 2301 4230 ea
2342 4190 2463 4248 quae
2500 4184 2759 4246 operam,
2789 4170 3061 4244 Spiritus,
3103 4181 3361 4245 operam,
3391 4181 3452 4229 ει
3482 4172 3642 4229 pate,
3677 4170 3804 4228 Dens,

534 4264 650 4320 vati
692 4262 1032 4327 contendas;
1066 4259 1229 4315 etiam
1262 4257 1328 4313 ad
1375 4254 1501 4312 Filii
1533 4255 1788 4326 injuriam
1824 4251 2131 4317 derivabis;
2237 4265 2327 4338 qui
2361 4278 2616 4339 operatur
2643 4264 2825 4323 omnia
2858 4266 2914 4321 in
2940 4265 3214 4323 omnib,,s_
3254 4262 3388 4322 Nam
3423 4280 3557 4323 cum
3585 4270 3806 4337 Opem“,

531 4364 655 4432 quia
687 4370 742 4415 et
780 4360 850 4414 de
894 4372 954 4412 se
982 4355 1153 4411 Filius
1182 4354 1319 4410 dixit
1344 4371 1358 4408 :
1393 4350 1542 4409 Sicut
1568 4347 1756 4415 audio,
1776 4347 1963 4419 judico
1990 4362 2009 4413 ;
2038 4354 2092 4401 et

2237 4360 2417 4415 omnia
2445 4356 2501 4415 in
2524 4357 2777 4416 omnibus
2792 4358 2958 4416 Pater
2982 4378 2996 4415 :
3027 4357 3133 4414 Alii
3154 4368 3333 4415 tamen
3356 4358 3521 4415 datur
3553 4374 3644 4430 per
3665 4352 3805 4425 Spiri-

539 4450 694 4508 "Non
716 4458 881 4524 potest
897 4446 1044 4505 aliud
1067 4451 1233 4521 facere
1254 4443 1302 4499 F
1308 4444 1448 4515 ilius,
1466 4443 1564 4499 nisi
1586 4440 1725 4513 quod
1738 4439 1918 4494 viderit
1939 4439 2124 4510 facien-

2238 4464 2344 4509 tum
2390 4470 2556 4510 sermo
2586 4454 2881 4525 sapientiae,
2932 4453 3026 4509 alii
3071 4471 3240 4511 sermo
3282 4454 3527 4510 scientia:
3571 4450 3805 4509 secantis!

537 4564 635 4604 tem
667 4546 878 4602 Patrem
904 4545 1086 4618 (Joan.
1111 4559 1143 4597 ν
1166 4584 1182 4611 ,
1206 4540 1321 4613 ⁸50).
1357 4538 1415 4597 Si
1447 4536 1593 4596 enim
1630 4549 1819 4591 verum
1850 4542 1964 4601 est,
1994 4534 2122 4588 sicul

2235 4547 2468 4601 eumdem
2498 4545 2754 4620 Spiritum
2775 4589 2789 4613 ,
2840 4545 2994 4601 alteri
3021 4544 3147 4615 ﬁdes
3193 4542 3246 4601 in
3277 4545 3455 4601 eodem
3487 4544 3711 4618 Spiritu,
3737 4539 3805 4594 alii

535 4658 723 4700 verum
756 4651 861 4705 est.
893 4638 1037 4710 (illOd
1075 4638 1214 4693 dixit
1238 4633 1408 4691 Filius
1435 4653 1449 4688 ε
1486 4632 1673 4688 οιηηία
1698 4642 1815 4703 qua:
1848 4626 2005 4683 Ραιιτ
2035 4626 2129 4681 Ῑια·
2153 4622 2210 4690 Ῑ)
2232 4640 2402 4714 gratia
2431 4641 2752 4695 curationum
2781 4636 2836 4695 in
2876 4650 2980 4694 uno
3013 4637 3253 4711 Spiritu,
3284 4638 3381 4694 alii
3408 4631 3648 4713 Operatio
3673 4636 3804 4692 virts-

536 4737 636 4807 bet,
669 4753 781 4792 mea
821 4742 941 4789 sunt
980 4730 1168 4807 (Ibid.,
1200 4729 1329 4801 l9);
1360 4736 1415 4785 et
1443 4724 1744 4785 secundum
1789 4720 2128 4780 divinitatem
2234 4741 2364 4801 ιηηι,
2391 4731 2483 4787 am
2507 4730 2801 4805 ρνοριιειία,
2822 4729 2916 4787 am
2941 4731 3183 4787 άεεετεεῑο
3204 4732 3508 4804 Win-mum.
3539 4730 3634 4787 αιεί
3655 4740 3807 4804 ρεπεν.

535 4848 701 4891 unum
747 4839 830 4888 est
857 4845 978 4886 cum
1013 4828 1174 4885 Patre
1203 4824 1406 4897 Filius,
1452 4838 1618 4878 unum
1650 4837 1747 4893 per
1774 4814 2120 4876 substantiam

2231 4826 2563 4898 linguarum,
2593 4820 2687 4884 alii
2738 4824 3092 4898 interpretatio
3131 4838 3450 4880 sermonum.
3495 4823 3630 4881 Hect:
3665 4828 3806 4877 autem

536 4930 840 4989 naturalem
864 4969 879 4994 ,
909 4941 1018 4983 non
1046 4940 1187 4981 unus
1228 4921 1529 4979 secundum
1557 4913 1923 4975 Sabellianam
1961 4911 2130 4986 perﬁ-
2234 4921 2407 4975 omnia
2430 4924 2670 4994 operatur
2689 4936 2825 4976 unus
2844 4929 2996 4991 atque
3020 4919 3158 4975 idem
3186 4910 3450 4992 Spiritus,
3480 4912 3709 4977 dividens
3724 4915 3806 4973 sitt-

534 5027 701 5084 diam.
726 5023 886 5095 Quod
910 5037 1074 5079 unum
1102 5018 1289 5090 utique
1317 5023 1404 5074 est
1426 5026 1524 5089 per
1544 5012 1863 5072 substantia:
1886 5008 2135 5082 proprie-
2230 5016 2366 5091 gulis
2393 5026 2543 5088 prout
2569 5016 2677 5074 vult
2708 5012 2901 5088 (lbid.,
2928 5012 2962 5071 8
2990 5024 3038 5071 et
3066 5015 3222 5090 seq.).

533 5138 722 5191 tatem,
753 5140 858 5180 non
883 5129 1065 5193 potest
1087 5112 1361 5188 separari;
1385 5124 1441 5170 et
1467 5112 1589 5170 ideo
1619 5124 1726 5167 non
1756 5119 1936 5183 potest
1959 5106 2129 5164 Filius
2308 5106 2428 5165 MO.
2459 5106 2576 5164 Non
2606 5117 2690 5165 est
2716 5122 2849 5181 ergo
2877 5106 3131 5175 dubium,
3165 5110 3299 5180 quin
3329 5122 3391 5165 ea
3418 5115 3554 5179 Quae
3584 5112 3808 5178 aperatur

524 5224 728 5290 tacere,
755 5220 861 5275 nisi
889 5208 1035 5288 quod
1064 5210 1304 5269 audierit
1329 5220 1359 5265 a
1390 5205 1590 5274 Patre;
1620 5204 1746 5279 quia
1772 5209 1829 5261 in
1860 5212 2125 5260 aeternum
2232 5202 2421 5268 Pater,
2450 5210 2709 5273 operetur
2731 5207 2790 5258 et
2814 5201 3073 5273 Spiritus.
3100 5200 3215 5259 Nec
3240 5217 3310 5259 ex
3340 5208 3626 5272 praecepto
3646 5236 3665 5263 ,
3688 5195 3808 5252 sicut

526 5326 615 5375 est
646 5326 971 5388 permanens
1008 5309 1104 5368 Dei
1147 5304 1387 5365 Verbum
1413 5300 1590 5376 (Psal.
1620 5316 1838 5370 cunt,
1873 5298 1989 5372 89),
2024 5312 2128 5355 nec
2228 5298 2321 5371 qui
2351 5298 2709 5371 corporaliter
2739 5296 2913 5365 audit,
2942 5303 3204 5369 aperatur
3234 5311 3250 5351 :
3278 5294 3374 5352 sed
3403 5306 3479 5351 ex
3508 5295 3804 5354 voluntate.

530 5382 787 5485 umquam
816 5411 984 5465 Pater
1008 5421 1041 5461 a
1067 5404 1192 5461 Filii
1212 5401 1534 5474 operatione
1561 5396 1825 5453 dividitur
1854 5413 1870 5450 :
1902 5404 1960 5451 et
1982 5391 2127 5465 quod
2229 5392 2320 5463 qui
2348 5390 2435 5447 sui
2462 5401 2546 5448 est
2572 5390 2711 5449 liber
2737 5384 2956 5446 arbitrii
2977 5426 2997 5458 ,
3039 5404 3151 5445 non
3174 5384 3371 5444 aliena:
3395 5382 3638 5442 famulus
3675 5389 3805 5456 pote-

531 5473 786 5579 operatur
816 5504 986 5559 Filius
1023 5500 1127 5558 scit
1158 5473 1373 5555 Patrem
1406 5496 1582 5551 velle:
1616 5501 1672 5549 et
1702 5489 1850 5565 quod
1871 5490 1989 5545 vult
2020 5486 2122 5545 Pas
2229 5492 2406 5548 statis.
2435 5489 2553 5548 Non
2578 5490 2723 5547 enim
2752 5488 2907 5561 quasi
2931 5488 3116 5559 jussus
3136 5486 3524 5557 cisternam,
3559 5484 3655 5541 sed
3676 5473 3810 5553 qui

534 5574 636 5669 ter,
668 5601 838 5657 Filius
863 5600 1011 5653 novit
1038 5590 1279 5667 operari.
2228 5585 2451 5660 largitor
2473 5601 2588 5645 sua:
2614 5584 2929 5643 moderator
2955 5591 3041 5640 est
3064 5574 3354 5655 largitatis.

596 5664 764 5766 κο
788 5692 913 5748 156.
943 5664 1191 5762 Denique
1210 5702 1281 5745 ηε
1305 5686 1391 5744 vel
1420 5687 1477 5742 iu
1510 5693 1762 5755 tempore
1783 5722 1798 5748 ,
1826 5679 1915 5736 vel
1942 5680 1996 5736 tu
2030 5695 2121 5736 or-
2302 5679 2424 5737 Mi.
2457 5691 2481 5720 ε
2511 5679 2647 5739 Vide
2673 5693 2819 5735 nunc
2841 5677 3059 5735 interim
3087 5684 3266 5734 utrum
3288 5673 3479 5733 omnia
3502 5666 3715 5744 operari
3737 5664 3803 5721 di.

602 5816 627 5845 α
666 5806 901 5872 Quidam
931 5819 1087 5867 mss.,
1117 5801 1240 5873 Non
1259 5810 1422 5873 potest
1450 5798 1649 5873 aliquid
1674 5801 1861 5869 facere.
2297 5805 2317 5833 ε
2350 5788 2484 5851 Mss.
2527 5791 2766 5865 aliquot,
2804 5788 2981 5846 videro
3012 5804 3241 5845 Μυκη..
3292 5786 3473 5859 negari
3516 5796 3688 5843 nm
3715 5786 3805 5835 ιιι

601 5874 628 5917 ι’
652 5871 789 5934 Tres
817 5887 976 5943 mss.,
994 5882 1041 5930 et
1066 5871 1338 5927 divisiones
1358 5871 1738 5943 mysteriorum.
2223 5875 2410 5937 potest.
