4014 6290
529 306 631 365 775

1879 293 2128 354 saucrt
2166 294 2494 354 annuosu
3357 255 3360 258 ’
3672 299 3748 356 πθ

599 419 723 476 149.
752 415 904 474 Hane
947 416 1112 490 igitur
1142 415 1378 489 regalem
1410 414 1699 486 quamdam
1731 413 1894 468 etiam
1935 419 2125 467 sancto
2154 419 2206 479 Α
2232 413 2414 468 unitas
2446 410 2732 484 largitatis.
2765 409 2897 467 Nam
2927 411 2972 467 si
3002 409 3445 468 constitutionem
3495 424 3680 483 separes
3711 424 3755 471 et

524 511 752 584 Spiritui
786 519 1112 582 potestatem
1142 509 1546 580 Scripturarum
1576 504 1956 563 testiﬁcatione
1978 505 2129 560 dela-

527 615 671 670 tam,
702 604 746 660 si
787 603 1020 660 velimus
1063 602 1390 668 advertere,
1439 600 1598 656 facile
1632 613 1918 669 possumus
1965 613 2122 669 repe-

527 697 668 763 rire;
709 711 1008 768 omnesque
1036 695 1312 765 apostolos
1358 709 1466 749 non
1507 693 1682 748 solum
1709 691 1912 747 Christi
1956 690 2127 746 fuisse

530 790 830 861 discipulos
870 788 1219 853 revelabitur,
1271 786 1366 842 sed
1417 787 1580 842 etiam
1613 786 1788 842 Patris
1832 796 1886 841 et
1918 785 2042 840 Filii
2073 793 2128 841 et

531 882 768 953 Spiritus
808 879 984 938 sancti
1025 879 1328 935 ministros.
1375 878 1526 934 Sicut
1569 879 1732 933 etiam
1763 877 1960 933 Doctor
1996 893 2128 948 gen-

535 975 667 1031 tium
689 975 852 1030 docet
875 972 1059 1028 dicens
1091 988 1106 1026 :
1142 969 1408 1038 Quosdam
1446 969 1651 1040 quidem
1695 969 1869 1040 posuit
1899 967 2041 1023 Deus
2073 969 2129 1022 in

537 1067 768 1122 Ecclesia
791 1107 808 1134 ,
842 1066 1008 1137 primo
1045 1063 1308 1136 apostolos
1333 1104 1349 1130 ,
1408 1060 1633 1117 secundo
1671 1061 1984 1132 prophetas,
2024 1069 2127 1114 ter-

534 1162 603 1217 tio
623 1162 857 1216 doctores
885 1176 903 1213 :
927 1158 1112 1213 deinde
1143 1156 1307 1228 663
1351 1156 1585 1223 virtutes,
1627 1155 1850 1225 gratiam
1901 1153 2128 1208 curatio-

537 1273 674 1324 nem,
703 1254 1095 1327 opitulationes,
1115 1250 1548 1324 gubernationes,
1600 1264 1790 1320 genera
1831 1248 2126 1318 linguarum

533 1351 552 1423 (
576 1351 596 1408 Ι
618 1349 741 1406 Cor.
773 1365 872 1415 xn,
896 1345 1014 1420 28).

604 1441 730 1497 150.
761 1440 900 1496 Ecce
934 1440 1074 1495 [)ens
1101 1437 1281 1509 posuit
1310 1434 1607 1507 apostolos,
1639 1431 1820 1504 posuit
1835 1431 2129 1503 prophetas

531 1537 692 1606 atque
717 1533 995 1598 doctores,
1018 1530 1169 1587 dedit
1196 1530 1537 1586 curationum
1568 1528 1816 1599 gratiam,
1851 1541 2014 1597 quam
2039 1541 2129 1580 su-

529 1645 623 1701 pra
654 1627 822 1683 habes
851 1625 968 1683 dari
997 1640 1094 1696 per
1123 1623 1387 1695 Spiritum
1416 1631 1689 1685 sanctum,
1737 1618 1887 1675 dedit
1929 1633 2127 1690 genera

526 1723 855 1794 linguarum.
913 1721 1022 1777 Sed
1076 1731 1256 1776 tamen
1307 1734 1414 1774 non
1466 1731 1656 1773 omnes
1701 1717 1976 1788 apostoli,
2020 1729 2126 1770 non

2230 517 2590 580 potestatem,
2615 523 2738 580 qua:
2782 517 2900 564 erat
2926 522 3090 564 causa
3122 517 3180 564 ut
3225 523 3365 579 quos
3399 520 3629 577 posuerat
3656 525 3756 580 apo-

2230 603 2402 659 stolos
2427 600 2700 670 Christus,
2732 611 2964 673 poneret
2991 603 3153 672 Deus;
3167 601 3350 669 Pater,
3367 610 3583 672 poneret
3597 611 3642 657 et
3665 602 3758 674 Spi-

2229 697 2365 752 ritus
2386 705 2643 761 sanctus;
2673 695 2773 751 nisi
2808 695 2950 752 forte
2976 703 3036 751 ut
3052 695 3300 752 homines
3323 704 3581 766 tamquam
3605 695 3649 750 in
3662 711 3761 751 con-

2229 791 2400 844 sortio
2431 789 2789 859 possessionis
2819 798 2912 843 aut
2935 788 3077 860 juris
3101 801 3122 827 ε
3148 787 3516 860 ρι-τείιιὰίοιυιιι
3544 788 3761 844 vereban-

2233 882 2361 937 tur?
2394 881 2463 937 Et
2493 883 2617 938 ideo
2647 881 2996 940 dividebatur
3015 881 3182 955 664
3209 881 3477 954 operatio,
3525 881 3765 939 distribue-

2230 974 2389 1030 batur
2421 976 2726 1046 imperium.

2302 1069 2427 1125 154.
2460 1069 2586 1125 Htec
2608 1069 2752 1126 inter
2780 1070 2928 1142 ipsos
2961 1069 3207 1126 homines
3232 1078 3462 1140 angusta
3491 1078 3605 1125 sunt
3626 1079 3672 1125 et
3689 1070 3767 1125 mi-

2231 1172 2385 1232 nuta,
2417 1162 2510 1233 qui
2538 1163 2860 1235 plerumque
2893 1171 3072 1220 tamen
3115 1162 3331 1219 etiamsi
3356 1162 3654 1232 operatione
3684 1179 3767 1216 non

2229 1264 2559 1328 congruunt,
2592 1266 2901 1326 congruunt
2945 1257 3249 1312 voluntate.
3283 1255 3442 1312 Unde
3468 1255 3666 1326 quidam
3705 1255 3768 1308 in-

2232 1358 2538 1421 terrogatus
2565 1347 2694 1419 quid
2726 1349 2932 1404 amicus
2971 1357 3150 1404 esset:
3181 1347 3356 1415 Alter,
3397 1346 3422 1385 ι¹
3456 1347 3634 1419 inquit,
3673 1362 3766 1418 ego.

2227 1443 2284 1498 Si
2301 1457 2433 1513 ergo
2456 1441 2621 1498 homo
2636 1443 2871 1497 amicum
2898 1443 2969 1497 ita
2996 1442 3266 1510 deﬁnivit,
3282 1450 3340 1497 ut
3359 1441 3585 1498 alterum
3607 1455 3659 1498 se
3677 1456 3771 1495 esse

2229 1536 2468 1604 diceret,
2528 1551 2624 1607 per
2673 1520 2936 1592 unitatem
2979 1535 3236 1592 videlicet
3281 1535 3484 1591 amoris
3523 1544 3575 1590 et
3595 1534 3769 1605 gratia;

2231 1641 2438 1702 quanto
2475 1631 2647 1703 magis
2698 1631 2751 1685 in
2787 1631 2946 1687 Patre
2991 1638 3048 1686 et
3077 1629 3215 1686 Filio
3270 1638 3326 1684 et
3381 1628 3580 1700 Spiritu
3624 1636 3775 1682 sancto

2232 1728 2492 1782 unitatem
2539 1725 2838 1796 majestatis
2881 1725 3157 1781 esﬁmare
3203 1722 3507 1790 debemus,
3546 1737 3655 1778 cum
3691 1737 3766 1793 per

526 1832 717 1874 omnes
744 1815 1050 1888 Ρΐοριὶθιωο
1076 1831 1185 1870 ηοιι
1214 1827 1406 1870 omnes
1436 1811 1716 1868 άοοῑοτθε·
1749 1810 1864 1866 Νοη
1913 1824 2124 1877 omnes.
2159 1815 2208 1877 B
2235 1818 2486 1875 eamdem
2518 1819 2895 1890 operationem
2929 1832 2992 1874 ac
3025 1817 3367 1874 divinitatem
3387 1817 3473 1873 vel
3504 1816 3687 1880 unitas,
3713 1814 3778 1869 vel

527 1914 701 1985 inquit
729 1911 923 1986 (lbid.,
959 1911 1071 1986 10),
1105 1911 1311 1967 habent
1330 1910 1563 1982 gratiam
1612 1910 1979 1976 curationum,
2033 1924 2129 1965 ne-

529 2023 635 2078 que
661 2021 890 2074 omnes,
949 2005 1152 2077 inquit,
1200 2005 1398 2076 linguis
1443 2005 1763 2076 loquuntur.
1810 2003 1870 2058 In
1901 2003 2130 2074 singulis

529 2101 676 2156 enim
708 2099 1024 2156 hominibus
1048 2099 1304 2154 universa
1333 2097 1472 2153 dona
1504 2097 1685 2153 divina
1709 2111 1831 2154 esse
1860 2111 1967 2152 non
2011 2110 2131 2167 pos-

530 2201 690 2246 sunt:
719 2206 820 2263 pro
843 2198 1004 2262 captu
1026 2189 1396 2260 unusquisque
1423 2188 1476 2245 id
1500 2187 1718 2260 accipit,
1743 2188 1887 2258 quod
1917 2195 2012 2242 aut
2035 2187 2128 2242 de-

532 2283 778 2349 siderat,
810 2291 906 2338 aut
927 2293 1189 2338 meretur.
1221 2280 1332 2337 Sed
1359 2297 1467 2336 non
1499 2280 1661 2350 hujus
1699 2278 2035 2335 inﬁrmitatis
2057 2280 2130 2334 si-

533 2375 682 2433 milis
705 2375 945 2447 potentia
973 2374 1276 2441 Trinitatis,
1316 2389 1436 2445 qua:
1459 2373 1708 2439 omnium,
1728 2371 1980 2428 muniﬁca
2005 2387 2130 2444 gra-

535 2472 732 2527 tiarum
759 2479 864 2528 est.

606 2564 728 2622 151.
763 2565 1031 2636 LDenique
1072 2563 1254 2636 posuit
1296 2563 1573 2634 apostolos
1616 2563 1778 2618 Deus.
1837 2561 1950 2617 llos
1992 2575 2131 2632 quos

533 2659 676 2715 Deus
708 2658 888 2729 posuit
917 2657 970 2712 in
1004 2656 1270 2723 Ecclesia,
1295 2655 1542 2712 Christus
1562 2655 1750 2726 elegit,
1779 2663 1805 2691 ει
1833 2662 1889 2709 et
1911 2662 2132 2724 aposto-

532 2751 616 2807 los
636 2749 932 2816 ordinavit,
957 2757 1013 2805 et
1035 2750 1088 2805 in
1119 2748 1307 2805 orbem
1338 2747 1539 2805 dixerit
1568 2748 1759 2804 dicens
1794 2764 1807 2800 :
1837 2746 1920 2802 Ite
1947 2748 2003 2801 in
2045 2763 2132 2801 or-

535 2843 648 2899 bem
705 2843 1000 2898 universum
1024 2884 1041 2911 ,
1093 2852 1141 2898 et
1184 2842 1462 2914 pradicate
1490 2838 1836 2913 Evangelium
1883 2839 2133 2894 universa:

528 2947 800 2995 creaturae.
827 2937 931 3004 Qui
953 2936 1254 3004 crediderit,
1278 2946 1324 2992 et
1346 2936 1638 3008 baptizatus
1656 2934 1833 3005 fuerit,
1859 2934 1941 2988 hic
1958 2932 2132 2988 salvus

531 3033 628 3088 erit
649 3049 668 3086 :
695 3031 792 3103 qui
805 3047 924 3086 vero
954 3046 1056 3086 non
1077 3030 1374 3096 crediderit,
1399 3028 1748 3083 damnabitur.
1777 3027 1944 3100 Signa
1961 3036 2133 3081 autem

533 3123 793 3179 credentes
820 3123 920 3177 ista
941 3131 1218 3194 sequentur
1235 3138 1254 3176 :
1286 3121 1341 3175 in
1367 3120 1575 3176 nomine
1615 3134 1728 3174 meo
1757 3118 2014 3174 dtemonia
2037 3119 2130 3187 eji-

2235 1925 2384 1970 certe
2411 1915 2464 1970 id
2494 1914 2634 1984 quod
2658 1913 2895 1984 amplius
2933 1923 3055 1980 est,
3082 1913 3334 1974 ταυτότης
3364 1911 3505 1968 sicut
3525 1910 3694 1967 Graece
3713 1909 3779 1963 di-

2231 2009 2392 2077 citur,
2424 2008 2809 2078 exprimatur?
2843 2017 2866 2044 θ
2897 2010 3057 2064 ταυτὸ
3084 2005 3400 2063 enimidem
3427 2004 3705 2076 signiﬁcat;
3731 2019 3780 2058 co

2231 2103 2374 2175 quod
2408 2102 2554 2159 idem
2585 2101 2783 2157 habeat
2804 2107 2859 2157 et
2877 2100 3037 2157 Pater
3067 2109 3122 2156 et
3146 2099 3315 2156 Filius
3341 2107 3398 2154 et
3427 2097 3655 2170 Spiritus
3683 2112 3781 2153 san-

2232 2207 2386 2264 ctus;
2415 2205 2476 2252 ut
2500 2196 2642 2252 idem
2677 2195 2835 2260 velle,
2862 2205 2917 2252 et
2943 2194 3088 2251 idem
3122 2207 3285 2264 posse
3309 2209 3417 2251 non
3449 2207 3520 2248 ex
3543 2189 3784 2248 affectione

2234 2291 2306 2346 sit
2335 2290 2663 2356 voluntatis,
2694 2288 2794 2346 sed
2823 2289 2876 2344 iu
2901 2287 3202 2344 substantia
3235 2287 3539 2342 Trinitatis.

2307 2383 2429 2440 155.
2458 2382 2586 2439 Haec
2609 2393 2692 2440 est
2722 2381 2739 2420 ί
2790 2383 3104 2454 apostolicae
3136 2381 3261 2438 ﬁdei
3289 2389 3346 2438 et
3373 2379 3670 2437 devotionis
3692 2378 3778 2432 ha:-

2236 2475 2467 2542 reditas,
2501 2491 2662 2548 quam
2696 2475 2824 2532 licet
2843 2485 2897 2532 et
2925 2491 2994 2531 ex
3023 2474 3264 2546 ipsorum
3303 2473 3665 2544 apostolorum
3683 2487 3784 2527 con-

2235 2571 2477 2628 siderare
2499 2571 2748 2627 Actibus.
2778 2571 3086 2627 Paruerunt
3111 2584 3241 2640 ergo
3287 2568 3493 2624 Paulus
3522 2576 3578 2626 et
3617 2567 3786 2622 Barna-

2235 2663 2333 2719 bas
2352 2662 2526 2718 sancti
2551 2661 2787 2734 Spiritus
2831 2661 3132 2733 imperatis.
3181 2660 3489 2716 Paruerunt
3531 2670 3584 2716 et
3624 2671 3779 2714 omnes

2235 2761 2472 2832 apostoli
2497 2803 2512 2827 ,
2543 2761 2832 2833 statimque
2863 2776 2958 2817 eos
2986 2775 3124 2832 quos
3147 2759 3395 2832 separari
3419 2761 3654 2831 jusserat
3689 2757 3786 2830 Spic

2235 2861 2376 2914 ritus
2395 2901 2410 2926 ,
2439 2857 2831 2914 ordinaverunt
2860 2873 2876 2910 :
2907 2857 3162 2927 Separate
3181 2898 3196 2923 ,
3226 2856 3419 2928 inquit,
3454 2857 3580 2911 mihi
3605 2854 3787 2911 Paulum

2235 2963 2282 3007 et
2309 2950 2606 3006 Barnabam
2646 2951 2792 3019 (Act.
2844 2965 2971 3019 xm,
2995 2949 3076 3022 4).
3114 2949 3322 3006 Videtis
3359 2949 3606 3020 jubentis
3649 2949 3786 3019 impe-

2235 3043 2418 3099 rium?
2447 3043 2706 3114 Spectate
2734 3043 2930 3099 merita
2953 3042 3348 3099 servientium?

2313 3135 2436 3192 156.
2467 3135 2710 3192 Credidit
2737 3135 2973 3202 Paulus;
2999 3145 3057 3192 et
3076 3136 3200 3208 quia
3223 3135 3484 3204 credidit,
3514 3135 3675 3193 studia
3696 3149 3788 3206 per-

532 3219 690 3285 cient,
739 3218 932 3290 linguis
973 3217 1248 3287 loquentur
1280 3215 1450 3282 nouis,
1481 3222 1742 3283 serpentes
1770 3213 1983 3279 tollent;
2014 3220 2060 3266 et
2089 3212 2128 3266 si

2240 3229 2510 3284 secuturis
2536 3229 2758 3298 abjecit,
2791 3243 3050 3284 coronam
3093 3229 3317 3300 justitia:
3345 3229 3661 3301 reportavit.
3692 3227 3789 3283 Cre-

536 3311 856 3381 mortiferum
881 3308 1008 3380 quid
1041 3306 1281 3372 biberint,
1309 3321 1410 3360 non
1427 3305 1498 3360 eis
1517 3303 1717 3360 nocebit
1743 3322 1758 3358 :
1786 3320 1941 3375 super
1965 3320 2132 3375 wgros

532 3420 714 3458 manus
736 3404 1074 3474 imponent,et
1094 3401 1219 3455 bene
1240 3397 1889 3472 habebunt(.l!arc.xvr,15
1905 3407 1951 3450 et
1973 3397 2128 3470 seq.).

536 3496 680 3554 Ecce
696 3496 958 3570 doctores
978 3493 1163 3565 posuit
1191 3493 1376 3560 Pater,
1401 3492 1583 3564 posuit
1612 3493 1775 3548 etiam
1799 3490 2048 3547 Christus
2078 3492 2132 3544 in

537 3590 838 3655 Ecclesiis;
871 3598 927 3645 et
977 3588 1121 3643 sicut
1167 3585 1329 3642 Pater
1371 3587 1462 3641 dat
1489 3586 1717 3657 gratiam
1769 3583 2130 3650 curationum,

537 3682 611 3736 ita
637 3680 731 3736 dat
759 3687 812 3736 et
841 3678 1042 3745 Filius;
1095 3677 1236 3734 sicut
1286 3676 1446 3733 Pater
1474 3676 1568 3732 dat
1597 3677 1738 3733 dona
1781 3675 2084 3747 linguarum
2113 3714 2129 3742 ,

537 3771 609 3828 ita
630 3773 857 3846 largitus
886 3780 970 3828 est
997 3780 1052 3827 et
1072 3769 1271 3826 Filius.

609 3865 734 3923 152.
759 3865 1023 3922 Similiter
1051 3863 1119 3920 de
1155 3870 1346 3919 sancto
1375 3861 1584 3934 Spiritu
1607 3875 1772 3933 supra
1801 3861 2128 3932 accepimus,

533 3961 659 4033 quia
681 3960 874 4016 eadem
899 3959 1196 4030 gratiarum
1215 3972 1416 4028 genera
1447 3957 1731 4027 largiatur.
1780 3955 1947 4011 Datur
1975 3956 2129 4023 enim,

535 4053 726 4125 inquit,
755 4068 845 4123 per
872 4051 1128 4122 Spiritum
1155 4050 1246 4104 alii
1275 4049 1441 4122 gratia
1457 4051 1806 4114 curationum,
1829 4049 1921 4103 alii
1945 4063 2132 4120 genera

535 4146 849 4218 linguarum,
879 4143 972 4198 alii
993 4143 1266 4216 praphetia
1292 4141 1344 4215 (Ι
1378 4140 1498 4197 Cor.
1533 4143 1621 4208 12,
1651 4141 1708 4210 9,
1741 4142 1853 4212 10).
1878 4143 2020 4213 Ergo
2041 4156 2132 4196 ea-

535 4240 658 4298 dem
682 4242 777 4296 dat
806 4239 1062 4312 Spiritus,
1089 4254 1212 4310 qum
1237 4237 1332 4293 dat
1364 4237 1558 4304 Pater,
1589 4236 1683 4292 dat
1726 4237 1890 4292 etiam
1938 4236 2129 4291 Filius.

536 4333 881 4405 Accipiamus
914 4347 1058 4388 nunc
1083 4333 1418 4403 expressius,
1443 4331 1586 4402 quod
1611 4330 1860 4401 superius
1880 4330 2133 4401 praeliba-

537 4430 736 4496 vimus,
762 4426 886 4499 quia
913 4426 1057 4482 idem
1084 4425 1230 4498 quod
1261 4425 1421 4481 Pater
1450 4432 1506 4480 et
1531 4424 1703 4480 Filius
1721 4465 1734 4490 ,
1766 4424 1929 4478 etiam
1956 4422 2123 4493 Spiri-

537 4530 624 4578 tus
642 4531 865 4576 sanctus
894 4517 1115 4575 mandet
1143 4517 1406 4585 ofﬁcium,
1433 4516 1766 4588 eosdemque
1793 4517 2123 4583 constituat;

2237 3320 2376 3376 didit
2409 3321 2498 3377 ille
2520 3321 2611 3392 qui
2634 3321 2908 3378 Ecclesias
2937 3322 3259 3379 devastabat
3281 3340 3294 3377 :
3317 3322 3412 3379 sed
3438 3337 3721 3379 conversus
3739 3319 3789 3375 ad

2237 3412 2419 3478 ﬁdem,
2445 3413 2774 3483 praedicabat
2799 3414 2852 3468 in
2874 3413 3100 3484 Spiritu,
3126 3424 3150 3463 ε
3173 3414 3319 3486 quod
3337 3414 3581 3486 Spiritus
3602 3416 3789 3485 impera-

2236 3504 2348 3560 bat.
2375 3503 2621 3576 Ungebat
2641 3505 2900 3562 athletam
2925 3521 3082 3562 suum
3110 3507 3372 3578 Spiritus,
3399 3520 3459 3566 et
3483 3509 3696 3581 pulvere
3713 3507 3789 3561 itu-

2235 3597 2452 3667 pietatis
2473 3611 2723 3664 excusso,
2754 3597 3151 3656 debellatorem
3176 3599 3481 3657 inﬁdelium
3510 3599 3789 3658 ineluctabi-

2235 3689 2344 3745 lem
2368 3689 2534 3746 variis
2556 3691 2848 3762 impiorum
2885 3694 3368 3764 congressionibus
3396 3695 3687 3758 offerebat,
3727 3702 3789 3746 at-

2235 3798 2340 3854 que
2369 3782 2437 3838 ad
2467 3783 2715 3839 bravium
2743 3799 2996 3856 superna:
3023 3787 3324 3842 vocationis
3348 3789 3402 3843 in
3444 3787 3662 3844 Christo
3684 3786 3786 3842 Jesu

2234 3875 2465 3932 diversis
2488 3875 2834 3946 passionibus
2865 3877 3149 3934 erudiebat
3169 3878 3309 3952 (Act.
3345 3896 3421 3947 ιι,
3453 3880 3528 3936 20
3563 3891 3610 3935 et
3632 3877 3762 3949 sed).

2310 3969 2434 4026 157.
2465 3969 2740 4026 Barnabas
2766 3986 2981 4042 quoque
3005 3971 3260 4038 credidit,
3314 3984 3371 4032 et
3399 3976 3531 4045 quia
3557 3973 3787 4035 credidit,

2234 4062 2432 4132 paruit.
2460 4061 2646 4133 itaque
2665 4064 2841 4119 sancti
2868 4064 3103 4136 Spiritus
3124 4065 3334 4122 electus
3377 4068 3610 4140 imperio
3632 4109 3647 4133 ,
3674 4063 3785 4137 quod

2236 4154 2284 4210 ei
2309 4154 2374 4210 ad
2405 4170 2567 4211 omne
2602 4156 2872 4213 redundat
2919 4159 3128 4229 insigne
3172 4161 3497 4218 meritorum
3524 4203 3541 4228 ,
3571 4178 3670 4216 non
3714 4158 3791 4212 fuit

2237 4257 2389 4305 tanto
2410 4249 2666 4322 indignus
2691 4251 2946 4324 collegio.
2973 4252 3092 4310 Una
3118 4254 3262 4309 enim
3305 4256 3485 4326 gratia
3513 4253 3730 4328 fulgebat
3751 4251 3789 4304 in

2235 4341 2348 4409 his,
2376 4358 2511 4412 quos
2537 4341 2774 4414 Spiritus
2803 4359 2943 4401 unus
2972 4344 3233 4416 elegerat.

2309 4437 2436 4493 158.
2468 4436 2579 4493 Nec
2605 4437 2804 4494 Paulus
2845 4438 3071 4495 inferior
3090 4439 3276 4509 Petro,
3295 4443 3551 4514 quamvis
3591 4443 3677 4498 ille
3707 4439 3785 4494 Ec-

2235 4530 2419 4587 clesia:
2473 4530 2928 4599 fundamentum,
2987 4542 3043 4590 et
3098 4533 3186 4589 hic
3235 4537 3460 4607 sapiens
3502 4536 3792 4591 architectus

535 4617 674 4672 dixit
701 4614 845 4673 enim
881 4613 1083 4670 Paulus
1115 4633 1128 4670 :
1158 4614 1418 4669 Attenditc
1444 4613 1585 4669 vobis
1605 4655 1620 4681 ,
1661 4621 1709 4667 et
1753 4612 1890 4667 omni
1939 4613 2079 4684 gregi
2107 4655 2122 4681 ,
2151 4624 2205 4686 D
2231 4623 2410 4680 sciens
2441 4624 2668 4696 vestigia
2699 4625 3041 4682 credentium
3063 4626 3294 4685 fundare
3332 4629 3683 4701 populorum:
3711 4637 3790 4679 ηρε

533 4711 591 4766 in
618 4723 718 4781 quo
755 4713 924 4779 posuit
950 4722 1037 4763 vos
1075 4707 1300 4778 Spiritus
1350 4716 1558 4762 sanctus
1597 4703 1913 4779 episcOposb
1955 4722 2130 4779 regere

535 4803 823 4859 Ecclesium
845 4800 945 4856 Dei
969 4799 1104 4874 (Act.
1137 4816 1230 4866 xx,
1257 4798 1378 4872 28).

607 4897 735 4954 155.
764 4893 956 4953 Unitas
993 4894 1156 4966 igitur
1182 4894 1430 4964 imperii,
1467 4895 1651 4950 unitas
1678 4897 2086 4953 constitutionis
2108 4937 2123 4963 ,

607 5074 634 5102 ει
671 5061 831 5118 Rom.
857 5060 988 5118 edit.
1023 5059 1162 5126 sola,
1197 5067 1242 5114 et
1267 5058 1523 5129 apostolos
1553 5060 1856 5129 nominavit.

605 5135 634 5174 ι)
672 5134 898 5202 Quidam
928 5146 1084 5198 mss.,
1108 5146 1283 5202 regere
1304 5128 1592 5202 Ecclesium
1618 5128 1853 5186 Domini.

612 5218 635 5246 ε
676 5201 1388 5276 Mss.aliquot,_pr¢ejudicio
1419 5202 1740 5266 verebantur,
1794 5204 1886 5276 alii
1930 5206 2125 5276 majori

537 5291 768 5352 numero
793 5284 850 5332 et
868 5273 1217 5352 auctoritate,
1251 5286 1356 5328 nec
1387 5287 1506 5352 uon_
1524 5287 1716 5352 oumes
1744 5274 1900 5352 edit._,
1935 5273 2130 5352 prteju-

539 5350 735 5404 eliciunt
770 5347 1093 5402 verebantur.
1118 5343 1260 5399 Infra
1289 5358 1418 5397 vero
1456 5343 1546 5396 ubi
1592 5358 1784 5398 omnes
1812 5343 1945 5401 edit.
2003 5343 2126 5404 cum

541 5421 725 5490 paucis
754 5431 912 5485 mss.,
934 5416 1290 5490 destruebatur
1325 5413 1828 5490 imperium;_plures
1859 5419 2128 5490 puum-es-

539 5484 649 5572 que
663 5505 796 5545 mss.
827 5484 996 5557 magis
1024 5487 1270 5557 apposite
1297 5485 1582 5552 exhibent,
1612 5484 2006 5544 distribuebatur
2033 5492 2131 5546 im-

539 5577 760 5624 perium.

615 5628 643 5666 ά
679 5630 818 5697 Quin
855 5629 959 5685 hoc
985 5630 1092 5685 loci
1135 5629 1206 5684 ab
1237 5625 1529 5683 Ambrosio
1577 5625 1786 5684 Tullius
1815 5629 2127 5697 designetur

545 5699 676 5757 nulli
704 5699 1032 5756 dubitamus.
1058 5701 1228 5770 Hujus
1252 5714 1384 5754 vero
1405 5699 1728 5754 sententiam
1751 5714 1818 5756 ex
1837 5701 2008 5772 ipsius
2029 5705 2125 5760 lib.

2234 4716 2454 4785 Paulus,
2477 4717 2720 4788 inquam,
2746 4717 3001 4790 indignus
3025 4720 3404 4791 apostolorum
3427 4722 3676 4794 collegio,
3696 4733 3791 4774 cum

2235 4810 2409 4881 primo
2439 4827 2655 4884 quoque
2681 4811 2844 4870 facile
2872 4813 3262 4884 conferendus,
3285 4826 3342 4873 et
3363 4817 3501 4873 nulli
3527 4815 3788 4875 secundus.

2232 4903 2367 4960 Nam
2399 4907 2492 4976 qui
2523 4921 2586 4963 se
2610 4907 2878 4978 imparem
2908 4909 3104 4977 nescit,
3134 4908 3264 4965 facit
3285 4911 3575 4982 aqualem.

2233 5067 2296 5141 de
2315 5068 2569 5141 ΔΑιηίεἱιὶιι
2596 5069 2814 5141 petitam
2840 5072 3126 5129 citavimus
3152 5073 3220 5129 ad
3247 5075 3522 5132 Ambrosii
3547 5076 3638 5132 lib.
3669 5090 3718 5130 ιιι
3743 5071 3792 5125 dc

2233 5138 2395 5214 Ofﬁe.
2419 5138 2699 5214 cap.ult.,
2721 5143 2813 5199 ubi
2836 5148 3014 5214 agitur
3043 5146 3114 5202 de
3143 5145 3386 5201 amicitia
3417 5156 3472 5203 et
3513 5149 3716 5204 amicis.

2305 5220 2328 5247 θ
2351 5211 2605 5268 Nonnulli
2638 5229 2772 5269 mss.
2800 5217 2857 5271 τὸ
2871 5211 3032 5274 Bibrax";
3054 5232 3070 5283 ;
3089 5226 3201 5273 vet.
3228 5216 3603 5277 εάἰι.ταυτὸν;
3626 5216 3790 5274 melius

2235 5281 2402 5366 item.“
2417 5293 2482 5366 et
2509 5285 2599 5340 alii
2623 5300 2779 5366 mss.,
2806 5281 3335 5366 rauré,_id'an,tttnde
3360 5294 3633 5366 ταυτότης.
3659 5303 3790 5366 illum

2237 5355 2578 5446 i'den'titatem
2653 5358 2842 5414 dicunt
2888 5360 3228 5431 philusOphi,
3279 5369 3335 5416 et
3386 5364 3469 5418 cui
3529 5355 3792 5434 opponitur

2237 5447 2316 5482 ετε
2323 5447 2476 5490 ροτης
2484 5469 2497 5482 ο

2234 5499 2333 5622 ιιιδῖ
2375 5499 2510 5555 Tres
2541 5513 2697 5568 mss"
2729 5503 3018 5572 αροειοιίεα
3054 5503 3204 5575 ﬁdes,
3226 5511 3276 5559 et
3298 5504 3584 5561 devotionis
3605 5501 3793 5560 heredi-

2257 5586 2314 5623 αδ

2309 5610 2335 5683 έ
2375 5639 2512 5699 Tres
2537 5658 2697 5710 mss.,
2733 5644 2887 5711 Quod
2909 5645 3050 5703 Deus
3077 5647 3383 5722 imperabat.
