4014 6290
264 307 371 362 777

1422 310 1512 366 DE
1553 307 1823 369 SPIRITU
1865 310 2135 370 SANCTO
2170 311 2297 369 LIB.
2340 312 2432 368 lll.
3467 321 3571 377 778

1435 492 1780 584 LIBER
1854 501 2390 586 TERTIUS.

1758 657 2090 682 l—u—n

691 741 856 814 eos
882 741 1109 800 CAPUT
1175 738 1465 796 PRIMUM.

264 832 392 889 Non
416 841 619 890 tantum
645 837 920 908 prophetas
949 845 998 890 et
1035 835 1296 908 apostolos
1345 851 1378 888 a
1425 834 1632 902 Spiritu
1654 836 1858 902 missos,

335 942 512 982 verum
554 927 706 982 etiam
733 925 932 981 Filium
953 925 1073 983 Dei.
1103 927 1364 982 Probatur
1396 927 1450 980 id
1475 944 1538 982 ea:
1568 927 1724 983 Esaia
1748 969 1763 993 ,
1815 937 1864 983 et

337 1020 691 1092 evangelistis,
720 1035 974 1090 quamque
1011 1020 1073 1076 ob
1095 1036 1306 1075 causam
1331 1019 1565 1074 eumdem
1610 1019 1864 1089 Spiritum

336 1113 469 1166 sicut
495 1112 787 1167 columbam
815 1113 1137 1169 descendisse
1163 1131 1226 1167 ac
1253 1129 1409 1184 super
1440 1111 1705 1167 Christum
1757 1129 1869 1168 ma-

337 1223 458 1262 nere
496 1206 669 1262 Lucas
721 1209 1026 1277 scripserit,
1075 1210 1372 1279 exponitur.
1440 1206 1644 1262 Dehinc
1691 1209 1868 1262 eadem

336 1299 529 1354 Christi
547 1301 792 1354 missione
804 1302 1134 1371 conﬁrmata,
1155 1299 1351 1355 Filium
1371 1318 1402 1354 a
1422 1300 1583 1354 Patre
1598 1312 1646 1355 et
1669 1300 1869 1371 Spiritu

337 1410 440 1448 non
461 1409 609 1449 secus
624 1411 686 1448 ac
699 1395 958 1465 Spiritum
975 1413 1005 1449 a
1025 1395 1186 1452 Patre
1203 1407 1250 1451 et
1267 1394 1411 1450 Filio
1434 1397 1568 1450 mitti
1582 1397 1866 1467 colligitur.

341 1487 396 1544 1.
427 1488 712 1558 Superiori
743 1488 887 1544 libro
914 1488 1070 1563 (Cap.
1106 1489 1198 1556 12)
1232 1489 1577 1546 evidentibus
1628 1490 1875 1546 testimo-

265 1581 372 1638 niis
401 1581 812 1653 Scripturarum
830 1582 1120 1639 docuimus
1145 1583 1430 1654 apostolos
1457 1583 1829 1654 etprOphetas
1859 1626 1873 1650 ,

263 1675 392 1732 illos
430 1676 500 1732 ad
545 1677 989 1748 prophetandum
1015 1720 1030 1744 ,
1061 1677 1160 1734 hos
1219 1677 1288 1733 ad
1323 1677 1810 1749 evangelizandum
1841 1692 1872 1732 a

261 1779 461 1828 sancto
485 1771 720 1842 Spiritu,
745 1771 888 1828 sicut
915 1787 943 1826 a
978 1772 1139 1828 Patre
1170 1781 1225 1828 et
1251 1787 1281 1826 a
1311 1771 1454 1827 Filio
1483 1780 1507 1808 α
1534 1771 1872 1827 destinatos:

262 1877 411 1919 nunc
439 1862 729 1934 adjicimus
765 1863 912 1934 quod
941 1878 1135 1919 omnes
1160 1866 1284 1933 jure
1311 1863 1601 1930 mirentur,
1634 1874 1690 1919 et
1716 1862 1875 1918 dubi-

262 1963 385 2011 tare
416 1969 526 2011 non
559 1956 791 2026 possint,
821 1957 962 2027 quod
986 1957 1222 2027 Spiritus
1247 1972 1412 2028 super
1444 1954 1724 2013 Christum
1751 1973 1766 2022 ;
1821 1967 1878 2012 et

259 2048 410 2120 quod
466 2048 610 2104 sicut
655 2049 750 2104 ille
801 2049 1064 2119 Spiritum
1097 2049 1272 2115 misit,
1303 2060 1360 2106 et
1386 2048 1591 2106 Filium
1626 2049 1723 2106 Dei
1753 2049 1879 2120 Spi-

1902 742 1954 801 A
1980 756 2101 796 cmn
2134 739 2295 796 Patre
2323 749 2380 796 et
2401 741 2540 796 Filio
2586 741 2688 796 sibi
2715 757 2838 797 esse
2883 745 3220 800 consortium
3248 786 3263 813 ,
3297 749 3399 803 nisi
3433 747 3571 806 forte

1971 835 2271 890 invalidum
2319 835 2616 903 credimus,
2651 845 2707 891 ut
2734 837 2786 892 in
2810 853 2876 892 eo
2916 837 3224 909 baptizetur
3274 843 3524 899 servulus
3550 887 3565 911 ,

1970 930 2024 984 in
2052 944 2160 998 quo
2193 929 2498 999 baptizatus
2527 940 2611 984 est
2640 929 2924 985 Dominus.

2020 1024 2072 1078 5.
2096 1023 2330 1079 Pulchre
2351 1032 2529 1078 autem
2559 1022 2696 1078 dixit
2723 1039 2736 1077 :
2766 1023 3061 1079 Manentem
3081 1041 3236 1097 super
3256 1043 3372 1082 eum
3388 1026 3566 1100 (Joan.

1970 1131 2010 1180 ι,
2042 1114 2132 1186 55)
2161 1133 2174 1180 ;
2207 1117 2333 1186 quia
2359 1116 2425 1170 ad
2468 1115 2760 1186 prophetas
2789 1119 3005 1187 quoties
3043 1119 3262 1174 volebat
3295 1121 3533 1190 Spiritus
3557 1163 3570 1186 ,

1969 1208 2136 1282 666
2166 1210 2252 1266 vel
2277 1210 2820 1279 inspirabatverhum
2850 1252 2864 1277 ,
2906 1210 2993 1266 vel
3044 1211 3307 1266 iaciebat:
3353 1228 3572 1283 semper

1971 1315 2152 1356 autem
2182 1302 2436 1357 manebat
2463 1303 2514 1357 in
2552 1300 2792 1358 Christo.

2043 1395 2096 1449 6.
2129 1393 2242 1450 Nec
2271 1409 2485 1450 rursum
2513 1403 2762 1461 moveat,
2795 1395 2941 1466 quod
2969 1412 3123 1467 super
3154 1413 3267 1450 eum
3292 1397 3462 1462 dixit;
3506 1399 3574 1453 tle

1975 1489 2116 1545 Filio
2142 1491 2286 1545 enim
2316 1489 2550 1544 hominis
2581 1489 2922 1560 loquebatur,
2953 1491 3079 1561 quia
3110 1491 3252 1546 sicut
3281 1490 3448 1546 Filius
3477 1491 3575 1546 lto-

1975 1584 2136 1639 minis
2165 1582 2562 1652 baptizabatur.
2589 1580 2720 1636 Nam
2753 1583 3054 1638 secundum
3095 1583 3437 1640 divinitatem
3466 1599 3573 1639 non

1975 1690 2140 1746 super
2166 1674 2441 1730 Christum
2469 1684 2553 1730 est
2579 1675 2832 1744 Spiritus,
2863 1675 2959 1730 sed
2990 1675 3044 1730 in
3073 1675 3327 1743 Christo;
3355 1677 3479 1744 quia
3501 1679 3576 1733 si-

1977 1776 2069 1820 cut
2096 1767 2257 1822 Pater
2287 1767 2338 1820 in
2372 1766 2531 1831 Filio,
2562 1765 2803 1821 etFilius
2831 1766 2884 1821 in
2914 1765 3092 1833 Patre,
3119 1767 3193 1822 ita
3221 1769 3316 1824 Dei
3340 1767 3579 1838 Spiritus

1978 1868 2034 1914 et
2055 1859 2296 1930 Spiritus
2321 1857 2526 1914 Christi
2555 1866 2612 1912 et
2654 1858 2708 1912 in
2738 1859 2898 1914 Patre
2926 1867 3012 1914 est
3061 1868 3118 1915 et
3144 1862 3195 1914 in
3227 1860 3371 1916 Filio
3403 1902 3418 1927 ,
3444 1861 3574 1933 quia

1977 1953 2092 2009 oris
2121 1963 2204 2008 est
2225 1953 2484 2022 Spiritus.
2514 1950 2693 2006 Manet
2712 1952 2858 2006 enim
2887 1951 2939 2006 in
2969 1951 3083 2007 Deo
3113 1952 3204 2024 qui.
3234 1967 3300 2009 ex
3329 1953 3442 2010 Deo
3468 1962 3576 2022 est,

1979 2047 2120 2101 sicut
2158 2046 2420 2115 scriptum
2450 2053 2534 2099 est
2566 2062 2578 2099 :
2615 2044 2730 2098 Nos
2776 2054 2945 2099 autem
2986 2062 3088 2099 non
3129 2045 3368 2116 spiritum
3419 2047 3578 2120 hujus

261 2139 406 2196 ritus
435 2141 605 2196 misit.
643 2140 786 2198 Dicit
817 2143 964 2198 enim
994 2141 1166 2198 Filius
1217 2143 1310 2198 Dei
1344 2161 1359 2197 :
1414 2143 1651 2212 Spiritus
1692 2143 1871 2198 Domi-
1901 2135 1948 2196 Β
1975 2140 2157 2195 mundi
2176 2139 2487 2209 accepimus,
2521 2139 2611 2192 sed
2637 2140 2873 2208 spiritum
2904 2141 2990 2208 qui
3025 2156 3087 2194 ex
3114 2139 3224 2195 Deo
3248 2151 3322 2195 est
3367 2140 3425 2212 (1
3453 2141 3575 2196 Cor.

260 2234 316 2287 ni
339 2249 493 2305 super
513 2249 613 2302 me,
643 2244 852 2303 propter
876 2235 1015 2304 quod
1059 2236 1207 2290 unxit
1234 2253 1334 2303 me,
1358 2238 1708 2307 evangelisare
1738 2254 1867 2307 pauo

263 2327 491 2398 peribus,
519 2326 658 2381 misit
697 2343 806 2393 me,
841 2327 1124 2397 praedicare
1151 2328 1367 2400 captivis
1413 2330 1792 2397 remissionem,
1819 2339 1868 2384 et

263 2420 419 2476 cccis
447 2420 612 2474 visum
660 2418 832 2492 (Esai.
880 2436 993 2485 ut,
1031 2419 1421 2489 l).Quodcum
1447 2421 1516 2477 de
1535 2421 1869 2478 libroEsaia:

265 2512 508 2584 legeret,
541 2512 618 2567 ait
647 2511 700 2566 in
730 2510 1037 2583 Evangelio
1074 2528 1089 2566 :
1125 2512 1298 2567 Hodie
1333 2513 1590 2584 completa
1639 2514 1870 2585 851"th

268 2605 550 2676 Scriptura
578 2605 633 2660 in
659 2605 872 2660 auribus
927 2605 1110 2662 uestris
1134 2604 1314 2678 ,(Luc.
1349 2621 1426 2676 tv,
1452 2605 1546 2678 21)
1572 2622 1588 2673 ;
1617 2617 1674 2662 ut
1699 2607 1769 2663 de
1810 2621 1870 2662 se

267 2699 475 2757 dictum
503 2714 625 2755 esse
645 2698 905 2770 signaret.

344 2793 397 2851 2.
433 2793 580 2866 Ergo
608 2794 796 2849 mirari
825 2807 1118 2864 possumus
1143 2795 1189 2849 si
1244 2803 1299 2849 et
1329 2793 1626 2864 prophetas
1653 2800 1706 2849 et
1733 2807 1867 2863 apo-

269 2888 450 2945 stolos
475 2887 713 2958 Spiritus
743 2887 894 2944 misit
935 2904 1060 2945 cum
1087 2885 1340 2944 Christus
1368 2888 1574 2945 dixerit
1598 2907 1611 2942 :
1644 2888 1873 2961 Spiritus

271 2979 488 3036 Domini
509 2997 662 3052 super
684 2998 764 3038 me
791 2979 984 3052 (lbid.,
1028 2983 1146 3052 18)?
1177 2983 1246 3038 Et
1277 2982 1440 3048 bene,
1483 2998 1637 3051 super
1661 2998 1763 3048 me,
1791 2980 1875 3036 di-

273 3075 392 3138 xit,
437 3075 563 3146 quia
619 3075 776 3146 quasi
820 3074 964 3132 ﬁlius
1017 3061 1257 3131 hominis
1310 3075 1660 3146 loquebatur.
1707 3073 1872 3140 Quasi

267 3165 422 3223 ﬁlius
451 3167 595 3223 enim
625 3166 862 3226 hominis
883 3177 941 3224 et
964 3176 1162 3224 unctus
1184 3175 1241 3224 et
1262 3168 1462 3222 missus
1489 3174 1574 3222 est
1601 3163 1669 3220 ad
1697 3163 1875 3220 Evan-

269 3261 477 3332 gelium
502 3260 934 3332 pratdicandum.

323 3355 378 3410 5.
397 3354 505 3410 Sed
519 3355 565 3409 si
583 3370 690 3409 non
705 3354 949 3411 creditur
966 3354 1127 3421 Filio,
1142 3353 1364 3410 audiant
1380 3352 1545 3410 etiam
1566 3351 1779 3408 Patrem
1799 3351 1876 3406 lo-

272 3458 533 3522 quentem
553 3448 680 3520 quia
694 3447 934 3519 Spiritus
951 3447 1165 3504 Domini
1182 3463 1346 3519 super
1364 3445 1667 3502 Christum.
1684 3442 1711 3482 δ
1737 3442 1878 3499 Dicit

1970 2248 2030 2301 ιι,
2062 2232 2172 2298 12).
2207 2231 2274 2286 Et
2302 2237 2485 2286 manet
2506 2230 2558 2283 in
2590 2227 2810 2284 Christo
2832 2272 2847 2296 ,
2900 2230 3044 2298 quia
3074 2229 3295 2285 Christo
3322 2232 3536 2302 accepit
3563 2250 3574 2285 :

1970 2338 2026 2382 et
2055 2327 2108 2381 in
2153 2323 2376 2381 Christo
2403 2333 2523 2390 est,
2571 2324 2696 2394 quia
2729 2324 2924 2378 iterum
2959 2325 3225 2394 scriptum
3253 2333 3372 2379 est:
3405 2336 3427 2363 ο
3473 2324 3580 2380 Ille

1970 2417 2158 2472 demeo
2173 2416 2388 2486 accipiet
2401 2413 2824 2487 (Joan.xv1.lh):
2847 2424 2899 2469 et
2917 2414 3184 2470 alibizLea:
3205 2416 3579 2485 enimSpiritus

1971 2509 2089 2564 vita:
2115 2509 2169 2562 in
2198 2505 2403 2562 Christo
2438 2505 2566 2562 Iesu
2597 2506 2828 2561 liberavit
2859 2523 2939 2562 me
2957 2524 2987 2559 a
3009 2508 3119 2581 lege
3145 2509 3339 2578 peccati
3357 2519 3406 2564 et
3434 2526 3580 2564 utor-

1972 2599 2220 2674 tis(Rom.
2245 2599 2448 2668 vm,2).
2464 2598 2585 2654 Non
2605 2614 2736 2669 ergo
2757 2599 3052 2654 secundum
3069 2599 3407 2656 divinitatem
3422 2601 3582 2659 Chri-

1972 2692 2041 2748 sti
2059 2707 2223 2763 super
2243 2691 2522 2746 Christum
2542 2699 2649 2757 est,
2685 2691 2809 2759 quia
2825 2705 2930 2745 non
2951 2705 3117 2761 super
3132 2706 3192 2746 se
3206 2700 3288 2747 est
3313 2691 3578 2761 Trinitas,

1973 2785 2070 2841 sed
2090 2798 2254 2854 supra
2277 2783 2481 2848 omnia,
2511 2798 2674 2853 supra
2689 2797 2750 2838 se
2766 2791 2949 2838 autem
2969 2797 3074 2838 non
3089 2794 3196 2852 est,
3215 2784 3310 2840 sed
3328 2787 3380 2841 in
3398 2801 3458 2842 se
3476 2797 3579 2842 est.

2047 2878 2102 2932 7.
2133 2877 2266 2945 Quis
2306 2891 2438 2947 ergo
2465 2875 2675 2931 dubitet
2699 2877 2824 2945 quia
2866 2876 3165 2946 prophetas
3193 2886 3250 2933 et
3299 2879 3582 2948 apostolos

1977 2970 2214 3041 Spiritus
2245 2969 2412 3035 misit,
2441 2983 2564 3024 cum
2604 2967 2751 3023 dicat
2776 2967 2871 3024 Dei
2899 2967 3104 3024 Filius:
3139 2969 3373 3040 Spiritus
3399 2970 3583 3025 Domi-

1976 3062 2030 3116 ni
2052 3078 2206 3134 super
2235 3077 2313 3115 me
2342 3059 2495 3132 (Luc.
2525 3075 2598 3124 tv,
2632 3058 2764 3129 18)?
2795 3059 2861 3114 Et
2887 3060 3015 3116 alibi
3045 3079 3058 3115 :
3088 3059 3205 3133 Ego
3226 3078 3337 3115 sum
3361 3063 3580 3132 primus,

1978 3167 2027 3213 et
2052 3174 2142 3232 ego
2170 3159 2225 3211 in
2246 3165 2526 3211 (sternunt:
2555 3164 2603 3208 et
2659 3169 2842 3208 manus
2867 3169 2980 3207 mea
3023 3153 3262 3224 fundavit
3289 3165 3501 3222 terram,
3534 3167 3582 3211 et

1980 3251 2189 3306 dextera
2219 3265 2331 3303 mea
2369 3247 2609 3302 solidavit
2637 3248 2821 3301 caelum
2839 3262 2858 3300 :
2885 3245 3074 3300 vocabo
3123 3263 3230 3313 eos,
3259 3257 3306 3301 et
3341 3249 3580 3304 astabant

1980 3342 2161 3407 simul,
2192 3351 2241 3396 et
2262 3338 2708 3410 congregabantur
2738 3354 2933 3405 omnes,
2968 3349 3016 3392 et
3033 3339 3266 3395 audient.
3300 3339 3432 3407 Quis
3475 3341 3583 3397 illis

1981 3435 2089 3489 hwc
2115 3433 2469 3488 denuntiauit?
2494 3431 2729 3503 Diligens
2756 3441 2830 3496 te,
2861 3433 2962 3503 feci
2983 3433 3296 3487 uoluntatem
3318 3445 3459 3488 tuam
3479 3435 3550 3488 ad
3565 3463 3583 3476 -

273 3545 421 3600 enim
437 3543 653 3599 Joanni:
671 3542 845 3613 Super
856 3559 1004 3614 quem
1020 3542 1253 3597 uiderisS
1262 3543 1472 3611 piritum
1489 3541 1876 3596 descendentem

1986 3545 2160 3584 uersus
2183 3528 2521 3600 Babylonem,
2552 3536 2606 3580 ut
2635 3525 2848 3580 tollatur
2878 3541 3047 3580 semen
3066 3523 3451 3581 Chaldaeorum.
3473 3526 3584 3598 Ego

273 3637 342 3691 de
369 3637 516 3702 caelo,
539 3610 885 3691 etmanenteni
918 3653 1075 3706 super
1104 3653 1241 3701 eum,
1263 3610 1354 3690 hic
1370 3637 1544 3706 estqui
1565 3635 1793 3703 baptizat
1829 3634 1876 3687 in

1992 3624 2192 3679 locutus
2221 3639 2354 3689 sum,
2384 3633 2433 3676 et
2463 3635 2558 3692 ego
2581 3619 2790 3674 vocavi:
2810 3619 3007 3674 adduxi
3027 3635 3164 3685 eum,
3197 3630 3244 3674 et
3277 3637 3584 3690 prosperum

277 3731 485 3800 Spiritu
504 3739 678 3786 sancto
693 3729 1040 3803 (Joan.t,33).
1060 3731 1200 3786 Dixit
1213 3731 1315 3785 hoc
1330 3731 1474 3786 Deus
1491 3729 1651 3786 Pater
1663 3728 1881 3784 Joanni:

273 3822 518 3880 Joannes
528 3823 1368 3890 etaudivit,etvidit,etcredidit.
1387 3823 1645 3880 Audivita
1663 3823 1884 3890 Deo,vi-

274 3916 356 3972 dit
375 3918 428 3972 in
443 3917 693 3985 Domino,
711 3917 949 3974 credidit
974 3917 1100 3988 quia
1115 3917 1356 3988 Spiritus
1378 3928 1519 3983 erat,
1543 3916 1633 3988 qui
1651 3916 1882 3972 descen-

275 4008 525 4066 dehatde
553 4010 842 4066 ctelo.Non
873 4011 1018 4066 enim
1049 4011 1326 4078 columba,
1348 4011 1444 4068 sed
1469 4011 1608 4067 sicut
1629 4011 1881 4067 columba

277 4101 602 4169 descendit;
630 4102 711 4158 sic
740 4103 886 4159 enim
911 4104 1175 4174 scriptum
1200 4113 1285 4159 est
1320 4121 1333 4157 :
1372 4101 1436 4156 Et
1465 4102 1571 4158 vidi
1620 4102 1883 4172 Spiritum

278 4194 671 4251 descendentem
701 4196 765 4250 de
791 4197 940 4262 caelo,
973 4198 1104 4250 sicut
1128 4196 1418 4251 columbam
1449 4195 1643 4268 (Marc.
1675 4212 1714 4262 ι,
1763 4196 1879 4268 10).

353 4285 407 4342 4.
443 4286 596 4344 Sicut
631 4286 874 4344 Joannes
916 4288 1122 4345 vidisse
1176 4303 1238 4345 se
1267 4288 1445 4354 dixit,
1477 4289 1549 4344 ita
1581 4289 1799 4360 scripsit
1828 4298 1884 4346 et

279 4378 528 4435 Marcus:
558 4376 735 4434 Lucas
759 4387 938 4434 autem
973 4379 1182 4434 addidit
1211 4378 1360 4450 quod
1387 4380 1659 4450 corporali
1695 4380 1882 4450 specie

280 4468 566 4528 descendit
609 4469 850 4540 Spiritus
871 4482 1127 4540 sanctus,
1168 4473 1313 4528 sicut
1330 4472 1584 4528 columba
1603 4471 1756 4546 (Luc.
1782 4488 1878 4540 nt,

279 4562 420 4633 22);
472 4577 540 4618 ne
597 4563 1031 4620 incarnationem
1083 4564 1233 4620 illam
1258 4574 1479 4636 putares
1523 4567 1733 4633 fuisse,
1785 4566 1881 4623 sed

279 4653 542 4725 speciem.
580 4651 708 4709 Ideo
737 4662 917 4710 autem
948 4654 1190 4725 speciem
1211 4655 1524 4727 praetendit,
1551 4665 1613 4712 ut
1640 4671 1740 4728 per
1753 4671 1880 4727 spe-

280 4745 427 4802 ciem
458 4743 713 4802 crederet
743 4782 758 4808 ,
821 4746 913 4816 qui
963 4745 1225 4816 Spiritum
1268 4762 1375 4802 non
1407 4747 1651 4813 videbat,
1684 4756 1738 4805 et
1786 4763 1885 4818 per

281 4841 527 4908 speciem
559 4837 870 4894 declararet
896 4839 1056 4895 unius
1084 4839 1310 4895 honoris
1331 4840 1384 4894 in
1415 4840 1645 4911 imperio
1665 4881 1682 4907 ,
1725 4840 1885 4896 unius

282 4932 622 5003 operationis
662 4931 718 4988 in
768 4934 1031 5005 mysterio
1055 4974 1072 5002 ,
1127 4934 1290 4988 unius
1312 4936 1555 4988 muneris
1587 4933 1639 4988 in
1670 4933 1884 4990 lavacro

1985 3719 2082 3772 iter
2103 3717 2211 3787 eius
2241 3715 2360 3784 feci.
2389 3713 2626 3769 Accedite
2645 3712 2715 3767 ad
2753 3728 2850 3777 me,
2891 3723 2941 3766 et
2993 3712 3170 3768 audite
3201 3712 3329 3768 lucc.
3357 3711 3482 3768 Non
3521 3713 3584 3768 ab

1983 3811 2134 3865 initio
2157 3811 2211 3864 in
2237 3809 2436 3864 occulto
2471 3809 2670 3862 locutus
2696 3822 2842 3861 sum:
2861 3807 3307 3876 cumﬁerent,illic
3323 3823 3480 3861 erant.
3520 3807 3584 3861 Et

1987 3919 2120 3957 nunc
2135 3901 2386 3956 Dominus
2398 3898 2538 3955 Deus
2562 3901 2720 3967 misit,
2748 3898 3045 3972 etlSpiritus
3067 3899 3179 3968 ejus
3205 3897 3374 3968 (Esai.
3393 3913 3584 3966 xum,

1988 3995 2056 4050 12
2066 4005 2112 4050 et
2127 3993 2280 4065 seq.).
2299 3993 2431 4062 Quis
2447 4001 2549 4058 est,
2574 3992 2666 4062 qui
2683 3991 2813 4047 dicit
2838 4009 2852 4045 :
2879 3991 3026 4046 Misit
3047 4007 3126 4045 me
3139 3989 3394 4044 Dominus
3416 3991 3580 4057 Deus,

1983 4098 2030 4142 et
2060 4088 2291 4158 Spiritus
2320 4087 2461 4157 ejus;
2489 4084 2593 4140 nisi
2617 4085 2708 4155 qui
2740 4085 2889 4140 venit
2914 4099 2943 4138 a
2972 4083 3155 4150 Patre,
3190 4091 3249 4138 ut
3295 4083 3481 4138 salvos
3506 4084 3586 4140 fa-

1985 4192 2137 4239 ceret
2165 4179 2522 4252 peccatores?
2551 4179 2725 4246 Quem
2764 4188 2824 4234 ut
2849 4177 3004 4233 audis
3027 4218 3043 4246 ,
3074 4186 3121 4231 et
3148 4176 3378 4247 Spiritus
3406 4178 3548 4232 misit
3573 4196 3591 4245 ,-

1986 4291 2055 4332 ne
2075 4290 2195 4331 cum
2237 4274 2374 4346 legis
2413 4273 2540 4343 quia
2561 4273 2734 4329 Filius
2770 4272 3032 4344 Spiritum
3072 4271 3267 4339 mittit,
3311 4271 3588 4329 inferioris

1983 4383 2107 4426 esse
2134 4369 2394 4440 Spiritum
2417 4367 2674 4423 crederes
2698 4366 3006 4436 potestatis.

2056 4466 2108 4522 8.
2143 4467 2285 4538 Ergo
2309 4475 2366 4522 et
2404 4465 2568 4522 Pater
2598 4463 2795 4520 Filium
2815 4463 2982 4530 misit,
3023 4471 3079 4519 et
3117 4462 3390 4534 Spiritus:
3416 4463 3589 4534 Spiri-

1986 4569 2101 4616 tum
2129 4574 2348 4631 quoque
2373 4569 2428 4614 et
2455 4558 2619 4615 Pater
2647 4557 2798 4612 misit
2822 4597 2838 4622 ,
2861 4566 2917 4612 et
2946 4554 3118 4610 Filius
3143 4573 3155 4608 :
3191 4555 3354 4612 Pater
3398 4557 3546 4612 misit
3571 4599 3584 4616 .

1987 4655 2113 4726 quia
2155 4655 2418 4723 scriptum
2463 4660 2589 4708 est:
2649 4649 2951 4705 Paraclitus
3003 4656 3177 4704 autem
3215 4649 3307 4704 ille
3353 4649 3590 4722 Spiritus

1987 4758 2220 4812 sanctus,
2259 4761 2408 4814 quem
2436 4745 2600 4798 mittet
2629 4741 2788 4797 Pater
2817 4743 2873 4797 iu
2893 4740 3102 4796 nomine
3127 4756 3243 4796 meo
3273 4739 3584 4812 (Joan.xtv,

1989 4842 2108 4914 26).
2137 4840 2306 4895 Filius
2331 4838 2514 4903 misit,
2539 4837 2665 4908 quia
2694 4835 2861 4890 dixit:
2892 4820 3023 4888 Cum
3052 4836 3251 4889 uenerit
3275 4843 3446 4888 autem
3495 4832 3588 4887 ille

1995 4934 2302 5007 paraclitus,
2335 4947 2486 5000 quem
2517 4946 2609 5000 ego
2634 4928 2834 4983 mittam
2847 4927 2988 4982 vobis
3020 4944 3053 4982 a
3077 4926 3277 4994 Patre,
3325 4925 3590 4996 Spiritum

361 5055 396 5122 ξ
417 5045 508 5101 Sic
535 5046 760 5122 Amerh.
793 5056 848 5102 et
883 5047 1038 5122 Eras.
1061 5062 1184 5103 cum
1209 5055 1362 5122 parte
1385 5027 1516 5100 mss.
1547 5045 1722 5122 :_Gill.
1749 5061 1880 5104 vero
1903 5059 1958 5122 ι)
1985 5062 2099 5104 sam
2127 5061 2142 5111 ;
2174 5041 2537 5122 ἀθξὶηἰιβηίπῑι
2563 5047 2686 5122 PP“
2715 5036 2806 5122 lu?
2833 5035 2999 5122 Xerba
3033 5051 3185 5122 ηψη-
3346 5032 3585 5122 ΨῨῘΨΨ

282 5127 342 5174 et
364 5117 524 5173 Rom.
553 5118 685 5174 edit.
710 5133 832 5174 cum
863 5118 968 5173 alia
996 5131 1170 5189 parte,
1203 5119 1520 5189 designatos.
1557 5117 1735 5189 Porro
1767 5129 1876 5174 vet.

282 5191 419 5246 edit.
453 5190 524 5245 ab
563 5191 718 5245 initio
741 5190 902 5260 hujus
923 5188 1118 5260 capitis
1147 5188 1422 5260 usquead
1456 5188 1620 5245 verba
1663 5188 1777 5254 illa,
1812 5189 1882 5244 Et

283 5260 551 5316 Dominus
580 5263 721 5316 misit
753 5277 855 5334 me,
890 5272 935 5316 et
961 5261 1179 5332 spiritus
1203 5264 1336 5334 ejus,
1369 5260 1648 5334 quzejnl‘ra
1672 5277 1822 5316 num.
1850 5263 1882 5316 7

282 5335 665 5395 continentur,
698 5333 1071 5401 praefationem
1101 5332 1456 5389 constituunt.
1486 5332 1622 5387 Tum
1644 5334 1883 5399 ascripta

283 5405 471 5470 titulo,
509 5404 647 5472 Quia
666 5403 896 5476 Spiritus
925 5420 1076 5476 super
1112 5404 1410 5476 Christum:
1431 5413 1482 5476 et
1534 5407 1667 5476 sicut
1712 5404 1885 5459 Filius

283 5477 550 5546 Spiritum
579 5473 739 5539 misit,
762 5477 833 5530 ita
863 5485 908 5530 et
933 5473 1160 5544 spiritus
1200 5473 1246 5527 F
1250 5476 1395 5530 ilium
1419 5473 1519 5530 Dei
1541 5475 1700 5541 misit,
1723 5485 1887 5543 caput

284 5549 313 5602 1
352 5549 566 5602 orditur
589 5549 657 5600 ab
688 5547 794 5602 illis
823 5547 1001 5603 verbis
1025 5564 1039 5601 :
1084 5547 1210 5614 Quis
1239 5556 1314 5602 est
1341 5549 1428 5618 qui
1456 5548 1604 5614 dicit,
1633 5557 1739 5602 etc.
1773 5546 1878 5602 Ve-

282 5634 406 5676 rum
433 5620 607 5688 multo
635 5620 951 5673 concinnius
982 5619 1136 5673 Rom.
1169 5618 1300 5683 edit,
1331 5634 1400 5675 ex
1431 5619 1624 5688 majori
1647 5633 1877 5673 numero

283 5703 426 5746 mss.
463 5687 834 5758 praefationem
864 5691 1009 5744 illam
1038 5705 1161 5745 cum
1183 5691 1432 5760 sequenti
1455 5687 1635 5760 capite
1667 5689 1880 5759 redegit

281 5763 340 5818 in
363 5774 534 5816 unum
557 5769 742 5832 caput.
766 5760 1021 5817 Nonnulli
1055 5771 1236 5817 tamen
1265 5760 1877 5832 mss.pr:el‘atiunculam

281 5832 456 5894 etiam
477 5831 768 5902 exhibent,
796 5833 891 5888 sed
933 5833 1179 5902 pauculis
1223 5831 1474 5890 versibus
1509 5831 1879 5904 comprehen-

814 5923 1093 5988 ΡΑτιιοι..
1138 5923 1312 5986 XVI.

1985 5135 2089 5174 non
2122 5107 2342 5185 possint:
2364 5107 2572 5185 deinde
2591 5111 2717 5185 locq
2731 5107 3186 5185 titqliﬁpqnunlur,
3201 5118 3586 5185 quag‘sequuu-

1987 5201 2076 5247 tur
2107 5174 2161 5242 i'n
2193 5195 2365 5248 textu,
2391 5182 2645 5238 nimirum
2678 5178 2830 5245 Quod
2854 5174 3091 5248 Spiritus
3105 5191 3279 5248 super
3301 5174 3584 5248 Christum,

2073 5259 2210 5330 quod
2233 5243 2363 5330 sicut
2384 5253 2474 5309 ille
2503 5243 2763 5330 Spiritum
2785 5243 2949 5330 misit,
2973 5257 3019 5302 et
3043 5243 3586 5330 FiliuntHDeiSpiri:

1986 5315 2273 5389 tus'misit.
2304 5326 2438 5395 Quae
2475 5315 2694 5395 quidem
2735 5321 3068 5396 verbereum
3107 5319 3161 5372 in
3212 5316 3334 5369 aliis
3377 5315 3588 5396 aliquot

1987 5387 2120 5461 mss.
2144 5387 2548 5462 desiderentur,
2571 5404 2628 5452 et
2653 5396 2708 5447 in
2732 5391 2960 5461 reliquis
2977 5405 3085 5445 non
3107 5400 3266 5442 secus
3287 5401 3351 5440 ac
3378 5387 3431 5440 in
3447 5387 3584 5441 edit.

1987 5474 2317 5532 conveniant
2341 5483 2465 5525 cum
2500 5467 2658 5522 titulo
2682 5476 2848 5531 supra
2875 5467 3462 5528 memorato,suspecta
3491 5473 3588 5512 no-

1990 5549 2078 5602 bis
2103 5554 2229 5600 sunt
2251 5540 2395 5596 haud
2420 5537 2794 5594 mediocriter.

2057 5617 2085 5657 b
2124 5617 2373 5682 Quinque
2399 5603 2859 5682 mss.,_d_icit_enim
2879 5602 3132 5682 Joannes.

2061 5699 2084 5728 ο
2127 5667 2261 5742 ius.
2287 5667 2522 5751 aliquot,
2542 5667 2663 5751 'llle_
2681 5673 2744 5751 de
2769 5689 2850 5726 me
2870 5667 3247 5751 accipiet.nSed
3264 5669 3378 5751 sive
3400 5669 3463 5751 de
3484 5686 3589 5737 me,

1985 5760 2104 5816 sive
2127 5740 2191 5811 de
2234 5769 2345 5809 meo
2367 5740 2519 5822 legas
2549 5743 2779 5820 perinde
2803 5753 2920 5810 est;
2951 5740 3072 5799 cum
3101 5740 3289 5798 Greece
3330 5740 3595 5800 habeatur

1984 5831 2080 5889 ἀπ’
2117 5833 2244 5900 ἐμοῦ
2255 5867 2266 5880 .

2916 5907 2996 5970 25
