4014 6290
280 317 381 374 τ81

1428 316 1516 372 DE
1557 310 1830 374 SPIRH‘U
1866 316 2141 376 SANUI‘O
2176 318 2308 376 LIB.
2352 314 2443 377 lli.

3476 326 3581 384 7S!

281 444 494 506 pectore
543 435 672 490 etin
701 433 855 490 corde
881 443 967 489 tuo
995 432 1231 508 (Jerem.
1258 448 1390 499 xvn,
1418 434 1443 488 1
1479 431 1522 505 ).
1578 433 1660 490 ibi
1712 433 1877 504 igitur
1904 440 1957 500 Α
1979 435 2276 509 Apostolus
2303 436 2439 492 dixit
2467 436 2485 509 (
2514 435 2714 493 Coloss.
2740 394 2801 506 ii,
2824 436 2864 496 9
2886 439 2924 509 ),
2961 438 3086 511 quia
3116 440 3396 511 plenitudo
3440 441 3583 497 divi-

279 530 440 599 culpa
467 523 594 594 est,
636 528 723 583 ubi
748 530 920 600 gratia
955 545 968 581 :
1001 527 1096 584 sed
1142 527 1301 599 culpa
1327 528 1551 600 grapbio
1600 526 1877 594 scribitur,

281 627 451 697 gratia
500 624 708 697 Spiritu
736 624 1068 694 designatur.

354 718 443 772 l'i.
502 717 617 773 lioc
656 720 827 789 digito
858 720 1086 793 mystice
1153 719 1315 775 etiam
1360 719 1624 775 Dominus
1676 720 1877 787 Iesus,

284 810 547 865 inclinatu
600 812 795 880 capite,
842 812 1119 867 scribebat
1162 811 1220 866 in
1255 821 1422 877 terra,
1467 826 1588 867 cum
1620 827 1648 865 a
1677 811 1881 868 ludatis

283 902 529 958 adultera
552 914 699 959 esset
728 904 904 959 oblata
927 903 946 978 (
967 902 1124 959 Joan.
1154 920 1269 972 vm,
1296 902 1373 976 6)
1398 921 1415 958 :
1441 904 1754 975 signiﬁcans
1785 921 1881 976 per

284 996 536 1069 ﬁgurant,
592 998 813 1070 quando
862 998 929 1054 de
984 999 1223 1071 peccatis
1272 998 1497 1055 alterius
1524 999 1878 1070 judicamus,

283 1091 458 1147 nostri
484 1106 583 1147 nos
626 1093 826 1148 debere
853 1093 1172 1149 meminisse
1208 1093 1440 1163 peccati.

357 1184 447 1239 l6.
481 1187 559 1240 Ac
585 1200 653 1240 ne
685 1202 869 1240 rursus
896 1186 1019 1256 quia
1068 1184 1265 1259 Legem
1322 1185 1469 1242 Deus
1518 1186 1728 1255 Spiritu
1782 1201 1882 1242 suo

285 1278 528 1346 scripsit,
559 1277 793 1334 inferius
842 1278 1049 1351 aliquid
1102 1289 1380 1350 tamquam
1444 1279 1512 1335 de
1580 1282 1883 1337 ministerio

284 1368 525 1441 Spiritus
551 1370 925 1441 crederemus,
968 1372 1054 1427 vel
1104 1388 1167 1428 ex
1222 1375 1469 1444 corporis
1518 1375 1690 1431 nostri
1740 1376 1884 1429 testi-

283 1460 525 1518 matione
546 1465 857 1533 portionem
887 1462 1176 1536 quamdam
1210 1466 1460 1536 exiguam
1488 1465 1588 1522 Dei
1618 1466 1880 1539 Spiritum

282 1568 624 1628 putaremus,
658 1568 683 1594 "
716 1560 786 1613 ait
812 1560 941 1615 alibi
967 1562 1265 1630 Apostolus
1290 1562 1310 1636 (
1338 1561 1377 1617 ll
1402 1561 1522 1618 Cor.
1554 1579 1614 1629 υ,
1646 1564 1748 1635 1'5)
1775 1582 1880 1618 non

284 1663 344 1706 se
372 1649 627 1705 humana:
666 1653 912 1709 scientiae
941 1656 1122 1710 verbis
1152 1657 1323 1729 loqui,
1383 1657 1479 1712 sed
1528 1656 1707 1713 doctis
1759 1657 1884 1725 Spi-

286 1741 449 1807 titus,
468 1752 526 1798 et
542 1744 915 1813 spiritualibtts
936 1747 1198 1818 spiritalia
1213 1763 1529 1819 comparare
1556 1767 1568 1803 :
1594 1750 1881 1805 animalem

1984 531 2168 587 uitatis
2197 531 2553 602 corporaliter
2577 531 2783 587 habitat
2834 531 2888 588 in
2930 528 3169 599 Christo,
3200 543 3256 589 et
3282 533 3496 590 habitat
3523 535 3577 590 in

1983 621 2166 690 Patre,
2202 632 2256 679 et
2288 623 2499 679 babitat
2525 625 2577 680 iu
2634 626 2837 696 Spiritu
2888 635 3120 684 sancto:
3151 636 3207 683 et
3247 628 3389 700 quod
3439 628 3581 684 sicut

1983 716 2165 770 unitas
2190 715 2518 782 divinitatis,
2552 717 2626 772 ita
2666 729 2717 773 et
2749 719 2931 774 unitas
2957 719 3296 790 operationis
3330 721 3417 775 sit.

2054 809 2146 866 20.
2202 811 2357 879 Quod
2388 812 2551 866 etiam
2580 827 2645 867 ex
2670 810 2902 868 Cantica
2924 814 3125 885 Moysis
3152 813 3334 883 colligi
3362 821 3579 883 potest;

1985 902 2101 972 ipse
2136 904 2282 959 enim
2325 919 2448 959 cum
2485 920 2580 974 per
2610 906 2776 959 maria
2808 905 3138 961 traduxisset
3182 905 3439 977 populum
3486 906 3583 960 lu-

1983 994 2246 1062 d:eorum,
2275 1008 2326 1053 et
2352 997 2450 1053 Dei
2478 997 2655 1055 Patris
2681 1000 3052 1071 operationem
3078 1009 3134 1055 et
3164 998 3286 1057 Filii
3330 1013 3415 1057 εει
3448 1014 3580 1056 eou-

1982 1085 2162 1144 fessus
2189 1099 2244 1143 et
2270 1089 2505 1159 Spiritus
2531 1088 2721 1146 dicens
2755 1110 2769 1147 ε
2814 1088 3039 1146 Dextera
3088 1108 3272 1149 manus
3306 1103 3419 1159 tua,
3471 1091 3583 1148 Do-

1983 1182 2140 1243 mine,
2170 1183 2462 1255 gloriﬁcata
2501 1192 2575 1238 est
2616 1184 2667 1238 in
2707 1184 2939 1239 virtute:
2986 1185 3202 1240 dextera
3238 1202 3422 1240 manus
3466 1194 3574 1254 tua,

1984 1273 2227 1342 Domine,
2247 1276 2501 1352 confregit
2526 1276 2759 1331 inimicos
2782 1274 2986 1350 (Exod.
3006 1294 3099 1347 xv,
3129 1278 3220 1345 6).
3248 1278 3428 1335 Habes
3454 1280 3580 1348 quia

1985 1376 2040 1423 et
2058 1365 2260 1422 Filium
2290 1367 2364 1423 sit
2390 1370 2671 1425 confessus
2696 1381 2754 1425 et
2773 1367 3017 1437 Patrem,
3038 1372 3194 1442 cujus
3215 1384 3302 1429 est
3333 1372 3580 1428 dextera.

1983 1458 2055 1514 Et
2094 1459 2256 1523 intra.
2290 1476 2357 1517 ne
2380 1459 2646 1531 Spiritum
2676 1475 2924 1521 sanctum
2966 1465 3295 1536 prseteriret,
3343 1466 3581 1538 adjecit:

1987 1551 2179 1608 Misisti
2206 1554 2463 1624 Spiritum
2507 1564 2671 1619 tuam.
2707 1568 2753 1613 et
2804 1559 3069 1627 cooperuit
3111 1575 3198 1613 eos
3250 1574 3435 1614 more:
3482 1570 3507 1597 ι
3536 1569 3587 1613 et

1986 1648 2188 1719 Spiritu
2205 1651 2496 1709 iracundia:
2516 1662 2618 1709 tua:
2638 1653 2801 1708 divisa
2828 1665 2903 1710 est
2946 1671 3083 1726 aqua
3109 1653 3275 1727 (Ibid.
3300 1657 3374 1712 10
3397 1655 3438 1727 ).
3462 1657 3588 1722 Quo

1985 1743 2320 1814 signiﬁcatur
2348 1746 2527 1803 unitas
2572 1747 2896 1817 divinitatis,
2924 1764 3032 1804 non
3084 1748 3433 1821 inanium”
3455 1748 3584 1809 Tri-

294 1844 474 1889 auteut
509 1834 783 1891 hominem
840 1854 947 1894 non
981 1840 1261 1912 percipere
1304 1858 1424 1913 quae
1479 1851 1606 1897 sunt
1655 1843 1888 1915 Spiritus
1918 1829 1966 1892 Β
1995 1835 2200 1892 IlilaliS-

287 1927 383 1983 Dei
417 1943 433 1992 ;
472 1928 680 1984 sciebat
722 1930 866 1985 enim
895 1933 1041 2003 quod
1090 1933 1160 2000 is,
1200 1935 1291 2005 qui
1343 1935 1524 1989 divina
1572 1934 1889 1993 carnalibus

315 2031 653 2091 ouipararet,
682 2022 828 2079 inter
854 2025 1108 2081 animalia
1138 2036 1306 2090 esset,
1364 2042 1472 2083 non
1524 2028 1671 2083 inter
1725 2029 1889 2099 spiri-

286 2115 431 2170 tales
462 2116 711 2173 homines
736 2119 1132 2188 computandas
1167 2139 1180 2176 :
1230 2120 1399 2199 $9
1439 2121 1682 2179 Stultitia
1728 2126 1887 2193 enim,

288 2209 486 2283 inquit,
520 2208 601 2266 illi
628 2223 701 2266 est
730 2212 751 2284 (
780 2211 921 2267 Ibid.
961 2212 1026 2268 14
1050 2213 1091 2287 ).
1121 2214 1193 2270 Et
1242 2216 1364 2271 ideo
1390 2218 1516 2288 quia
1574 2219 1738 2274 sciret
1790 2219 1893 2276 itas

289 2303 504 2360 futuras
533 2321 655 2361 esse
684 2307 997 2362 animalium
1030 2309 1310 2362 hominum
1343 2310 1677 2380 quaestiones
1700 2352 1717 2379 ,
1751 2328 1889 2382 prae-

289 2410 460 2467 sagus
490 2398 653 2455 futuri
692 2399 803 2455 ait:
837 2400 967 2468 Quis
989 2401 1124 2455 enim
1152 2405 1386 2473 cognovit
1415 2420 1623 2459 sensum
1658 2403 1891 2475 Domini,

287 2493 377 2563 qui
396 2495 614 2549 instruat
635 2511 751 2551 eum
776 2496 823 2569 (ι
833 2495 939 2551 bid.
965 2495 1087 2571 i6)?
1113 2496 1220 2553 Nos
1238 2508 1418 2554 autem
1443 2514 1662 2556 sensum
1691 2498 1894 2557 Christi

288 2585 576 2644 habemus.

901 2680 1135 2740 CAPUT
1186 2684 1277 2741 IV.

290 2795 533 2862 Spiritum
557 2803 814 2864 propterea
835 2801 962 2864 quod
986 2799 1167 2868 digitus
1183 2802 1647 2867 oocatur,minorcm
1668 2816 1771 2859 esse
1788 2818 1899 2857 con-

351 2879 658 2941 tendentibus
674 2920 690 2943 ,
718 2880 898 2947 regerit
920 2880 1008 2933 hoc
1033 2896 1219 2950 quoque
1235 2885 1285 2936 in
1308 2882 1446 2951 Filii,
1466 2886 1552 2951 qui
1570 2889 1750 2939 dextra
1772 2886 1900 2940 αἰσία

355 2973 472 3031 tur,
509 2966 745 3025 iniuriam
781 2965 1007 3019 converti.
1045 2970 1167 3019 [huc
1210 2982 1328 3036 ergo
1357 2969 1546 3023 nomina
1578 2986 1672 3022 non
1708 2971 1804 3023 nisi
1834 2972 1901 3025 ad

348 3048 587 3103 uilitatem
609 3049 871 3103 diuinitatis
894 3054 1183 3116 referenda;
1202 3057 1331 3106 unde
1353 3060 1542 3123 Moyses
1565 3063 1713 3108 totam
1742 3055 1903 3110 Trini-

350 3143 504 3187 tatem
523 3136 574 3186 in
601 3135 751 3187 matis
768 3134 907 3187 rubri
934 3136 1139 3189 transitu
1159 3137 1333 3190 cecinit
1353 3147 1623 3203 operatam.
1658 3143 1764 3193 Nec
1785 3154 1902 3193 sane

2060 1927 2152 1986 91.
2176 1928 2347 2001 {Alias
2390 1931 2631 2005 ωρλν.
2667 1931 3233 2006 1Ἶωαιὶσίιυςυίισ
3268 1935 3591 2008 “Spiritus

1993 2033 2217 2080 mis
2238 2036 2572 2096 ωορκ-ειυς
2613 2026 2767 2091 Pani
2798 2020 3029 2086 emilio
3070 2033 3172 2093 ait.
3216 2039 3281 2087 ut
3304 2039 3585 2102 umquam

1993 2117 2507 2187 Manentibus
2532 2119 2789 2177 luctibus
2814 2121 2873 2175 in
2898 2121 3086 2178 medio
3138 2125 3296 2191 mari,
3327 2132 3590 2192 aquarum

1994 2208 2214 2280 quidam
2248 2225 2439 2267 murus
2468 2212 2779 2284 insurgeret
2820 2213 2890 2268 ad
2933 2217 3226 2270 transitum
3250 2214 3589 2281 deum,

1996 2310 2051 2357 et
2078 2316 2267 2357 rursus
2288 2298 2667 2376 Egyptiorum
2693 2305 2950 2378 populum
2970 2320 3072 2378 per
3086 2306 3352 2378 Spiritum
3376 2308 3592 2364 refusus

1996 2393 2254 2450 obrueret
2283 2394 2302 2468 (
2334 2392 2505 2450 Exod.
2539 2412 2652 2462 MV,
2684 2394 2816 2470 2‘2).
2846 2399 2978 2454 inde
3007 2410 3062 2455 et
3089 2400 3401 2457 columnam
3432 2400 3594 2457 nobis

1997 2487 2241 2567 plerique
2290 2492 2643 2560 praecessisse
2680 2493 2734 2547 in
2786 2491 2875 2549 die
2913 2496 3111 2566 populo
3156 2495 3497 2563 Judznorum,
3540 2508 3594 2553 et

1998 2581 2309 2637 columnam
2357 2583 2497 2654 ignis
2527 2582 2580 2639 in
2632 2594 2795 2641 nocte
2845 2587 3207 2655 arbitrantur,
3249 2604 3358 2661 quo
3404 2598 3593 2660 prote-

1999 2688 2148 2749 geret
2171 2676 2384 2745 plebem
2407 2692 2559 2733 suam
2587 2680 2756 2748 gratia
2786 2679 3046 2751 spiritalis
3070 2681 3280 2753 (Exod.
3312 2698 3433 2749 aut,
3458 2683 3590 2755 21).

2068 2769 2236 2845 67o
2261 2770 2354 2825 22.
2411 2771 2558 2827 llanc
2610 2785 2791 2829 autem
2832 2776 3204 2846 operationem
3259 2776 3380 2845 Dei,
3435 2794 3593 2849 quam

2003 2873 2148 2919 totus
2187 2865 2335 2921 orbis
2366 2866 2491 2939 jure
2519 2868 2771 2933 miratur,
2817 2867 2934 2925 sine
2965 2871 3137 2925 sancti
3162 2870 3399 2942 Spiritus
3428 2886 3597 2943 apere

2003 2972 2110 3012 non
2144 2957 2311 3013 fuisse
2368 2960 2528 3014 etiam
2589 2961 2882 3031 Apostolus
2935 2962 3255 3033 declaravit,
3311 2964 3498 3021 dicens
3544 2967 3597 3022 in

2004 3047 2174 3119 figura
2206 3049 2299 3105 illa
2335 3052 2684 3119 praeceSs‘isse
2711 3055 2973 3125 spiritalis
3003 3057 3242 3128 mysterii
3274 3058 3593 3126 veritatem;

2005 3141 2083 3195 sic
2134 3142 2280 3197 enim
2334 3144 2538 3199 babes:
2594 3144 2853 3211 Quoniam
2894 3156 3072 3218 putres
3118 3149 3282 3203 nostri
3308 3164 3482 3206 omnes
3508 3152 3601 3206 sub

354 3219 539 3307 stin.
1166 3222 1491 3288 operationem
1514 3266 1527 3289 ,
1562 3225 1644 3276 ubi
1677 3225 1900 3290 baptismi
1926 3233 1974 3300 Ω
2006 3231 2136 3287 nube
2162 3236 2393 3304 fuerunt,
2426 3245 2472 3290 et
2503 3252 2678 3291 omnes
2708 3255 2849 3292 mare
2880 3242 3218 3307 transierunt,
3260 3252 3308 3297 et
3348 3259 3521 3298 omnes
3549 3245 3602 3299 in

351 3302 523 3397 ﬁgure
540 3303 632 3369 fuit
647 3303 939 3399 {rsiﬁdent
960 3304 1016 3357 in
1030 3307 1129 3397 nec
1151 3313 1250 3399 tres
1275 3321 1508 3372 personas
1528 3324 1598 3363 es
1621 3322 1761 3374 aqua
1783 3324 1893 3376 ορε.

2007 3302 2187 3398 Moyse
2218 3328 2464 3399 baptizati
2491 3339 2609 3385 sunt
2640 3332 2691 3385 in
2740 3332 2870 3385 nube
2899 3342 2945 3386 et
2986 3333 3041 3386 in
3092 3302 3223 3387 mari
3269 3349 3288 3387 :
3338 3345 3385 3390 et
3426 3351 3601 3391 omnes

360 3386 486 3447 rari,
510 3385 908 3452 sancti/laureata
926 3388 1186 3452 Scriptura
1210 3389 1369 3442 docet.

373 3513 461 3567 17.
490 3511 665 3587 {Alias
687 3528 801 3586 cap.
830 3513 947 3581 Ill.)
979 3515 1087 3572 Sed
1114 3519 1160 3573 si
1206 3519 1328 3587 quis
1369 3516 1548 3573 adhuc
1588 3519 1900 3575 carnalibus

294 3608 534 3664 inhaeret
557 3610 851 3679 ambiguis,
882 3621 935 3666 et
958 3611 1333 3681 corporalibus
1355 3611 1857 3680 racillatexemplis
1882 3652 1897 3677 ,

295 3701 618 3758 consideret
642 3703 765 3773 quia
800 3719 907 3760 non
942 3712 1117 3776 putest
1159 3705 1297 3760 bene
1350 3706 1564 3761 sentire
1621 3705 1689 3760 de
1738 3704 1899 3773 Filio,

296 3797 392 3867 qui
422 3806 601 3866 potest
627 3797 767 3852 male
796 3797 1006 3853 sentire
1035 3797 1103 3853 de
1128 3797 1359 3869 Spiritu.
1392 3796 1524 3853 Nam
1557 3801 1601 3853 si
1630 3798 1750 3853 ideo
1777 3812 1899 3869 por-

298 3889 510 3944 tionem
562 3888 854 3960 quamdam
905 3890 1155 3961 exiguam
1216 3900 1407 3961 putant
1454 3906 1577 3946 esse
1635 3890 1897 3961 Spiritum

302 3981 401 4037 Del
424 4023 438 4045 ,
470 3978 500 4017 δ
525 3979 646 4051 quia
670 3979 879 4053 digitus
905 3982 1002 4037 Dei
1021 3982 1255 4049 dicitur;
1284 3983 1447 4038 iidem
1481 3985 1667 4052 utique
1688 3990 1747 4038 et
1778 3998 1903 4053 pqr—

300 4074 509 4128 tlonem
534 4075 787 4146 exiguam
820 4074 1010 4131 dicunt
1036 4092 1157 4132 esse
1200 4077 1252 4131 in
1287 4074 1421 4131 Filio
1450 4074 1569 4143 Dei,
1612 4076 1735 4145 quia
1763 4075 1901 4131 dex-

303 4176 420 4223 tera
454 4167 549 4224 Dei
575 4169 799 4224 dicitur.

379 4259 470 4315 18.
500 4260 609 4317 Sed
638 4259 810 4316 Filius
838 4268 893 4317 et
921 4261 1141 4317 dextera
1171 4271 1225 4316 et
1254 4261 1426 4317 virtus
1453 4260 1649 4318 dicitur
1677 4282 1688 4316 :
1717 4263 1899 4333 itaque

297 4353 345 4411 si
393 4352 558 4409 Vt'fDa
590 4362 774 4408 nostra
802 4355 1123 4424 pendamus,
1150 4352 1294 4409 nulla
1326 4363 1507 4426 pote~t
1550 4355 1667 4410 siue
1697 4355 1902 4410 virtute

300 4467 427 4509 esse
481 4453 782 4525 perfectio;
830 4464 881 4508 et
935 4452 1058 4508 ideo
1112 4462 1342 4508 caveant
1390 4468 1457 4509 ne
1508 4461 1721 4524 putent,
1756 4451 1901 4523 quod

301 4545 459 4600 nefas
487 4545 635 4599 dictu
682 4552 791 4610 est,
850 4543 1287 4615 semiperfectum
1340 4545 1393 4600 in
1445 4560 1540 4600 sua
1598 4544 1899 4601 substantia

2003 3422 2233 3477 eamdem
2284 3438 2451 3477 escam
2508 3426 2793 3495 spiritalem
2840 3427 3300 3499 manducaverunt,
3333 3441 3380 3485 et
3428 3448 3602 3490 omnes

2003 3516 2233 3569 eumdem
2258 3526 2435 3586 potum
2454 3518 2742 3590 spiritalem
2757 3519 2990 3575 biberunt
3010 3521 3071 3595 (Ῑ
3099 3523 3218 3578 Cor.
3246 3541 3303 3591 ι,
3327 3525 3352 3580 Ι
3378 3535 3425 3581 el
3442 3526 3598 3600 seq.).

2073 3607 2165 3663 25.
2217 3608 2352 3663 Nam
2392 3612 2850 3680 quemadmodum
2882 3624 3040 3687 typus
3071 3621 3400 3674 sacramenti
3428 3620 3607 3691 potuit

2002 3712 2127 3755 esse
2172 3701 2289 3756 sine
2330 3703 2650 3773 operatione
2698 3704 2934 3773 Spiritus
2984 3709 3185 3776 sancti,
3217 3712 3373 3780 cujus
3405 3713 3606 3769 Veritas

2003 3790 2181 3848 omnis
2212 3794 2262 3847 iu
2289 3792 2497 3864 Spiritu
2544 3795 2669 3851 et?
2701 3797 2855 3866 Quod
2882 3808 2940 3855 et
2990 3799 3284 3883 Apostolus
3313 3804 3499 3863 docuit
3523 3804 3607 3861 di-

2004 3900 2171 3940 cens:
2204 3884 2312 3942 Sed
2340 3886 2505 3941 abluti
2532 3889 2683 3957 estis,
2716 3890 2806 3943 sed
2850 3893 3161 3963 sanctiﬁcati
3190 3895 3335 3963 estis,
3389 3897 3479 3951 sed
3511 3901 3607 3971 ju-

2003 3979 2214 4047 stiﬁcatt'
2258 3980 2374 4033 estis
2408 3983 2463 4033 in
2491 3982 2694 4035 nomine
2726 3981 2935 4037 Domini
2976 3989 3141 4041 nostri
3168 3984 3293 4043 Jesu
3319 3989 3533 4059 Christi,
3547 4002 3605 4048 et
3674 3978 3687 3993 ‘

2002 4071 2056 4124 in
2084 4070 2286 4140 Spiritu
2318 4066 2414 4127 Dei
2454 4074 2619 4128 nostri
2652 4065 2865 4148 (ἴσον.
2900 4091 2974 4141 Vt,
3005 4076 3067 4133 il
3100 4078 3141 4150 ).

2075 4163 2166 4219 24.
2211 4158 2376 4221 Vides
2402 4164 2564 4236 igitur
2587 4166 2711 4237 quia
2740 4176 2795 4222 et
2817 4166 2982 4225 Pater
3002 4182 3264 4240 operatur
3282 4172 3334 4228 in
3356 4172 3519 4243 Filio,
3547 4186 3604 4232 et

2005 4252 2177 4312 Filius
2214 4252 2243 4295 δ
2298 4268 2558 4328 operatur
2601 4257 2655 4313 iu
2702 4259 2929 4329 Spiritu.
2982 4257 3052 4317 Et
3103 4262 3229 4319 ideo
3302 4270 3606 4326 secundum

2004 4352 2197 4408 seriem
2253 4352 2659 4421 Scripturarum
2692 4352 2802 4410 noli
2851 4356 3103 4413 dubitare
3133 4359 3187 4414 in
3215 4362 3382 4432 ligura
3412 4361 3606 4434 fuisse,

2004 4446 2146 4513 quod
2174 4447 2226 4500 in
2250 4446 2479 4502 veritate
2509 4462 2631 4503 esse
2664 4447 2778 4517 ipsa
2823 4449 2987 4504 etiam
3029 4451 3234 4508 veritas
3279 4455 3601 4514 declaravit.

2007 4539 2136 4606 Quis
2165 4541 2311 4595 enim
2342 4540 2716 4609 operationem
2767 4543 2886 4612 ejus
2936 4542 3140 4600 abnuat
3190 4545 3244 4602 in
3278 4546 3518 4619 lavacro,
3548 4552 3602 4607 in

299 4636 521 4692 Patrem
550 4636 945 4706 perfectionem
988 4638 1267 4706 accepisse
1316 4652 1415 4707 per
1455 4635 1674 4703 Filium,
1724 4645 1780 4691 et
1806 4635 1901 4692 de—
1927 4645 1981 4705 ι)
2006 4647 2113 4705 quo
2146 4635 2520 4703 Operationem
2552 4634 2694 4705 ejus,
2728 4637 2996 4693 sentimus
3036 4649 3091 4694 et
3118 4640 3392 4711 gratiam?

298 4729 482 4786 sinaut
515 4740 848 4783 consternunt
876 4728 1068 4783 Filium
1094 4728 1239 4783 Patri
1264 4744 1480 4801 negare.
1502 4727 1727 4797 Quando
1751 4727 1893 4784 enim

299 4835 411 4876 non
438 4816 541 4873 fuit
562 4818 659 4874 Dei
686 4818 908 4873 virtus?
932 4818 1086 4886 Quod
1117 4820 1162 4875 si
1193 4818 1486 4889 aliquando
1538 4830 1729 4889 putant
1786 4836 1892 4875 non

295 4912 471 4968 fuisse
501 4912 592 4967 Dei
625 4912 901 4977 virtutem,
942 4912 1233 4982 aliquando
1274 4911 1664 4981 plenitudinem
1698 4913 1751 4967 in
1784 4914 1893 4968 Deo

301 5007 467 5063 Patre
490 5006 765 5078 negabunt
806 5004 993 5071 Fuisse,
1016 5007 1102 5061 cui
1126 5013 1316 5075 putant
1337 5005 1629 5077 aliquando
1658 5004 1894 5063 defuisse

302 5100 589 5155 virtutem.

378 5191 469 5247 i9.
522 5192 633 5249 Sed
682 5192 820 5259 haec,
853 5200 912 5247 ut
962 5191 1100 5260 dixi,
1132 5192 1334 5264 scripta
1385 5201 1535 5257 sunt,
1582 5201 1640 5247 ut
1679 5192 1745 5247 ad
1780 5194 1901 5248 uui-

302 5298 473 5346 tstaa
499 5289 804 5346 divinitatis
830 5290 933 5345 ista
984 5287 1307 5357 referamus,
1330 5300 1390 5344 et
1432 5289 1720 5346 credamus
1749 5288 1901 5362 quod

303 5430 629 5503 Syriacam.
645 5442 694 5483 et
718 5446 890 5499 uaga
910 5430 1245 5503 adamantina
1264 5446 1282 5496 ;
1300 5428 1496 5500 unguis
1524 5429 1695 5494 enim,
1718 5436 1780 5481 ut
1805 5426 1904 5481 ob-

302 5501 494 5559 servat
516 5503 744 5558 Grotius
762 5504 829 5555 ad
858 5501 1110 5556 eumdem
1128 5502 1329 5567 locum,
1358 5510 1449 5556 est
1468 5503 1644 5569 ipsum
1670 5512 1901 5554 acumen

301 5574 630 5633 adamantis.
661 5574 804 5641 quod
831 5573 901 5627 ad
928 5573 1277 5628 scribendum
1307 5573 1730 5643 sculpendttutve
1748 5569 1904 5625 adhi-

303 5646 426 5701 beri
450 5647 612 5703 solet.
665 5647 836 5701 Porro
861 5644 950 5700 hic
972 5654 1155 5700 tenus
1181 5647 1234 5699 in
1264 5644 1458 5701 Greco
1484 5644 1742 5699 idiomate
1759 5643 1903 5699 desi-

304 5718 555 5773 duratur.

383 5795 411 5824 ⁸
452 5787 710 5844 Nonnulli
740 5802 896 5853 mss”
925 5789 1000 5842 ait
1026 5788 1115 5843 tibi
1144 5787 1450 5856 Apostolus.

384 5858 414 5897 ι’
436 5859 563 5916 Mss.
581 5859 845 5927 nonnulli,
869 5860 991 5931 quia
1007 5860 1237 5931 Spiritus
1257 5858 1352 5916 Dei
1374 5857 1587 5927 dicitur,
1605 5858 1902 5924 “demota.

2075 4725 2369 4798 25.[A!ias
2398 4743 2516 4798 cap.
2570 4722 2680 4801 v.1
2726 4722 2859 4783 Nam
2879 4729 3022 4786 sicut
3066 4734 3373 4790 sanctificat
3422 4734 3635 4805 Pater,~

2006 4821 2081 4875 ita
2106 4820 2403 4876 sanctiﬁcat
2419 4831 2473 4877 et
2496 4818 2687 4886 Filius,
2711 4822 3013 4878 sanctiﬁcat
3029 4836 3083 4879 et
3104 4824 3339 4896 Spiritus
3363 4841 3604 4885 sanctus.

2011 4913 2326 4970 Smctilicat
2382 4914 2572 4980 Pater,
2615 4914 2912 4970 secundum
2976 4917 3122 4986 quod
3168 4919 3431 4990 scriptum
3473 4930 3601 4978 est:

2008 5002 2152 5060 Deus
2177 5005 2319 5077 pacis
2367 5007 2650 5075 sanctiﬁcet
2700 5022 2810 5074 vos,
2844 5017 2900 5067 ut
2929 5009 3125 5081 integer
3154 5013 3370 5084 spiritus
3424 5022 3605 5085 uester,

2008 5110 2056 5155 et
2083 5101 2258 5154 anima
2303 5108 2350 5154 et
2381 5116 2569 5173 corpus
2597 5102 2708 5156 sine
2746 5103 2961 5171 querela,
2991 5102 3044 5158 in
3075 5103 3161 5158 die
3205 5100 3420 5160 Domini
3442 5110 3607 5164 nostri

2007 5192 2131 5248 Iesu
2163 5191 2358 5248 Christi
2377 5204 2608 5248 servetur
2638 5192 2694 5266 (ῐ
2720 5190 2905 5252 Thess.
2929 5214 2977 5261 ν,
3009 5196 3079 5252 25
3107 5198 3149 5268 ).
3184 5196 3255 5253 Ει
3284 5199 3410 5254 alibi
3437 5199 3603 5260 Filius

2008 5288 2177 5347 dicit:
2204 5286 2384 5355 Pater,
2414 5289 2684 5357 sanctiﬁca
2707 5305 2791 5345 eos
2812 5291 2865 5345 in
2892 5291 3103 5345 veritate
3124 5290 3306 5364 (Ioan.
3331 5307 3461 5362 xm,
3489 5294 3609 5372 17),

2079 5436 2104 5465 ο
2144 5424 2219 5491 Its
2249 5440 2382 5480 mss.
2437 5425 2663 5494 aliquot,
2714 5433 2773 5481 et
2800 5425 3022 5480 Amerb.
3068 5435 3230 5497 atque
3272 5426 3429 5484 Eras.
3478 5448 3599 5488 eum

2007 5497 2130 5553 eis:
2177 5497 2313 5569 Gill.
2346 5512 2477 5551 vero
2524 5513 2646 5551 cum
2704 5497 2826 5550 aliis
2878 5511 3007 5551 mss.
3060 5499 3303 5566 pluribus
3342 5500 3604 5569 quidquid

2007 5568 2373 5645 scquiturilla
2402 5569 2593 5631 verba,
2624 5578 2905 5645 eos-mure,
2938 5582 3109 5638 usque
3137 5569 3200 5621 ad
3242 5568 3395 5625 Vides
3423 5574 3603 5645 igitur,

2010 5641 2437 5716 praetermittunt
2468 5656 2480 5691 :
2514 5638 2951 5716 atposterlorem
2980 5648 3238 5716 partem,
3294 5638 3491 5716 nempe
3537 5638 3606 5704 ab

2011 5708 2132 5767 istis
2158 5713 2363 5775 verbis,
2394 5710 2513 5774 Quo
2540 5708 3097 5779 signiﬁcaturpnitas,
3130 5710 3262 5769 edit.
3314 5708 3475 5773 Rom.
3518 5734 3606 5774 re-

2013 5785 2216 5853 stituit:
2242 5781 2339 5838 sed
2352 5774 2461 5837 cur
2733 5774 3121 5853 repudiaret-it,
3144 5784 3472 5846 nihilcausa:
3501 5801 3604 5846 est.

2080 5852 2113 5895 ἀ
2146 5854 2279 5911 ηαδ.
2306 5850 3179 5923 ηοοιίιᾱικωνεωηηιδράνεηε.
