4014 6290
279 345 388 403 785

1409 355 1498 412 DE
1538 355 1806 414 SPIRITU
1844 355 2117 416 SANCTO
2157 361 2291 422 LIB.
2339 366 2422 423 Ill.

3481 375 3589 434 786

276 464 372 520 cit.
407 464 471 522 Et
503 467 631 525 ideo
657 469 820 526 etiam
845 472 1102 527 Salomon
1130 472 1431 543 prospexit,
1465 483 1522 528 ut
1553 472 1880 529 machaeram
1906 477 1963 540 Α
1986 475 2226 534 lescentis
2256 479 2434 553 (Dan.
2464 497 2537 548 tv,
2573 482 2634 540 21
2662 482 2704 556 ),
2732 483 2982 554 spiritum
3021 486 3076 542 in
3105 501 3172 541 eo
3224 496 3375 560 putet
3424 490 3591 547 fuisse

276 557 428 613 illam
452 559 678 631 juberet
703 563 887 620 ail‘erri
914 565 1003 636 (lli
1035 565 1164 639 lieg.
1191 581 1270 634 tu,
1299 566 1395 638 24)
1420 583 1435 632 ;
1467 567 1592 636 quia
1621 567 1879 623 simulato

279 651 425 722 quod
471 651 722 712 dividere
754 656 918 713 vellet
972 656 1275 721 infantem,
1324 658 1694 715 consideravit
1737 658 1883 730 quod

279 759 407 802 vera
435 757 612 805 mater
637 751 757 821 plus
803 752 1116 810 consuleret
1165 754 1278 810 tilio
1329 770 1491 825 quam
1542 756 1777 821 solatio;
1826 765 1882 812 et

280 841 511 913 gratiam
536 843 673 914 juri,
709 861 815 902 non
846 848 1174 919 gratimjura
1207 849 1505 920 precierret.
1544 853 1609 904 At
1632 866 1760 906 vero
1788 850 1879 904 illa

279 950 402 1005 quae
432 937 619 992 matris
658 939 944 996 simularet
967 939 1242 1010 allectum,
1272 943 1524 998 vincendi
1568 943 1747 998 studio
1776 959 1881 998 ca:-

277 1043 364 1096 ca,
396 1038 422 1066 ει
449 1030 600 1100 parvi
626 1031 856 1089 duceret
883 1033 1004 1104 ejus
1026 1035 1274 1100 exitium,
1296 1035 1347 1089 in
1372 1051 1478 1106 quo
1504 1039 1742 1091 nesciret
1765 1037 1880 1106 pie-

277 1122 406 1178 tatis
459 1123 831 1194 diSpendium.
890 1127 1076 1198 Itaque
1132 1129 1218 1184 vir
1269 1129 1362 1184 ille
1419 1129 1726 1200 spiritalis,
1783 1130 1875 1200 qui

276 1214 613 1284 diiudicaret
627 1219 812 1274 omnia
839 1220 1137 1294 (Spiritalis
1153 1223 1298 1278 cnim
1327 1223 1372 1294 (l
1401 1221 1518 1278 Cor.
1534 1239 1593 1288 tt,
1621 1223 1714 1295 15)
1735 1223 1877 1293 diju-

275 1310 415 1366 dicat
443 1314 673 1385 omnia)
731 1325 981 1371 naturam
1029 1318 1082 1372 in
1129 1317 1413 1373 aiiectibus
1453 1319 1720 1390 quaesivit,
1753 1334 1876 1389 quae

272 1401 487 1458 latebat
510 1405 562 1460 in
590 1407 818 1464 vocibus
846 1427 860 1462 :
894 1418 949 1465 et
981 1411 1240 1481 pietatem
1267 1411 1646 1480 interrOgavit,
1668 1421 1724 1465 ut
1746 1426 1874 1481 pro-

271 1492 429 1552 deret
465 1497 775 1555 veritatem.
833 1499 978 1556 Vicit
1028 1502 1213 1572 itaque
1256 1513 1432 1559 mater
1478 1502 1764 1559 charitatis
1791 1501 1874 1558 ai-

271 1585 442 1653 icetu,
474 1604 596 1658 quae
621 1588 831 1647 fructus
859 1601 947 1649 est
997 1593 1255 1664 Spiritus.
1577 1589 1602 1609 ⁸

343 1680 437 1736 38.
481 1681 759 1752 Dijudicat
791 1685 842 1740 in
869 1686 1153 1758 prepbeta,
1188 1689 1315 1759 quia
1349 1703 1445 1760 per
1485 1689 1750 1760 Spiritum
1778 1691 1873 1746 da-

271 1780 360 1829 tur
403 1789 588 1832 sermo
638 1779 922 1849 sapientia:
948 1799 962 1837 :
989 1783 1264 1851 quomodo
1308 1799 1441 1855 ergo
1472 1793 1702 1857 negatur
1722 1786 1871 1858 quod

1987 571 2262 644 hominis,
2315 592 2420 631 non
2447 576 2704 647 Spiritum
2747 589 3033 645 sanetum;
3080 580 3273 651 legate
3305 581 3358 637 in
3405 591 3588 652 poste-

1986 665 2246 735 rioribus,
2285 677 2341 724 et
2378 671 2619 727 inveniet
2644 672 2766 738 quia
2819 672 3083 742 Spiritum
3129 682 3378 730 sanctum
3430 690 3588 732 accev

1986 756 2063 825 pit
2090 757 2301 824 Daniel,
2333 768 2387 814 et
2416 760 2541 815 ideo
2569 763 2936 832 prophetavit.
2972 763 3216 834 Denique
3248 772 3305 820 et
3337 781 3434 822 rex
3459 782 3584 823 eum

1984 852 2244 921 prmtuiil,
2270 853 2394 922 quia
2426 853 2658 910 habebat
2683 857 2914 927 gratiam
2943 857 3271 926 spiritalem.
3303 859 3396 916 Sic
3439 863 3587 917 enim

1983 944 2114 999 dicit
2143 965 2156 1000 :
2186 944 2265 999 Tu
2291 957 2481 1012 autem,
2519 946 2732 1014 Daniel,
2757 960 2901 1022 potes
2925 967 2943 1016 ;
2971 952 3091 1022 quia
3115 951 3346 1024 Spiritus
3375 963 3586 1006 sanctus

1982 1034 2079 1090 Dei
2112 1037 2164 1090 in
2193 1048 2240 1093 te
2264 1048 2360 1092 est.
2389 1038 2458 1094 Et
2480 1039 2617 1094 infra
2646 1040 2927 1111 Scriptura
2984 1040 3117 1096 dicit
3146 1060 3158 1095 :
3189 1040 3255 1095 Et
3279 1044 3376 1114 fuit
3399 1042 3595 1098 Daniel

1980 1131 2286 1200 praepositus
2315 1131 2463 1197 illis;
2493 1133 2745 1199 quoniam
2773 1131 3008 1202 Spiritus
3032 1142 3144 1187 erat
3182 1150 3431 1205 superans
3451 1136 3505 1188 in
3525 1150 3586 1188 eo

1977 1219 2152 1290 (Dan.
2187 1237 2258 1283 γι,
2291 1223 2325 1277 5
2344 1220 2387 1293 ).
2416 1223 2524 1278 Sed
2552 1224 2717 1278 etiam
2746 1224 2948 1296 Moysis
2975 1224 3211 1294 Spiritus
3259 1224 3584 1294 judicaturis

1977 1311 2182 1368 divisus
2209 1323 2291 1369 est
2322 1313 2341 1387 (
2367 1313 2530 1370 Num.
2563 1332 2639 1382 xt,
2663 1317 2734 1372 25
2753 1315 2794 1388 ).

2571 1409 2802 1466 CAPUT
2843 1410 2952 1466 νυ.

1977 1494 2180 1552 Filium
2203 1500 2378 1570 ipsum
2407 1517 2510 1555 non
2525 1502 2771 1575 judicare
2794 1513 2884 1558 aut
2901 1505 3166 1559 vindicare
3192 1505 3302 1562 sine
3333 1505 3538 1576 Spiritu
3560 1524 3581 1572 ;

2046 1592 2184 1646 unde
2213 1593 2348 1648 idem
2377 1594 2610 1667 Spiritus
2665 1595 2820 1651 Verbi
2861 1599 3069 1669 gladius
3120 1600 3440 1671 appellatur.
3471 1602 3578 1657 Sed

2047 1703 2161 1740 cum
2185 1688 2410 1743 vicissim
2443 1688 2667 1744 Verbum
2695 1691 2898 1746 dicatur
2916 1692 3148 1764 Spiritus
3178 1693 3408 1765 gladius,
3432 1713 3578 1750 sumo

2045 1797 2181 1834 utam
2205 1781 2258 1834 in
2290 1791 2502 1853 utroque
2529 1785 2772 1853 potentia:
2801 1787 3050 1839 unitatem
3082 1788 3206 1841 inde
3231 1789 3494 1858 coynosci.

265 1884 509 1941 arguere
543 1874 716 1942 possit
741 1874 979 1944 Spiritus
1003 1886 1226 1932 sanctus
1261 1879 1521 1933 mundum
1547 1879 1615 1934 de
1639 1879 1867 1950 judicio,
1900 1879 1948 1940 B
2045 1872 2136 1926 44·
2178 1871 2284 1928 Scd
2315 1874 2442 1944 quid
2470 1875 2537 1930 de
2563 1875 2776 1931 caeteris
2800 1876 3134 1947 loquamur?
3179 1878 3198 1915 ί
3235 1877 3414 1949 ipsum
3467 1879 3576 1934 Do-

264 1963 360 2034 qui
391 1963 586 2034 judieii
623 1966 762 2022 tollit
791 1968 1129 2039 ambiguum,
1162 1969 1393 2042 largitur
1431 1973 1732 2027 eventum?

341 2055 583 2113 39et40.
601 2059 789 2116 Daniel
803 2075 1020 2132 quoque
1036 2063 1142 2117 nisi
1156 2063 1459 2133 accepisset
1473 2063 1570 2120 Dei
1587 2064 1871 2135 Spiritum.

275 2164 576 2220 numquam
606 2151 875 2221 potuisset
918 2153 1334 2223 deprehendere
1369 2154 1698 2210 adulterium
1753 2156 1878 2212 libi-

272 2241 444 2310 dinis,
476 2243 819 2299 mendacium
843 2245 1078 2301 fraudis.
1110 2246 1244 2302 Nam
1275 2263 1398 2303 cum
1432 2247 1685 2305 Susanna
1720 2265 1874 2319 pres-

268 2335 593 2408 byterorum
643 2339 1127 2408 conjurationibus
1169 2343 1437 2411 appetita,
1491 2341 1746 2399 inﬂexam
1776 2358 1877 2415 po-

263 2429 380 2499 puli
414 2439 651 2485 mentem
682 2431 894 2487 videret
944 2433 1419 2503 contemplatione
1445 2435 1722 2491 seniorum
1751 2453 1765 2501 ;
1818 2446 1874 2494 et

264 2521 523 2577 omnibus
565 2521 822 2578 destituta
871 2525 1129 2581 subsidiis
1159 2567 1174 2591 ,
1223 2526 1342 2580 sola
1372 2525 1399 2564 ι)
1430 2527 1574 2582 inter
1623 2527 1874 2585 homines

266 2611 553 2683 pudicitiae
583 2629 694 2668 suae
721 2617 940 2671 conscia
972 2615 1143 2671 Deum
1194 2616 1460 2672 arbitrum
1508 2630 1824 2690 precaretur
1854 2639 1869 2675 :

266 2703 576 2772 Exaudivit,
611 2707 803 2776 inquit,
840 2707 1095 2764 Dominus
1148 2723 1323 2764 vocem
1367 2713 1502 2784 ejus,
1549 2729 1666 2766 cum
1719 2713 1873 2769 duce-

263 2805 433 2862 retur,
462 2808 516 2852 ut
538 2800 730 2869 periret
756 2816 775 2854 :
805 2808 854 2854 et
882 2801 1122 2856 excitavit
1151 2801 1401 2858 Dominus
1452 2805 1707 2876 Spiritum
1751 2823 1872 2861 san-

264 2898 409 2942 ctum
438 2891 585 2961 pueri
614 2890 976 2957 adolescentis,
1011 2895 1093 2947 cui
1119 2910 1302 2949 nomen
1329 2893 1516 2951 Daniel
1539 2897 1696 2965 (Dan.
1732 2914 1825 2952 χιιι
1854 2940 1869 2964 ,

262 2981 363 3047 44,
395 2980 530 3052 45).
574 2983 762 3053 itaque
786 2985 1087 3041 secundum
1133 2987 1347 3057 accepti
1408 2987 1648 3058 Spiritus
1695 2991 1870 3046 sancti

262 3073 497 3144 gratiam
529 3074 834 3130 vaeiilantia
859 3077 1189 3146 periidorum
1215 3079 1529 3134 testimonia
1557 3080 1868 3150 deprehen-

263 3165 383 3234 dit;
429 3183 604 3238 neque
630 3169 775 3225 enim
807 3170 912 3225 alia
943 3171 1046 3226 nisi
1077 3171 1276 3227 divina:
1326 3170 1424 3228 iuit
1469 3175 1717 3243 Operatio
1767 3190 1869 3246 po-

1981 1964 2189 2020 minum
2215 1966 2403 2022 Jcsum
2432 1968 2484 2022 in
2534 1968 2741 2038 Spiritu
2785 1985 2890 2024 non
2933 1971 3109 2046 solum
3142 1971 3388 2040 judicare
3425 1987 3581 2029 acce-

1983 2057 2178 2128 pimus,
2215 2059 2311 2115 sed
2341 2061 2506 2116 etiam
2538 2061 2837 2117 vindicare.
2881 2062 3072 2133 Neque
3101 2063 3247 2119 enim
3276 2065 3582 2121 vindicaret

1979 2149 2032 2205 in
2070 2151 2478 2221 Atttichristum,
2515 2154 2615 2208 nisi
2647 2163 2774 2210 ante
2797 2155 2865 2210 de
2889 2155 3006 2225 ejus
3040 2155 3250 2210 meritis
3277 2156 3572 2224 iudicaret,

1977 2257 2138 2313 quem
2163 2243 2181 2315 (
2205 2244 2343 2298 sicut
2366 2244 2629 2317 legimus)
2656 2244 2913 2300 Dominus
2942 2245 3098 2301 Jesus
3125 2248 3401 2316 inlerﬁciet
3455 2249 3580 2320 Spi-

1976 2337 2081 2389 ritu
2109 2337 2214 2390 oris
2234 2337 2317 2391 sui
2341 2335 2416 2410 (ll
2445 2336 2628 2392 Thess.
2662 2355 2720 2406 tt,
2752 2335 2830 2408 8).
2862 2337 3050 2409 [Alias
3079 2356 3197 2410 cap.
3253 2337 3369 2394 VIII
3389 2339 3433 2411 ].
3468 2339 3574 2396 Sed

1976 2427 2068 2485 hic
2122 2445 2228 2484 non
2265 2431 2523 2501 acquisita
2545 2432 2716 2503 gratia
2747 2443 2865 2497 est,
2911 2433 3005 2488 sed
3054 2434 3333 2489 individua
3385 2445 3576 2490 manet

1976 2522 2192 2589 unitas;
2248 2523 2373 2594 quia
2423 2539 2598 2594 neque
2635 2521 2889 2580 Christus
2938 2525 3058 2580 sine
3100 2525 3306 2596 Spiritu
3336 2568 3350 2594 ,
3401 2541 3580 2594 neque

1974 2615 2212 2687 Spiritus
2240 2627 2418 2688 potest
2453 2632 2574 2673 esse
2603 2617 2722 2672 sine
2748 2616 2987 2674 Christo.
3028 2617 3148 2674 Non
3192 2619 3338 2675 enim
3391 2627 3572 2689 potest

1972 2709 2171 2765 divina:
2201 2721 2407 2766 naturae
2441 2711 2618 2766 unitas
2649 2711 2914 2781 separari.

2044 2801 2135 2855 45.
2179 2801 2248 2856 Et
2276 2802 2400 2872 quia
2430 2802 2746 2858 inmedium
2772 2801 2824 2856 id
2855 2803 3006 2858 venit
3048 2804 3366 2874 exemplum
3413 2805 3558 2874 quod

1973 2892 2237 2949 Dominus
2291 2894 2453 2950 Jesus
2501 2894 2789 2950 interiiciet
2833 2892 3037 2962 Spiritu
3078 2897 3191 2951 oris
3219 2897 3325 2961 sui,
3357 2895 3572 2966 gladius

1971 2985 2189 3055 quidam
2214 2984 2376 3041 Verbi
2400 2987 2633 3054 Spiritus
2675 2989 3000 3061 intelligitur
3047 2988 3288 3058 (Ep/tes.
3325 3003 3404 3053 vr,
3438 2989 3503 3042 i7
3527 2988 3568 3059 ).

1972 3078 2218 3149 Denique
2256 3089 2312 3135 et
2347 3081 2398 3134 in
2429 3080 2731 3152 Evangelio
2762 3083 2895 3139 dicit
2923 3083 3041 3154 ipse
3077 3083 3341 3138 Dominus
3368 3081 3528 3137 Jesus
3558 3099 3572 3135 :

1973 3171 2100 3225 Non
2123 3173 2240 3227 veni
2272 3189 2452 3244 pacem
2479 3175 2702 3241 mittere,
2731 3179 2822 3229 sed
2843 3175 3077 3246 gladium
3099 3173 3327 3246 (Matth.
3363 3189 3417 3239 x,
3448 3172 3570 3245 54).

264 3263 506 3329 testatis,
533 3272 591 3319 ut
621 3277 716 3320 eos
747 3279 850 3320 vox
882 3279 978 3320 sua
1032 3265 1289 3336 proderet
1316 3309 1331 3334 ,
1386 3281 1616 3338 quorum
1664 3268 1868 3327 latebat
1895 3261 1941 3328 C
1973 3266 2135 3323 Venit
2163 3269 2308 3322 enim
2336 3277 2396 3321 ut
2419 3266 2678 3337 Spiritum
2703 3267 2892 3333 daret,
2923 3269 3156 3338 ideoque
3178 3277 3233 3322 et
3254 3268 3306 3321 in
3335 3281 3432 3323 ore
3455 3266 3573 3336 ejus

262 3354 518 3411 allectus.

339 3448 432 3504 41.
477 3448 746 3518 i’ercipite
771 3449 936 3521 igitur
959 3450 1200 3522 Spiritus
1228 3453 1402 3508 sancti
1433 3467 1648 3508 sacrum
1672 3461 1728 3509 et
1754 3467 1866 3511 ca:-

261 3540 408 3597 leste
455 3541 800 3598 miraculum.
849 3542 944 3598 illa
975 3560 1097 3615 quae
1135 3545 1328 3600 maluit
1358 3545 1461 3602 sibi
1508 3555 1659 3601 easta
1699 3561 1822 3604 esse
1847 3589 1862 3613 ,

259 3647 429 3705 quam
479 3634 724 3705 populo:
759 3635 848 3691 illa
899 3651 1020 3706 quas
1069 3636 1262 3691 maluit
1293 3635 1624 3692 innocentia:
1675 3638 1866 3693 subire

258 3727 595 3799 periculum,
650 3743 812 3798 quam
869 3728 1091 3799 pudoris
1117 3747 1130 3782 :
1161 3745 1280 3800 qua:
1305 3744 1428 3784 cum
1462 3741 1820 3786 accusaretur
1845 3773 1861 3798 ,

260 3823 486 3880 tacebat
513 3841 526 3878 :
559 3839 682 3879 cum
706 3825 1079 3891 damnaretur,
1109 3824 1329 3890 silebat,
1359 3825 1722 3881 conscientia:
1751 3841 1865 3880 suae

258 3925 524 3974 contenta
548 3918 792 3986 judicio:
827 3933 950 3990 qua:
1002 3921 1368 3975 reverentiam
1429 3919 1652 3990 pudoris
1701 3920 1863 3974 etiam

259 4010 321 4067 in
356 4011 616 4082 periculis
645 4011 1006 4075 reservabat;
1058 4027 1127 4067 ne
1170 4013 1469 4068 extorsisse
1507 4013 1862 4082 petulantiam

259 4103 626 4166 viderentur,
678 4104 768 4172 qui
815 4111 1146 4175 extorquere
1191 4121 1296 4158 non
1329 4105 1863 4174 potuerantcastita-

261 4210 378 4254 tem
407 4215 420 4252 :
452 4197 549 4252 ubi
571 4197 733 4270 673
754 4197 1040 4252 Dominum
1067 4197 1630 4269 invocavit,Spiritunt
1662 4199 1862 4254 meruit

257 4293 358 4363 qui
445 4289 706 4346 latentem
753 4291 1198 4363 presbyterorum
1255 4291 1651 4348 conscientiam
1708 4306 1865 4348 reve-

259 4385 420 4441 lavit.
1607 4437 1609 4440 .

337 4478 432 4533 42.
475 4477 693 4535 Discant
722 4479 931 4550 pudica:
975 4479 1299 4535 calumniam
1343 4493 1450 4534 non
1483 4479 1696 4534 timere.
1726 4477 1862 4534 Nam

255 4586 390 4644 quae
419 4571 800 4626 castimoniam
833 4571 956 4626 vitae
988 4571 1262 4642 praetulit,
1315 4586 1418 4627 nec
1464 4571 1590 4625 vitze
1642 4570 1834 4640 dispen

256 4664 416 4720 dium
447 4664 708 4734 pertulit,
755 4672 814 4720 et
861 4665 1087 4736 gloriam
1118 4664 1304 4720 retulit
1345 4665 1634 4720 castitatis.
1672 4663 1764 4720 Sic
1812 4647 1945 4720 etD

257 4755 542 4813 Abraham
569 4756 838 4826 quondam
869 4757 1056 4826 jUrSUS
1109 4769 1129 4795 ο
1184 4757 1336 4812 adire
1387 4758 1715 4828 peregrina,
1765 4771 1867 4812 nec

259 4851 478 4907 uxoriae
503 4853 746 4922 periculo
770 4851 1064 4923 pudicitiae,
1094 4867 1193 4907 nec
1225 4851 1416 4906 mortis
1435 4852 1728 4922 proposita:
1758 4859 1869 4906 ter—

258 4959 393 5002 rore
424 4952 736 5011 revoeatus,
767 4957 820 5000 et
843 4946 1005 4999 vitam
1035 4959 1215 5012 suam,
1240 4954 1294 4999 et
1332 4943 1712 4999 castimoniam
1749 4959 1865 4999 ser-

256 5038 415 5093 vavit
439 5038 642 5092 uxoris.
673 5035 890 5092 Nullum
919 5037 1100 5106 itaque
1129 5033 1156 5072 ἀ
1193 5036 1304 5091 Deo
1345 5035 1648 5091 credidisse
1693 5034 1869 5106 paeni-

257 5130 371 5186 tuit
403 5145 418 5183 :
467 5137 523 5184 et
552 5129 778 5184 castitas
806 5128 1152 5184 devmionem
1177 5127 1474 5184 cumulavit
1499 5130 1554 5184 in
1585 5127 1719 5185 Sara
1748 5170 1762 5194 ,
1809 5137 1864 5184 et

257 5222 491 5279 devotio
526 5223 857 5278 castitatem.
989 5279 992 5282 _

336 5312 432 5369 45.
476 5312 554 5369 Ac
585 5328 655 5368 ne
682 5314 804 5383 quis
835 5311 978 5369 forte
1001 5313 1303 5381 existimet,
1330 5314 1455 5385 quia
1479 5314 1699 5372 dicente
1721 5316 1868 5371 Scri-

258 5415 429 5478 ptura
459 5423 474 5461 :
506 5405 765 5460 Excitavit
794 5403 937 5460 Deus
987 5405 1244 5477 Spiritum
1301 5416 1532 5462 sanctum
1555 5407 1702 5478 pueri
1743 5407 1870 5461 ado-

344 5549 372 5614 ξι
413 5539 543 5614 Mss.
575 5540 803 5611 aliquot,
827 5542 974 5614 parvi
1001 5541 1209 5614 duceret
1232 5545 1347 5614 ejus
1372 5542 1587 5614 exitum.

345 5609 374 5648 ι)
416 5610 573 5666 Eras.
600 5620 655 5666 et
671 5609 797 5681 seq.
820 5609 978 5677 edit.,
1003 5614 1136 5666 inter
1161 5609 1330 5666 hostes
1356 5627 1374 5666 :
1399 5611 1623 5668 Amerb.
1656 5618 1712 5666 et
1733 5624 1868 5666 mss.

263 5695 473 5752 magno
503 5696 797 5744 consensu,
820 5683 952 5735 inter
977 5682 1228 5738 homines.

350 5755 375 5825 τ’
417 5752 666 5815 Amerb.,
701 5753 847 5806 adire
871 5756 1236 5825 peregrinam;
1268 5753 1423 5808 Eras.
1467 5765 1522 5808 et
1545 5769 1662 5825 seq.
1693 5753 1825 5810 edit.
1851 5795 1868 5822 ,

267 5823 769 5895 adireperegrinam
790 5823 1014 5895 terram}
1041 5841 1230 5879 omnes
1260 5841 1388 5879 tnss.
1419 5834 1476 5878 ut
1505 5827 1558 5880 in
1587 5823 1761 5882 textu.

353 5893 380 5930 ἀ
421 5893 556 5949 Tres
572 5893 742 5959 'mss.,
774 5893 998 5952 Domino
1020 5895 1296 5952 credidisse
1324 5897 1579 5966 ptenituit.

1969 3359 2182 3430 gladius
2215 3359 2299 3416 bis
2326 3367 2535 3427 acutus,
2566 3361 2756 3431 utique
2786 3362 2962 3430 gratia
3018 3359 3283 3430 spiritalis
3342 3360 3361 3432 (
3405 3360 3570 3429 Apoc.

1969 3465 2084 3517 ιιι,
2119 3452 2186 3507 i5
2209 3453 2247 3522 ).
2280 3451 2511 3520 Spiritus
2539 3468 2670 3523 ergo
2702 3452 2870 3508 Verbi
2896 3452 3110 3524 gladius
3138 3462 3244 3508 est.

2038 3543 2131 3598 46.
2178 3543 2245 3598 Et
2275 3551 2332 3598 ut
2361 3545 2502 3600 scias
2535 3545 2967 3616 inaequalitatem
3002 3561 3109 3600 non
3137 3559 3285 3610 esse,
3323 3545 3419 3600 sed
3448 3547 3571 3600 uni-

1973 3645 2138 3694 tatem
2165 3647 2393 3704 naturae,
2430 3637 2663 3695 Verbum
2702 3655 2918 3711 quoque
2948 3639 3160 3710 gladius
3198 3647 3285 3695 est
3329 3638 3572 3709 Spiritus

1968 3731 2185 3798 sancti;
2233 3732 2496 3800 scriptum
2531 3740 2614 3786 est
2663 3731 2851 3786 enim:
2888 3731 3213 3801 Accipientes
3255 3741 3457 3785 scutum
3505 3731 3570 3798 fi-

1969 3822 2072 3890 dei,
2110 3824 2163 3877 in
2190 3839 2289 3894 quo
2315 3824 2524 3894 possitis
2555 3825 2726 3878 omnia
2757 3825 2858 3878 tela
2897 3824 3114 3897 maligni
3161 3824 3326 3896 ignita
3376 3825 3573 3878 exstin-

1968 3931 2144 3987 guere,
2172 3926 2220 3970 et
2241 3916 2443 3986 galeam
2469 3917 2650 3970 salutis
2682 3917 2944 3980 assumite,
2973 3927 3021 3970 et
3047 3917 3278 3986 gladium
3311 3916 3568 3988 Spiritus,

1967 4009 2104 4077 quod
2131 4019 2204 4063 est
2241 4009 2464 4063 Verbum
2492 4008 2586 4063 Dei
2616 4010 2632 4078 (
2665 4007 2859 4080 Ephes.
2891 4024 2964 4073 vr,
3002 4009 3089 4074 i6,
3115 4009 3181 4063 i7

2041 4100 2130 4154 47.
2174 4099 2306 4154 Cum
2336 4100 2503 4171 igitur
2525 4099 2687 4156 Verbi
2718 4100 2934 4170 gladius
2958 4100 3196 4170 Spiritus
3222 4111 3446 4156 sanctus
3474 4101 3568 4168 sit,

1968 4200 2025 4246 et
2065 4190 2303 4261 Spiritus
2344 4193 2518 4248 sancti
2562 4193 2778 4264 gladius
2833 4192 3070 4249 Verbum
3112 4192 3207 4249 Dei
3239 4193 3350 4259 sit;
3384 4192 3571 4265 utique

1966 4285 2149 4340 unitas
2177 4292 2261 4341 est
2290 4285 2564 4356 potentiae.

2456 4381 2622 4454 674
2659 4380 2888 4437 CAPUT
2929 4380 3068 4437 Vill.

1967 4472 2285 4531 Praedictum
2311 4476 2562 4528 unitatem
2590 4489 2647 4527 eo
2674 4474 2905 4542 probari,
2955 4473 3092 4543 quod
3119 4473 3253 4527 sicut
3286 4471 3469 4539 Pater,
3498 4474 3572 4527 ita

2041 4570 2194 4623 etiam
2231 4567 2401 4622 Filius
2429 4567 2725 4621 contristari
2745 4583 2806 4619 ac
2836 4567 3020 4620 tentari
3051 4566 3265 4639 legitur.
3298 4565 3569 4620 Tentatum

2044 4663 2197 4716 etiam
2222 4659 2422 4716 Filium
2449 4664 2501 4715 in
2531 4660 2752 4724 deserto,
2793 4661 2880 4715 ubi
2912 4674 3077 4716 erecta
3100 4661 3277 4732 fuitin
3307 4677 3447 4716 teneo
3464 4679 3573 4716 ser-

2042 4762 2192 4825 pente
2232 4753 2404 4822 ﬁgura
2455 4752 2622 4806 crucis
2650 4750 2781 4805 :sed
2836 4750 3096 4823 Spiritum
3143 4768 3342 4822 quoque
3380 4752 3570 4806 ibidem

2042 4854 2290 4900 tentatum
2318 4845 2420 4898 dici
2451 4843 2514 4897 ab
2555 4843 2824 4914 Apostolo.
2859 4841 3280 4897 llinclsraelitas
3307 4843 3369 4896 ab
3392 4843 3568 4896 eodem

2043 4941 2249 5012 Spiritu
2275 4940 2499 4994 directos
2529 4939 2579 4991 in
2611 4948 2800 4991 terram
2825 4941 3154 5007 promissam,
3183 4938 3386 5006 ipsique
3414 4951 3571 4988 unam

2042 5050 2148 5088 esse
2201 5049 2315 5088 cum
2367 5030 2527 5086 Patre
2558 5041 2605 5086 et
2656 5029 2798 5086 Filio
2828 5031 3140 5086 voluntatem
3194 5046 3256 5083 ac
3284 5027 3569 5098 potentiam

2041 5126 2238 5197 colligit
2280 5124 2600 5179 Ambrosius.
2747 5171 2755 5184 ,

2041 5219 2131 5275 48.
2176 5216 2365 5289 [Alias
2392 5233 2508 5288 cap.
2540 5214 2680 5288 1X.]
2718 5215 2894 5282 Quam
2919 5215 3182 5269 unitatem
3217 5212 3346 5266 licet
3397 5211 3563 5266 etiam

1971 5313 2090 5369 aliis
2115 5311 2520 5381 Scripturarum
2552 5309 2690 5365 locis
2717 5308 3087 5364 considerare.
3122 5305 3258 5360 Nam
3306 5318 3429 5358 cum
3473 5303 3563 5359 di.

1972 5415 2061 5462 cat
2091 5404 2348 5460 Ezechiel
2374 5403 2443 5458 ad
2465 5403 2724 5474 populum
2751 5400 3068 5456 Judaiorum
3105 5415 3119 5452 :
3143 5396 3210 5452 Et
3233 5396 3577 5451 contristastis

2049 5549 2071 5577 ο
2111 5538 2271 5594 Rom.
2303 5537 2438 5594 edit.
2464 5537 2602 5603 sola,
2656 5538 2710 5589 in
2741 5533 3112 5605 superioribus.
3138 5532 3282 5588 inira
3323 5547 3454 5589 vero
3477 5549 3570 5589 ea-

1973 5610 2097 5694 dem
2147 5610 2280 5666 edit.
2335 5607 2496 5664 Rom.
2543 5622 2666 5663 cum
2703 5619 2836 5660 mss.
2882 5620 2987 5660 non
3031 5607 3240 5676 paucis,
3269 5605 3577 5678 prtepositus

1972 5682 2243 5806 ἠ’ἶηᾴιςε.
2276 5750 2505 5824 aliquot,
2534 5745 2637 5801 Per
2659 5748 2829 5817 ipsum
2868 5745 3147 5803 Dominum
3179 5747 3361 5807 Iesum
3399 5748 3575 5824 Spiri-

1979 5833 2085 5880 tum
2112 5840 2213 5882 non
2241 5822 2430 5888 solum,
2472 5828 2580 5876 etc.
