4014 6290
509 293 610 349 787

1851 291 2102 350 SANCTI
2137 293 2468 354 Αωθιιοδιι

3653 305 3736 362 788

509 426 588 466 me
615 409 671 463 in
698 407 934 464 omnibus
963 407 1043 464 his
1062 449 1080 478 ,
1109 409 1232 464 dicit
1263 406 1517 465 Dominus
1544 409 1564 480 (
1593 407 1778 464 Bacch.
1811 409 2020 488 “1,43
2047 409 2096 479 );
2127 411 2179 476 Α
2206 425 2398 466 renam
2421 411 2664 468 caelestis
2691 411 2967 469 alimonia:
2997 413 3236 484 pluviam
3267 413 3616 483 minisu‘abat,
3648 419 3742 488 ipse

506 498 706 556 Paulus
760 506 904 556 n‘oVo
955 501 1156 573 po’pulo
1204 495 1256 557 in
1306 502 1532 574 epistola
1581 501 1678 558 s'ua
1713 495 1884 558 dicit:
1923 487 2100 557 Nolite

506 595 816 652 contristare
842 589 1098 668 Spiritum
1126 593 1358 651 sanctum
1386 589 1486 650 Dei
1507 637 1530 664 ,
1553 595 1608 650 in
1637 612 1736 667 quo
1764 595 1955 665 signati
1977 596 2100 651 estis

509 681 743 759 (Ephes.
773 699 848 748 tv,
881 679 1002 757 30).
1047 685 1253 741 Rursus
1282 701 1404 740 cum
1449 683 1640 741 Esaias
1684 685 1828 742 dicat
1857 682 1938 742 vde
1969 686 2100 758 ipsis
2175 688 2192 700 '

506 774 712 834 Iudmis
746 797 759 832 :
792 769 908 852 Ipsi
931 785 1103 832 arttcm
1131 794 1232 832 non
1258 774 1608 858 crediderunt,
1653 778 1741 834 sed
1767 778 2102 834 exacerbave-

505 879 628 928 runt
661 872 915 954 Spiritum
945 879 1178 928 sanctum
1205 869 1228 945 (
1256 861 1406 928 Esai.
1441 889 1592 939 thtt,
1629 871 1738 946 10)
1769 891 1784 940 ;
1836 873 2005 929 David
2035 873 2104 931 de

508 959 623 1023 Deo
655 968 824 1024 dicit:
857 964 922 1022 Et
943 965 1374 1023 exacerbarerunt
1398 965 1708 1022 altissimum
1737 969 1789 1022 in
1825 968 2054 1022 siccitate
2082 1008 2099 1035 ,

505 1055 554 1112 e't
585 1057 905 1114 removerunt
961 1054 1121 1112 Deum
1164 1057 1214 1112 in
1241 1055 1480 1113 cordibus
1507 1059 1616 1114 suis
1646 1057 1668 1133 (
1694 1057 1842 1115 Psal.
1874 1075 2053 1116 Lxxvu
2083 1101 2100 1130 ,

507 1145 597 1220 ετ,
649 1145 722 1209 is
740 1145 782 1224 γ.

571 1241 665 1301 49.
709 1245 905 1316 Accipe
933 1244 1096 1302 etiam
1140 1245 1266 1316 qula
1295 1259 1416 1302 cum
1447 1225 1580 1301 alibi
1613 1237 1813 1302 dixerit
1859 1243 2104 1316 Scriptu-

501 1352 560 1392 ra
591 1346 855 1394 tentatum
883 1337 1178 1406 Spiritum,
1205 1337 1476 1394 tentatum
1499 1338 1662 1393 etiam
1685 1331 1879 1402 Deum,
1911 1340 2100 1394 eadem

507 1435 650 1490 dicat
676 1445 731 1489 et
754 1433 1032 1489 Christum
1055 1446 1176 1488 esse
1209 1441 1511 1496 tentatum;
1543 1431 1708 1488 habes
1730 1431 1874 1487 enim
1905 1432 1972 1488 ad
2001 1429 2106 1490 Co-

507 1521 744 1582 rinthios
779 1525 1096 1594 Apostolum
1129 1543 1144 1580 :
1177 1513 1361 1596 Neque
1387 1533 1636 1580 tentenius
1665 1520 1951 1590 Christum,
1975 1525 2108 1580 sicut

501 1616 713 1691 quidam
753 1627 930 1672 eorum
969 1627 1311 1686 tentaverunt,
1355 1625 1404 1672 et
1433 1635 1465 1670 a
1497 1615 1816 1690 serpentibus
1846 1617 2104 1690 perierunt

2203 506 2570 578 quotidianam
2602 522 2862 573 messem,
2889 523 3052 580 quam
3097 517 3248 564 terra
3275 523 3382 565 non
3427 509 3740 580 parturierat,

2202 597 2438 670 agricola
2473 613 2578 653 non
2613 607 2854 667 sevcrat,
2881 599 3054 655 imbre
3085 597 3253 655 fertili
3292 598 3616 658 fecundabttt.

2275 687 2364 744 53.
2421 689 2575 744 Nunc
2629 699 2939 759 spectemus
2993 689 3232 762 singula.
3288 690 3536 762 Requiem
3583 691 3747 750 ludatis

2206 780 2534 849 promiserat
2572 781 2746 847 Dens,
2776 795 2896 835 eam
2932 781 3174 852 requiem
3208 781 3440 852 Spiritus
3475 797 3612 837 suam
3645 784 3750 840 dicit

2203 868 2402 941 (Exod.
2438 889 2530 927 xvr
2555 915 2569 940 ,
2603 871 2714 943 l2).
2744 872 3040 928 Tentatum
3065 889 3124 929 se
3154 890 3182 926 a
3218 873 3439 944 perﬁdis
3467 875 3597 931 Dens
3623 875 3750 932 Pater

2206 973 2509 1032 memorat,
2553 973 2813 1020 tentatum
2856 965 2924 1020 ab
2965 961 3156 1021 iisdem
3191 981 3253 1022 se
3281 967 3416 1022 dicit
3439 975 3493 1022 et
3517 967 3746 1039 Spiritus;

2204 1055 2331 1124 quia
2375 1071 2479 1110 una
2523 1057 2753 1112 tentatio
2793 1067 2914 1122 est,
2955 1073 3059 1128 qua
3108 1067 3312 1114 tentata
3345 1069 3428 1114 est
3455 1073 3484 1112 a
3513 1059 3752 1130 sacrilegis

2207 1161 2313 1204 una
2343 1147 2602 1204 divinitas
2631 1149 2947 1206 Trinitatis.
2991 1149 3335 1206 Condemuat
3377 1149 3512 1208 Deus
3541 1151 3754 1222 populum

2205 1241 2522 1299 Iudaeorum
2567 1243 2779 1315 (Num.
2812 1259 2930 1311 xrv,
2962 1240 3075 1317 8);
3123 1255 3180 1298 ut
3223 1243 3276 1298 in
3321 1255 3512 1300 terram
3543 1244 3755 1302 liuentem

2208 1331 2296 1392 lac
2322 1345 2378 1392 et
2409 1337 2514 1392 mel
2537 1377 2552 1403 ,
2587 1331 2692 1391 hoc
2719 1345 2800 1391 est
2820 1377 2836 1403 ,
2869 1335 2938 1390 ad
2965 1337 3389 1393 resurrectionis
3415 1330 3637 1406 requiem
3663 1351 3756 1408 per-

2207 1429 2396 1484 venire
2441 1411 2548 1484 non
2593 1429 2800 1500 possit:
2835 1429 3024 1485 eadem
3067 1431 3341 1486 sententia
3385 1423 3687 1484 condemnat
3717 1438 3759 1486 et

2205 1522 2445 1598 Spiritus
2466 1523 2655 1582 dicens
2679 1542 2692 1580 :
2719 1523 2780 1582 Si
2806 1522 3086 1580 introibant
3109 1525 3161 1579 in
3183 1525 3410 1598 requiem
3437 1541 3594 1580 meam
3613 1520 3752 1598 (Psol.

2211 1633 2362 1683 χειν,
2391 1618 2524 1690 ll).
2572 1617 2746 1675 Unius
2796 1633 2928 1691 ergo
2969 1617 3244 1675 sententia
3284 1619 3606 1688 voluntatis,
3635 1618 3764 1676 unius

501 1711 521 1782 (
552 1711 572 1767 l
603 1707 725 1766 Cor.
765 1726 820 1776 s,
850 1701 948 1784 9).
979 1704 1137 1766 Justa
1159 1705 1424 1776 vindicta,
1457 1718 1518 1764 nt
1547 1709 1842 1765 adversarii
1895 1724 2104 1765 venena
2207 1711 2529 1769 excellentia
2564 1715 2852 1786 potestatis
2883 1723 2988 1769 est.

505 1805 800 1872 sentirent,
841 1801 936 1875 qui
961 1819 1070 1859 non
1097 1805 1500 1860 venerabantur
1525 1809 1828 1858 auctorem.

575 1893 668 1960 50.
713 1897 781 1956 Et
811 1901 950 1956 bene
980 1897 1267 1967 Dominus,
1297 1913 1445 1954 aereo
1489 1907 1744 1970 serpente
1797 1912 2064 1970 suspenso
2089 1939 2104 1965 ,

500 1989 676 2071 jussit
721 1997 902 2054 curari
942 1995 1172 2052 vulnera
1223 1995 1532 2052 sauciorum
1583 1992 1800 2067 (Num.
1850 2010 1962 2061 xxi,
2003 1991 2104 2064 9);

500 2093 688 2162 imago
719 2090 867 2146 enim
897 2087 1078 2144 crucis
1104 2102 1284 2143 aereus
1305 2101 1535 2156 serpens
1563 2096 1646 2142 est
1671 2104 1686 2152 ;
1740 2101 1865 2142 nam
1903 2086 2006 2143 etsi
2053 2087 2106 2142 in

506 2197 672 2240 carne
699 2196 794 2239 sua
827 2196 1127 2252 suspensus
1156 2191 1241 2237 est
1261 2167 1535 2248 Christus,
1562 2179 1739 2236 tamen
1762 2181 1814 2235 in
1838 2190 1970 2236 eoet
1993 2181 2107 2251 ipse

503 2273 802 2330 cruciﬁxus
827 2281 913 2328 est
937 2272 1164 2339 mundo,
1205 2281 1259 2327 et
1287 2265 1392 2340 ipsi.
1415 2271 1709 2328 cruciﬁxus
1729 2281 1814 2329 est
1843 2269 2106 2330 mundus:

507 2367 643 2422 Mihi
673 2369 834 2430 enim,
863 2367 1060 2438 inquit,
1091 2369 1316 2421 mundus
1349 2366 1629 2435 cruci/iam
1653 2375 1754 2432 est,
1774 2375 1823 2422 et
1845 2382 1937 2440 ego
1959 2382 2108 2420 mun-

505 2461 574 2520 do
599 2462 620 2536 ί
643 2459 820 2518 Galat.
849 2477 928 2527 vt,
962 2462 1026 2518 14
1051 2460 1092 2532 ).
1123 2451 1433 2516 Crucilixus
1455 2469 1539 2515 εει
1567 2476 1700 2534 ergo
1731 2460 1786 2516 in
1807 2461 1922 2518 suis
1949 2475 2108 2516 mun-

507 2555 612 2612 dus
641 2553 956 2619 illecebris;
987 2563 1044 2610 et
1063 2553 1186 2610 ideo
1208 2570 1318 2609 non
1341 2569 1524 2621 verus,
1551 2543 1646 2612 sed
1678 2568 1854 2617 cereus
1873 2568 2104 2625 suspen~

502 2665 597 2704 sus
627 2659 712 2704 est
744 2663 1010 2718 serpens;
1039 2647 1166 2719 quia
1195 2635 1247 2702 in
1276 2647 1504 2703 veritate
1554 2645 1773 2716 quidem
1811 2647 2061 2714 corporis
2086 2688 2103 2714 ,

497 2743 597 2800 sed
636 2743 757 2798 sine
791 2743 1019 2798 veritate
1049 2742 1262 2812 peccati
1292 2745 1534 2809 suscepit
1567 2740 1832 2798 Dominus
1857 2743 2098 2812 speciem

501 2835 852 2906 peccatoris;
881 2844 938 2890 ut
967 2851 1061 2906 per
1087 2835 1358 2892 lubricum
1397 2833 1734 2890 inﬁrmitatis
1762 2829 2010 2890 humana:
2032 2835 2106 2894 si-

506 2926 767 2983 mulando
794 2935 1104 2996 serpentem
1129 2969 1147 2995 ,
1173 2925 1438 2996 depositis
1461 2925 1648 2982 carnis
1691 2928 1904 2982 exuviis
1929 2967 1948 2995 ,
1987 2929 2102 2984 veri

2135 1802 2182 1864 B
2273 1812 2277 1817 ’
2819 1803 3056 1864 CAPUT
3109 1801 3202 1863 IX.

2211 1898 2469 1973 Spiritunt
2497 1913 2732 1958 sanctum
2757 1903 3056 1958 exacerbari
3084 1903 3422 1974 confirmatur
3446 1917 3508 1957 ea:
3533 1899 3659 1956 Petri
3679 1915 3767 1954 rer-

2282 1995 2358 2050 bis
2381 2013 2401 2062 ;
2432 1995 2518 2051 ubi
2547 2011 2706 2050 unum
2733 2005 2780 2050 et
2806 1992 2945 2050 idem
2971 2011 3079 2050 esse
3109 1993 3368 2066 Spiritum
3397 1987 3528 2061 Dei,
3553 2007 3608 2048 ac

2283 2099 2388 2145 tum
2429 2081 2669 2160 Domini,
2712 2107 2830 2146 cum
2872 2106 2937 2146 ex
2979 2090 3098 2145 aliis
3132 2087 3298 2156 locis,
3329 2097 3437 2142 tum
3474 2103 3501 2141 e
3533 2093 3768 2140 memoratu

2283 2183 2515 2259 ejusdem
2544 2182 2764 2253 apostoli
2793 2181 3044 2236 sententia
3073 2180 3125 2234 in
3155 2178 3414 2257 Arsaniam
3445 2193 3504 2232 ac
3532 2173 3768 2246 Sapnirart

2282 2276 2568 2332 ostenditur
2591 2291 2610 2330 :
2649 2268 2785 2329 unde
2828 2273 3057 2348 Spiritus
3092 2273 3258 2328 sancti
3295 2273 3374 2327 vel
3410 2288 3527 2326 cum
3555 2266 3691 2325 Patre
3719 2285 3768 2324 ac

2282 2369 2424 2424 Filio
2448 2368 2860 2442 conjunctionem
2877 2409 2892 2435 ,
2920 2365 2999 2421 vel
3023 2367 3286 2440 propriam
3313 2365 3621 2420 divinitatem
3641 2360 3769 2418 euinci

2280 2465 2627 2520 contenditur.

2280 2551 2370 2612 54.
2400 2553 2654 2610 Fortasse
2683 2560 2867 2610 tamen
2899 2551 3096 2624 aliquis
3122 2547 3331 2608 diceret
3362 2549 3472 2608 hoc
3500 2544 3766 2616 exemplum

2210 2664 2316 2706 non
2348 2663 2507 2720 posse
2546 2646 2612 2702 ad
2644 2647 3042 2716 proprietatem
3074 2645 3250 2701 sancti
3277 2643 3521 2716 Spiritus
3547 2640 3763 2706 derivari,

2207 2742 2308 2799 nisi
2337 2742 2446 2798 alio
2478 2741 2604 2798 loco
2629 2740 2798 2796 etiam
2827 2739 3025 2798 Petrus
3062 2737 3348 2810 apostolus
3390 2753 3496 2798 uos
3532 2735 3768 2794 docuisset

2205 2836 2443 2908 peccatis
2485 2833 2690 2890 nostris
2729 2834 2898 2890 etiam
2937 2830 3200 2904 Spiritum
3246 2847 3408 2901 posse
3453 2829 3676 2896 tentari,
3703 2829 3765 2884 sic

2203 2930 2348 2987 enim
2384 2928 2550 2985 habes
2581 2928 2650 2983 ad
2682 2928 2905 2984 Ananiae
2934 2927 3222 3000 conjugem
3253 2927 3508 2984 dictum:
3541 2925 3665 3000 Quid
3685 2923 3766 2978 uti-

501 3021 812 3078 destrncrct
858 3021 1129 3092 serpentis
1181 3019 1460 3076 astutiam.
1510 3020 1614 3077 Per
1659 3035 1876 3078 crucem
1917 3021 2102 3091 itaque
2200 3041 2298 3096 que
2317 3024 2546 3080 convenit
2569 3023 2707 3078 vobis
2730 3032 2923 3079 tentare
2945 3021 3202 3095 Spiritum
3224 3021 3438 3079 Domini
3465 3022 3598 3095 (Act.
3619 3018 3766 3090 v.9)!

503 3115 738 3182 Domini,
771 3131 893 3186 qua}
927 3115 980 3169 in
1005 3113 1322 3170 temtationis
1353 3114 1559 3172 ultione
1584 3113 1879 3184 subvenit,
1923 3114 2096 3174 offen-
2134 3180 2168 3186 _
2204 3116 2415 3172 Etenim
2459 3115 2668 3170 Domini
2711 3114 2946 3184 Spiritus
2975 3115 3089 3184 ipse
3119 3122 3205 3170 est
3233 3113 3332 3170 Dei
3363 3115 3635 3180 Spiritus;
3667 3111 3766 3183 quia

496 3225 608 3264 sum
667 3211 719 3264 in
775 3195 999 3278 perﬁdis
1029 3193 1314 3265 Trinitatis
1341 3223 1607 3280 agnosco,
1637 3210 1730 3281 qui
1761 3205 2094 3268 medicinam
2121 3180 2168 3246 θ
2201 3225 2340 3264 unus
2372 3219 2591 3264 sanctus
2619 3220 2700 3264 est
2723 3207 2992 3280 Spiritus,
3015 3217 3073 3262 ut
3098 3208 3261 3264 etiam
3296 3207 3500 3263 Paulus
3528 3207 3765 3279 apostolus

499 3295 780 3358 Trinitatis
805 3300 1036 3371 accipio.
1337 3373 1364 3381 ,Α

567 3391 654 3448 5|.
703 3389 847 3464 Ergo
869 3409 993 3449 cum
1019 3391 1220 3448 habeas
1251 3381 1305 3448 in
1333 3379 1469 3446 libro
1501 3379 1676 3464 Moysi
1703 3433 1717 3460 ,
1749 3395 1873 3464 quia
1901 3393 2096 3452 Domi-

500 3499 600 3538 nus
627 3491 867 3540 tentatus
897 3495 1182 3556 serpentes
1212 3483 1500 3540 immiserit
1529 3483 1730 3556 populo
1777 3484 2092 3542 Judaaorum

499 3581 518 3651 ί
548 3577 708 3634 Num.
744 3593 857 3645 ut,
887 3575 992 3650 6),
1012 3592 1239 3632 necesse
1266 3587 1350 3634 est
1380 3579 1475 3632 aut
1507 3577 1768 3638 unitatem
1808 3579 1862 3637 in
1896 3579 2096 3649 majes-

501 3679 608 3725 tate
635 3669 813 3724 divina
847 3651 1069 3724 fatearis
1101 3657 1276 3726 Patris
1300 3675 1355 3724 et
1383 3668 1501 3724 Filii
1533 3678 1590 3724 et.
1615 3667 1850 3740 Spiritus
1877 3672 2048 3726 sancti
2076 3689 2089 3726 :

495 3775 588 3819 aut
608 3773 756 3836 certe
801 3770 826 3800 α
858 3779 980 3819 cum
1008 3762 1269 3832 Spiritum
1295 3762 1440 3819 dicat
1467 3763 1764 3834 apossolica
1813 3764 2094 3830 Scriptura

501 3867 789 3921 tentatum,
819 3835 1042 3911 Domini
1065 3856 1286 3912 nomine
1316 3855 1574 3926 Spiritum
1611 3856 1798 3928 utique
1839 3847 2094 3929 designa-

493 3952 593 4005 vit.
628 3949 920 4004 Tentatum
949 3958 1132 4004 autem
1167 3947 1428 4030 Spiritum
1457 3957 1704 4004 sanctum
1735 3947 1802 4003 ad
1833 3947 2092 4006 Hebraeos

495 4043 744 4100 scribens
772 4041 1055 4114 apostolus
1082 4042 1242 4107 dicit;
1278 4039 1358 4096 sic
1385 4039 1533 4098 enim
1579 4041 1781 4098 habes:
1813 4041 1948 4110 Quia
1979 4043 2090 4098 hac

495 4139 628 4193 dicit
649 4137 875 4211 Spiritus
901 4132 1145 4192 sanctus:
1175 4134 1345 4192 Hodie
1367 4136 1413 4191 si
1438 4151 1613 4192 uocem
1637 4139 1752 4210 ejus
1794 4138 2088 4206 audieritis,

495 4231 653 4287 nolite
681 4231 934 4288 obdurare
958 4230 1116 4285 corda
1142 4242 1332 4298 vestra,
1361 4229 1496 4286 sicut
1523 4232 1576 4287 in
1604 4231 1890 4289 irritatione
1908 4250 2086 4290 secun-

496 4323 621 4376 dum
647 4324 784 4378 diem
811 4324 1112 4378 tentationis
1139 4325 1196 4378 in
1237 4323 1462 4389 deserto,
1505 4323 1594 4380 ubi
1640 4333 1961 4381 leutaverunt
2006 4343 2086 4382 me

497 4428 668 4491 patres
693 4418 869 4483 uestri,
899 4417 1240 4490 probaverunt
1262 4427 1308 4472 et
1337 4418 1570 4474 viderunt
1599 4434 1757 4492 opera
1785 4435 1918 4474 mea.
1950 4420 2083 4488 Qua:

496 4509 738 4581 draginta
761 4509 913 4563 annis
945 4509 1212 4580 proximus
1239 4511 1315 4583 fui
1340 4511 1658 4582 generatioui
1677 4509 1818 4578 huic,
1849 4520 1898 4567 et
1923 4512 2030 4568 dixi
2061 4529 2080 4568 .°

2204 3302 2390 3358 d0cuit
2433 3303 2622 3358 dicens
2647 3320 2661 3356 :
2706 3299 2808 3356 Vos
2832 3311 3004 3356 autem
3035 3302 3088 3356 in
3117 3319 3275 3356 carne
3302 3318 3404 3357 non
3437 3302 3562 3358 estis
3581 3344 3596 3368 ,
3621 3301 3697 3356 sed
3723 3301 3766 3353 is

2205 3395 2446 3469 Spiritu;
2470 3396 2516 3451 si
2543 3404 2715 3450 tamen
2741 3393 2973 3465 Spiritus
2997 3392 3092 3447 Dei
3118 3393 3310 3450 habitat
3337 3395 3392 3450 iu
3412 3394 3576 3450 vobis.
3601 3391 3766 3460 Siquis

2202 3499 2375 3544 autem
2418 3487 2672 3558 Spiritum
2713 3483 2902 3543 Christi
2939 3503 3043 3542 non
3079 3484 3263 3550 habet,
3311 3488 3396 3543 hic
3435 3505 3542 3542 non
3577 3495 3646 3543 est
3680 3488 3765 3558 ejus

2205 3579 2382 3653 (Rom.
2403 3596 2494 3634 vm
2511 3621 2526 3644 ,
2547 3579 2624 3649 9).
2652 3567 2930 3635 Prmmisit
2948 3579 3208 3648 Spiritum
3237 3578 3368 3644 Dei,
3391 3589 3448 3636 et
3469 3580 3644 3636 statim
3662 3577 3764 3631 sub-

2198 3673 2338 3728 didit
2363 3671 2611 3729 eumdem
2647 3686 2771 3728 esse
2799 3670 3060 3741 Spiritum
3083 3669 3307 3728 Christi.
3332 3671 3404 3728 Et
3427 3687 3554 3728 cum
3577 3671 3765 3728 dixisset

2199 3765 2267 3824 de
2311 3766 2514 3836 Spiritu
2537 3808 2552 3832 ,
2579 3776 2637 3822 ut
2665 3767 3100 3838 intelliget-emus
3136 3767 3260 3838 quia
3292 3766 3382 3824 ubi
3412 3767 3645 3840 Spiritus
3666 3781 3764 3818 sm-

2197 3869 2318 3915 ctus
2339 3901 2355 3923 ,
2385 3859 2458 3914 ibi
2490 3859 2744 3916 Christus
2772 3869 2880 3927 est,
2907 3857 3118 3916 addidit
3145 3877 3160 3915 :
3195 3859 3255 3916 Si
3287 3871 3460 3916 autem
3492 3859 3707 3918 Christus
3723 3857 3764 3908 is

2197 3937 2335 4006 vobis
2362 3948 2567 4026 (lbid.,
2598 3949 2718 4022 te).

2267 4045 2358 4102 55.
2395 4042 2600 4100 Deinde
2620 4043 2894 4115 quomodo
2919 4044 3008 4100 hic
3033 4044 3395 4116 intelligimus
3417 4047 3548 4117 quia
3566 4043 3649 4098 ubi
3667 4037 3764 4110 Spi-

2156 4153 2168 4163 '
2193 4138 2331 4194 ritus
2354 4178 2370 4205 ,
2397 4137 2471 4192 ibi
2501 4146 2558 4194 et
2585 4135 2838 4192 Christus
2864 4152 2879 4202 ;
2923 4135 2996 4192 ita
3036 4137 3201 4192 etiam
3233 4137 3362 4192 alibi
3401 4136 3644 4192 ostendit
3666 4131 3764 4202 quia

2193 4231 2286 4288 ubi
2330 4231 2617 4296 Christus,
2665 4229 2736 4284 ibi
2777 4230 2941 4286 etiim
2978 4225 3230 4301 Spiritus
3270 4239 3497 4285 sanctus
3529 4231 3618 4284 sit.
3656 4225 3762 4279 Nam

2189 4341 2311 4382 cum
2343 4325 2606 4380 dixisset:
2633 4321 2904 4394 Numquid
2947 4323 3352 4391 experimentum
3381 4326 3493 4398 ejus
3529 4319 3762 4393 queritis,

2186 4421 2276 4492 qui
2303 4421 2356 4474 in
2382 4435 2460 4476 me
2487 4420 2712 4491 loquitur
2743 4419 2974 4476 Christus
3003 4417 3072 4491 (11
3093 4417 3212 4475 Cor.
3238 4435 3357 4482 xm.
3383 4420 3478 4492 3);
3511 4417 3636 4474 alibi
3662 4414 3752 4469 ait:

2197 4513 2336 4570 Puto
2365 4515 2500 4569 enim
2527 4521 2577 4568 et
2603 4529 2695 4584 ego
2727 4511 2983 4582 Spiritum
3012 4511 3110 4566 Dei
3140 4512 3300 4568 habeo
3327 4511 3372 4582 (l
3393 4509 3513 4566 Cor.
3542 4525 3632 4577 ιιι,
3662 4505 3758 4575 10),

497 4601 715 4673 Semper
737 4601 822 4658 isti
847 4613 1023 4658 errant
1049 4603 1240 4668 corde;
1291 4605 1391 4677 ipsi
1439 4621 1556 4660 vero
1604 4621 1706 4660 non
1745 4579 2168 4678 cognoueruntD
2195 4606 2578 4678 lnseparahilis
2621 4619 2752 4676 ergo
2791 4603 2958 4678 676
2994 4613 3079 4660 est
3129 4605 3342 4669 unitas,
3389 4605 3515 4678 quia
3561 4602 3644 4659 ubi
3686 4603 3762 4654 aut

491 4698 600 4758 uias
630 4713 789 4760 meas.
817 4699 945 4753 sicut
965 4699 1146 4772 juravi
1181 4699 1237 4753 in
1260 4699 1342 4755 ira
1366 4715 1501 4768 mea,
1525 4701 1571 4754 si
1598 4700 1883 4757 introibant
1907 4703 1960 4757 in
2000 4718 2086 4756 re-

490 4790 661 4858 quiem
686 4804 854 4843 meam
883 4787 901 4850 ί
934 4788 1090 4844 Hebr.
1123 4803 1201 4854 tu,
1239 4791 1268 4842 7
1298 4800 1348 4844 et
1376 4807 1479 4862 seq.
1505 4789 1548 4865 ).

559 4882 727 4955 675
752 4880 840 4937 52.
877 4881 1017 4952 Ergo
1045 4881 1346 4941 secundum
1386 4883 1708 4954 Apostolum
1739 4891 1980 4942 tentatus
2005 4893 2093 4941 est

489 4975 748 5047 Spiritus.
773 4973 830 5031 Si
853 4983 908 5030 et
931 4974 1048 5047 ipse
1069 4983 1306 5030 tentatus
1329 4983 1433 5040 est,
1459 4985 1514 5034 et
1541 4977 1662 5048 ipse
1683 4977 1866 5050 utique
1896 4979 2088 5056 inter-

490 5088 606 5127 ram
639 5071 1086 5144 repromissionis
1123 5069 1438 5128 Judaiorum
1479 5073 1738 5143 populum
1780 5073 2084 5146 dirigebat,

489 5165 634 5220 sicut
657 5163 921 5233 scriptum
941 5171 1076 5218 est:
1113 5161 1248 5230 Quia
1285 5161 1505 5217 adduxit
1545 5180 1631 5220 eos
1670 5179 1763 5236 per
1803 5165 2044 5238 abyssum
2067 5206 2082 5232 ,

487 5255 615 5311 sicut
643 5270 829 5323 equum
858 5271 947 5322 per
976 5253 1234 5308 desertum
1255 5294 1270 5320 ,
1301 5263 1345 5308 et
1373 5243 1477 5308 non
1505 5255 1868 5311 laboraverunt
1887 5298 1900 5322 ,
1927 5267 1974 5314 et
2014 5258 2086 5313 si-

489 5358 574 5402 cut
597 5362 784 5419 pecora
808 5363 898 5418 per
923 5361 1184 5417 campum.
1215 5345 1493 5401 Descendit
1522 5346 1756 5420 Spiritus
1777 5366 1812 5404 α
1838 5329 2084 5419 Domino,

489 5449 536 5493 et
561 5440 748 5495 direxit
773 5456 856 5494 eos
883 5439 1058 5509 (Esai.
1087 5455 1223 5496 unt
1243 5483 1256 5508 ,
1286 5439 1354 5494 15
1373 5479 1389 5506 ,
1414 5437 1526 5510 li).
1563 5437 1626 5494 Et
1651 5439 1767 5510 ipse
1790 5439 1977 5512 utique
2003 5458 2087 5498 se-

564 5595 592 5640 ι
630 5593 796 5653 unus.
827 5595 961 5653 edn.
985 5597 1044 5654 et
1069 5599 1192 5656 eos.
1224 5595 1398 5666 me.
1437 5603 1555 5655 cum
1603 5595 1904 5658 Dominum.
1929 5591 2085 5666 Haud

493 5669 642 5742 bono
667 5669 1120 5742 sensnnlﬂamque
1148 5671 1442 5742 apostolica
1479 5671 1758 5742 Scriptura
1789 5687 1911 5742 quae
1939 5665 2084 5730 indi-

493 5723 821 5816 gitari,“qu
839 5723 940 5790 alla
969 5723 1054 5791 esi
1078 5723 2083 5816 quia;stagnantiumsatiati

490 5807 618 5882 dicit
649 5807 884 5886 Spiritus
911 5807 1118 5868 sanctus
1247 5807 1568 5872 tintaveruitt
1587 5819 1668 5869 ine
1693 5807 1863 5886 patres
1898 5817 2074 5872 vestri.

2197 4697 2376 4765 Pater,
2411 4708 2500 4754 aut
2533 4697 2813 4761 Christus.
2845 4709 2934 4754 aut
2977 4695 3244 4768 Spiritus,
3278 4693 3558 4768 Scriptura
3599 4691 3763 4750 testiﬁ-

2194 4804 2351 4850 cante
2371 4835 2387 4860 ,
2421 4795 2706 4864 signatur;
2748 4791 2817 4846 ihi
2849 4791 3028 4846 omnis
3067 4789 3350 4861 plenitudo
3381 4803 3461 4846 est
3487 4787 3758 4846 Trinitatis.

2267 4887 2356 4945 56.
2389 4887 2557 4963 [Alias
2581 4903 2696 4960 cap.
2721 4884 2818 4959 X.]
2845 4885 2952 4942 Sed
2980 4897 3036 4944 et
3063 4885 3180 4957 ipse
3207 4885 3402 4942 Petrus
3431 4887 3480 4940 in
3507 4899 3574 4942 eo
3593 4925 3610 4951 ,
3639 4877 3762 4952 quod

2195 4981 2580 5051 prOposuimus
2599 5019 2615 5047 ,
2644 4980 2898 5048 exemplo
2929 4979 3188 5050 prmmisit
3213 4977 3471 5051 Spiritum
3497 4984 3726 5034 sanctum
3742 5012 3757 5037 ,

2185 5085 2238 5130 et
2269 5083 2460 5146 postea
2490 5073 2628 5128 dixit
2667 5073 2932 5143 Spiritum
2975 5071 3226 5138 Domini;
3267 5073 3350 5128 sic
3385 5073 3522 5128 enim
3564 5067 3758 5124 habes:

2189 5166 2414 5231 Anania,
2441 5181 2534 5219 cur
2559 5163 2787 5234 implevit
2817 5163 3042 5220 Satanas
3067 5179 3154 5217 cor
3179 5173 3324 5218 tuum
3351 5163 3422 5218 ad
3443 5159 3758 5232 mentiendum

2188 5259 2414 5330 Spiritui
2439 5268 2640 5322 sancto,
2667 5266 2720 5312 ut
2746 5257 2977 5328 fraudein
3010 5249 3206 5328 facere:
3234 5255 3300 5309 de
3322 5257 3486 5330 pretio
3512 5252 3623 5331 agri
3643 5250 3664 5304 ἵ
3688 5245 3760 5304 Its

2188 5368 2358 5408 nonne
2393 5367 2605 5407 manens
2645 5351 2736 5406 tibi
2775 5349 3010 5406 manebat
3041 5386 3056 5416 ,
3095 5360 3145 5404 et
3183 5347 3424 5405 venditus
3459 5349 3510 5403 in
3544 5355 3631 5400 tuo
3665 5347 3760 5398 erat

2188 5444 2471 5515 potestate?
2498 5439 2669 5511 Quare
2695 5443 2913 5516 posuisti
2937 5443 2992 5497 in
3016 5442 3170 5498 corde
3193 5451 3281 5496 tuo
3306 5443 3406 5496 hoc
3429 5439 3584 5497 scelus
3605 5437 3630 5490 Ρ
3650 5432 3757 5490 Non

2191 5605 2330 5661 Hinc
2351 5607 2497 5662 enim
2527 5579 2714 5675 apeite
2735 5603 3023 5675 coniicitur
3040 5601 3300 5675 eumdem
3332 5601 3551 5675 aranti)
3593 5593 3754 5668 Spiri-

2189 5677 2456 5818 ὶιὲὶῗῦςὲὲεἰ,
2485 5672 2636 5749 quia
2667 5677 2851 5754 Moyse
2871 5677 2926 5734 li’t
2951 5673 3048 5732 lib.
3097 5673 3321 5734 Numer.
3368 5672 3620 5730 Dmnltms
3665 5677 3750 5738 IP-

2397 5765 2441 5805 r.
