4014 6290
433 301 532 358 791

1781 293 2027 355 SANCTI
2065 294 2393 354 AMBROSII

3622 295 3708 352 τοι

432 420 810 479 testimonium
849 417 1163 474 convenire.
1205 414 1325 485 Quo
1352 415 1498 473 enim
1528 414 1700 487 possit
1727 413 1836 469 alio
1866 413 2031 470 intel-
2060 415 2115 479 Α
2138 421 2259 480 est,
2292 414 2358 468 de
2381 428 2520 483 aqua
2548 420 2599 467 et
2631 411 2855 483 Spiritu.
2887 410 3035 484 Ergo
3061 425 3188 468 cum
3217 409 3459 467 dubitari
3497 422 3601 466 non
3633 411 3711 469 de;

433 515 611 571 lectus
650 511 760 568 loci
801 510 958 567 istius
984 508 1255 575 derivari,
1288 522 1413 565 cum
1441 506 1614 565 series
1642 505 1891 563 lectionis
1920 514 2034 562 tota

436 608 505 665 de
534 607 742 679 Spiritu
774 605 845 661 sit
865 605 890 660 ἲ

505 700 598 755 65.
640 696 973 754 Nicodemus
1003 696 1201 767 quzerit
1227 696 1296 752 de
1326 698 1742 769 regeneratione
1761 737 1776 763 ,
1808 712 2037 767 respon-

434 793 529 848 det
555 791 852 846 Dominus:
880 788 1064 857 Amen,
1093 804 1241 843 amen
1263 789 1380 844 dico
1408 789 1532 859 tibi,
1563 790 1665 844 nisi
1691 789 1806 861 quis
1828 799 2038 846 renatus

436 884 596 955 fuerit
626 892 654 921 α
683 899 774 954 per
802 898 989 953 aquam
1016 891 1064 936 et
1094 880 1355 951 Spiritum
1374 924 1389 949 ,
1422 899 1525 936 non
1553 891 1716 955 potest
1741 883 1954 939 introire
1983 885 2039 939 in

434 993 651 1050 regnum
676 974 775 1031 Dei
802 974 981 1045 (Joan.
1006 991 1095 1041 ιιι,
1120 974 1201 1047 5).
1234 974 1300 1030 Et
1330 984 1391 1031 ut
1418 975 1733 1031 ostenderet
1760 976 1918 1031 aliam
1945 992 2039 1047 ge.

437 1075 779 1128 neratlonem
805 1069 1102 1125 secundum
1129 1082 1351 1125 carnem
1378 1084 1522 1136 esse,
1549 1070 1710 1126 aliam
1740 1071 2037 1128 secundum

438 1166 698 1236 Spiritum
721 1206 735 1231 ,
761 1163 1000 1220 addidit:
1029 1163 1180 1232 Quod
1208 1175 1387 1219 natum
1412 1175 1486 1220 est
1511 1182 1576 1221 ea:
1600 1182 1756 1220 carne
1780 1183 1902 1222 caro
1926 1176 2038 1235 est;

439 1260 564 1329 quia
602 1259 666 1313 de
702 1274 856 1312 carne
886 1266 1063 1311 natum
1099 1267 1213 1324 est;
1256 1267 1303 1312 et
1339 1258 1477 1325 quod
1514 1267 1694 1313 natum
1719 1268 1795 1313 est
1826 1259 1890 1314 de
1916 1259 2044 1327 Spi-

439 1352 570 1417 ritu,
592 1350 819 1422 Spiritus
857 1358 976 1414 est;
1011 1350 1135 1421 quia
1176 1349 1313 1404 Deus
1345 1350 1576 1419 Spiritus
1603 1360 1677 1406 est
1721 1347 1919 1423 (lbid.,
1948 1349 2036 1423 6).

443 1444 550 1499 Pro
576 1458 817 1513 sequere
838 1456 970 1513 ergo
998 1451 1166 1497 totam
1197 1444 1394 1499 seriem
1424 1443 1689 1511 lectionis,
1714 1454 1770 1499 et
1795 1444 2041 1501 invenies

445 1533 593 1605 quod
636 1534 898 1589 Dominus
937 1533 1276 1605 impietatem
1315 1544 1549 1590 vestram
1582 1536 1918 1605 plenitudine
1954 1550 2045 1592 as-

442 1627 702 1682 sertionis
730 1626 1053 1681 excluserit.
1088 1625 1252 1695 Noli,
1285 1629 1492 1698 inquit,
1526 1630 1703 1683 mirari
1732 1630 1852 1697 quia
1893 1630 2004 1685 dixi
2023 1646 2042 1685 :

447 1718 667 1786 Oportet
707 1733 796 1773 vos
834 1718 979 1772 nasci
1016 1718 1207 1774 denuo.
1240 1718 1470 1789 Spiritus
1499 1721 1587 1775 ubi
1616 1720 1725 1775 vult
1758 1722 1959 1789 spirat,
1992 1735 2041 1779 et

2136 507 2263 563 beat
2290 507 2360 563 de
2386 514 2583 563 sancto
2605 506 2872 579 scriptum
2897 520 3022 561 esse
3042 503 3273 577 Spiritu,
3298 503 3437 575 quod
3461 512 3630 559 statum
3650 515 3711 561 est

2136 602 2201 657 de
2225 602 2466 671 Spiritu;
2496 617 2604 656 non
2633 608 2718 656 est
2745 599 2972 657 dubium
2999 600 3130 671 quin
3165 599 3308 655 Deus
3331 598 3407 657 sit
3436 606 3491 654 et
3518 607 3712 656 sanctus

2134 698 2408 769 Spiritus,
2439 695 2737 753 secundum
2768 693 2916 767 quod
2955 693 3221 766 scriptum
3268 702 3389 762 est,
3428 692 3551 765 quia
3596 690 3714 749 Deus

2140 789 2370 862 Spiritus
2400 799 2494 844 est.

2208 884 2298 939 67.
2343 882 2489 938 Alibi
2518 896 2738 954 quoque
2777 890 2838 937 ut
2868 880 2970 937 hoc
2997 880 3067 937 de
3103 888 3296 937 sancto
3321 879 3532 950 Spiritu
3559 879 3717 952 scrip-

2138 977 2277 1033 sisse
2304 991 2364 1033 se
2394 976 2536 1032 idem
2568 974 2903 1045 evangelista
2931 982 3245 1030 reseraret:
3274 971 3383 1028 Per
3408 988 3627 1044 aquam,
3654 972 3721 1027 in-

2139 1069 2257 1141 qttit
2276 1111 2292 1136 ,
2322 1080 2370 1125 et
2396 1068 2654 1140 Spiritum
2684 1070 2818 1124 venit
2846 1065 3082 1123 Christus
3106 1065 3295 1132 Iesus,
3345 1082 3449 1122 non
3485 1066 3647 1122 solum
3676 1067 3720 1121 in

2139 1179 2276 1234 aqua
2312 1162 2404 1217 sed
2434 1178 2524 1233 per
2551 1179 2737 1233 aquam
2764 1158 2790 1198 ἀ
2818 1171 2865 1216 et
2893 1161 3217 1233 sanguinem.
3251 1158 3320 1214 Et
3349 1160 3565 1228 spiritus
3601 1160 3722 1215 testi-

2141 1256 2374 1311 monium
2401 1255 2563 1323 dicit,
2595 1256 2837 1328 quoniam
2865 1253 3099 1327 Spiritus
3128 1262 3202 1309 est
3228 1254 3419 1308 ueritas
3442 1270 3463 1320 ;
3486 1254 3606 1324 quia
3639 1262 3723 1307 tres

2142 1361 2261 1405 sunt
2292 1358 2442 1406 testes
2462 1392 2476 1415 ,
2509 1350 2743 1421 Spiritus
2763 1390 2779 1416 ,
2808 1365 2943 1419 aqua
2962 1391 2976 1415 ,
3007 1348 3219 1419 sanguis
3242 1363 3262 1403 :
3286 1356 3338 1401 et
3363 1346 3419 1401 hi
3455 1356 3557 1401 tres
3583 1360 3722 1400 unum

2142 1453 2265 1499 sunt
2296 1443 2337 1516 (Ι
2362 1441 2518 1498 Joan.
2551 1458 2604 1509 v,
2634 1443 2667 1498 6
2695 1453 2745 1497 et
2769 1440 2926 1514 seq.).
3124 1488 3129 1493 .

2213 1535 2305 1591 68.
2338 1534 2483 1590 Audi
2511 1533 2787 1605 quomodo
2812 1541 3023 1589 testes:
3052 1531 3292 1603 Spiritus
3316 1538 3556 1586 mentem
3585 1544 3726 1585 reno-

2145 1636 2267 1693 vat,
2310 1641 2447 1697 aqua
2491 1626 2711 1697 prolicit
2753 1624 2822 1680 ad
2866 1624 3183 1690 lavacrum,
3217 1633 3242 1661 °
3270 1622 3495 1695 sanguis
3535 1631 3727 1693 spectat

2142 1720 2210 1775 ad
2243 1721 2500 1791 pretium.
2530 1719 2769 1791 Spiritus
2798 1719 2942 1773 enim
2972 1732 3072 1773 nos
3100 1732 3197 1788 per
3224 1716 3574 1788 adaptionem
3604 1714 3729 1770 ﬁlios

443 1828 618 1867 uocent
667 1813 778 1883 ejus
815 1810 970 1867 audis
996 1829 1015 1867 :
1053 1814 1144 1867 sed
1181 1814 1347 1868 nescis
1386 1813 1525 1867 unde
1562 1815 1731 1869 veniat
1756 1856 1770 1879 ,
1812 1824 1900 1869 aut
1935 1832 2037 1886 quo
2069 1801 2114 1860 Β
2145 1813 2240 1868 Dei
2272 1812 2435 1879 fecit,
2467 1813 2610 1867 sacri
2641 1810 2808 1867 fontis
2839 1810 2983 1865 unda
3014 1825 3118 1865 nos
3145 1808 3358 1876 abluit,
3391 1808 3611 1878 sanguis
3638 1806 3730 1862 Do-

445 1903 641 1971 vadat;
681 1904 755 1958 sic
794 1915 866 1960 est
907 1904 1073 1959 omnis
1104 1904 1194 1976 qui
1230 1915 1382 1960 natus
1410 1890 1573 1962 estde
1603 1905 1808 1976 Spiritu
1847 1906 2039 1979 (Ibid.,

444 2013 519 2053 vn
537 2038 550 2059 .
583 1996 662 2069 8).

516 2090 608 2146 64.
648 2090 782 2159 Quis
817 2102 901 2148 est
941 2092 1031 2161 qui
1070 2092 1316 2148 nascitur
1339 2092 1410 2149 de
1438 2094 1679 2164 Spiritu,
1712 2103 1769 2151 et
1803 2095 1895 2166 qui
1925 2094 2046 2151 eili-

446 2182 588 2237 citur
608 2181 866 2252 Spiritus,
889 2184 993 2239 nisi
1015 2183 1109 2254 qui
1132 2196 1427 2242 renovatur
1444 2185 1650 2258 Spiritu
1672 2189 1871 2245 mentis
1892 2192 2047 2245 suae?

448 2273 546 2329 llic
586 2284 671 2329 est
706 2274 896 2346 utique
932 2276 1025 2346 qui
1066 2291 1163 2348 per
1191 2292 1388 2347 aquam
1430 2288 1783 2349 regeneratur
1803 2280 1970 2353 678
1992 2291 2048 2338 et

450 2366 710 2438 Spiritum
750 2378 1044 2436 sanctum;
1082 2371 1337 2441 quoniam
1378 2385 1474 2440 per
1510 2372 1782 2429 lavacrum
1819 2390 2049 2446 regene-

453 2462 682 2517 rationis
723 2469 779 2518 et
821 2464 1193 2521 renovationis
1234 2464 1471 2537 Spiritus
1513 2467 1685 2522 sancti
1726 2482 1876 2539 spem
1922 2470 2048 2525 vita:

453 2554 698 2625 capimus
726 2565 972 2613 aeternas.
1006 2557 1078 2613 Et
1104 2558 1231 2613 alibi
1261 2558 1453 2615 Petrus
1481 2562 1762 2631 apostolus
1792 2564 1905 2618 ait:
1945 2562 2049 2620 Vos

449 2659 620 2704 autem
649 2649 856 2721 Spiritu
880 2662 1057 2707 sancto
1086 2653 1472 2724 baptizabimini
1501 2655 1637 2728 (Act.
1666 2674 1755 2724 ut,
1779 2658 1891 2730 i6).
1915 2658 2050 2727 Quis

450 2751 536 2797 est
573 2752 756 2798 autem
796 2744 892 2816 qui
928 2744 1233 2815 baptizatur
1279 2747 1483 2818 Spiritu
1528 2762 1752 2818 sancto,
1804 2752 1909 2807 nisi
1957 2753 2048 2823 qui

454 2834 760 2891 renascitur
785 2851 881 2907 per
903 2852 1100 2908 aquam
1132 2850 1185 2895 et
1209 2838 1475 2911 Spiritum
1505 2851 1751 2899 sanctum
1772 2845 1795 2898 i
1819 2844 1962 2916 Ergo
1985 2845 2052 2902 de

454 2936 647 2982 sancto
677 2927 881 2999 Spiritu
914 2929 1178 2988 Dominus
1205 2934 1375 2988 dixit:
1406 2935 1588 3000 Amen,
1618 2953 1765 2992 amen
1792 2939 1908 2994 dico
1934 2938 2047 3007 tibi,

454 3022 556 3077 nisi
597 3024 714 3093 quis
751 3034 964 3079 renatus
1004 3026 1158 3095 fuerit
1196 3043 1290 3098 per
1317 3044 1505 3097 aquam
1548 3039 1597 3083 et
1629 3029 1909 3100 Spiritunt,
1945 3049 2049 3088 non

453 3126 619 3186 potest
655 3118 873 3173 introire
910 3120 964 3175 in
1002 3136 1215 3192 regnum
1242 3119 1364 3176 Dei.
1406 3123 1473 3179 Et
1503 3122 1627 3180 ideo
1656 3124 1725 3181 de
1754 3125 1873 3195 ipso
1900 3126 2049 3183 nasci

452 3225 551 3267 nos
580 3211 632 3265 in
667 3212 1061 3281 posterioribus
1085 3213 1326 3271 deﬁnivit
1347 3258 1361 3279 ,
1393 3232 1490 3287 per
1516 3233 1677 3289 quem
1705 3220 1914 3276 renasci
1943 3236 2043 3278 nos
2068 3200 2114 3264 (ἶ

456 3301 511 3356 in
538 3303 914 3374 superioribus
940 3313 1027 3361 est
1050 3301 1295 3362 loeutus.
1318 3308 1447 3365 Haec
1478 3309 1753 3366 Dominica
1776 3314 2051 3369 sententia

454 3408 539 3454 est
564 3416 577 3452 :
607 3397 637 3437 δ
663 3399 869 3470 scripto
900 3400 1061 3469 nitor,
1094 3416 1202 3457 non
1232 3410 1576 3474 argumento.

521 3492 612 3549 65.
656 3492 856 3561 Quaero
896 3502 1076 3549 tamen
1116 3510 1213 3550 cur
1248 3498 1294 3552 si
1337 3480 1444 3553 non
1484 3497 1763 3554 dubitatur
1790 3514 1890 3572 per
1919 3500 2047 3571 Spi-

457 3586 620 3642 ritum
660 3596 907 3642 sanctum
938 3598 960 3627 ο
992 3603 1089 3643 nos
1117 3590 1368 3655 renasci,
1411 3591 1697 3650 dubitetur
1732 3593 1801 3650 de
1842 3595 2049 3666 Spiritu

456 3687 649 3734 sancto
690 3694 789 3735 nos
825 3680 1013 3744 nasci;
1046 3695 1169 3736 cum
1203 3682 1320 3753 ipse
1348 3684 1615 3740 Dominus
1642 3685 1803 3742 lesus
1828 3686 1896 3743 de
1925 3688 2050 3757 Spi-

459 3772 567 3828 ritu
594 3783 785 3829 sancto
814 3784 870 3829 et
896 3784 1056 3831 natus
1085 3776 1157 3831 sit
1186 3785 1242 3833 et
1269 3780 1535 3833 renatus?
1565 3780 1736 3846 Quem
1774 3781 1818 3835 si
1862 3790 2048 3838 natum

457 3866 528 3923 de
565 3866 771 3939 Spiritu
809 3875 1001 3923 sancto
1035 3870 1368 3926 conﬁtemini
1404 3870 1423 3942 (
1450 3870 1638 3928 Matth.
1668 3889 1717 3941 ι,
1743 3874 1815 3930 20
1837 3874 1854 3945 )
1875 3916 1889 3940 ,
1916 3876 2048 3947 quia

459 3974 565 4015 non
588 3962 813 4031 potestis
842 3975 1041 4033 negare
1072 3983 1085 4019 :
1111 3972 1361 4019 renatum
1393 3972 1574 4020 autem
1595 3964 1812 4036 (Matth.
1842 3982 1921 4034 ιιι,
1957 3968 2044 4040 16)

456 4050 702 4123 negatis;
734 4067 927 4124 magna
969 4053 1315 4125 insipientia,
1348 4064 1409 4110 ut
1446 4056 1593 4127 quod
1635 4059 1914 4129 singulare
1952 4061 2049 4117 Dei

457 4155 578 4211 est,
621 4146 1028 4203 conﬁteamini:
1075 4148 1219 4219 quod
1266 4164 1556 4205 commune
1598 4161 1682 4207 est
1728 4153 2047 4222 hominum,

456 4234 758 4308 denegetis.
800 4239 866 4293 Et
894 4238 1017 4294 ideo
1057 4239 1197 4296 bene
1236 4241 1393 4298 vobis
1431 4242 1630 4299 dicitur
1667 4245 1811 4316 quod
1846 4245 2051 4304 ludatis

457 4326 658 4385 dictum
690 4341 815 4387 est:
865 4332 928 4388 Si
970 4342 1172 4389 terrena
1211 4334 1349 4391 vobis
1393 4338 1536 4406 dixi,
1586 4350 1634 4395 et
1660 4356 1763 4394 non
1802 4342 2049 4409 creditis;

455 4422 710 4491 quomodo
725 4424 770 4477 si
787 4423 968 4479 dixero
987 4426 1127 4481 vobis
1146 4430 1374 4485 ctelestia
1389 4431 1607 4486 credetis
1625 4429 1806 4503 (Joan.
1829 4449 1906 4501 ιιι,
1924 4434 2051 4508 12)?

531 4512 622 4569 66.
654 4512 766 4571 Sed
796 4524 978 4572 tamen
1008 4528 1298 4591 utrumque
1336 4522 1514 4578 locum
1556 4524 1629 4578 ita
1666 4526 1927 4594 scriptum
1970 4526 2048 4581 in-

2147 1905 2280 1960 mini
2312 1920 2413 1961 nos
2444 1905 2699 1961 redemit.
2723 1903 2970 1961 Alterum
2996 1904 3162 1976 igitur
3187 1902 3496 1970 invisibile,
3519 1902 3732 1957 alterum

2146 2002 2365 2057 visibile
2398 2001 2773 2057 testimonium
2804 2009 3150 2057 sacramento
3176 2000 3567 2070 consequimur
3587 1998 3734 2070 spiri-

2150 2093 2243 2148 tali
2273 2109 2287 2159 ;
2318 2096 2447 2164 quia
2479 2093 2711 2164 Spiritus
2739 2093 3086 2147 testimonium
3125 2091 3293 2147 reddit
3327 2090 3537 2161 spiritui
3575 2099 3733 2145 nostro

2146 2184 2327 2253 (Rom.
2362 2201 2458 2240 vm
2478 2226 2494 2254 ,
2524 2183 2638 2257 t6).
2669 2184 2785 2240 Etsi
2814 2183 2871 2239 in
2900 2193 3131 2256 utroque
3160 2182 3447 2255 plenitudo
3472 2182 3539 2238 sit
3567 2196 3734 2238 sacra-

2148 2282 2356 2347 menti,
2385 2280 2667 2337 distinctio
2705 2289 2888 2337 tamen
2928 2282 3172 2335 muneris
3200 2288 3320 2335 est:
3354 2292 3489 2350 ergo
3516 2276 3603 2333 ubi
3631 2277 3733 2333 dis-

2149 2373 2342 2429 tinctio
2391 2381 2478 2430 est
2531 2373 2812 2440 muneris,
2843 2386 2956 2429 non
2986 2381 3071 2431 est
3119 2372 3312 2444 utique
3350 2371 3733 2429 testiﬁcationis

2150 2465 2454 2538 aequalitas.

2669 2560 2835 2633 s79
2872 2558 3099 2617 CAPUT
3138 2557 3235 2615 XI.

2153 2652 2505 2727 Objiciebatur
2547 2651 2771 2710 Joannis
2810 2652 2963 2709 verba
2989 2693 3008 2720 ,
3049 2653 3297 2708 nimirum
3329 2694 3346 2720 ,
3397 2652 3625 2725 Spiritus
3655 2661 3728 2709 est

2221 2746 2387 2812 Deus,
2415 2748 2483 2801 ad
2499 2744 2671 2801 Deum
2698 2744 2910 2800 Patrem
2930 2746 3202 2816 referenda
3220 2762 3366 2813 esse;
3393 2746 3594 2819 quando
3607 2755 3732 2816 post-

2221 2858 2282 2897 ea
2312 2840 2478 2895 Deum
2506 2839 2832 2896 adorandum
2861 2840 2914 2895 in
2966 2840 3177 2912 Spiritu
3206 2848 3264 2896 et
3287 2841 3525 2897 veritate
3553 2839 3728 2911 pradi-

2222 2934 2292 2988 cit
2334 2931 2593 2989 Christus.
2637 2932 3003 3003 Respondetur
3044 2933 3211 3005 primo
3251 2947 3373 2987 uoce
3410 2932 3625 3003 spiritus
3657 2932 3731 2985 itt-

2222 3029 2425 3084 terdunt
2469 3032 2700 3101 gratiam
2746 3027 3036 3098 spiritalem
3089 3026 3381 3100 signiﬁcari
3426 3042 3446 3083 :
3484 3024 3656 3080 deinde
3689 3025 3730 3079 si

2222 3140 2500 3195 personam
2532 3124 2765 3196 Spiritus
2792 3123 2961 3178 sancti
2990 3138 3082 3194 per
3103 3137 3252 3177 uoces
3283 3121 3338 3176 in
3368 3120 3562 3192 spiritu
3595 3118 3731 3174 intel-

2221 3218 2482 3290 ligendam
2530 3218 2689 3273 uelint
2713 3258 2730 3285 ,
2780 3226 3151 3290 proptereaque
3197 3217 3302 3286 ipsi
3348 3215 3524 3271 deberi
3570 3221 3729 3285 negent

2222 3313 2577 3367 adorationem
2597 3353 2613 3378 ,
2646 3311 2939 3367 ostenditur
2963 3319 3325 3383 argumentum
3350 3326 3497 3382 teque
3524 3322 3729 3382 pugnare

2222 3405 2277 3459 in
2311 3402 2513 3459 Filium
2541 3420 2560 3459 :
2596 3420 2747 3476 quem
2780 3413 2950 3459 tamen
2979 3420 3098 3458 cum
3124 3402 3456 3459 adorandum
3484 3403 3726 3457 innumera

2223 3499 2439 3571 probent
2466 3499 2735 3571 exempla,
2768 3499 2893 3554 hinc
2921 3501 2985 3555 de
3011 3498 3217 3572 Spiritu
3251 3514 3455 3570 quoque
3480 3498 3608 3553 idem
3636 3504 3725 3551 sls-

2225 3591 2473 3647 tuendum
2510 3593 2843 3664 intelligitur.
2887 3592 3029 3660 Quid
3060 3590 3276 3646 adorari
3304 3591 3605 3663 prtecipitur
3629 3603 3724 3643 sce-

2225 3687 2417 3742 bellum
2446 3687 2635 3758 pedum
2657 3686 2684 3740 1’
2722 3685 2838 3741 Hoc
2872 3686 3134 3757 designari
3162 3683 3379 3740 Domini
3403 3701 3615 3757 corpus,
3648 3698 3721 3737 eu-

2215 3785 2309 3855 jus
2339 3797 2454 3835 cum
2483 3790 2667 3836 auctor
2692 3780 2760 3835 sit
2784 3779 3037 3849 Spiritus,
3068 3780 3242 3845 ipsum
3272 3779 3502 3850 sequitur
3526 3776 3722 3833 adora-

2225 3874 2351 3927 dunt
2377 3889 2518 3941 esse,
2562 3889 2655 3927 nec
2682 3882 2849 3927 tamen
2880 3871 3097 3940 proinde
3138 3870 3364 3926 Mariam
3404 3869 3716 3925 adorandum.

2228 3967 2351 4023 Non
2392 3984 2514 4040 ergo
2540 3967 2784 4040 abrogari
2821 3965 3052 4038 Spiritus
3086 3965 3448 4020 adorationem
3469 4006 3486 4033 ,
3523 3963 3607 4019 sed
3628 3966 3719 4036 ejus

2224 4079 2340 4117 cum
2386 4060 2546 4116 Patre
2586 4059 3002 4134 conjunctionem
3040 4058 3262 4129 exprimi
3284 4099 3301 4124 ,
3341 4074 3459 4113 cum
3499 4055 3644 4112 Pater
3671 4054 3718 4110 in

2224 4156 2429 4225 Spiritu
2457 4153 2649 4209 dicitur
2678 4153 2980 4208 adorandus
3020 4168 3040 4206 :
3065 4151 3205 4223 quod
3238 4151 3497 4207 similibus
3531 4148 3717 4206 locutio-

2226 4249 2376 4304 nibus
2403 4248 2762 4313 conﬁrmatur.

2226 4342 2318 4398 69.
2346 4339 2528 4414 [Alias
2557 4356 2679 4411 cap.
2704 4338 2860 4412 Xll.]
2896 4336 3005 4395 Sed
3041 4335 3277 4393 fortasse
3313 4335 3583 4394 referatur
3614 4331 3713 4404 quia

2156 4434 2209 4489 in
2254 4432 2648 4504 posterioribus
2679 4432 2835 4487 istius
2876 4432 3049 4502 ipsius
3087 4429 3209 4486 libri
3249 4429 3451 4486 iterum
3489 4426 3714 4484 Dominus

2159 4526 2324 4583 Deum
2361 4527 2623 4598 Spiritum
2652 4525 2831 4593 dixit,
2876 4527 2972 4581 sed
3010 4524 3079 4581 de
3100 4523 3266 4580 Patre
3298 4524 3415 4580 Deo
3440 4522 3622 4581 sensit.
3642 4518 3713 4574 Sic

457 4606 709 4662 venimus
748 4608 803 4663 in
852 4607 1045 4666 Grzeco
1064 4650 1082 4677 ,
1132 4621 1194 4668 ut
1241 4628 1348 4669 non
1390 4629 1488 4685 per
1526 4592 1792 4687 Spiritum
1812 4616 2046 4687 dixerit,
2077 4592 2132 4654 Β
2156 4620 2299 4675 enim
2330 4592 2503 4677 babes
2533 4621 2586 4676 in
2611 4620 2909 4692 Evangelio
2931 4636 2948 4676 :
2974 4617 3132 4674 Nunc
3153 4626 3228 4674 est
3247 4619 3461 4690 quando
3488 4617 3589 4673 veri
3610 4615 3715 4668 ado-

457 4701 556 4758 sed
576 4700 647 4757 de
664 4701 889 4772 Spiritu.
922 4703 1167 4775 Denique
1193 4706 1275 4761 sic
1303 4706 1467 4763 habet
1491 4726 1504 4763 :
1535 4709 1709 4783 ’Apr'w,
1739 4713 1895 4784 ἀμὴν,
1920 4713 2047 4787 λέγω

457 4817 567 4865 σοι,
602 4798 689 4854 εὰν
716 4802 787 4869 μή
815 4819 895 4860 τις
920 4800 1127 4872 γεννὴθη
1152 4800 1203 4867 ἐξ
1228 4799 1418 4864 ὕδατος·
1452 4805 1537 4860 καὶ
1578 4807 1865 4879 Πνεύματος
1882 4848 1897 4875 ,
1945 4808 2048 4864 hoc

526 4974 554 5037 ει
588 4963 707 5020 Non
734 4966 888 5035 pauci
943 4975 1102 5028 mss.,
1138 4979 1223 5037 ex_
1240 4980 1375 5032 aqua
1422 4980 1468 5021 et
1501 4966 1704 5037 Spiritu
1745 4978 1942 5025 sancto.
1979 4970 2046 5025 Et

454 5036 614 5112 inira,
644 5038 709 5092 de
731 5034 886 5091 carne
922 5049 1043 5089 caro
1070 5042 1161 5089 est.
1193 5034 1366 5112 Por_ro
1394 5034 1685 5112 sequentes
1712 5056 1898 5112 voces,
1920 5043 2043 5112 quia

454 5110 518 5163 de
559 5124 712 5166 carne
740 5117 919 5163 natum
947 5114 1053 5171 est,
1085 5121 1191 5159 non
1237 5107 1416 5162 minus
1448 5110 1647 5165 absunt
1674 5111 1743 5167 ab
1786 5107 2039 5167 omnibus

451 5180 693 5235 omnium
718 5179 1035 5234 idiomatnm
1076 5176 1283 5250 bibliis,
1308 5193 1469 5248 quam
1498 5181 1601 5236 illte
1630 5181 1700 5237 de
1727 5183 1924 5250 quibus
1951 5183 2038 5239 hic

408 5283 413 5287 ~
449 5251 773 5320 disputatur,
802 5250 1044 5322 quoniam
1066 5246 1205 5303 Deus
1227 5246 1457 5322 Spiritus
1487 5262 1579 5307 est.
1610 5246 1769 5319 Atqui
1798 5265 1853 5308 ut
1881 5254 2040 5310 dubi-

452 5317 568 5386 tare
591 5317 927 5393 nequaquam
959 5320 1118 5385 licet,
1153 5317 1284 5388 quin
1311 5319 1392 5373 ha:
1436 5322 1637 5379 ultimm
1667 5317 1736 5379 ab
1765 5325 2038 5381 haereticis

449 5393 653 5448 fuerint
677 5391 744 5448 ex
779 5391 905 5447 albo
934 5405 1211 5447 sacrarum
1236 5393 1562 5460 paginarum
1588 5409 1782 5463 eraste,
1811 5396 1881 5451 ita
1904 5398 2038 5453 satis

454 5465 651 5519 mirum
679 5470 765 5518 est
780 5462 998 5533 easdem
1018 5476 1281 5530 nusquam
1317 5464 1370 5516 in
1391 5465 1666 5533 proprium
1681 5468 1855 5521 locum
1870 5466 2044 5524 fuisse

450 5534 751 5588 restitutas.
774 5532 941 5588 Forte
960 5542 1171 5604 quaarut
1198 5533 1393 5605 aliquis
1413 5532 1512 5589 cur
1567 5550 1599 5590 e
1647 5551 1765 5605 cap.
1801 5554 1881 5603 ιιι,
1925 5537 2043 5594 haec

451 5605 619 5675 verba
643 5613 916 5671 expuncta
945 5605 1089 5668 sint,
1122 5617 1243 5658 cum
1275 5603 1468 5660 eadem
1492 5607 1545 5659 in
1576 5603 1754 5675 capite
1779 5623 1853 5674 tv,
1895 5624 2039 5665 vers.

450 5672 541 5731 Ἡ.
569 5676 777 5741 integra
802 5674 1329 5741 perseverent'lSed
1372 5672 1794 5733 rationem'satis
1840 5672 2044 5741 indicat

453 5738 1027 5824 ﬁmbrosiitsinoster,
1062 5740 1320 5824 videlicet
1360 5747 1709 5824 quodhverlta:
1731 5763 1858 5824 ‘cap.
1894 5745 1944 5808 Iv
1975 5739 2041 5808 ad

454 5811 673 5871 Patrem
689 5810 1196 5882 detorqueripoitsé
1222 5810 1474 5886 putarent
1504 5812 1765 5877 haeretici.

2154 4723 2354 4769 ratores
2380 4712 2678 4768 adorabunt
2709 4711 2922 4768 Patrem
2953 4713 3009 4767 in
3038 4711 3247 4781 Spiritu
3271 4720 3323 4766 et
3349 4712 3573 4767 ueritate.
3598 4706 3712 4763 Natu

2156 4817 2204 4863 et
2239 4806 2398 4862 Pater
2427 4808 2555 4861 tales
2592 4806 2809 4878 quterit,
2838 4807 2929 4878 qui
2967 4804 3185 4860 adorent
3218 4819 3358 4860 eum.
3400 4803 3619 4875 Spiritus
3650 4807 3712 4854 est

2221 4971 2248 5011 δ
2289 4971 2499 5040 Scripta
2544 4972 2701 5036 nitor,
2752 4987 2857 5026 non
2906 4980 3214 5042 argumento
3266 4979 3552 5040 propterea
3600 4965 3711 5022 dicit

2145 5043 2495 5108 Ambrosius,
2519 5042 2662 5113 quod
2682 5044 2838 5098 etiam
2862 5042 3101 5097 huntauis
3125 5042 3710 5113 testimoniisarguntents

2146 5115 2329 5170 cedere
2355 5108 2587 5186 soleant,
2622 5123 2680 5169 ut
2708 5114 2825 5186 ipse
2856 5113 3050 5169 scribit
3075 5113 3166 5169 lib.
3200 5128 3217 5168 ι
3247 5113 3317 5186 de
3346 5111 3478 5186 Fide
3501 5108 3609 5186 cap.
3637 5108 3707 5171 ll,

2147 5201 2294 5242 num.
2328 5187 2417 5243 70.
2452 5185 2588 5242 Vide
2625 5183 2882 5242 similiter
2919 5200 3041 5256 quae
3079 5185 3389 5241 notavimus
3414 5183 3482 5239 ad
3509 5183 3596 5238 lib.
3624 5194 3705 5242 ιιι.

2143 5272 2265 5328 cap.
2298 5260 2351 5318 3.
2388 5272 2538 5313 num.
2578 5258 2669 5313 24.
2922 5298 2933 5303 -

2218 5326 2239 5369 δ
2281 5328 2442 5384 Pauci
2465 5343 2621 5397 mss.,
2643 5344 2737 5384 nos
2758 5329 2936 5396 nasci,
2959 5326 3221 5382 dubitetur
3246 5327 3310 5383 de
3331 5326 3532 5398 Spiritu
3556 5330 3706 5380 structo

2143 5417 2236 5455 nos
2263 5416 2484 5455 renasci.

2216 5469 2242 5509 ά
2284 5472 2407 5527 Vet.
2460 5470 2597 5527 edit.
2651 5479 2707 5526 et
2753 5470 2973 5539 quidam
3026 5485 3185 5536 mss.,
3230 5479 3279 5524 et
3326 5469 3705 5539 sanguinem,et

2142 5543 2375 5615 Spiritus
2396 5543 2773 5615 testimonium:
2792 5543 3038 5615 quoniam
3062 5541 3296 5608 Spiritus
3324 5552 3399 5595 est
3422 5538 3630 5615 ueritatis

2145 5607 2300 5669 unum
2322 5615 2514 5681 suntin
2540 5612 2746 5669 Christo
2770 5607 2916 5668 mu.
2943 5612 3071 5668 Mss.
3099 5607 3231 5668 vero
3251 5612 3434 5668 caeteri
3460 5607 3699 5664 nobiscum

2144 5685 2347 5751 faciunt
2366 5726 2383 5747 ,
2408 5693 2638 5754 excepto
2664 5684 2806 5756 quod
2838 5700 2960 5756 pro,
2992 5685 3224 5756 Spiritus
3248 5693 3325 5738 est
3355 5683 3564 5745 ueritas,
3592 5690 3699 5756 non-

2146 5696 2383 5751 faciunt,
2408 5696 2638 5754 excepto
2664 5696 2806 5812 quod
2838 5700 2960 5756 pro,
2992 5696 3224 5755 Spiritus
3248 5696 3325 5738 est
3355 5696 3564 5745 ueritus,
3592 5696 3693 5760 non-

2146 5757 2279 5814 nulli
2304 5756 2503 5826 liabent
2523 5772 2645 5813 cum
2680 5816 2688 5826 ι
2715 5755 2823 5826 ulg.
2851 5771 2995 5811 vers.
3019 5757 3160 5820 sola,
3184 5754 3420 5811 Christus
3438 5763 3507 5807 est
3525 5758 3693 5806 sentes.

2222 5837 2243 5866 ε
2286 5816 2413 5885 Mss.
2443 5816 2692 5887 nonnulli
2713 5869 2728 5895 ,
2757 5816 2971 5900 sanguis
2999 5816 3174 5897 expiat
3203 5827 3272 5883 ad
3302 5826 3529 5898 pretium.
