4014 6290
137 323 238 380 795

1257 324 1346 381 DE
1387 321 1661 383 SPlRlTU
1703 324 1972 384 ΒΑΜ]Το
2013 324 2142 384 LIB.
2182 325 2272 383 111.

3330 321 3438 380 794

142 437 318 506 Deus,
357 449 410 494 et
446 455 538 496 eos
572 440 660 513 qui
687 440 908 496 adorant
937 455 1088 508 eum,
1123 441 1178 494 in
1213 437 1420 509 Spiritu
1450 447 1497 494 et
1525 440 1736 496 ueritate
1762 443 1817 504 Α
1842 441 2133 505 Dominus;
2165 449 2220 495 ut
2252 440 2337 495 ubi
2365 439 2880 510 superabundauerat
2905 448 3198 510 peccatum,
3221 455 3439 509 supera-

139 539 343 603 0portet
369 531 598 588 adorare
625 532 820 605 (Joan.
850 549 926 599 tv,
951 532 1044 601 25,
1076 532 1201 603 21).
1238 531 1353 587 Non
1390 531 1568 588 solum
1597 533 1742 589 enim

141 620 245 678 hoc
281 624 546 694 exemplo
581 624 924 680 divinitatem
961 625 1133 680 sancti
1171 624 1408 696 Spiritus
1447 625 1615 680 vultis
1649 640 1746 681 ne-

140 729 303 786 gare;
345 716 445 771 sed
488 717 653 772 etiam
685 717 736 772 in
769 718 974 797 Spiritu
1006 718 1222 773 adorari
1255 717 1425 773 Deum
1466 727 1742 790 tamquam

142 807 210 863 ad
240 808 646 879 subjectionem
678 809 913 881 Spiritus
940 810 1224 866 derivatis.

214 900 306 957 70.
352 901 454 957 Cui
496 903 620 958 loco
660 903 1003 974 respondebo
1049 903 1314 970 breviter,
1360 904 1482 975 quia
1522 903 1746 976 spiritus

143 993 468 1064 plerumque
492 995 715 1064 ponitur
737 1011 834 1066 pro
855 994 1030 1067 gratia
1050 995 1282 1066 spiritali
1307 1036 1322 1059 ,
1359 996 1502 1050 sicut
1523 1007 1578 1050 et
1597 995 1745 1064 Apo-

142 1085 319 1141 stolus
345 1085 488 1140 dixit
521 1102 535 1137 :
569 1085 708 1154 Quia
735 1087 846 1155 ipse
866 1086 1082 1156 spiritus
1109 1085 1340 1156 postulat
1361 1101 1454 1156 pro
1484 1084 1630 1139 nobis
1657 1101 1747 1156 ge-

143 1180 356 1235 mitibus
375 1180 812 1236 inenarrabilibus
839 1179 1030 1252 (Rom.
1057 1195 1175 1246 vut,
1197 1177 1329 1251 26),
1353 1179 1456 1234 hoc
1487 1190 1592 1243 est,
1620 1193 1746 1249 gra-

144 1279 222 1328 tla
251 1273 550 1344 spiritalis;
596 1273 699 1328 uisi
743 1273 884 1330 forte
913 1274 1148 1345 gemitus
1177 1287 1278 1328 vos
1307 1272 1479 1329 sancti
1509 1271 1746 1342 Spiritus

144 1365 336 1421 audire
371 1367 644 1437 potuistis.
674 1365 817 1438 Ergo
847 1375 903 1422 et
938 1365 1025 1421 hic
1052 1365 1316 1422 adoratur
1343 1365 1516 1433 Deus,
1551 1378 1659 1419 non
1689 1364 1746 1418 in

145 1459 356 1514 malitia
391 1459 572 1515 cordis
598 1501 613 1525 ,
657 1460 752 1515 sed
793 1460 845 1514 in
887 1459 1063 1530 gratia
1110 1459 1365 1529 spiritali.
1409 1457 1475 1512 In
1519 1459 1746 1512 animant

144 1552 293 1608 enim
317 1551 749 1625 malejvolamaon
778 1553 934 1608 intrat
962 1553 1216 1624 sapientia
1243 1552 1404 1624 (Sap.
1435 1567 1475 1618 ι,
1499 1550 1590 1622 4);
1617 1551 1746 1622 quia

146 1662 296 1700 nemo
335 1656 501 1716 potest
537 1645 709 1701 dicere
742 1646 1023 1702 Dominum
1049 1645 1230 1702 Iesum
1257 1687 1274 1713 ,
1314 1647 1414 1700 nisi
1450 1646 1502 1699 in
1541 1645 1746 1716 Spiritu

144 1750 328 1793 sancto
359 1737 418 1812 (l
447 1738 569 1794 Cor.
607 1755 682 1794 xu
703 1780 716 1805 ,
743 1738 830 1811 5).
862 1740 1169 1808 Statimque
1195 1737 1438 1795 subdidit
1467 1755 1479 1792 :
1514 1736 1740 1793 Divisio-

145 1847 235 1888 nes
264 1849 386 1887 vero
414 1833 701 1904 gratiarum
726 1843 846 1887 sunt
874 1833 1067 1904 (lbid.,
1088 1834 1170 1904 4).

213 1925 306 1980 71.
344 1924 461 1980 Non
497 1925 662 1995 igitur
687 1925 788 1982 hoc
819 1927 885 1980 ad
918 1925 1312 1998 plenitudinem
1342 1967 1356 1990 ,
1388 1940 1489 1981 nec
1520 1925 1586 1980 ad
1619 1939 1743 1995 por-

145 2018 354 2074 tionem
377 2017 612 2089 Spiritus
637 2027 814 2088 potest
836 2019 1136 2089 pertinere,
1157 2020 1284 2090 quia
1307 2033 1480 2089 neqne
1507 2016 1742 2073 humana

144 2127 304 2169 mens
340 2113 460 2184 ejus
502 2113 895 2184 plenitudinem
941 2116 1120 2184 capit,
1167 2129 1345 2186 neque
1387 2113 1439 2169 in
1483 2113 1622 2168 ullas
1660 2113 1742 2168 sui

144 2205 414 2261 dividitur
443 2205 718 2262 sectiones
746 2223 760 2260 :
799 2205 896 2262 sed
921 2205 1126 2262 donum
1155 2207 1346 2277 gratiae
1377 2206 1633 2276 spiritalis
1664 2205 1746 2260 in-

145 2297 364 2364 fundit,
397 2299 452 2354 in
479 2314 588 2370 quo
623 2298 879 2354 adoratur
911 2299 1086 2365 Deus,
1120 2299 1261 2354 sicut
1291 2299 1546 2354 aduratur
1579 2293 1752 2352 etiam

146 2392 202 2446 in
227 2389 491 2457 veritate;
526 2406 634 2446 non
669 2391 814 2446 enim
839 2391 1029 2446 adorat
1051 2431 1066 2456 ,
1097 2390 1199 2446 nisi
1228 2389 1320 2461 qui
1349 2390 1632 2445 veritatem
1663 2388 1745 2444 di-

145 2483 393 2539 vinitatis
435 2486 555 2553 ejus
597 2485 685 2552 pio
733 2484 913 2540 haurit
955 2469 1174 2540 aﬂectu.
1215 2483 1325 2538 Nec
1366 2483 1550 2554 utique
1596 2483 1745 2539 velut

148 2576 516 2646 personaliter
567 2574 886 2644 Christum,
941 2586 1035 2632 aut
1084 2585 1332 2633 sanctum
1385 2575 1746 2647 personaliter

150 2671 423 2744 Spiritum
454 2670 887 2742 comprehendit.

224 2763 315 2818 72.
350 2765 458 2819 Aut
487 2763 534 2818 si
567 2773 723 2834 putas
757 2763 901 2836 quod
942 2763 1094 2820 velut
1133 2764 1503 2834 personaliter
1540 2762 1746 2818 dictum

151 2856 222 2912 de
253 2856 464 2928 Spiritu
493 2857 740 2913 videatur
770 2856 919 2914 etde
943 2855 1159 2914 Christo
1184 2875 1197 2912 :
1227 2872 1357 2928 ergo
1386 2856 1531 2912 Deus
1558 2857 1749 2912 simili-

152 2959 240 3006 ter
278 2949 540 3006 adoratur
577 2950 630 3005 in
668 2952 932 3016 veritate,
973 2950 1112 3006 sicut
1139 2949 1400 3006 adoratur
1437 2950 1490 3006 in
1522 2949 1746 3020 Spiritu.

155 3042 265 3097 Aut
292 3040 490 3097 similis
512 3043 677 3112 igitur
708 3042 999 3113 subjectio,
1031 3042 1176 3113 quod
1198 3043 1341 3098 absit
1368 3043 1668 3105 utcredas;
1694 3055 1753 3100 et

156 3149 260 3191 nec
292 3134 463 3190 Filius
488 3135 745 3191 adoratur
783 3153 795 3188 :
836 3144 960 3203 aut,
999 3135 1142 3206 quod
1171 3151 1357 3192 verum
1394 3146 1512 3203 est,
1555 3137 1750 3194 similis

157 3228 392 3283 unitatis
419 3237 505 3283 est
530 3227 726 3299 gratia,
753 3237 808 3284 et
837 3227 1074 3299 Spiritus
1097 3227 1378 3284 adoratur.

226 3323 398 3395 σεο
441 3323 531 3378 75.
574 3321 1038 3394 ϐυιιὶεειιιιιιῌιίο
1083 3338 1215 3394 ergo
1253 3334 1308 3379 et
1354 3324 1753 3380 concludamus

157 3415 492 3471 Arianorum
526 3415 718 3484 impias
747 3415 1098 3486 quaestiones.
1129 3415 1187 3472 Si
1221 3415 1365 3472 enim
1402 3417 1522 3474 ideo
1556 3429 1758 3489 negant

157 3505 498 3561 adorandum
531 3505 827 3577 Spiritum,
859 3507 984 3578 quia
1031 3508 1176 3565 Deus
1206 3509 1464 3565 adoratur
1497 3511 1549 3566 in
1581 3511 1751 3583 Spiri-

160 3609 250 3665 tu;
300 3611 502 3672 negent
541 3616 672 3672 crgo
712 3601 1042 3658 adorandam
1086 3605 1406 3671 veritatem,
1453 3607 1577 3676 quia
1617 3607 1756 3662 Deus

155 3693 424 3750 adoratur
465 3695 518 3748 in
560 3697 812 3749 veritate.
859 3694 991 3750 Nam
1034 3697 1163 3752 licet
1211 3696 1460 3767 plurimae
1500 3699 1759 3754 veritates

155 3787 293 3852 sint,
319 3787 445 3856 quia
474 3788 733 3857 scriptum
763 3795 849 3842 est
875 3805 887 3840 :
925 3786 1206 3843 Diminutw
1234 3800 1351 3844 sunt
1375 3791 1617 3846 veritates
1639 3809 1671 3845 a
1696 3792 1759 3860 ﬁ-

156 3882 246 3936 liis
271 3880 539 3934 hominum
567 3878 739 3952 (Psal.
775 3896 848 3944 ιιι,
877 3881 900 3934 1
925 3883 972 3947 );
998 3881 1212 3936 donatae
1246 3892 1426 3938 tamen
1454 3890 1582 3938 sunt
1605 3899 1634 3937 a
1663 3899 1758 3938 ve-

156 3976 328 4031 ritate
364 3974 570 4039 divina,
611 3989 734 4046 quae
773 3981 861 4030 est
899 3974 1148 4030 Christus
1184 3977 1276 4046 qui
1319 3974 1395 4030 ait
1435 3993 1447 4030 :
1492 3974 1606 4048 Ego
1645 3993 1760 4032 sum

154 4072 247 4125 via
269 4111 286 4137 ,
330 4071 518 4124 veritas
559 4080 608 4124 et
645 4071 748 4124 vita
779 4070 973 4140 (Joan.
1003 4086 1112 4137 stv,
1143 4070 1232 4141 6).
1264 4070 1407 4140 Ergo
1435 4072 1479 4126 si
1509 4071 1612 4126 hoc
1641 4073 1761 4126 loco

156 4163 451 4219 veritatem
494 4178 560 4217 ex
602 4176 702 4217 usu
735 4162 1076 4233 intelligunt,
1109 4162 1413 4234 intelligant
1442 4164 1606 4219 etiam
1646 4178 1761 4233 gra-

155 4257 295 4312 tiam
323 4256 650 4327 spiritalem,
677 4263 732 4310 et
757 4254 894 4310 niltil
917 4265 1003 4310 est
1030 4255 1349 4311 olfensionis
1383 4273 1394 4308 :
1429 4265 1523 4310 aut
1547 4255 1592 4310 si
1624 4256 1762 4311 veri-

157 4360 330 4406 tatem
351 4349 633 4406 Christum
660 4350 956 4420 accipiunt.
987 4351 1321 4406 adorandum
1349 4361 1562 4420 negent.

241 4444 327 4500 71.
369 4443 475 4501 Sed
514 4443 842 4499 refelluntur
870 4444 1024 4499 lactis
1061 4444 1308 4516 piorum,
1339 4443 1482 4500 serie
1517 4444 1765 4516 Scriptu-

156 4558 368 4599 rarum.
399 4541 840 4611 Adoravitenim
869 4539 1144 4596 Christum
1177 4540 1360 4606 Maria,
1387 4549 1444 4596 et
1477 4541 1600 4596 ideo
1627 4556 1765 4612 prm-

1847 534 2097 589 bundaret
2123 543 2170 589 et
2197 535 2372 606 gratia
2397 533 2418 607 (
2435 533 2587 590 Rom.
2617 549 2670 599 ν,
2701 531 2833 604 20).
2867 531 3168 602 Meritoque
3197 533 3264 588 ad
3290 533 3438 589 viros

1847 630 2043 687 femina
2085 629 2432 695 destinatur;
2466 638 2525 686 ut
2552 644 2674 701 quae
2704 629 2917 700 culpam
2947 627 3063 683 viro
3091 629 3265 699 prima
3299 643 3440 684 nun-

1847 724 2096 786 tiaverat,
2123 723 2298 793 prima
2323 723 2534 778 Domini
2563 722 2793 793 gratiam
2822 721 3117 776 nuntiaret.

1917 817 2004 872 75.
2030 816 2414 872 Adoraverunt
2437 824 2494 870 et
2522 812 2755 884 apostoli
2775 811 2992 885 (Matth.
3019 827 3213 881 xxvm,
3242 811 3358 883 l7);
3382 820 3442 870 et

1847 909 1970 965 ideo
2001 911 2125 980 quia
2160 909 2473 964 detulerunt
2505 906 2634 964 ﬁdei
2671 906 3042 963 testimonium
3063 949 3077 972 ,
3112 913 3444 977 acceperunt

1848 1002 1974 1058 ﬁdei
2006 1002 2400 1073 magisterium.
2434 998 2816 1055 Adoraverunt
2842 1008 2897 1054 et
2921 997 3122 1067 angeli,
3148 997 3218 1054 de
3245 997 3441 1069 quibus

1847 1096 2108 1165 scriptum
2159 1103 2245 1150 est
2301 1111 2314 1148 :
2361 1092 2429 1147 Et
2475 1091 2689 1147 adorent
2733 1108 2846 1146 eum
2902 1107 3078 1146 omnes
3119 1091 3290 1162 angeli
3331 1092 3441 1163 ejus

1847 1186 2036 1259 (Hebr.
2061 1203 2101 1252 ι,
2134 1185 2212 1255 6).

1920 1281 2008 1337 76.
2044 1281 2288 1335 Aderant
2320 1287 2503 1332 autem
2537 1286 2560 1313 α
2591 1291 2698 1332 non
2727 1275 2904 1331 solum
2931 1274 3267 1329 divinitatem
3300 1273 3441 1345 ejus,

1847 1375 1943 1431 sed
1968 1376 2131 1431 etiam
2158 1373 2452 1429 scabellum
2480 1371 2676 1442 pedum
2705 1370 2841 1445 ejus,
2868 1368 3012 1424 sicut
3038 1369 3298 1440 scriptum
3325 1375 3440 1422 est:

1849 1467 1916 1523 Et
1938 1468 2154 1522 adorate
2175 1465 2454 1521 seabellum
2478 1463 2667 1533 pedum
2689 1467 2824 1536 ejus;
2845 1463 3088 1534 quoniam
3112 1471 3347 1516 sanctum
3369 1469 3446 1514 est

1851 1557 2026 1631 (Psal.
2059 1573 2243 1624 XCVIII,
2276 1559 2356 1628 5).
2383 1560 2488 1611 Aut
2511 1557 2557 1610 si
2585 1565 2783 1626 negant
2802 1555 2926 1626 quia
2957 1555 3008 1608 in
3031 1552 3252 1609 Christo
3280 1553 3444 1608 etiam

1851 1652 2246 1707 incarnationis
2269 1650 2544 1705 adoranda
2583 1649 2843 1720 mysteria
2881 1649 3014 1714 sint,
3045 1647 3098 1703 in
3130 1646 3329 1718 quibus
3355 1661 3447 1702 ve-

1852 1744 1930 1799 lut
1974 1744 2204 1814 vestigia
2249 1742 2498 1811 quaedam
2539 1741 2842 1796 divinitatis
2887 1753 3146 1809 expressa
3177 1780 3194 1805 ,
3235 1747 3292 1794 et
3330 1737 3447 1794 vias

1776 1835 1823 1894 B
1852 1836 2114 1908 quasdam
2148 1835 2308 1890 Verbi
2339 1834 2582 1912 cjtelestis
2611 1833 2982 1896 advertimus;
3025 1832 3208 1903 legant
3238 1831 3362 1902 quia
3392 1839 3450 1886 et

1846 1931 2078 2002 apostoli
2118 1928 2422 1984 adorabant
2459 1944 2582 1984 eum
2625 1929 2679 1982 in
2717 1925 2900 1982 carnis
2936 1924 3115 1997 gloria
3155 1937 3450 1996 resurgen-

1847 2033 1956 2079 tem
1995 2022 2212 2094 (Matth.
2247 2037 2446 2086 xxvnt,
2483 2020 2595 2092 17).

1921 2117 2010 2170 77.
2045 2115 2190 2185 Ergo
2220 2115 2264 2169 si
2297 2113 2433 2169 nihil
2465 2113 2689 2182 derogat
2711 2110 2956 2178 Christo,
2980 2109 3125 2180 quod
3148 2109 3294 2164 Deus
3317 2107 3448 2160 ado-

1846 2217 1998 2264 ratur
2038 2209 2090 2262 in
2132 2206 2392 2272 Christo;
2438 2207 2564 2276 quia
2607 2204 2868 2259 adoratur
2899 2211 2954 2258 et
2981 2200 3231 2256 Christus
3272 2197 3450 2254 :nihil

1848 2303 2032 2373 utique
2065 2302 2291 2370 derogat
2320 2301 2486 2354 etiam
2519 2298 2771 2368 Spiritui,
2795 2296 2923 2368 quia
2951 2297 3092 2352 Deus
3113 2295 3373 2350 adoratur
3395 2293 3450 2348 in

1848 2394 2090 2465 Spiritu;
2128 2395 2252 2464 quia
2289 2392 2545 2447 adoratur
2573 2399 2629 2445 et
2667 2389 2900 2460 Spiritus
2923 2431 2936 2453 ,
2969 2389 3110 2444 sicut
3147 2385 3446 2458 Apostolus

1847 2488 1985 2544 dixit
2031 2505 2045 2542 :
2089 2487 2317 2558 Spiritui
2357 2485 2456 2539 Dei
2498 2485 2747 2538 servimus
2788 2481 3039 2556 (Philip.
3081 2497 3160 2550 ιιι,
3201 2478 3291 2552 5).
3343 2478 3448 2548 Qui

1847 2581 1993 2635 enim
2025 2581 2213 2642 servit,
2245 2586 2300 2632 ct
2321 2577 2534 2644 adorat,
2567 2577 2711 2632 sicut
2739 2589 2904 2646 supra
2937 2574 3146 2630 dictum
3179 2583 3263 2628 cst
3291 2590 3307 2629 :
3340 2569 3456 2627 Do-

1848 2675 2046 2729 minum
2076 2671 2244 2730 Deum
2273 2682 2418 2726 tuum
2444 2671 2706 2738 adorabis,
2736 2679 2782 2725 et
2812 2669 2890 2724 illi
2915 2669 3014 2724 soli
3037 2668 3225 2724 seruies
3249 2663 3448 2741 (Deut.

1847 2784 1923 2834 vr,
1956 2765 2075 2839 15).

1923 2859 2016 2915 78.
2050 2858 2176 2916 Sed'
2198 2873 2265 2914 ne
2306 2858 2447 2914 forte
2473 2856 2810 2928 propositum
2834 2855 3028 2926 aliquis
3067 2853 3456 2925 prmterl’ugere

1851 2954 2101 3010 videatur
2139 2953 2492 3021 exemplum,
2541 2966 2649 3023 qua
2696 2951 2910 3006 ratione
2956 2949 3023 3005 ad
3065 2946 3456 3004 incarnationis

1855 3048 2150 3104 Dominicae
2181 3054 2586 3104 sacramentum
2617 3053 2870 3113 spectare
2897 3043 3169 3107 videatur,
3205 3039 3348 3111 quod
3378 3039 3456 3094 ait

1859 3140 2132 3212 Propheta
2163 3159 2175 3194 :
2203 3137 2738 3208 Adoratejscabellunt
2770 3136 2961 3207 pedum
2983 3138 3097 3208 ejus
3121 3132 3242 3206 (Ps.
3268 3147 3452 3198 xcvm,

1776 3224 1823 3289 C
1855 3233 1944 3305 5),
1977 3232 2421 3296 consideremus;
2453 3245 2558 3285 non
2590 3229 2737 3285 enim
2766 3244 2835 3283 ex
2864 3245 2964 3282 usu
2997 3228 3273 3281 hominum
3305 3225 3455 3279 testi-

1858 3341 2010 3382 mare
2063 3325 2328 3381 debemus
2382 3323 2700 3380 scabellum.
2747 3321 2884 3377 Nam
2936 3334 3111 3391 neque
3149 3317 3456 3389 corporalis

1859 3420 2023 3486 Deus,
2047 3428 2140 3474 aut
2168 3434 2273 3473 non
2299 3419 2628 3482 immensus;
2660 3425 2718 3471 ut
2744 3427 3018 3486 tamquam
3050 3413 3276 3468 fulcrum
3307 3412 3458 3482 pedi-

1859 3511 1962 3566 bus
1989 3512 2109 3582 ejus
2139 3509 2436 3566 scabellum
2469 3509 2773 3578 subjectum
2807 3518 3078 3576 putemus.
3111 3504 3298 3576 Neque
3327 3502 3456 3558 ado-

1859 3606 2092 3662 randum
2123 3603 2427 3677 quidquam
2466 3612 2666 3675 prater
2689 3603 2862 3657 Deum
2892 3600 3148 3671 legimus;
3172 3599 3298 3670 quia
3324 3600 3463 3652 scri-

1861 3711 2012 3774 ptttm
2039 3710 2123 3756 est
2151 3719 2165 3754 :
2198 3698 2483 3754 Dominum
2505 3697 2673 3752 Deum
2696 3708 2843 3750 tuum
2866 3694 3133 3759 adorabis,
3165 3705 3211 3747 et
3242 3693 3342 3762 ipsi
3363 3692 3460 3746 soli

1860 3796 2046 3850 servies
2077 3794 2270 3863 (Deut.
2306 3810 2357 3848 vr
2380 3835 2394 3859 ,
2434 3791 2560 3862 l5).
2592 3789 2878 3859 Q=:omodo
2907 3804 3036 3858 ergo
3066 3787 3331 3843 adversus
3360 3785 3461 3841 Lc-

1861 3904 1980 3959 gem
2003 3887 2280 3959 Propheta
2306 3886 2655 3956 prmciperct,
2684 3884 2786 3937 sub
2809 3881 2952 3951 Lege
2974 3879 3232 3943 nutritus,
3257 3887 3312 3932 et
3336 3891 3461 3931 eru-

1862 3980 2010 4034 ditus
2037 3981 2088 4034 in
2121 3979 2284 4048 Lege.
2311 3977 2429 4032 Non
2456 3975 2744 4032 mediocris
2777 3975 2939 4044 igitur
2971 3970 3224 4042 quaestio.
3254 3979 3308 4025 et
3337 3968 3463 4022 ideo

1861 4072 2178 4142 diligentius
2213 4070 2624 4126 consideremus
2664 4067 2790 4138 quid
2831 4068 2900 4120 sit
2945 4063 3266 4120 scabellum.
3306 4061 3464 4131 Legi-

1865 4181 1986 4221 mus
2024 4164 2168 4220 enim
2201 4163 2329 4217 alibi
2364 4180 2375 4216 :
2417 4161 2614 4216 Caelum
2655 4161 2782 4214 mihi
2822 4160 3071 4224 thronus,
3115 4165 3253 4211 terra
3291 4166 3462 4210 autent

1865 4257 2145 4313 scabellum
2187 4255 2376 4324 pedum
2418 4270 2646 4308 meorum
2687 4250 2854 4325 (Era.
2888 4266 3043 4313 vat,
3078 4247 3168 4319 1).
3217 4246 3322 4304 Sed
3363 4260 3465 4301 nec

1869 4363 2010 4406 terra
2050 4348 2324 4406 adoranda
2361 4348 2524 4420 681
2565 4355 2652 4402 est
2692 4346 2846 4400 nobis
2874 4386 2890 4412 ,
2930 4343 3056 4414 quia
3095 4349 3343 4396 creatura
3383 4348 3466 4394 est

1870 4445 1987 4502 Dei.

1941 4541 2030 4596 79.
2072 4539 2369 4595 Videamus
2410 4544 2589 4590 tamen
2621 4549 2688 4587 ne
2730 4540 2929 4586 terram
2973 4528 3123 4584 illam
3157 4526 3303 4582 dicat
3330 4524 3459 4580 ado-

157 4637 354 4693 nuntia
393 4637 816 4694 resurrectionis
851 4634 918 4690 ad
963 4635 1244 4706 apostolos
1280 4634 1607 4700 destinatur,
1645 4635 1760 4690 sol-
1789 4613 1841 4673 Ῑ)
1867 4634 2093 4692 randam
2134 4631 2438 4702 Pr0pheta,
2481 4642 2642 4699 quam
2687 4625 2952 4679 Dominus
2991 4621 3150 4677 Jesus
3194 4622 3246 4674 in
3286 4618 3470 4673 carnis

157 4745 302 4788 vens
341 4730 748 4786 limreditarintn
781 4743 1014 4796 nexum,
1061 4737 1117 4783 et
1157 4727 1379 4784 lerninei
1410 4731 1624 4799 generis
1665 4729 1764 4783 im-

159 4841 327 4883 mane
362 4826 642 4882 delictum.
675 4823 790 4880 lloc
818 4823 962 4879 enim
991 4831 1250 4894 operatus
1288 4831 1371 4880 est
1404 4823 1458 4879 in
1498 4823 1763 4896 mysterio

248 5022 272 5048 ει
298 5009 668 5081 Qurestionem
694 5007 763 5064 de
793 5007 1110 5062 adoratione
1135 5005 1339 5081 Christi
1369 5008 1530 5081 etiam
1565 5023 1762 5081 secun-

159 5083 299 5138 dum
323 5079 715 5137 humanitatem
745 5093 854 5136 non
885 5081 1003 5134 sine
1029 5093 1194 5133 causa
1227 5079 1316 5134 hic
1350 5079 1508 5148 paulo
1534 5080 1762 5149 diligen-

157 5156 281 5210 tius
308 5163 500 5210 tractat
542 5159 766 5206 sanctus
801 5150 1024 5207 Doctor.
1064 5149 1279 5206 Etenim
1318 5150 1719 5215 Apollinaristm
1745 5191 1760 5217 ,

157 5235 232 5279 ut
266 5227 484 5295 impium
527 5223 910 5295 suumdogma
945 5221 1014 5295 de
1042 5223 1201 5295 unica
1235 5223 1287 5276 in
1317 5222 1540 5295 Christo
1570 5219 1763 5295 natura

157 5293 466 5352 statuerent
491 5337 507 5361 ,
539 5309 605 5350 es
642 5293 943 5348 adulterina
976 5293 1106 5348 Julii
1141 5293 1300 5348 Pont.
1335 5294 1493 5348 Rom.
1533 5294 1765 5362 epistola

156 5367 517 5430 dictitabant,
550 5365 816 5434 siquidem
846 5380 953 5419 non
978 5367 1138 5420 unius
1161 5363 1258 5420 sed
1290 5364 1524 5432 duplicis
1555 5375 1765 5420 natura:

155 5437 420 5493 Christus
447 5444 629 5500 esset,
658 5451 686 5489 a
721 5435 1012 5491 catholicis
1053 5451 1216 5490 unam
1259 5435 1507 5502 adorari,
1537 5437 1765 5491 alteram

158 5523 288 5565 non
326 5508 544 5564 adorari
591 5517 884 5578 oportere,
929 5507 1188 5578 ipsosque
1221 5507 1278 5562 in
1316 5507 1556 5562 divinam
1596 5506 1766 5576 bapti-

159 5580 289 5635 zari
311 5622 323 5644 ,
353 5597 466 5636 non
499 5588 680 5632 autem
714 5577 768 5633 in
807 5577 1120 5632 humanam.
1157 5578 1293 5633 Hinc
1322 5583 1472 5641 erat.
1501 5578 1644 5649 quod
1678 5593 1770 5631 or-

160 5651 456 5726 thodoxos
502 5650 1259 5726 invidiose‘évepaiaola-rpac
1290 5651 1568 5726 appellare
1623 5649 1770 5703 sole-

160 5725 329 5791 bant.
354 5731 411 5777 et
436 5721 622 5791 ja‘nuis
643 5721 756 5791 suis
788 5721 1159 5791 inscribebant
1189 5721 1511 5776 adorandum
1535 5737 1645 5774 esse
1670 5735 1770 5773 non

161 5785 754 5862 frontine‘m'Deifernm',
782 5792 872 5846 sed
904 5789 1064 5852 Deum
1091 5793 1422 5862 carniferum.
1458 5791 1660 5846 Horum
1688 5806 1774 5862 er-

163 5865 346 5923 rores
383 5859 650 5921 acerrime
686 5862 1032 5922 c’onlutarunt
1069 5859 1398 5921 Athanasius
1437 5863 1532 5918 lib.
1579 5863 1648 5919 de
1691 5859 1774 5916 lno

1869 4728 2245 4798 assumptione
2287 4726 2549 4793 suscepit.
2598 4720 2784 4790 Itaque
2830 4733 2924 4788 per
2968 4715 3270 4771 scabellum
3324 4722 3468 4768 terra

1871 4820 2194 4892 intelligitur
2229 4837 2243 4874 :
2275 4833 2370 4889 per
2395 4826 2594 4872 terram
2625 4823 2806 4868 autem
2839 4810 2866 4849 δ
2897 4825 3025 4866 caro
3052 4807 3274 4874 Christi,
3305 4820 3468 4876 quant

1863 5022 2016 5064 earn.
2041 5004 2270 5070 Christi,
2306 5013 2361 5056 et
2398 5000 2559 5074 epist.
2601 4997 2667 5052 ad
2695 4995 2955 5074 Adelph.,
2983 4987 3331 5074 Epiphanius
3359 4987 3470 5074 An:

1865 5056 2290 5141 ἑὸὶιῗιιῖιὲῆῗειζ
2321 5056 2714 5142 ιροἯγῑιιιιμ,
2746 5056 3064 5142 A_rribrosius
3094 5056 3179 5116 hic
3199 5072 3256 5116 et
3277 5058 3370 5112 lib.
3401 5056 3471 5110 de

1866 5150 2078 5205 lncarn.
2116 5139 2391 5209 Sacram,
2427 5139 2589 5208 atque
2620 5141 2733 5193 alii.
2762 5139 3040 5209 Christum
3076 5147 3239 5209 porro
3277 5142 3470 5209 secun-

1869 5203 1997 5276 dum
2037 5230 2332 5286 utramque
2380 5203 2632 5268 naturam
2673 5203 3470 5286 ill-libet‘1‘alit‘llltﬂlwrﬂbione

1869 5273 2160 5346 colendum
2202 5273 2327 5359 post
2365 5287 2635 5358 synodum
2669 5280 2930 5337 Chalced.
2972 5274 3161 5330 statuit
3200 5273 3472 5326 Constan-

1873 5372 1973 5472 "ut;
1997 5359 2303 5488 {iam}:
2324 5440 2586 5500 quantum
2614 5422 2837 5480 torserit
2863 5419 2949 5472 hic
2979 5411 3472 5500 locusatcoter‘ileos

1874 5481 2273 5560 nme'iiiiniibé
2285 5481 2463 5556 ⁷
2479 5481 2902 5568 proposuerunt_
2918 5485 3226 5568 cardinales
3265 5481 3468 5568 Bellar-

1873 5553 2448 5642 iibfniﬁm’p.
2482 5553 2649 5633 hiet
2680 5561 2974 5642 Perronins
3006 5557 3099 5642 lib.
3127 5557 3290 5642 etiam
3313 5569 3372 5606 ιιι
3403 5553 3472 5642 de

2131 5626 2696 5712 Vc:tp.'li4.'tamq'uam
2718 5631 2802 5712 .ad
2828 5626 3166 5712 prollt‘antlttnt
3189 5641 3470 5712 .summ'ant

1871 5695 1952 5786 Et:
1963 5695 2059 5772 ἰῖῐ
2070 5695 2288 5777 vocant,
2304 5695 2488 5786 ﬁlatrizc
2503 5695 2916 5786 adorationetn
2937 5695 3472 5786 Christoineuc'haf

1874 5767 2059 5846 ri‘s'ti—c‘a
2082 5767 2303 5854 liturgia
2319 5767 2540 5854 deberi,
2564 5788 2619 5834 et
2643 5789 2701 5830 re
2727 5785 2856 5854 vera
2879 5770 2986 5854 jam
3003 5767 3193 5854 nhil-tie}?
3222 5767 3472 5854 felicibus

1875 5836 2563 5917 illis-librentﬁnEcclesia:
2607 5836 2946 5914 temporibus
2985 5836 3190 5896 deferri
3235 5853 3469 5898 consue~
