4014 6290
181 333 286 387 ἻΟἹ

1331 335 1416 389 DE
1456 334 1730 392 SPIRITU-
1771 335 2046 398 SANGTO
2080 335 2213 394 LIB.
2256 335 2342 393 Ill.
3376 339 3482 395 793

187 464 440 510 tv'statttr.
481 456 666 513 Habes
697 458 840 512 enim
875 472 967 526 per
1007 456 1179 526 ipsum
1218 465 1272 510 et
1310 454 1364 512 iu
1406 455 1524 526 ipso
1560 452 1779 512 condita
1810 456 1861 520 Α
1887 453 2096 511 Christi.
2129 455 2304 512 Habes
2345 454 2619 511 Christum
2644 455 2922 511 evidenter
2950 471 3285 524 expressum.
3321 456 3485 524 Cujus

185 563 310 602 esse
339 548 552 602 omnia.

259 640 354 695 83.
397 641 600 710 Accipe
644 641 810 695 etiam
853 641 976 711 quia
1017 654 1139 695 cum
1183 639 1298 708 ipso
1340 638 1536 702 Pater,
1574 648 1627 692 et
1669 638 1786 709 ipse

186 746 312 786 cum
341 731 507 786 Patre
536 743 689 796 erat;
722 748 846 786 cum
874 734 1054 786 omnia
1085 731 1476 786 conderentur.
1501 730 1783 799 Sapientia

188 823 322 877 dicit
355 841 368 877 :
399 821 529 877 Cum
562 834 769 890 pararet
799 825 971 890 ctelos,
1004 842 1119 878 cum
1142 825 1232 878 illo
1256 841 1421 887 eram;
1453 839 1569 876 cum
1597 823 1786 891 Iaceret

189 919 359 983 fontes
397 933 652 986 aquarum
685 916 874 987 (Prov.
912 934 1021 979 vttt,
1050 917 1174 985 27).
1210 917 1276 972 Et
1304 918 1359 971 in
1392 916 1560 972 veteri
1587 917 1786 971 Testa-

191 1021 380 1063 mento
406 1009 639 1064 dicendo
667 1010 852 1078 Pater,
887 1008 1160 1064 Faciamus
1187 1009 1341 1082 (Gen.
1377 1026 1425 1075 ι,
1454 1009 1572 1080 26),
1599 1023 1786 1066 OStett-

190 1102 269 1157 dii
307 1101 508 1157 Filium
543 1119 727 1159 secum
759 1101 1121 1169 adorandum,
1147 1104 1297 1173 quasi
1332 1104 1576 1158 omnium
1602 1103 1788 1160 eundi-

190 1207 390 1253 toretn.
417 1198 570 1253 Sicut
601 1215 729 1270 ergo
754 1200 806 1253 in
838 1199 976 1256 Filio
998 1209 1022 1236 ει
1047 1209 1227 1256 creata
1261 1200 1534 1266 dicuntur,
1556 1216 1784 1270 quorum

189 1294 365 1350 Filius
406 1304 625 1350 creatur
652 1295 942 1362 accipitur;
987 1295 1057 1350 ita
1097 1294 1260 1350 etiam
1304 1311 1424 1350 cum
1473 1295 1526 1348 in
1559 1300 1788 1350 vetitate

189 1386 412 1442 adorari
459 1385 605 1442 Deus
652 1385 886 1452 dicitur,
941 1387 1086 1442 verbi
1133 1386 1303 1458 ipsius
1350 1388 1684 1457 proprietate
1736 1387 1786 1444 its

189 1482 445 1537 eumdem
475 1479 693 1536 modum
719 1481 1034 1556 l’requcnter
1057 1497 1316 1549 CXpI'CSSa
1343 1481 1506 1538 debet
1531 1481 1786 1551 intelligi,

189 1575 339 1645 quod
369 1584 426 1630 et
452 1573 619 1630 Filius
645 1575 925 1630 adet-etur.
949 1575 1214 1632 Similiter
1247 1576 1427 1646 itaque
1449 1576 1709 1630 adoratur
1737 1584 1792 1632 et

189 1669 460 1734 Spiritus;
489 1667 620 1739 quia
653 1667 795 1724 Deus
823 1669 1084 1724 aduratur
1118 1671 1170 1722 itt
1199 1669 1424 1739 Spiritu.
1457 1669 1598 1738 Ergo
1630 1669 1790 1726 Pater

188 1773 246 1820 et
277 1778 402 1818 cum
429 1762 570 1822 Filio
597 1764 878 1832 aduratur,
909 1772 965 1822 et
989 1781 1112 1822 cum
1135 1765 1367 1836 Spiritu,
1396 1765 1521 1836 quia
1550 1764 1790 1822 Trinitas

190 1857 478 1914 aduratur.

683 1948 847 2022 633
886 1947 1111 2008 CAPUT
1151 1948 1268 2007 xu.

196 2081 282 2136 Ea:
309 2099 368 2137 eo
397 2082 540 2155 quod
582 2085 636 2138 in
675 2083 929 2138 Trinitate
968 2085 1254 2140 divinitatis
1290 2087 1486 2148 lucem,
1538 2103 1690 2155 quam
1740 2085 1793 2138 in

267 2172 478 2228 Christo
502 2184 604 2229 tres
630 2177 853 2247 apostoli
880 2176 1256 2241 adorarerunt,
1290 2179 1454 2232 inesse
1483 2176 1682 2231 Paulus
1719 2177 1790 2230 si-

269 2268 628 2337 gniﬁcaverit,
679 2271 974 2324 adorandus
1003 2272 1156 2324 etiam
1201 2271 1430 2342 Spiritus
1476 2271 1789 2325 declaratur.

272 2359 578 2415 Ostenditur
615 2377 684 2418 es
722 2364 851 2429 ipsis
882 2364 1042 2418 verbis
1072 2365 1327 2433 Spiritum
1366 2364 1685 2436 designatum
1731 2363 1794 2418 ab

272 2456 543 2525 lpostolo.
579 2457 826 2528 Ejusdem
855 2457 1087 2529 Spiritus
1108 2459 1350 2512 divinitas
1382 2459 1502 2515 inde
1525 2458 1788 2530 probatur,

269 2550 410 2618 quod
440 2551 683 2621 templum
711 2550 926 2616 habeat,
959 2551 1010 2602 in
1041 2566 1141 2619 quo
1169 2567 1269 2604 non
1302 2560 1352 2602 ut
1382 2550 1620 2603 sacerdos
1648 2549 1796 2601 habi-

271 2651 341 2697 tet
362 2679 375 2704 ,
408 2645 497 2697 sed
526 2652 584 2696 ut
629 2642 766 2697 Deus
789 2661 807 2696 :
838 2659 929 2696 nec
957 2659 1058 2696 non
1087 2659 1201 2696 cunt
1238 2641 1393 2696 Patre
1417 2661 1475 2696 ac
1501 2641 1640 2695 Filio
1669 2643 1796 2695 ado-

270 2745 416 2790 retur
437 2753 458 2802 ξ
477 2739 610 2791 unde
623 2738 676 2790 in
700 2736 880 2790 iisdem
906 2746 1106 2790 natura:
1127 2737 1298 2790 unitas
1327 2736 1648 2806 intelligitur.

274 2874 364 2930 86.
407 2875 492 2938 An
524 2891 652 2934 vero.
680 2885 838 2944 negat
865 2875 1060 2946 aliquis
1089 2874 1417 2930 adorandatn
1450 2875 1793 2932 divinitatem

197 2967 487 3023 Trinitatis
530 2969 792 3025 aeternae?
823 2984 944 3024 cum
977 2977 1030 3024 et
1079 2968 1368 3036 Scriptura:
1399 2968 1597 3022 divina:
1645 2970 1797 3026 inex-

199 3064 507 3132 plicabilem
560 3062 896 3132 tttajestatent
943 3064 1249 3132 exprimant
1296 3061 1609 3127 Trinitatis,
1658 3061 1799 3117 sicut

197 3156 331 3210 alibi
360 3155 653 3226 Apostolus
683 3155 847 3212 dicit:
873 3154 1130 3221 Quoniam
1165 3153 1301 3208 Deus
1321 3196 1335 3218 ,
1364 3160 1451 3224 qui
1479 3156 1606 3210 dixit
1639 3155 1702 3208 de
1727 3166 1798 3207 te-

1889 563 2020 617 ergo
2094 549 2314 604 claritas
2372 550 2674 606 illuminare
2742 550 2942 604 dicitur
2980 592 2994 615 ,
3054 550 3152 604 nisi
3209 550 3486 618 Spiritus?

1889 641 2074 710 Ipsum
2097 658 2225 709 ergo
2257 643 2419 700 Deuut
2453 645 2756 713 expressit,
2789 644 2916 713 quia
2944 643 3244 697 claritatem
3285 643 3375 695 Dei
3405 641 3488 696 di-

1890 738 1966 794 xit
1995 755 2006 790 :
2035 742 2080 791 si
2112 737 2305 802 Patris,
2337 749 2584 804 aupetest
2621 747 2677 792 ut
2706 738 2793 806 qui
2823 738 2954 790 dixit
2983 738 3044 789 de
3075 736 3290 789 tenebris
3317 736 3488 791 luntett

1889 829 2247 891 splendescere
2273 873 2288 893 ,
2330 839 2376 883 et
2423 830 2596 884 illuxit
2629 831 2680 882 in
2718 829 2954 882 cordibus
2983 830 3168 882 nostris
3192 871 3206 892 ,
3257 829 3488 896 Spiritus

1890 931 2109 975 sanctus
2139 921 2505 992 intelligatur;
2538 923 2698 976 alium
2730 924 2874 976 enim
2905 938 3010 975 non
3057 936 3341 990 possumus
3367 938 3486 976 cum

1892 1011 2050 1067 Patre
2074 1012 2321 1081 Filioque
2347 1015 2616 1069 venerari.
2651 1014 2705 1069 Si
2736 1014 2897 1082 igitur
2921 1012 3179 1081 Spiritum
3208 1014 3485 1081 intelligis,

1891 1114 1948 1162 et
1979 1105 2118 1160 hunc
2163 1105 2458 1171 Apostolus
2503 1107 2668 1162 Deum
2713 1106 2892 1168 dixit;
2935 1121 3160 1160 necesse
3195 1116 3275 1161 est
3328 1107 3491 1175 igitur

1891 1197 2148 1258 deitatem
2189 1198 2425 1267 Spiritus
2451 1198 2610 1253 etiam
2643 1215 2737 1251 vos
2774 1199 3045 1254 fateamini
3076 1241 3089 1262 ,
3137 1200 3229 1265 qui
3259 1200 3485 1268 iugatis.

1965 1292 2055 1350 90.
2101 1292 2207 1350 Sed
2238 1308 2395 1358 quam
2432 1291 2775 1362 impudenter
2803 1295 3046 1361 negatis,
3090 1307 3212 1345 cum
3255 1293 3490 1361 legeritis

1891 1387 2017 1455 quia
2050 1385 2309 1455 templum
2343 1384 2505 1442 habet
2533 1386 2764 1456 Spiritus
2799 1387 3059 1441 sanctus!
3106 1386 3375 1454 Scriptum
3409 1395 3493 1440 est

1892 1479 2078 1536 enim:
2112 1477 2384 1544 Templum
2414 1477 2510 1532 Dei
2541 1494 2626 1532 vos
2648 1479 2796 1540 estis,
2827 1488 2875 1533 et
2905 1479 3136 1546 Spiritus
3165 1490 3373 1532 sanctus
3399 1479 3493 1531 Ita-

1895 1571 2020 1630 hitat
2041 1572 2096 1624 in
2123 1570 2260 1626 vobis
2283 1571 2334 1639 (Ι
2365 1570 2486 1630 Cor.
2517 1587 2598 1634 Ill,
2632 1571 2751 1642 16).
2788 1572 2930 1626 Deus
2954 1588 3084 1638 ergo
3109 1571 3367 1640 templum
3400 1573 3494 1624 Ita-

1894 1666 2022 1730 bet,
2071 1677 2322 1722 creatura
2353 1665 2618 1735 templum
2663 1683 2774 1722 non
2813 1665 2973 1720 habet
3018 1682 3221 1721 verum.
3261 1665 3494 1733 Spiritus

1894 1767 2075 1816 autem
2123 1759 2284 1814 habet
2333 1760 2622 1827 templum,
2673 1758 2764 1827 qui
2814 1759 3015 1813 habitat
3069 1759 3118 1811 itt
3153 1757 3325 1811 nobis.
3359 1756 3491 1811 Nam

1823 1853 1867 1924 Β
1895 1852 2154 1919 scriptum
2181 1863 2267 1908 est
2294 1869 2306 1904 :
2343 1852 2479 1918 Quia
2507 1852 2732 1908 membra
2758 1862 2922 1907 vestra
2954 1856 3198 1920 templum
3217 1862 3336 1905 sunt
3368 1851 3493 1922 Spi-

1898 1945 2028 1998 ritus
2051 1947 2214 1999 sancti
2243 1944 2294 2016 «Ι
2323 1943 2443 1998 Cor.
2475 1960 2548 2011 vr,
2582 1945 2704 2014 I5).

1968 2039 2056 2093 9i.
2092 2040 2144 2092 lu
2170 2038 2370 2106 templo
2389 2049 2568 2092 autem
2597 2052 2701 2092 non
2725 2037 2879 2106 quasi
2908 2035 3186 2100 sacerdos,
3221 2050 3318 2091 nec
3340 2035 3492 2105 quasi

1899 2133 2178 2195 minister,
2226 2131 2322 2186 sed
2364 2131 2516 2199 quasi
2565 2130 2704 2186 Deus
2752 2129 3047 2193 inhabitat;
3076 2129 3330 2198 quoniam
3379 2129 3495 2197 ipse

1901 2225 2161 2286 Dominus
2191 2222 2328 2286 dixit
2352 2221 2514 2281 Jesus
2543 2239 2554 2274 :
2592 2220 2902 2280 lnhahitoba
2931 2223 2981 2273 in
3010 2221 3117 2274 illis
3135 2264 3146 2286 ,
3183 2231 3226 2275 et
3253 2229 3384 2274 inter
3410 2237 3495 2274 eos

1899 2315 2213 2380 auibulubo;
2261 2325 2307 2374 et
2350 2331 2436 2372 ero
2464 2315 2675 2370 illorum
2705 2314 2880 2379 Deus,
2908 2313 3076 2386 684
3117 2325 3159 2368 et
3209 2315 3310 2380 ipsi
3349 2323 3495 2367 erunt

1899 2407 2027 2460 mjhi
2065 2408 2286 2476 populus
2320 2405 2521 2476 (Leuit.
2558 2423 2704 2470 xxvr,
2742 2408 2864 2474 I2).
2897 2408 2961 2462 Et
2991 2406 3156 2459 David
3185 2407 3352 2459 dicit:
3387 2404 3493 2457 Do-

1900 2503 2069 2556 minus
2097 2503 2148 2554 in
2180 2501 2371 2568 templo
2410 2512 2588 2560 sancto
2617 2517 2714 2558 suo
2754 2501 2770 2570 (
2797 2501 2940 2556 l’sal.
2981 2517 3031 2562 ι.
3063 2500 3096 2552 5
3119 2501 3158 2568 ).
3198 2501 3336 2568 Ergo
3367 2499 3493 2566 Spi-

1900 2597 2036 2654 ritus
2062 2596 2267 2652 habitat
2300 2597 2353 2654 in
2387 2596 2589 2663 templo
2620 2604 2808 2649 sancto
2829 2609 2960 2658 suo,
2995 2594 3132 2648 sicut
3162 2592 3363 2647 habitat
3395 2591 3496 2645 Pa-

1902 2700 2017 2756 ter,
2065 2689 2269 2746 habitat
2297 2698 2351 2743 et
2383 2687 2546 2743 Filius
2569 2729 2584 2752 ,
2616 2689 2705 2756 qui
2738 2689 2850 2742 ait:
2883 2687 2993 2757 Ego
3035 2697 3081 2740 et
3126 2685 3285 2738 Pater
3327 2686 3497 2738 venie-

1901 2799 2046 2848 mus,
2110 2793 2155 2836 et
2221 2783 2541 2835 mansionem
2606 2781 2745 2851 apud
2807 2797 2922 2834 eum
2991 2780 3237 2849 faciemus
3296 2777 3492 2849 (Joan.

1904 2892 2010 2942 xiv,
2039 2874 2167 2945 95).

1975 2971 2087 3034 91‘.
2116 2971 2462 3027 Advenimus
2486 2970 2648 3039 igitur
2675 2968 2816 3038 quod
2840 2968 2998 3023 Pater
3022 2977 3075 3023 et
3106 2967 3272 3024 Filius
3302 2978 3353 3020 et
3374 2967 3496 3036 Spi-

1901 3069 2044 3132 ritus
2069 3080 2289 3126 sanctus
2337 3070 2386 3122 in
2420 3085 2525 3123 uno
2556 3066 2856 3136 eodemque
2889 3081 2986 3136 per
3014 3075 3220 3118 natttrte
3252 3062 3494 3131 ejusdem

1905 3172 2154 3218 maneant
2187 3162 2465 3218 unitatem.
2515 3162 2654 3228 l‘lt‘go
2681 3159 2878 3214 divina:
2910 3169 2992 3213 est
3041 3158 3322 3226 potestatis
3344 3196 3357 3218 ,
3402 3156 3494 3223 qui

198 3249 372 3303 nebris
401 3247 574 3303 lumen
612 3250 986 3317 splendescere,
1029 3249 1206 3308 illuxit
1232 3249 1283 3300 in
1329 3247 1564 3302 caulibus
1613 3248 1796 3310 nostris
1825 3247 1870 3312 C
1904 3255 2108 3314 habitat
2139 3256 2191 3310 in
2223 3256 2454 3323 templo;
2489 3255 2626 3308 sient
2657 3253 2802 3306 enim
2850 3251 3024 3306 Patris
3052 3258 3106 3304 et
3137 3248 3291 3313 Filii,
3326 3249 3396 3302 ita
3443 3255 3497 3302 et

197 3344 271 3398 ad
324 3343 754 3397 illuminationem
797 3345 1018 3398 scientice
1045 3343 1072 3382 δ
1119 3343 1370 3400 claritatis
1427 3340 1522 3397 Dei
1572 3343 1624 3395 in
1665 3342 1798 3409 {acie

195 3435 331 3491 Jesu
359 3435 548 3491 Christi
578 3436 596 3505 (
621 3436 662 3489 ll
693 3435 813 3490 Cor.
844 3452 916 3501 tv,
949 3433 1050 3507 6).

272 3528 365 3584 87.
395 3529 598 3600 Nempe
621 3527 758 3584 hanc
776 3529 1073 3584 claritatem
1099 3527 1347 3582 viderunt
1379 3526 1636 3596 apostoli,
1674 3542 1796 3580 eum

197 3623 468 3677 Dominus
497 3621 655 3679 Jesus
683 3622 979 3676 divinitatis
1017 3638 1126 3676 sum
1161 3620 1280 3676 luce
1320 3621 1372 3674 iit
1405 3630 1585 3674 monte
1627 3617 1796 3687 fulge-

197 3723 320 3770 ret:
357 3714 640 3779 Viderunt,
669 3714 840 3785 inquit
864 3755 877 3778 ,
905 3714 1159 3783 apostoli,
1189 3724 1234 3768 et
1261 3714 1313 3767 in
1340 3718 1524 3781 facient
1560 3712 1795 3785 pratide-

194 3817 322 3861 runt
371 3805 596 3879 (Matth.
638 3824 764 3872 xvu,
807 3806 900 3877 6).
937 3807 1166 3864 Putasne
1196 3808 1316 3862 illus
1344 3810 1423 3861 vel
1455 3822 1577 3861 cum
1625 3805 1798 3875 proci-

193 3899 391 3954 derent
417 3942 429 3963 ,
463 3899 755 3965 adorasse;
788 3916 909 3954 cum
943 3897 1204 3970 fulgorem
1235 3899 1397 3952 divini
1432 3899 1650 3953 luminis
1677 3914 1798 3954 cor-

192 3992 480 4066 poralibus
517 3992 690 4047 oculis
733 3993 1001 4048 sustinere
1034 4007 1140 4048 non
1172 4003 1428 4062 possent,
1459 4003 1511 4045 et
1541 3991 1799 4062 Splendor

193 4086 338 4142 lucis
387 4095 605 4140 aeterna:
657 4087 824 4140 aciem
865 4085 1014 4140 visus
1041 4085 1282 4142 mortalis
1324 4083 1660 4142 abduceret?
1691 4087 1800 4152 Aut

191 4179 330 4252 quid
377 4178 524 4235 aliud
573 4191 697 4234 tunc
729 4180 985 4250 temporis
1014 4179 1262 4234 dixerunt
1295 4178 1366 4233 illi
1415 4177 1658 4232 videntes
1684 4177 1798 4248 glo-

192 4277 337 4331 riam
365 4273 484 4346 ejus
504 4315 519 4339 ,
553 4273 653 4330 nisi
680 4291 693 4327 :
726 4270 904 4326 Venite
929 4274 1232 4338 adoremus,
1262 4281 1308 4323 et
1331 4271 1658 4343 procidantus
1679 4279 1798 4330 ante

193 4384 318 4421 eum
350 4365 370 4442 (
397 4362 541 4420 Psal.
572 4380 720 4436 χειν,
749 4364 844 4432 0')?
875 4362 1052 4440 [Alias
1081 4380 1197 4435 cap.
1237 4359 1409 4436 Xlll.]
1442 4363 1629 4418 Illuxit
1651 4362 1792 4420 enim

193 4458 345 4513 Deus
387 4460 438 4512 in
469 4458 708 4511 cordibus
741 4458 928 4512 nostris
972 4458 1040 4510 ad
1085 4459 1519 4512 illuntinatt'onem
1568 4458 1795 4512 scicntia

192 4552 457 4606 claritatis
493 4550 589 4605 Dei
613 4553 665 4605 in
695 4553 830 4624 facie
856 4550 982 4605 Jesu
1014 4549 1204 4606 Christi
1232 4551 1313 4624 (ll
1343 4550 1462 4604 Cor.
1494 4567 1565 4616 tv,
1596 4550 1683 4624 6).

273 4646 363 4703 88.
398 4646 528 4716 Quis
556 4656 639 4701 est
668 4662 798 4720 ergo
839 4646 930 4716 qui
977 4645 1192 4706 illuxit,
1230 4656 1250 4682 ε
1303 4655 1355 4700 ut
1405 4657 1795 4713 eugttuscamus
1823 4642 1874 4704 D

195 4743 374 4798 Deum
421 4739 472 4794 iu
515 4737 650 4794 facie
713 4735 915 4794 Citriin
960 4737 1134 4796 Jcsu?
1178 4737 1324 4794 Dixit
1381 4740 1561 4801 enim,
1608 4735 1794 4794 Illuxit

197 4836 378 4900 Deus,
417 4844 472 4888 ut
515 4844 879 4906 cognoscatur
926 4833 1149 4888 claritas
1185 4831 1278 4886 Dei
1327 4831 1380 4886 itt
1414 4831 1548 4888 facie
1594 4830 1796 4892 Christi

191 4927 370 4985 Jcsu:
404 4945 562 4997 quem
597 4939 849 5000 putamus
879 4927 1039 4982 alium
1085 4937 1282 4998 praeter
1312 4924 1576 4992 Spiritum
1615 4923 1794 4982 decla-

192 5017 423 5078 ratum?
449 5021 554 5076 Aut
583 5021 702 5090 quis
734 5027 818 5074 est
845 5020 984 5074 alius
1017 5031 1213 5089 praeter
1233 5019 1492 5086 Spiritum
1519 5027 1797 5094 sanctum,

190 5115 286 5171 cui
337 5113 636 5168 divinitatis
669 5112 904 5184 potentia
941 5111 1256 5171 deferatur?
1284 5111 1386 5180 Qui
1427 5112 1575 5166 enim
1624 5110 1796 5180 Spiri-

194 5218 314 5262 tum
346 5205 675 5274 excludunt,
708 5221 933 5261 necesse
955 5216 1040 5261 est
1062 5207 1317 5262 inducant
1345 5207 1534 5274 alium,
1558 5204 1650 5275 qui
1671 5221 1795 5263 cum

191 5299 364 5354 Patre
395 5307 448 5352 et
476 5297 616 5352 Filio
642 5299 867 5368 gloriam
901 5297 1204 5352 divinitatis
1236 5297 1484 5366 accipiat.

269 5389 362 5446 80.
408 5389 608 5444 Eadem
653 5391 815 5459 igitur
845 5392 1003 5445 verba
1044 5400 1390 5459 repetamus:
1433 5389 1573 5444 Deus
1599 5399 1671 5444 est
1709 5390 1796 5459 qui

187 5484 376 5539 illuxit
415 5482 485 5537 ad
516 5484 945 5539 llluntinationem
983 5486 1234 5539 claritatis
1288 5483 1386 5539 Dei
1413 5487 1465 5542 in
1492 5488 1624 5556 {acie
1667 5485 1795 5542 Jestt

273 5635 306 5683 ⁸
330 5625 552 5682 Amerb.
585 5635 638 5682 et
670 5625 850 5695 Eras.,
888 5637 1127 5682 creatura
1159 5629 1466 5698 discutitur;
1496 5630 1613 5686 aliat
1652 5627 1786 5698 edit,

187 5710 250 5758 et
282 5698 467 5753 cuncti
491 5713 650 5764 mss.,
677 5693 848 5753 creata
879 5699 1143 5760 dicuntur.
1175 5693 1372 5756 Iterum
1405 5693 1532 5756 vero
1560 5701 1647 5756 tibi
1677 5693 1793 5754 om;

188 5787 298 5829 nes
327 5766 458 5825 edit.
486 5785 546 5822 ac
571 5771 756 5839 plures
783 5786 939 5833 mss..
967 5789 1082 5826 cum
1113 5774 1166 5826 in
1189 5773 1403 5827 veritate
1425 5773 1671 5835 adorati;
1701 5771 1792 5836 alii

191 5843 412 5914 aliquot
442 5844 644 5912 legunt,
673 5859 786 5896 cum
813 5844 866 5898 in
897 5843 1055 5910 Filio,
1077 5845 1133 5899 in
1163 5845 1392 5910 veritate,
1423 5854 1528 5898 etc.

1901 3350 2134 3416 Spiritus
2161 3347 2334 3402 saneti
2355 3363 2539 3404 sumus
2572 3348 2832 3414 templum
2859 3363 2870 3396 :
2907 3361 3014 3398 nun
3048 3344 3216 3396 multa
3252 3343 3448 3409 templa
3478 3382 3492 3406 ,

1902 3441 1998 3498 sed
2047 3457 2209 3504 unum
2244 3441 2505 3508 templum
2529 3455 2543 3503 ;
2571 3439 2695 3509 quia
2745 3438 2902 3492 utrius
2934 3435 3192 3506 templum
3222 3445 3308 3489 est
3347 3443 3497 3505 pote-

1900 3536 2075 3590 statis.

1972 3629 2061 3688 ω.
2102 3629 2276 3684 Manet
2324 3639 2502 3686 autem
2559 3627 2612 3682 in
2659 3625 2815 3680 nobis
2861 3625 3018 3679 Pater
3065 3638 3159 3692 pur
3191 3621 3494 3690 Spiritum,

1901 3737 2060 3791 quem
2081 3720 2233 3776 dedit
2250 3719 2425 3776 nobis.
2448 3717 2730 3784 Quomodo
2749 3717 2906 3785 igitur
2925 3726 3099 3785 potest
3127 3715 3282 3767 simul
3311 3712 3498 3778 dispar

1901 3786 2123 3876 manere
2172 3823 2359 3870 natura
2384 3814 2404 3866 ‘l
2451 3812 2643 3880 Utique
2687 3825 2792 3865 non
2846 3817 3041 3874 potest.
3093 3807 3269 3860 Manet
3314 3814 3494 3857 autent
3572 3786 3584 3800 ’

1900 3925 2020 3972 cum
2056 3908 2214 3968 Patre
2236 3914 2291 3966 et
2321 3905 2458 3960 Filio
2485 3903 2720 3969 Spiritus
2741 3911 2979 3954 sanctus.
3013 3898 3167 3953 Unde
3190 3907 3243 3951 et
3266 3901 3494 3965 Apostu.

1902 4001 1986 4055 lus
2011 4014 2132 4053 cum
2165 4000 2333 4068 gratia
2352 3995 2478 4052 ,ιι-ευ
2507 3992 3056 4050 Citristietcharitate
3086 3990 3175 4042 Del
3195 3987 3496 4044 cutttmuui-

1900 4091 2170 4146 catiuneut
2212 4087 2385 4146 sancti
2429 4087 2660 4158 Spiritus
2710 4084 2981 4154 copulavit
3033 4084 3261 4136 dicens:
3317 4076 3497 4131 Gratia

1903 4186 2111 4242 Domini
2141 4186 2300 4250 nostri
2332 4182 2460 4238 Jesu
2505 4182 2718 4244 Christi,
2764 4191 2810 4233 et
2839 4179 3067 4234 charitas
3115 4175 3210 4229 Dei
3236 4214 3250 4235 .
3284 4184 3330 4228 et
3357 4188 3497 4226 cont-

1901 4283 2178 4342 municatio
2210 4281 2437 4352 Spiritus
2467 4279 2628 4336 sancti
2657 4293 2775 4336 cunt
2820 4272 3056 4332 omnibus
3088 4271 3226 4326 voltis
3255 4271 3272 4339 (
3299 4269 3337 4323 ll
3368 4266 3490 4321 Cor.

1902 4395 2020 4452 χιιι,
2058 4376 2181 4446 15).

2485 4449 2717 4512 CAPUT
2758 4449 2897 4512 XIII.

1902 4571 2270 4647 Objicientibus
2296 4572 2603 4632 catholicos.
2637 4572 2760 4624 dum
2789 4569 3009 4637 Spiritui
3052 4566 3336 4620 attribuunt
3366 4563 3496 4616 divi-

1973 4671 2215 4732 nitatem,
2245 4677 2346 4726 tras
2375 4667 2498 4720 deos
2524 4665 2794 4725 inducere,
2830 4673 3146 4730 retorqnetur
3175 4659 3238 4712 ab
3276 4660 3404 4722 ipsis
3433 4657 3495 4710 ob

1974 4762 2202 4815 eamdem
2244 4775 2454 4814 causam
2480 4758 2656 4813 induci
2678 4757 2806 4808 duos
2847 4757 3001 4818 deos,
3035 4754 3133 4806 nisi
3178 4753 3494 4806 divinitatem

1977 4856 2114 4912 Filio
2158 4854 2470 4926 negaverint.
2524 4852 2722 4906 Deinde
2752 4849 3040 4904 orthodoxa
3075 4849 3310 4902 doctrina
3338 4863 3496 4914 expa-

1971 4953 2129 5008 nitur.

1975 5110 2086 5167 92‘.
2121 5107 2288 5184 [Alias
2311 5123 2426 5182 cap.
2446 5102 2608 5177 ΜΨ]
2636 5102 2744 5158 Sed
2774 5101 2901 5173 quid
2931 5097 3223 5160 veremini,
3257 5111 3323 5148 an
3359 5093 3492 5148 illud

1901 5206 2046 5278 quod
2095 5205 2368 5258 ublatrare
2413 5199 2750 5266 copsuesds,
2787 5215 2853 5252 tte
2906 5209 3016 5252 tres
3058 5190 3266 5246 faciatis
3314 5188 3494 5242 deus?

1904 5297 2087 5362 Absit;
2121 5296 2209 5348 ulti
2255 5294 2398 5348 enim
2429 5307 2534 5344 una
2567 5292 2738 5345 dcitas
2789 5288 3141 5354 intelligitur,
3177 5297 3314 5333 unus
3356 5279 3494 5333 Deus

1901 5390 2116 5444 dicitur.
2169 5388 2352 5458 Neque
2401 5387 2544 5439 enim
2590 5397 2711 5436 cum
2761 5380 2955 5436 Filium
3005 5377 3172 5430 Deum
3223 5374 3491 5439 dicimus,

1903 5485 2038 5540 duos
2068 5484 2200 5538 deos
2241 5481 2491 5535 dicimus.
2541 5477 2671 5530 Nam
2713 5475 2756 5528 si
2785 5489 2908 5527 cum
2957 5469 3213 5526 deititem
3259 5467 3496 5537 Spiritus

1969 5623 1996 5662 δ
2040 5626 2213 5696 Bigut.
2245 5621 2393 5686 cod.,
2422 5619 2684 5674 chio-italis
2703 5614 2822 5696 Dei.
2849 5613 2954 5667 Sed
2983 5622 3167 5696 contra
3193 5627 3297 5696 non
3319 5611 3493 5666 solum

1901 5685 2130 5751 aliorum
2155 5685 2397 5750 omnium
2421 5734 2436 5754 ,
2466 5704 2625 5757 atque
2651 5688 2779 5741 edit.
2811 5703 2822 5737 :
2857 5700 3038 5738 verum
3071 5685 3235 5737 etiam
3262 5685 3496 5753 Apenas,

1904 5769 1994 5826 lici
2027 5780 2206 5826 textus
2235 5765 2635 5820 auctoritatem.

1980 5851 1999 5894 ς
2039 5833 2169 5918 Mss.
2200 5837 2434 5908 aliquot,
2466 5842 2521 5894 ut
2553 5846 2924 5904 cognoscamus
2952 5828 3252 5896 Dominum.
