4014 6290
519 310 628 370 799

1843 309 2088 370 SANCTI
2127 312 2222 370 Ml
2231 313 2453 373 BROSII
3692 316 3780 375 800

523 437 549 466 ει
577 428 940 494 conﬁtemini,
986 428 1191 500 putatis
1220 437 1332 485 tres
1360 429 1494 485 deos
1518 426 1628 484 dici
1667 445 1679 482 :
1729 442 1861 500 ergo
1905 436 1961 485 et
1987 442 2112 485 cum
2141 432 2197 493 Α
2221 431 2358 486 ritas
2383 432 2436 486 in
2467 430 2651 502 specie
2672 431 2940 488 columba:
2965 430 3130 505 (Luc.
3161 447 3242 500 ιιι,
3271 431 3406 503 22);
3435 441 3494 488 ut
3518 441 3574 490 et
3593 434 3782 504 sapien-

517 522 780 581 deitatem
810 523 932 581 Filii
960 522 1174 588 dicitis,
1204 525 1330 596 quia
1356 522 1724 595 non'potestis
1747 537 1868 579 eam
1892 538 2112 595 negare,

525 615 666 674 duos
694 617 948 674 inducitis
967 617 1126 674 deos.
1151 617 1384 676 Necesse
1410 627 1494 675 est
1523 619 1688 688 igitur
1706 618 1862 690 juxta
1890 629 2116 675 senten-

526 712 658 768 tiam
706 721 949 768 vestram
973 753 989 781 ,
1021 714 1067 769 si
1102 712 1268 769 Deum
1317 727 1567 783 personae
1595 713 1788 780 unius,
1823 727 1930 769 non
1960 713 2120 769 unius

527 814 738 862 naturae
765 821 964 863 nomen
1009 808 1240 878 putatis,
1272 815 1364 862 aut
1406 805 1546 863 duos
1587 805 1721 864 deos
1761 805 1986 875 dicatis,
2029 815 2123 863 aut

527 897 698 957 Deum
726 899 922 957 Filium
959 899 1258 972 denegetis.

523 993 550 1064 ﬂ
599 991 689 1050 95.
728 992 836 1049 Sed
883 1007 1206 1049 excusemus
1237 1008 1335 1048 vos
1374 992 1443 1050 ab
1487 992 1809 1059 inscientia,
1854 992 1960 1049 etsi
2013 1006 2120 1048 non

527 1099 850 1143 excusamus
878 1101 908 1141 a
931 1085 1112 1157 culpa.
1149 1085 1361 1141 Etenim
1388 1085 1690 1142 secundum
1722 1096 1959 1141 nostram
1999 1100 2125 1141 sen-

530 1179 760 1235 tentiam
791 1179 915 1248 quia
944 1193 1088 1235 unus
1131 1179 1313 1246 Deus,
1357 1194 1464 1235 una
1505 1180 1794 1246 divinitas,
1846 1189 1897 1235 et
1945 1178 2124 1234 unitas

529 1270 852 1341 intelligitur
880 1271 1184 1341 potestatis.
1213 1270 1364 1328 Sicut
1394 1287 1560 1346 unum
1584 1271 1756 1328 Deum
1780 1269 2010 1326 dicimus
2029 1312 2045 1338 ,
2069 1279 2127 1326 et

529 1362 744 1420 Patrem
772 1377 904 1420 vero
931 1363 1150 1420 deitatis
1175 1365 1392 1422 nomine
1420 1366 1775 1430 conﬁtentes,
1803 1380 1902 1420 nec
1928 1365 2124 1420 Filium

527 1454 890 1526 deuegantes;
935 1456 1009 1512 ita
1053 1457 1218 1514 etiam
1252 1458 1513 1528 Spiritum
1556 1467 1803 1514 sanctum
1848 1474 1877 1512 a
1905 1457 2128 1514 deitatis

529 1563 638 1605 non
669 1548 1015 1606 excludimus
1038 1552 1274 1617 unitate,
1305 1560 1362 1609 et
1387 1561 1497 1608 tres
1518 1551 1650 1608 deos
1677 1567 1784 1606 non
1807 1550 2125 1619 asserimus,

530 1641 626 1698 sed
659 1657 954 1713 negamus;
987 1644 1113 1716 quia
1165 1645 1534 1715 pluralitatem
1585 1661 1694 1700 non
1741 1644 1920 1699 unitas
1963 1643 2124 1711 facit,

528 1735 625 1792 sed
656 1736 862 1792 'divisio
908 1739 1210 1808 potestatis.
1241 1739 1524 1809 Quomodo
1565 1741 1711 1796 enim
1760 1739 2126 1810 pluralitatem

2222 524 2309 581 tia:
2361 524 2733 580 testimonium
2786 524 2998 591 ferret,
3050 535 3106 580 et
3151 534 3552 581 sacramentum
3609 527 3781 583 lavacri

2222 617 2482 689 spiritalis
2531 617 2808 688 impleret,
2842 627 2896 675 et
2929 617 3086 673 unius
3115 632 3176 674 se
3219 632 3343 674 cum
3375 618 3539 674 Patre
3574 627 3626 675 et
3668 619 3782 676 Filio

2222 710 2551 782 operationis
2580 711 2916 768 ostenderet.

2295 803 2387 860 97.
2430 805 2508 859 Ac
2555 819 2622 859 ne
2671 819 2770 874 per
2816 804 3238 876 imprudentiam
3290 805 3499 876 aliquid
3551 805 3784 863 excidisse

2225 896 2490 966 Apostolo
2532 895 2820 967 judicetis,
2852 895 2950 952 sed
2990 897 3259 953 scientem
3306 897 3720 969 prudentemque
3741 907 3784 955 et

2225 1001 2414 1046 sancto
2446 992 2680 1047 infusum
2714 991 2923 1062 Spiritu
2949 991 3288 1063 signiﬁcasse
3319 992 3628 1059 Dominum,
3648 1007 3784 1064 quem

2229 1085 2398 1141 Deum
2423 1086 2691 1141 sentiebat
2707 1126 2721 1151 ,
2749 1085 2913 1141 etiam
2939 1085 2991 1140 in
3013 1085 3254 1141 secunda
3279 1085 3347 1140 ad
3368 1085 3786 1141 Thessalonicen-

2225 1192 2314 1233 scs
2341 1179 2571 1248 epistola
2601 1177 2706 1233 boc
2734 1176 2878 1233 idem
2909 1193 2986 1246 ret
3009 1177 3163 1234 etivit
3187 1178 3414 1234 dicens:
3446 1177 3685 1232 Dominus
3709 1194 3787 1231 au-

2229 1281 2327 1324 tent
2356 1271 2544 1342 dirigat
2582 1270 2742 1324 corda
2770 1280 2934 1326 vestra
2959 1270 3013 1324 in
3041 1270 3316 1327 dilectione
3347 1271 3472 1335 Dei,
3503 1282 3550 1325 et
3570 1271 3788 1343 patientia

2227 1359 2419 1418 Christi
2459 1362 2542 1434 (ll
2588 1361 2773 1418 Thess.
2820 1379 2898 1429 ttt,
2928 1361 3018 1432 5).
3072 1372 3094 1399 ο
3119 1363 3176 1418 Si
3207 1363 3428 1419 dilectio
3458 1363 3554 1419 Dei
3594 1372 3705 1430 est,
3731 1367 3791 1419 ἐι

2229 1455 2430 1512 Christi
2464 1456 2721 1525 patientia
2742 1499 2757 1523 ,
2782 1458 2906 1527 quis
2928 1468 3013 1514 est
3039 1455 3291 1512 dominus
3318 1456 3409 1523 qui
3426 1455 3636 1526 dirigat,
3655 1455 3792 1510 debet

2230 1549 2482 1616 ostendi,
2514 1551 2560 1605 si
2597 1551 2953 1607 directionem
2999 1551 3170 1607 sancti
3201 1549 3441 1621 Spiritus
3467 1549 3789 1621 denegamus.

2303 1643 2394 1700 98.
2433 1642 2539 1700 Sed
2569 1659 2769 1716 negare
2797 1659 2906 1698 non
2954 1657 3239 1714 possumus
3263 1685 3278 1709 ,
3309 1641 3569 1713 quoniam
3598 1640 3662 1696 de
3695 1641 3793 1710 ipso

2238 1736 2497 1791 Dominus
2525 1735 2662 1792 dixit
2687 1753 2701 1790 :
2731 1735 2916 1790 Adhuc
2941 1737 3104 1790 multa
3132 1736 3298 1790 habeo
3329 1735 3468 1789 vobis
3497 1734 3689 1799 dicere,
3721 1735 3795 1787 sed

532 1828 724 1899 recipit
753 1829 931 1886 unitas
961 1830 1288 1898 divinitatis;
1324 1848 1446 1888 cum
1478 1832 1756 1904 pluralitas
1782 1833 1996 1889 numeri
2021 1833 2127 1901 sit,
2162 1830 2209 1890 B
2236 1844 2338 1883 non
2361 1830 2573 1899 potestis
2623 1829 2716 1885 illa
2767 1839 2976 1901 portare
3021 1829 3194 1886 modo.
3249 1827 3380 1882 Cum
3431 1837 3596 1882 autem
3635 1828 3798 1883 venerit

533 1935 821 1978 numerum
849 1931 1030 1979 autem
1063 1940 1168 1981 non
1209 1925 1437 1996 recipiat
1465 1925 1643 1981 divina
1674 1927 1914 1982 natura?
2230 1924 2317 1980 ille
2343 1924 2577 1994 Spiritus
2616 1927 2848 1980 veritatis
2871 1969 2886 1992 ,
2920 1925 3138 1979 deducet
3183 1939 3273 1978 vos
3305 1923 3361 1977 in
3407 1938 3603 1977 omnem
3634 1922 3798 1976 uerita-

1127 2015 1359 2075 CAPUT
1398 2017 1541 2076 XIV.
2230 2027 2332 2072 tem
2356 2016 2548 2090 (Joan.
2573 2035 2686 2084 xvt,
2719 2018 2807 2082 12,
2842 2018 2966 2086 15).
2998 2016 3066 2072 Et
3087 2014 3254 2072 David
3277 2015 3348 2071 de
3364 2013 3482 2086 ipso
3503 2013 3665 2068 dicit:
3695 2012 3799 2082 Spi-

537 2103 733 2163 Prazter
759 2109 1027 2178 superiora
1056 2111 1345 2166 testimonia
1365 2154 1380 2178 ,
1405 2111 1537 2166 alios
1561 2111 1699 2167 locos
1719 2111 1791 2166 ad
1806 2112 2129 2184 probandum
2229 2112 2362 2166 ritus
2407 2121 2525 2167 tuus
2570 2111 2731 2167 bonus
2778 2109 2992 2166 deducet
3021 2125 3102 2164 me
3145 2109 3199 2163 in
3229 2109 3368 2163 viam
3411 2117 3601 2162 rectam
3630 2103 3796 2177 (Psal.

605 2199 762 2253 (riunt
791 2216 1125 2271 personarum
1148 2202 1427 2272 imperium
1443 2202 1622 2271 σπειτὶ
1637 2220 1804 2274 posse.
1831 2202 2131 2270 Afferuntur
2230 2221 2392 2274 chtt,
2422 2205 2550 2278 10).

607 2292 709 2345 duo
736 2308 800 2347 ea:
827 2294 1056 2364 epistolis
1080 2296 1149 2350 ad
1181 2295 1486 2352 Thessalon.
1516 2308 1562 2351 et
1588 2299 1771 2353 iisdem
1796 2297 2021 2370 Spiritui
2046 2299 2130 2354 do-
2302 2298 2390 2355 99.
2419 2297 2597 2371 [Alias
2624 2315 2740 2370 cap.
2771 2296 2957 2370 XVI.]
2985 2297 3114 2354 Vide
3143 2296 3273 2368 quid
3304 2296 3375 2353 de
3404 2296 3606 2368 Spiritu
3633 2305 3797 2352 sancto

609 2384 862 2438 minatum
907 2386 1041 2440 sicut
1068 2396 1116 2442 et
1155 2388 1275 2444 aliis
1315 2391 1550 2461 personis
1592 2391 1861 2461 arrogari,
1907 2391 2132 2446 aliorum
2231 2409 2338 2449 vox
2372 2394 2652 2449 Dominica
2684 2393 3050 2450 reSultaverit.
3097 2391 3264 2448 Filius
3293 2392 3388 2448 Dei
3417 2391 3587 2457 venit,
3619 2400 3670 2447 et
3689 2390 3798 2462 quia

611 2475 904 2547 Scripturae
950 2489 1181 2535 textuum
1227 2482 1504 2537 collatione
1549 2483 1853 2538 ostenditur.
1910 2481 2130 2538 Domum
2233 2487 2474 2544 nondum
2497 2486 3082 2558 infuderatSpiritum,
3109 2486 3364 2556 parvulos
3383 2482 3685 2556 quosdamf
3715 2499 3799 2540 nos

609 2568 766 2624 citato
805 2571 910 2624 alio
958 2586 1024 2625 ea:
1065 2573 1226 2627 altera
1254 2573 1324 2626 ad
1349 2572 1585 2628 Corinth.
1619 2573 1790 2629 adhuc
1818 2576 2134 2645 expressiora
2233 2581 2432 2651 degere
2476 2581 2596 2636 sine
2643 2579 2848 2651 Spiritu
2893 2578 3208 2634 declaravit.
3242 2577 3504 2650 Spiritum
3531 2577 3662 2633 dixit
3693 2590 3800 2632 esse

610 2660 748 2728 loco,
771 2670 819 2715 et
842 2660 1120 2716 Dominum
1148 2664 1409 2736 Spiritum
1435 2680 1563 2733 esse,
1583 2676 1630 2720 et
1652 2665 1736 2720 ubi
1755 2666 1821 2720 sit
1850 2665 2130 2736 Dominus,
2233 2685 2522 2733 venturum
2545 2717 2562 2743 ,
2591 2674 2684 2746 qui
2717 2675 2922 2730 faceret
2946 2689 3013 2729 ex
3057 2672 3298 2744 parvulis
3328 2673 3579 2728 fortiores
3599 2714 3616 2739 ,
3645 2673 3800 2727 incre-

612 2751 870 2825 Spiritum
897 2771 1007 2811 esse
1025 2755 1308 2827 colligitur.
2239 2781 2423 2827 mento
2453 2769 2708 2825 videlicet
2753 2768 3014 2839 spiritalis
3041 2768 3237 2823 aetatis.
3265 2766 3421 2837 Quod
3451 2765 3572 2822 ideo
3599 2766 3764 2836 posuit
3785 2806 3797 2828 ι

611 2846 701 2912 94,
733 2849 914 2921 [Alius
939 2866 1056 2920 cap.
1087 2850 1243 2924 XV.]
1277 2851 1424 2908 Unus
1455 2868 1584 2925 ergo
1617 2855 1788 2920 Deus,
1821 2856 1970 2912 salva
2015 2872 2124 2912 mao

2236 2878 2344 2918 non
2391 2877 2497 2933 quo
2547 2863 2802 2918 virtutem
2855 2859 3089 2930 Spiritus
3136 2858 3471 2923 anteferret,
3517 2856 3612 2913 sed
3653 2865 3706 2912 ut
3753 2854 3800 2909 in

533 2938 734 3011 jestate
765 2941 1044 3000 Trinitatis
1069 2954 1289 3002 aeternae
1311 2988 1326 3014 ,
1361 2949 1502 3002 sicut
1532 2950 1812 3020 proposito
1836 2949 2001 3024 685
2038 2952 2135 3009 de-
2237 2957 2548 3028 cognitione
2596 2955 2876 3011 Trinitatis
2922 2955 3237 3010 ostenderet
3265 2952 3654 3025 plenitudinem
3695 2965 3800 3006 esse

538 3039 779 3095 claratur
823 3042 1098 3112 exemplo.
1134 3041 1245 3099 Nec
1277 3058 1345 3100 eo
1376 3054 1554 3101 tamen
1597 3046 1715 3101 solo
1746 3046 1870 3102 loco
1897 3048 2136 3104 Trinita—
2237 3048 2474 3104 virtutis.

538 3142 651 3191 tem
678 3135 926 3193 videmus
953 3139 1172 3195 nomine
1191 3139 1495 3197 divinitatis
1516 3157 1833 3214 expressam
1854 3185 1870 3210 ,
1892 3143 1988 3200 sed
2010 3159 2132 3200 cum

2312 3143 2438 3200 100.
2478 3140 2715 3198 Necesse
2739 3149 2825 3198 est
2854 3141 3017 3213 igitur
3044 3150 3138 3197 aut
3184 3148 3436 3212 quartum
3481 3139 3704 3212 aliquem
3728 3136 3800 3193 di-

537 3227 816 3301 plerisque
844 3229 999 3298 locis,
1024 3231 1166 3288 sicut
1191 3243 1245 3288 et
1268 3247 1434 3302 supra
1455 3233 1692 3291 diximus
1713 3278 1728 3304 ,
1754 3245 1865 3291 tum
1896 3237 2131 3294 maxime
2159 3220 2205 3284 (ἶ
2235 3234 2372 3290 catis
2394 3275 2408 3300 ,
2439 3248 2599 3305 quem
2643 3234 2848 3288 sentire
2880 3243 3078 3304 praeter
3123 3232 3386 3302 Spiritum
3429 3231 3697 3288 debeatis:
3722 3239 3801 3284 aut

539 3321 594 3377 in
625 3321 709 3378 his
729 3323 977 3393 epistolis
1011 3341 1146 3396 quas
1173 3326 1241 3381 ad
1291 3326 1814 3384 Thcssalonicenses
1841 3328 1869 3367 δ
1901 3331 2134 3400 Aposto-

542 3414 628 3469 lus
657 3416 908 3484 scripsit,
937 3417 1280 3475 divinitatem
1306 3430 1470 3491 atque
1497 3421 1835 3478 dominatum
1874 3423 2050 3478 Patris
2081 3431 2138 3479 et

542 3506 666 3562 Filii
703 3519 758 3564 et
784 3510 1021 3581 Spiritus
1049 3515 1222 3568 sancti
1261 3514 1670 3571 evidentissime
1689 3515 2008 3572 declaravit.
2043 3516 2135 3574 Sic

542 3600 689 3654 enim
707 3600 874 3656 babes
898 3619 913 3657 :
945 3600 1051 3656 Vos
1077 3614 1251 3658 autem
1278 3605 1532 3661 Dominus
1553 3607 1880 3678 multiplicet,
1904 3618 1951 3663 et
1973 3609 2137 3663 abun-

543 3690 672 3745 dare
710 3692 868 3760 [aciat
894 3695 951 3748 in
980 3695 1232 3751 charitate
1256 3698 1470 3754 invicem
1495 3709 1543 3754 et
1580 3701 1636 3755 in
1662 3716 1866 3768 omnes,
1915 3703 2049 3756 sicut
2088 3713 2136 3759 et

456 3773 464 3781 ’
543 3799 639 3838 nos
662 3785 718 3838 in
745 3785 884 3840 vobis
901 3827 916 3852 ,
942 3787 1011 3840 ad
1037 3789 1394 3858 confirmanda
1419 3793 1579 3846 corda
1605 3803 1772 3848 vestra
1797 3795 1908 3849 sine
1931 3799 2137 3866 querela

543 3880 599 3932 in
643 3881 1050 3950 sanctiﬁcatione
1075 3899 1249 3939 coram
1290 3885 1397 3941 Deo
1443 3897 1490 3942 et
1538 3887 1695 3944 Patre
1734 3900 1910 3946 nostro
1946 3892 1998 3946 in
2041 3893 2138 3946 ad-

542 3980 696 4026 ventu
723 3971 930 4028 Domini
958 3973 1084 4031 Jesu
1112 3979 1131 4047 (
1155 3979 1171 4033 Ι
1207 3977 1389 4037 Thess.
1423 3997 1504 4049 ιιι,
1531 3984 1616 4052 η,
1648 3985 1716 4040 15
1734 3984 1776 4057 ).

613 4067 706 4125 95.
747 4069 880 4139 Quis
907 4081 992 4130 est
1016 4074 1182 4145 igitur
1213 4078 1615 4151 Dominus,qui
1644 4081 1966 4153 multiplicet
1997 4097 2133 4150 nos,

542 4168 599 4216 et
643 4160 922 4221 abundare
962 4164 1125 4221 faciat
1166 4183 1351 4224 coram
1399 4171 1512 4228 Deo
1555 4182 1610 4228 et
1639 4173 1798 4229 Patre
1845 4183 2036 4230 nostro
2085 4191 2136 4229 ιιι

543 4252 781 4310 adventu
802 4256 1016 4312 Domini
1043 4257 1210 4316 .lesu?
1240 4262 1452 4319 Patrem
1478 4265 1648 4331 dixit,
1679 4275 1736 4321 et
1754 4265 1948 4322 Filium
1972 4267 2136 4322 dixit:

543 4360 706 4416 quem
736 4362 869 4418 ergo
898 4365 1022 4405 cum
1055 4351 1217 4409 Patre
1242 4364 1297 4410 et
1329 4355 1466 4412 Filio
1496 4365 1693 4428 praeter
1719 4358 1978 4429 Spiritum
2015 4359 2139 4430 jun-

2236 3336 2387 3383 certe
2436 3341 2543 3382 non
2575 3325 2743 3381 alium
2777 3325 3063 3382 Dominum
3090 3325 3370 3396 judicetis,
3424 3324 3526 3380 nisi
3569 3323 3799 3394 Spiritum

2237 3422 2602 3492 designatum.

2311 3517 2434 3573 101.
2476 3515 2632 3585 Quod
2663 3515 2709 3570 si
2754 3514 3068 3571 evidentem
3097 3515 3513 3586 conceptionem
3541 3511 3799 3568 verborum

2239 3609 2489 3682 exigitis,
2523 3609 2718 3681 quibus
2760 3608 3043 3664 Dominum
3089 3607 3357 3680 Spiritum
3390 3608 3666 3676 Scriptura
3707 3620 3800 3658 tne-

2239 3702 2562 3769 moraverit,
2599 3717 2698 3757 nec
2727 3702 2777 3757 id
2803 3703 2973 3758 latere
3003 3717 3098 3758 vos
3120 3702 3329 3772 potuit;
3359 3699 3529 3773 686
3553 3701 3668 3770 quia
3688 3697 3800 3752 scri-

2240 3803 2392 3866 ptum
2426 3805 2532 3850 eSI:
2559 3792 2815 3849 Dominus
2840 3804 3010 3849 autem
3025 3794 3258 3863 Spiritus
3273 3803 3352 3849 est
3373 3793 3439 3864 (Il
3461 3791 3581 3846 Cor.
3608 3807 3680 3858 ιιι,
3708 3789 3799 3856 17).

2240 3887 2394 3956 Quod
2426 3889 2611 3959 utique
2641 3886 2843 3941 dictum
2883 3887 2950 3942 de
2978 3888 3185 3957 Spiritu
3215 3894 3406 3941 sancto
3459 3887 3621 3941 totius
3662 3882 3805 3937 series

2244 3981 2494 4036 lectionis
2523 3980 2781 4036 ostendit.
2814 3979 2884 4035 Et
2915 3979 3040 4036 ideo
3069 3978 3386 4049 Apostoliea
3426 3977 3801 4034 consideremus

2242 4075 2498 4146 eloquia:
2556 4074 2768 4142 Quoties
2821 4075 3011 4147 legitur
3058 4073 3298 4144 Moyses,
3347 4073 3562 4143 inquit,
3608 4070 3804 4126 uelamen

2243 4171 2466 4241 positum
2506 4177 2580 4223 est
2606 4184 2764 4236 super
2808 4183 2896 4222 cor
2923 4183 3104 4222 eorum
3128 4183 3146 4221 :
3174 4183 3290 4221 cum
3320 4182 3440 4220 vero
3470 4166 3686 4220 conuersi
3709 4165 3802 4232 {ue-

2241 4263 2348 4316 rint
2379 4261 2448 4315 ad
2479 4261 2794 4329 Dominum,
2825 4264 3092 4332 auferetur
3116 4259 3370 4314 velamen.
3397 4257 3644 4314 Dominus
3660 4265 3804 4309 autem

2244 4354 2476 4426 Spiritus
2506 4365 2579 4410 est
2600 4372 2619 4410 :
2647 4355 2734 4410 ubi
2758 4365 2931 4410 autem
2975 4353 3210 4425 Spiritus
3253 4349 3502 4420 Domini,
3533 4351 3602 4406 ibi
3629 4349 3806 4404 libertos

546 4436 669 4524 xit?
694 4440 827 4508 Quis
853 4454 935 4498 est
970 4444 1235 4504 Dominus
1261 4449 1355 4519 qui
1381 4450 1545 4506 corda
1577 4461 1766 4507 nostra
1810 4453 1864 4507 in
1902 4453 2132 4508 sanctiﬁ-

2248 4449 2461 4522 (lbid.,
2493 4465 2585 4514 xv,
2621 4448 2689 4504 te
2711 4447 2752 4520 ).

546 4530 1116 4593 catioue‘conﬁrmet?
1142 4539 1510 4598 Sanctiﬁcatio
1541 4542 1685 4599 enim
1722 4554 1745 4583 ο
1779 4544 1952 4615 gratia
1979 4546 2141 4617 spiri-

2317 4541 2442 4597 1οΞ.
2482 4541 2601 4597 Non
2629 4541 2805 4596 solum
2847 4541 3029 4612 itaque
3058 4539 3324 4610 Spiritum
3354 4539 3630 4595 dominum
3657 4533 3805 4594 dixit.

550 4625 671 4682 talis
697 4637 818 4694 est,
849 4629 991 4686 sicut
1020 4643 1075 4688 et
1105 4633 1241 4690 infra
1273 4635 1439 4691 dixit:
1474 4635 1542 4692 In
1567 4613 1978 4706 sanctiﬁcatione
2009 4613 2140 4710 Spi—
2166 4613 2222 4676 Ῑ)
2245 4633 2342 4691 sed
2387 4638 2551 4691 etiam
2599 4634 2806 4690 addidit
2834 4652 2847 4689 :
2887 4633 2987 4690 Ubi
3031 4644 3203 4689 autem
3235 4633 3471 4705 Spiritus
3514 4631 3726 4692 Domini,
3749 4627 3807 4679 ibi

547 4720 679 4775 ritus
699 4763 716 4790 ,
744 4735 792 4778 et
820 4725 926 4794 ﬁde
951 4727 1185 4783 veritatis
1215 4729 1294 4802 (ll
1320 4729 1504 4787 Thess.
1537 4747 1597 4798 ιι,
1630 4731 1700 4787 12
1719 4731 1758 4798 ).

2250 4729 2483 4784 libertas.
2517 4728 2631 4784 Nos
2657 4730 2831 4798 itaque
2858 4745 3036 4784 omnes
3062 4728 3284 4782 revelata
3312 4729 3447 4799 facie
3489 4728 3694 4798 gloriam
3714 4721 3806 4776 Do-

619 4815 714 4872 96-
774 4818 943 4887 Quem
995 4824 1197 4892 putatis
1245 4839 1378 4896 ergo
1429 4825 1517 4880 hic
1569 4826 1896 4892 Dominum,
1947 4836 2149 4897 praeter
2245 4823 2373 4878 mini
2403 4824 2756 4895 speculantes,
2785 4823 2854 4875 ad
2883 4821 3114 4876 eamdem
3139 4821 3420 4892 imaginem
3449 4824 3808 4892 reformatur”

545 4907 808 4982 Spiritum
841 4908 1245 4987 nuncupatum?
1273 4916 1301 4955 ἀ
1331 4919 1441 4975 Nec
1465 4919 1608 4976 Deus
1639 4921 1800 4976 Pater
1825 4921 2026 4978 docere
2047 4937 2144 4977 vos
2249 4917 2418 4989 gloria
2467 4917 2524 4970 in
2573 4916 2832 4987 gloriam,
2882 4915 3014 4969 sicut
3058 4931 3089 4968 a
3118 4912 3333 4968 Domini
3381 4912 3588 4984 Spiritu
3631 4906 3808 4982 (ιιξάη

547 5004 757 5074 potuit,
798 5006 887 5075 qui
937 5007 1012 5062 ait
1046 5025 1059 5061 :
1093 5008 1270 5082 Super
1313 5028 1465 5080 quem
1513 5013 1704 5069 videris
1751 5015 2007 5087 Spiritum
2053 5016 2145 5070 de-

2250 5008 2402 5082 18),
2440 5008 2542 5063 hoc
2583 5019 2697 5074 est,
2733 5007 2826 5078 qui
2872 5006 2940 5064 ad
2976 5007 3262 5062 Dominum
3301 5021 3490 5061 sumus
3540 5014 3657 5059 ante
3698 5013 3810 5054 con-

549 5097 878 5153 scendentem
901 5109 948 5153 et
966 5111 1258 5156 manentem
1275 5119 1430 5171 super
1455 5121 1590 5168 eum,
1612 5106 1697 5160 hic
1717 5115 1791 5162 est
1807 5110 1897 5178 qui
1921 5109 2145 5180 baptizat
2250 5103 2426 5169 versi,
2457 5113 2516 5157 ut
2543 5103 2777 5172 spiritali
2810 5101 3089 5158 intellectu
3110 5100 3263 5171 quasi
3285 5099 3341 5153 in
3367 5097 3597 5170 quodam
3620 5090 3814 5164 speculo

549 5187 604 5243 in
629 5187 838 5259 Spiritu
866 5201 1049 5246 sancto
1076 5191 1267 5265 (Joan.
1293 5211 1332 5263 ι,
1363 5196 1824 5266 33)?Descendit
1853 5202 1999 5257 enim
2026 5202 2148 5273 Spi-

624 5336 651 5402 t}
690 5329 768 5383 Ita
797 5344 928 5385 mss.
960 5331 1146 5402 plures
1175 5347 1238 5386 ac
1267 5334 1644 5402 probatiores:
1694 5336 1937 5392 nonnulli
1967 5346 2147 5391 autem

2253 5197 2662 5270 Scripturarum
2693 5195 2910 5252 Domini
2957 5197 3185 5266 gloriam
3217 5194 3561 5256 videremus,
3592 5201 3719 5245 nunc
3756 5182 3813 5238 ab

2261 5335 2373 5391 Nec
2417 5332 2558 5388 Deus
2604 5331 2784 5388 Pater.
2816 5332 2934 5387 Non
2985 5331 3153 5396 male,
3188 5340 3272 5385 est
3299 5330 3445 5386 enim
3493 5326 3814 5397 interrogatio

553 5398 645 5480 alii
675 5408 732 5456 et
755 5415 946 5458 omnes
963 5398 1130 5471 'edit.,
1161 5398 1498 5475 conﬁtemur,
1538 5407 1730 5480 putatis
1772 5424 1865 5463 nos
1896 5417 1997 5465 tres
2023 5409 2145 5463 deos
2248 5422 2372 5480 quae
2420 5418 2543 5460 cum
2610 5403 3044 5460 stornacbatione
3091 5402 3322 5473 quadam
3372 5413 3428 5459 et
3472 5400 3814 5472 objurgatione

555 5471 952 5621 dtcifrlf‘ionuulli
985 5561 1142 5614 mss.,
1172 5550 1448 5621 Apostolus
1476 5551 1687 5605 direxit.

632 5615 826 5694 calles.
858 5616 1062 5687 aliquot
1107 5615 1228 5677 non'
1255 5622 1525 5679 inferioris
1553 5630 1696 5678 notae
1716 5662 1732 5688 ,
1763 5622 1944 5692 gratim
1987 5621 2146 5694 spiri-

563 5687 716 5741 tualis
748 5697 840 5743 est.

634 5753 662 5834 ξι
701 5756 924 5834 ϐίηφι
955 5761 1112 5834 Rom.
1139 5781 1274 5822 .cum
1319 5782 1450 5834 mss.
1485 5765 1813 5834 nonnullis,
1853 5764 1966 5832 Hoc
2010 5763 2151 5830 Deus
2253 5763 2406 5820 ravit.

553 5817 752 5893 Pater;
792 5817 1107 5891 Anterbﬁé‘t
1135 5817 1288 5896 est.
1317 5817 1449 5898 Et};
1482 5817 1819 5899 aliisaliis
1853 5817 2146 5910 statim:

2251 5477 2539 5561 conjuncta
2563 5486 2670 5561 est.
2859 5545 2915 5561 η,
2953 5546 2984 5561 η
3099 5549 3111 5560 ⁸
3358 5555 3368 5561 Α

2327 5544 2818 5631 ξ’ἰξζειριιιιιιίμιιεξη
2852 5545 2915 5631 Si
2931 5546 3372 5631 directionlleiﬁest
3398 5561 3480 5612 ea,
3508 5557 3556 5631 et
3580 5544 3810 5598 Christi...

2252 5622 2348 5692 qui
2368 5619 2586 5692 diligat,
2620 5618 2763 5692 debet
2793 5618 3025 5692 ostendi,
3055 5620 3098 5672 si
3128 5619 3473 5692 dilectionem,
3504 5625 3604 5692 etc.

2332 5691 2363 5767 τ.
2395 5680 2606 5748 Τιιύειι.
2638 5688 2789 5759 cod.,
2841 5707 2934 5750 nos
2961 5680 3232 5763 degeneres
3258 5690 3388 5767 sine
3428 5687 3624 5761 Spiritu
3665 5680 3817 5738 derisi
