4014 6290
626 266 732 325 807

625 383 702 438 ris
727 392 942 442 constat
970 387 1222 446 remissio
1266 400 1610 463 peccatorum
1640 437 1653 463 ,
1692 406 1748 453 et
1785 397 2119 471 indulgentia
2148 403 2226 458 vi-

623 477 784 535 detur
814 497 934 537 esse
958 483 1262 552 pretiosior.
1299 487 1540 561 Denique
1563 491 1727 547 habes
1754 492 2020 563 scriptum
2047 513 2060 549 :
2089 497 2224 562 Quia

624 572 711 625 cui
765 574 984 628 multum
1025 577 1328 645 dimittitur,
1381 583 1496 650 plus
1518 583 1685 655 diligit
1733 584 1902 657 (Luc.
1946 604 2052 654 vn,
2095 588 2218 660 47).

624 663 770 736 Ergo
799 678 855 723 et
896 668 996 740 ipsi
1030 679 1341 740 peccatores
1377 673 1673 731 Dominicte
1701 678 2019 748 passionis,
2059 697 2221 752 quam

623 757 1019 827 perdiderunt,
1065 763 1292 833 gratiam
1341 764 1704 836 confitentur,
1755 779 1812 825 et
1855 773 2220 829 testimonium

623 847 808 906 ferunt
838 851 1058 909 Christo
1078 896 1094 921 ,
1123 855 1216 926 qui
1247 856 1524 913 Christum
1553 869 1682 916 sunt
1711 863 2004 932 persecuti.

695 942 820 998 128.
850 943 960 1000 Aut
989 947 1110 1016 quia
1142 949 1194 1002 in
1229 949 1530 1008 malevolam
1555 955 1781 1010 animam
1818 973 1921 1010 non
1942 959 2100 1014 intrat
2137 976 2222 1014 sa-

621 1037 816 1106 pientia
857 1039 1009 1111 (Sap.
1037 1058 1073 1108 ι,
1104 1043 1184 1114 4);
1215 1045 1379 1100 etiam
1423 1046 1526 1104 hoc
1568 1049 1890 1120 loquebatur
1927 1055 2220 1124 proditoris

621 1132 876 1200 affectus,
905 1135 1120 1191 charius
1156 1137 1462 1195 aestimabat
1498 1143 1760 1199 Dominici
1801 1147 2048 1217 corporis
2092 1165 2217 1220 pas-

620 1226 866 1293 sionem;
899 1238 954 1284 ut
976 1243 1166 1288 omnes
1187 1247 1216 1286 a
1247 1231 1352 1288 [ide
1378 1237 1536 1304 pretii
1565 1239 1890 1297 enormitate
1912 1254 2216 1301 revocaret.

618 1314 856 1389 Ideoque
887 1318 1148 1377 Dominus
1176 1325 1345 1394 gratis
1369 1339 1428 1380 se
1457 1326 1681 1395 obtulit,
1713 1345 1780 1385 ne
1807 1347 1966 1402 quem
1999 1349 2219 1391 revoca-

616 1419 702 1468 ret
752 1429 781 1467 a
835 1412 1053 1470 Christo
1121 1419 1459 1488 paupertatis
1511 1423 1844 1496 necessitas;
1889 1425 2219 1486 Patriarchaa

615 1519 740 1561 eum
787 1506 880 1560 vili
930 1508 1329 1580 vendiderunt,
1376 1524 1435 1570 ut
1479 1531 1667 1573 omnes
1713 1530 1982 1578 emerent.
2029 1523 2218 1582 Esaias

612 1597 787 1654 dixit:
824 1598 1145 1672 Quicumque
1172 1621 1277 1659 non
1297 1606 1496 1662 Itabetis
1515 1621 1785 1680 argentum
1813 1622 1870 1680 ιι,
1902 1615 2000 1681 ite,
2033 1617 2215 1685 emite,

613 1701 662 1747 et
688 1691 840 1748 bibite
866 1710 884 1749 :
913 1695 1224 1751 manducate
1253 1699 1365 1753 sine
1408 1712 1622 1773 argento
1663 1702 1829 1775 (Esa.
1877 1705 1974 1776 ιν),
2010 1708 2118 1779 1);
2162 1717 2218 1764 ut

611 1799 738 1841 eum
799 1789 1148 1858 acquireret,
1198 1791 1289 1861 qui
1342 1807 1451 1848 non
1517 1795 1750 1852 habebat
1815 1809 2123 1868 argentum.
2172 1803 2216 1859 Ο

611 1875 751 1933 Iuda
782 1879 1062 1950 proditor,
1098 1893 1430 1954 unguentum
1471 1888 1744 1958 passionis
1791 1891 1914 1960 ejus
1957 1897 2215 1952 trecentis

611 1969 852 2027 denariis
878 1975 1138 2043 aestimas,
1165 1988 1218 2032 et
1243 1978 1546 2047 passionem
1580 1983 1702 2050 ejus
1731 1983 1950 2054 triginta
1979 1987 2216 2044 denariis

611 2063 803 2120 vendis
851 2065 1072 2139 (Matth.
1127 2086 1281 2139 xxvi,
1335 2071 1462 2143 45)!
1513 2073 1678 2132 Dives
1719 2076 1773 2133 in
1817 2080 2212 2153 aestimatione,

611 2157 736 2214 vilis
765 2158 819 2214 in
845 2160 1077 2218 scelere.

683 2251 810 2308 129.
854 2253 1001 2325 Ergo
1037 2270 1144 2312 non
1175 2269 1367 2313 omnes
1393 2257 1586 2315 eodem
1636 2263 1812 2331 pretio
1841 2275 2028 2321 eruunt
2060 2267 2214 2326 Chri-

611 2349 776 2398 stum.
799 2342 926 2399 Alio
951 2346 1084 2400 emit
1113 2345 1403 2414 Photinus,
1432 2350 1526 2420 qui
1548 2349 1615 2406 ad
1652 2362 1884 2410 mortem
1912 2357 2046 2412 emit
2071 2374 2084 2411 :
2111 2360 2215 2416 alio

613 2433 850 2490 Arianus
869 2477 883 2501 ,
909 2437 1001 2505 qui
1028 2438 1160 2494 emit
1188 2438 1257 2494 ad
1291 2428 1548 2510 injuriam
1575 2461 1587 2494 :
1620 2443 1732 2500 alio
1759 2447 2097 2518 catholicus,
2121 2453 2214 2523 qui

611 2526 788 2582 emitb
812 2526 879 2583 ad
899 2527 1151 2599 gloriam.
1181 2529 1289 2587 Sed
1313 2530 1447 2587 emit
1473 2533 1593 2590 sine
1621 2539 1849 2606 pecunia
1867 2581 1882 2606 ,
1917 2543 2212 2600 secundum

610 2617 756 2689 quod
802 2619 1064 2691 scriptum
1105 2631 1189 2678 est
1221 2641 1235 2677 :
1270 2623 1375 2692 Qui
1411 2641 1514 2681 non
1550 2625 1698 2683 habet
1741 2635 2042 2704 pecuniam,
2080 2649 2217 2694 emat

610 2710 722 2767 sine
741 2713 913 2783 pretio
943 2712 962 2786 (
987 2712 1133 2768 Esai.
1166 2731 1264 2781 Lv,
1302 2716 1327 2770 1
1353 2716 1395 2790 ).

684 2808 808 2864 150.
842 2807 968 2864 Non
987 2825 1163 2866 omnes
1183 2852 1198 2877 ,
1225 2811 1434 2883 inquit,
1457 2817 1546 2887 qui
1577 2817 1754 2874 dicunt
1773 2821 1901 2876 mihi
1919 2863 1938 2891 ,
1966 2822 2211 2891 Domine,

608 2897 875 2970 Domine,
906 2902 1170 2958 intrabunt
1215 2905 1269 2960 in
1313 2924 1524 2980 regnum
1570 2914 1816 2969 caelorum
1864 2916 2080 2987 (Matth.
2109 2922 2210 2985 vri,

607 2995 674 3050 2i
694 2997 737 3066 ).
793 2996 909 3051 Etsi
947 2997 1102 3052 multi
1152 3014 1213 3054 se
1259 3001 1546 3059 nominent
1593 3006 1956 3080 christianos,
2014 3028 2211 3070 nomen

607 3089 902 3162 usurpant,
947 3107 1053 3148 non
1087 3102 1267 3150 tamen
1310 3109 1501 3154 omnes
1532 3102 1838 3159 mercedem
1882 3105 2103 3163 habent.
2145 3109 2213 3164 Et

605 3179 737 3239 Cain
767 3182 968 3242 obtulit
1006 3185 1336 3243 sacrificium
1369 3188 1537 3259 (Gen.
1561 3209 1615 3248 tv
1638 3194 1742 3266 ,5)
1763 3235 1780 3263 ,
1827 3206 1885 3254 et
1922 3197 2090 3255 Judas
2117 3216 2207 3258 ac-

604 3274 748 3345 cepit
773 3277 1020 3332 osculum
1055 3275 1221 3349 (Luc.
1253 3295 1366 3335 xxu
1393 3323 1408 3349 ,
1447 3283 1554 3355 48)
1582 3325 1596 3351 ,
1626 3285 1721 3341 sed
1751 3287 1958 3344 audivit
1983 3307 1996 3343 :
2026 3289 2169 3346 Iuda
2190 3334 2204 3360 ,

604 3367 780 3422 osculo
814 3366 1008 3422 Filium
1053 3369 1274 3427 hominis
1309 3375 1517 3430 tradis?
1545 3388 1567 3416 ε
1599 3377 1703 3434 hoc
1739 3387 1852 3448 est,
1881 3384 2080 3438 amoris
2123 3385 2205 3454 pi-

603 3475 772 3531 gnore
795 3463 973 3517 scelus
997 3463 1222 3534 imples,
1246 3481 1310 3522 ac
1335 3469 1483 3537 pacis
1505 3470 1866 3530 instrumento
1892 3476 2014 3532 odia
2042 3477 2203 3548 seris,

603 3562 660 3608 ct
687 3553 969 3610 charitatis
998 3555 1178 3612 ofﬁcio
1205 3569 1438 3616 mortem
1471 3563 1697 3636 irrogas.

677 3647 801 3703 151.
845 3647 989 3719 Ergo
1016 3663 1116 3705 nec
1141 3650 1330 3706 Ariani
1368 3656 1471 3710 sibi
1499 3668 1762 3726 usurpato
1790 3663 2011 3718 nomine
2048 3665 2204 3721 blan-

603 3739 846 3810 diantur,
869 3744 994 3813 quia
1019 3743 1347 3804 christianos
1369 3763 1492 3806 esse
1515 3766 1574 3807 se
1595 3752 1803 3808 dicunt.
1834 3756 2204 3828 Respondebit

601 3835 683 3891 eis
725 3835 987 3892 Dominus
1018 3853 1034 3892 :
1085 3837 1293 3896 Nomen
1340 3857 1521 3899 meum
1559 3847 1898 3915 prmtenditis
1919 3892 1935 3919 ,
1963 3859 2019 3906 et
2049 3852 2203 3908 subs-

601 3929 827 3986 tantiam
867 3930 1150 4004 denegatis
1180 3951 1196 3988 τ
1224 3934 1319 3991 sed
1349 3951 1455 3991 non
1487 3953 1724 4010 agnosco
1750 3956 1949 3998 nomen
1981 3961 2160 4003 meum
2183 3990 2198 4017 ,

600 4021 690 4078 ubi
711 4038 816 4078 non
835 4032 920 4079 est
942 4040 1062 4080 mea
1088 4028 1421 4097 sempiterna
1445 4029 1722 4088 divinitas.
1745 4033 1865 4090 Non
1891 4045 1974 4092 est
2001 4053 2198 4097 nomen

597 4130 802 4184 meum,
825 4117 969 4188 quod
988 4132 1017 4171 a
1040 4118 1202 4176 Patre
1230 4119 1506 4190 dividitur,
1534 4123 1603 4179 ab
1633 4125 1846 4197 Spiritu
1875 4141 2195 4200 separatur:

596 4225 708 4267 non
736 4226 974 4282 agnosco
1000 4228 1201 4270 nomen
1227 4230 1406 4270 meum
1425 4258 1440 4285 ,
1470 4217 1558 4274 ubi
1590 4235 1697 4274 non
1725 4236 1966 4292 agnosce
1992 4225 2197 4282 doctri-

597 4320 726 4360 nam
757 4321 933 4362 meam
970 4322 984 4361 :
1023 4322 1131 4362 non
1178 4322 1416 4378 agnosco
1455 4325 1652 4367 nomen
1695 4329 1873 4370 meum
1897 4358 1912 4384 ,
1952 4317 2043 4373 ubi
2088 4334 2197 4375 non

595 4410 835 4467 agnosco
872 4397 1135 4468 Spiritum
1181 4415 1386 4456 meum.
1416 4401 1606 4458 Nescit
1653 4406 1800 4462 enim
1851 4423 1911 4464 se
1959 4410 2198 4482 Spiritus

595 4487 774 4546 Patris
825 4503 1147 4560 comparare
1191 4493 1469 4560 servitiis,
1515 4509 1641 4566 quae
1691 4501 1918 4556 creavit.
1968 4502 2044 4560 De
2087 4521 2196 4593 quo

595 4583 764 4639 multa
790 4583 904 4655 jam
935 4584 1178 4644 diximus
1209 4587 1364 4659 (Lib.
1396 4593 1585 4662 πέσοι).
1623 4593 1646 4647 1
1679 4603 1727 4648 et
1746 4595 1887 4668 seq.)

1069 4701 1234 4775 693
1272 4699 1502 4760 CAPUT
1545 4705 1730 4763 xvm.

592 4789 810 4855 Spiritus
829 4791 985 4844 statcti
1018 4791 1320 4844 divinitatem
1340 4807 1405 4846 ea:
1439 4794 1503 4848 iis
1542 4810 1652 4860 qua:
1685 4797 1915 4853 hactenus
1948 4802 2193 4868 disputata

651 4881 778 4936 attat,
797 4875 1191 4940 conﬁrmaturus,
1216 4878 1448 4929 nommlla
1466 4877 1642 4931 iterum
1664 4885 1921 4936 tractanda
1935 4887 2100 4952 sumit,
2114 4887 2192 4939 ni-

650 4959 829 5014 mirum
848 4968 1050 5028 peccata
1069 4974 1180 5014 eum
1199 4977 1295 5016 non
1317 4963 1513 5029 habere,
1541 4966 1627 5017 sed
1653 4968 1927 5021 condonare
1955 4985 1967 5020 :
1993 4980 2185 5025 creatu-

661 5079 686 5108 ι
715 5069 940 5126 Amerb.
969 5077 1026 5126 et
1053 5069 1239 5136 Eras.,
1271 5073 1440 5127 uenite
1467 5115 1479 5137 ,
1509 5075 1658 5128 emite
1684 5085 1730 5130 et
1760 5076 1913 5133 bibite
1939 5078 2012 5134 Et
2033 5098 2186 5137 man-

587 5143 906 5222 ducauerunt
927 5181 943 5207 ,
983 5149 1036 5197 et
1061 5142 1233 5222 satiati
1257 5153 1378 5198 sunt
1409 5146 1463 5222 in
1490 5147 1720 5222 deserto;
1757 5147 1882 5204 Gill.
1911 5161 1967 5207 et
2002 5152 2186 5222 Rom.,

584 5215 772 5280 venite,
803 5213 952 5268 emite
979 5224 1028 5266 et
1058 5211 1258 5267 bibite:
1284 5216 1595 5269 manducata
1623 5217 1651 5340 Σ

587 5295 832 5340 nraento:
863 5285 993 5338 Mss.
1027 5283 1266 5340 aliuuot.
1288 5287 1472 5340 venite.
1503 5298 1548 5340 et
1571 5289 1619 5340 bi

587 5295 832 5367 argento‘;
863 5285 993 5338 Mss.
1027 5283 1266 5353 aliquot,
1288 5287 1472 5367 venite,
1503 5298 1548 5340 et
1571 5283 1750 5367 bibite,
1778 5283 2188 5367 etvntanducate,

586 5365 729 5420 etc.;
764 5356 947 5422 plures
974 5369 1106 5409 vero
1132 5365 1188 5410 et
1218 5355 1561 5424 probatiores
1581 5398 1598 5424 ,
1630 5369 1685 5413 ut
1712 5363 1762 5414 in
1789 5371 1953 5418 textu.

659 5426 688 5465 ι’
715 5425 948 5482 Floriac.
973 5425 1122 5488 cod.,
1152 5425 1220 5479 ad
1245 5427 1463 5493 gloriam
1503 5446 1522 5493 ;
1556 5445 1616 5482 eo
1646 5432 1781 5493 quod
1810 5435 1928 5488 aliis
1963 5438 2030 5491 sit
2063 5441 2130 5493 od

935 5467 948 5480 .
973 5445 1122 5482 (300..
1152 5445 1219 5479 aa
1245 5445 1463 5482 οιονιαιη
1503 5446 1522 5482 .'
1556 5445 1616 5482 εο
1646 5446 1709 5482 au

659 5426 688 5465 δ
715 5425 948 5482 Floriac.
973 5425 1122 5488 cod.,
1152 5425 1220 5479 ad
1245 5427 1463 5496 gloriam
1503 5446 1522 5495 ;
1556 5445 1616 5482 eo
1646 5432 1781 5496 quod
1810 5435 1928 5488 aliis
1963 5438 2030 5491 sit
2063 5441 2190 5496 odor

588 5499 767 5552 mortis
778 5498 831 5550 in
847 5505 1080 5567 mortem,
1096 5498 1215 5551 aliis
1229 5497 1360 5552 odor
1375 5499 1491 5552 vita:
1520 5500 1574 5552 in
1595 5500 1770 5555 vitam.
1790 5505 1897 5558 Sed
1917 5509 2057 5563 emit.
2077 5521 2183 5567 etc.

665 5578 685 5650 ξ
719 5567 840 5649 Lib.
871 5583 926 5650 ξ,
962 5568 1016 5649 in
1049 5566 1285 5650 Lucam,
1308 5569 1606 5650 n..63,__ltoc
1632 5582 1706 5626 est
1728 5613 1742 5637 ,
1767 5578 1956 5650 amoris
1976 5566 2189 5650 pignore

592 5640 777 5724 uulnus
805 5637 1004 5724 infligis
1022 5675 1038 5699 ,
1064 5649 1114 5692 et
1130 5638 1406 5720 .cltaritatis
1433 5643 1608 5724 officio
1646 5647 1945 5714 sanguinem
1977 5637 2186 5724 fundis,

594 5713 643 5757 et
669 5706 1001 5783 instrumento
1028 5710 1167 5783 pacis
1192 5724 1404 5783 mortem
1429 5706 1650 5783 iri-agas.

667 5772 692 5811 ¹¹
725 5777 854 5833 Mss.
881 5772 1162 5846 nonnulli,
1189 5782 1477 5852 manifesta:
1498 5772 1801 5840 divinitatis.

1997 284 2246 344 SANCTI
2283 287 2606 349 AMBROSII

1662 5217 1843 5293 Burin,
1869 5224 2039 5293 emite)
2079 5217 2190 5281 sine
2245 5227 2254 5237 ’

3735 318 3804 374 808

2253 405 2306 468 Α
2393 419 2502 457 ram
2541 419 2634 459 non
2653 420 2776 474 esse,
2802 409 2891 463 sed
2912 413 3180 464 creatorem
3207 423 3303 466 :ac
3341 415 3518 471 damn
3543 432 3621 472 non
3647 423 3809 495 adorare,

2389 493 2476 542 sed
2497 493 2720 546 adorari.

2352 641 2354 644 ν
2401 577 2528 634 152.
2563 578 2732 651 [Alias
2773 599 2888 654 cap.
2925 582 3092 658 XIX]
3121 584 3205 642 Ad
3236 601 3494 644 summam
3516 599 3756 660 tamen,ut
3774 600 3809 655 in

2328 670 2436 727 line
2462 687 2582 743 quae
2610 673 2857 744 disperse
2882 676 3025 733 dicta
3052 688 3208 744 sunt,
3231 683 3531 752 expressius
3552 685 3809 758 colligamus;

2325 777 2447 819 cum
2477 780 2545 820 ex
2576 767 2823 835 caeteris,
2856 777 2968 825 tum
3000 785 3066 826 ex
3095 781 3329 844 quatuor
3367 774 3481 831 istis
3508 792 3601 848 prs:
3624 781 3811 837 θειαὶςά

2327 857 2612 914 manifesta
2636 860 2938 918 divinitatis
2961 864 3134 935 gloria
3161 868 3568 938 comprobatur:
3591 872 3704 929 Deus
3717 877 3812 931 cui

2322 965 2390 1006 ex
2420 967 2485 1008 eo
2513 956 2884 1024 cognoscitur,
2911 966 3004 1012 aut
3023 960 3146 1030 quia
3167 960 3285 1016 sine
3305 974 3521 1032 peccato
3540 976 3628 1033 est,
3648 969 3813 1039 autquia

2325 1054 2546 1112 peccata
2591 1047 2862 1104 condonat
2895 1067 2910 1106 :
2952 1060 3046 1104 aut
3085 1052 3208 1122 quia
3251 1063 3495 1111 creatura
3527 1072 3620 1113 non
3641 1069 3729 1126 est,
3755 1062 3815 1117 sed

2321 1147 2536 1195 creator
2563 1149 2649 1196 est
2677 1159 2689 1196 :
2714 1151 2809 1198 aut
2833 1144 2957 1214 quia
2991 1161 3096 1200 non
3130 1147 3349 1215 adorat,
3380 1149 3474 1205 sed
3496 1151 3730 1208 adoratur.

2397 1231 2521 1288 155.
2563 1233 2694 1290 Sine
2741 1246 2968 1306 peccato
3015 1239 3198 1310 itaque
3231 1251 3255 1278 ε
3297 1257 3456 1298 nemo
3491 1253 3591 1312 est,
3619 1247 3699 1301 nisi
3729 1264 3820 1304 unus

2324 1322 2494 1389 Deus;
2527 1326 2650 1395 quia
2681 1342 2842 1382 nemo
2869 1329 2988 1386 sine
3017 1339 3265 1400 peccato,
3293 1335 3397 1389 nisi
3427 1351 3555 1392 unus
3579 1338 3709 1394 Deus.
3732 1339 3819 1396 Pcc-
3924 1353 3925 1416 Τ

2321 1427 2441 1470 cata
2471 1431 2689 1488 quoque
2719 1435 2881 1476 nemo
2923 1423 3228 1491 condonat,
3255 1425 3360 1482 nisi
3406 1443 3537 1484 unus
3573 1430 3717 1497 Deus;
3740 1433 3821 1502 quia

2320 1523 2475 1579 atque
2503 1511 2770 1582 scriptum
2800 1521 2920 1568 est:
2957 1513 3084 1580 Quis
3123 1526 3289 1584 potest
3327 1531 3532 1588 peccata
3558 1521 3739 1588 donare,
3759 1525 3823 1577 nisi

2321 1606 2463 1660 solus
2515 1605 2653 1662 Deus
2685 1607 2844 1680 (Luc.
2880 1625 2931 1676 v,
2978 1610 3118 1682 2i)?
3160 1613 3390 1669 Creator
3427 1630 3622 1686 quoque
3656 1619 3824 1673 omnium

2323 1713 2431 1752 non
2471 1706 2650 1768 potest
2674 1715 2796 1756 esse
2821 1741 2836 1767 ,
2877 1701 2978 1757 nisi
3009 1703 3101 1772 qui
3131 1714 3387 1760 creatura
3416 1721 3517 1762 non
3544 1718 3618 1763 est
3643 1725 3654 1760 :
3676 1710 3746 1779 qui
3764 1725 3825 1763 au-

2245 1807 2292 1866 Β
2323 1799 2430 1844 tem
2476 1799 2727 1847 creatura
2770 1807 2876 1848 non
2925 1805 3036 1862 est,
3079 1797 3198 1852 sine
3238 1797 3408 1855 dubio
3455 1800 3586 1856 Deus
3609 1810 3713 1857 est:
3745 1804 3826 1872 quia

2315 1883 2582 1953 scriptum
2613 1895 2698 1940 est
2729 1902 2741 1938 :
2777 1885 3080 1943 Seruierunt
3109 1899 3365 1946 creaturte
3391 1893 3558 1963 potius
3577 1909 3707 1963 quam
3733 1909 3828 1948 crtu-

2317 1977 2418 2031 tori
2438 2018 2453 2042 ,
2483 1977 2574 2048 qui
2599 1987 2674 2033 est
2701 1977 2846 2033 Deus
2875 1981 3170 2037 benedictus
3197 1983 3250 2038 in
3277 1984 3471 2039 stecstla
3490 1984 3509 2057 (
3528 1983 3662 2040 Rom.
3689 2001 3719 2049 ι,
3744 1985 3828 2048 23).

2316 2069 2462 2126 Deus
2501 2086 2718 2142 quoque
2749 2087 2860 2128 non
2885 2075 3115 2146 adorat,
3139 2077 3236 2132 sed
3259 2078 3553 2144 adoratur;
3589 2079 3691 2151 quia
3712 2077 3829 2148 scrip-

2317 2171 2431 2218 tum
2462 2174 2586 2219 est:
2623 2163 2905 2220 Dominum
2940 2166 3112 2223 Deunt
3141 2179 3282 2225 tuum
3312 2170 3584 2241 adorabis,
3622 2180 3662 2227 et
3684 2171 3744 2226 illi
3765 2170 3830 2225 soli

2314 2256 2507 2310 seruies
2531 2255 2782 2330 (Denter.
2808 2275 2882 2326 Vl,
2911 2259 3032 2334 15).

2392 2347 2517 2404 154.
2575 2348 3001 2408 Consideremus
3050 2368 3182 2427 ergo
3225 2365 3415 2413 utrum
3470 2356 3648 2414 borum
3692 2355 3831 2428 aliquid

2317 2438 2516 2497 habeat
2561 2441 2798 2514 Spiritus
2831 2455 3093 2516 sanctus,
3121 2463 3243 2519 quae
3281 2451 3639 2508 testimonium
3675 2449 3832 2506 aderant

2317 2535 2641 2594 divinitatis.
2681 2539 2924 2596 Primum
2972 2542 3139 2613 igitur
3193 2543 3262 2600 de
3307 2559 3380 2601 eo
3425 2554 3722 2610 tractemus,
3750 2544 3831 2614 quia

2315 2645 2478 2686 nemo
2506 2631 2626 2688 sine
2655 2644 2882 2704 peccato
2928 2636 3034 2692 nisi
3067 2652 3209 2693 unus
3236 2637 3388 2695 Deus
3421 2657 3433 2693 :
3461 2649 3517 2697 et
3541 2642 3770 2711 exigamus
3797 2645 3833 2689 ut

2316 2722 2554 2781 doceant
2580 2726 2723 2797 quod
2749 2738 3034 2798 peccatum
3065 2730 3262 2788 habeat
3289 2731 3532 2803 Spiritus
3557 2741 3754 2788 sanctus.

2391 2815 2517 2871 155.
2557 2815 2662 2873 Sed
2687 2816 2889 2876 docere
2916 2835 3024 2877 non
3053 2830 3310 2892 possunt,
3338 2833 3400 2879 et
3423 2824 3756 2881 auctoritatem
3777 2837 3832 2876 rc-

2316 2908 2574 2978 quirunt,
2608 2920 2666 2965 ut
2713 2910 2950 2969 lectione
2995 2913 3294 2971 doceamus
3316 2955 3334 2981 ,
3367 2916 3494 2988 quia
3525 2932 3625 2973 non
3662 2913 3835 2987 peccavit

2315 2999 2550 3071 Spiritus
2562 3011 2808 3071 sanctus,
2830 3004 2973 3061 sicut
2991 3005 3060 3062 de
3080 3007 3222 3063 Filio
3245 3008 3452 3065 lectum
3470 3018 3572 3077 est,
3587 3008 3692 3080 quia
3703 3020 3834 3077 pecca-

2317 3104 2429 3151 tum
2477 3112 2584 3152 non
2628 3097 2838 3172 fecit(l
2885 3099 3030 3157 Petr.
3084 3117 3147 3169 ll,
3199 3103 3323 3174 22).
3388 3102 3459 3160 Et
3512 3103 3610 3160 hoc
3641 3101 3835 3171 accipiant

2235 3193 2281 3258 (ζ
2312 3189 2716 3262 Scripturarum
2740 3195 3066 3252 auctoritate
3105 3211 3208 3253 nos
3246 3197 3493 3267 docere;
3541 3193 3759 3267 scriptum
3777 3201 3834 3248 est

2308 3283 2454 3338 enim
2489 3303 2501 3336 :
2537 3284 2674 3352 Quia
2715 3287 2771 3338 in
2810 3285 3087 3357 Sapientia
3129 3298 3203 3344 est
3243 3290 3485 3360 Spiritus
3528 3287 3830 3362 intelligam.

2305 3388 2546 3446 sanctus,
2573 3380 2786 3448 unicus,
2810 3382 3114 3452 multiplex,
3145 3383 3384 3451 subtilis,
3419 3388 3542 3442 bene
3565 3384 3758 3446 mobilis,
3778 3380 3831 3432 αἱ·
3924 3379 3925 3452 l

2303 3483 2500 3539 sertas,
2546 3472 2912 3528 immaculatus
2957 3473 3130 3545 (Sap.
3171 3491 3273 3541 vn,
3319 3475 3456 3544 22).
3510 3475 3830 3532 lrnmawlatuu

2303 3561 2440 3619 dicit
2467 3564 2745 3634 Scriptura
2775 3585 2788 3622 :
2814 3567 3078 3638 numquid
3102 3569 3327 3625 mentita
3360 3580 3448 3626 est
3472 3571 3542 3626 de
3568 3570 3713 3634 Filio,
3735 3565 3831 3621 uide
3924 3613 3925 3638 η

2303 3655 2510 3728 Spiritu
2541 3659 2734 3715 credas
2759 3675 2883 3717 esse
2925 3662 3252 3717 mentitam?
3283 3663 3436 3719 Dixit
3463 3665 3601 3720 enim
3643 3659 3831 3734 propheta
3924 3655 3925 3728 ξ

2304 3749 2358 3806 in
2402 3751 2596 3808 eodem
2625 3752 2746 3809 loco
2775 3753 2844 3811 de
2887 3755 3202 3826 Sapientia,
3237 3758 3366 3829 quia
3402 3760 3538 3815 nihil
3577 3757 3831 3814 maculosum

2302 3841 2359 3897 in
2404 3844 2551 3899 illam
2589 3844 2841 3902 incurrit.
2872 3846 2993 3918 Ipsa
3031 3849 3382 3907 immaculata
3411 3861 3528 3922 est,
3558 3862 3610 3908 et
3649 3852 3831 3906 immacu-

2306 3938 2451 3994 latus
2480 3939 2600 4010 ejus
2627 3952 2712 3996 est
2736 3941 2993 4013 Spiritus.
3029 3943 3173 4016 Ergo
3220 3947 3264 4001 si
3296 3960 3582 4017 peccatum
3610 3961 3702 4002 non
3727 3941 3835 3999 habet

2303 4033 2542 4104 Spiritus
2563 4077 2577 4102 ,
2611 4035 2758 4092 Deus
2787 4046 2889 4094 est.

2299 4143 2330 4192 ι·
2373 4126 2500 4183 156.
2529 4126 2638 4184 Sed
2670 4130 2947 4201 quomodo
2987 4147 3118 4190 reus
3164 4144 3349 4207 potest
3384 4152 3514 4194 esse
3541 4134 3748 4208 peccati,
3776 4129 3833 4199 qui

2300 4220 2466 4277 donat
2487 4224 2604 4293 ipse
2623 4226 2873 4294 peccata?
2897 4224 3046 4298 Ergo
3069 4238 3355 4298 peccatum
3379 4246 3490 4286 non
3516 4230 3668 4288 fecit:
3693 4223 3832 4295 etqui:

2299 4321 2418 4377 sine
2442 4330 2666 4392 peccato
2692 4331 2805 4393 est,
2830 4333 3086 4381 creatura
3113 4341 3221 4383 non
3252 4337 3358 4384 est.
3378 4329 3573 4386 Omnis
3591 4328 3716 4385 enim
3734 4337 3834 4377 τιτθί’
3924 4335 3925 4393 ξ

2299 4421 2418 4468 tura
2453 4423 2803 4484 peccatorum
2834 4419 3124 4488 capacitati
3147 4421 3390 4477 obnoxia
3424 4431 3550 4481 est:
3577 4421 3684 4478 sola
3708 4425 3832 4473 autem

2299 4516 2382 4564 est
2409 4523 2439 4562 a
2467 4517 2694 4578 peccato
2722 4508 2980 4567 immunis
3003 4521 3059 4569 et
3084 4511 3442 4572 immaculata
3462 4517 3761 4588 sempiterna
3780 4507 3834 4561 di-

2220 4577 2275 4639 Ῑ)
2300 4577 2519 4656 vinitas.

2370 4693 2494 4748 157.
2537 4692 2690 4750 Nunc
2717 4694 3005 4754 videamus
3033 4705 3214 4755 utrum
3244 4712 3482 4772 peccata
3523 4702 3680 4760 donet
3714 4693 3835 4766 Spiris

2298 4794 2406 4841 tus.
2436 4784 2545 4842 Sed
2576 4785 2666 4841 hic
2695 4787 2934 4844 dubitari
2964 4804 3070 4846 non
3098 4799 3313 4862 potest,
3343 4809 3473 4850 cum
3503 4795 3620 4863 ipse
3642 4788 3834 4847 Dominus

2294 4877 2530 4933 dixerit:
2564 4878 2794 4953 Accipite
2831 4881 3087 4954 Spiritum
3127 4897 3403 4943 sanctum:
3446 4905 3659 4961 quorum
3691 4883 3838 4940 restiu-

2292 4969 2408 5024 ritis
2457 4982 2701 5042 peccata,
2750 4976 2968 5032 remissa
3006 4988 3158 5034 erunt
3201 4978 3404 5051 (Joan.
3448 4997 3560 5051 xx,
3594 4979 3711 5048 22).
3740 4975 3836 5030 Εεῦε

2368 5097 2392 5124 ο
2423 5086 2828 5173 0mne_s.edit.,
2878 5095 3058 5173 itaque
3099 5113 3250 5154 nemo
3292 5111 3396 5173 est,
3447 5103 3739 5173 quianam
3767 5093 3841 5147 εἰπε

2293 5170 2524 5228 peccato,
2550 5162 2671 5235 nisi,
2695 5171 2825 5231 etc.,
2847 5179 2913 5220 ex
2943 5162 3143 5235 quibus
3166 5172 3347 5227 verbis
3371 5162 3618 5228 nonnulli
3644 5182 3752 5225 mss.
3776 5177 3838 5217 ex-

2291 5238 2502 5296 terunt,
2534 5233 2658 5314 quia
2686 5250 2834 5314 nemo
2861 5233 2974 5314 sine
3000 5251 3210 5314 peccato
3234 5259 3253 5298 :
3280 5243 3482 5314 reliqui
3504 5247 3840 5314 amatum)!“

2294 5317 2537 5385 numero
2567 5311 2623 5358 et
2668 5309 3000 5385 antiquitate
3041 5313 3326 5370 nobiscum
3375 5309 3711 5385 faciunt._Et
3749 5318 3840 5385 salte

2292 5375 2457 5454 verba
2485 5373 2574 5428 illa
2595 5416 2609 5438 ,
2637 5377 2762 5454 quia
2784 5373 2933 5454 nemo
2954 5382 3066 5436 sine
3094 5396 3304 5453 peccato
3322 5426 3337 5453 ,
3372 5395 3484 5442 etc.
3509 5427 3528 5454 ,
3556 5375 3839 5440 videaturei-

2293 5445 2394 5524 tari
2433 5445 2719 5524 tamquam
2749 5448 2919 5518 ipsius
2950 5445 3252 5523 Scriptura;
3300 5445 3527 5524 textus,
3549 5467 3602 5512 et
3645 5457 3692 5511 in
3726 5463 3840 5524 sul"?

2295 5517 2496 5598 riorum
2537 5516 2721 5574 afferri
2743 5516 3167 5603 probationem.
3206 5527 3361 5603 cura
3385 5516 3573 5603 autém
3605 5516 3837 5603 secundum

2295 5587 2478 5666 apices
2500 5605 2611 5666 non
2619 5587 2854 5666 exstent
2877 5591 2932 5649 itt
2950 5595 3142 5652 Bibliis
3158 5639 3174 5664 ,
3198 5599 3465 5656 credibile
3491 5609 3575 5655 est
3600 5593 3838 5666 respexi?se

2295 5662 2376 5782 ῗιε
2394 5659 2573 5715 locum
2595 5661 2753 5718 illum
2782 5663 2936 5722 Matt.
2963 5659 3198 5737 x1x,i7’,
3224 5686 3375 5726 nemo
3405 5672 3574 5727 bonus
3601 5659 3707 5735 nisi,
3738 5662 3838 5719 εοιιε

2379 5745 2457 5782 us.

2379 5745 2457 5785 us.
