  <div class='ocr_page' id='page_1' title='image "/cluster/home/n/w/nwhite01/storage/ocr_20150623/16/hvd.32044015471998/410.png"; bbox 0 0 4014 6290; ppageno 0'>
   <div class='ocr_carea' id='block_1_1' title="bbox 204 307 310 363">
    <p class='ocr_par' dir='ltr' id='par_1_1' title="bbox 204 307 310 363">
     <span class='ocr_line' id='line_1_1' title="bbox 204 307 310 363; baseline -0.009 0"><span class='ocrx_word' id='word_1_1' title='bbox 204 307 310 363; x_wconf 88' lang='lat'><strong>809</strong></span> 
     </span>
    </p>
   </div>
   <div class='ocr_carea' id='block_1_2' title="bbox 1348 308 2356 367">
    <p class='ocr_par' dir='ltr' id='par_1_2' title="bbox 1348 308 2356 367">
     <span class='ocr_line' id='line_1_2' title="bbox 1348 308 2356 367; baseline 0.005 -6"><span class='ocrx_word' id='word_1_2' title='bbox 1348 308 1436 363; x_wconf 83' lang='lat' dir='ltr'><strong>DE</strong></span> <span class='ocrx_word' id='word_1_3' title='bbox 1478 308 1745 366; x_wconf 79' lang='lat' dir='ltr'><strong>SPIRITU</strong></span> <span class='ocrx_word' id='word_1_4' title='bbox 1786 308 2054 366; x_wconf 79' lang='lat' dir='ltr'><strong>SANCTO</strong></span> <span class='ocrx_word' id='word_1_5' title='bbox 2092 310 2223 365; x_wconf 87' lang='lat' dir='ltr'><strong>LIB.</strong></span> <span class='ocrx_word' id='word_1_6' title='bbox 2270 312 2356 367; x_wconf 93' lang='lat' dir='ltr'><strong>IIl.</strong></span> 
     </span>
    </p>
   </div>
   <div class='ocr_carea' id='block_1_3' title="bbox 3391 323 3498 380">
    <p class='ocr_par' dir='ltr' id='par_1_3' title="bbox 3391 323 3498 380">
     <span class='ocr_line' id='line_1_3' title="bbox 3391 323 3498 380; baseline 0.019 -2"><span class='ocrx_word' id='word_1_7' title='bbox 3391 323 3498 380; x_wconf 88' lang='lat' dir='ltr'><strong>8I0</strong></span> 
     </span>
    </p>
   </div>
   <div class='ocr_carea' id='block_1_4' title="bbox 197 422 3498 506">
    <p class='ocr_par' dir='ltr' id='par_1_4' title="bbox 197 422 3498 506">
     <span class='ocr_line' id='line_1_4' title="bbox 197 422 3498 506; baseline 0.005 -30"><span class='ocrx_word' id='word_1_8' title='bbox 197 422 321 493; x_wconf 86' lang='lat' dir='ltr'><strong>quia</strong></span> <span class='ocrx_word' id='word_1_9' title='bbox 354 437 451 492; x_wconf 88' lang='lat' dir='ltr'><strong>per</strong></span> <span class='ocrx_word' id='word_1_10' title='bbox 491 422 761 493; x_wconf 75' lang='lat' dir='ltr'><strong>Spiritum</strong></span> <span class='ocrx_word' id='word_1_11' title='bbox 801 434 1049 478; x_wconf 90' lang='lat' dir='ltr'><strong>sanctum</strong></span> <span class='ocrx_word' id='word_1_12' title='bbox 1088 431 1309 493; x_wconf 90' lang='lat' dir='ltr'><strong>peccata</strong></span> <span class='ocrx_word' id='word_1_13' title='bbox 1344 422 1638 480; x_wconf 76' lang='lat' dir='ltr'><strong>donantur.</strong></span> <span class='ocrx_word' id='word_1_14' title='bbox 1686 424 1796 480; x_wconf 84' lang='lat' dir='ltr'><strong>Ho-</strong></span> <span class='ocrx_word' id='word_1_15' title='bbox 1822 430 1873 490; x_wconf 82' lang='grc' dir='ltr'>Α</span> <span class='ocrx_word' id='word_1_16' title='bbox 1900 424 2037 479; x_wconf 83' lang='lat' dir='ltr'><strong>Filio</strong></span> <span class='ocrx_word' id='word_1_17' title='bbox 2062 426 2281 480; x_wconf 84' lang='lat' dir='ltr'><strong>servilia</strong></span> <span class='ocrx_word' id='word_1_18' title='bbox 2307 425 2470 482; x_wconf 91' lang='lat' dir='ltr'><strong>habet</strong></span> <span class='ocrx_word' id='word_1_19' title='bbox 2496 428 2735 498; x_wconf 81' lang='lat' dir='ltr'><strong>subjecta</strong></span> <span class='ocrx_word' id='word_1_20' title='bbox 2759 431 3061 500; x_wconf 89' lang='lat' dir='ltr'><strong>justorum;</strong></span> <span class='ocrx_word' id='word_1_21' title='bbox 3090 434 3214 505; x_wconf 85' lang='lat' dir='ltr'><strong>quia</strong></span> <span class='ocrx_word' id='word_1_22' title='bbox 3238 436 3498 506; x_wconf 91' lang='lat' dir='ltr'><strong>scriptum</strong></span> 
     </span>
    </p>
   </div>
   <div class='ocr_carea' id='block_1_5' title="bbox 195 514 1794 585">
    <p class='ocr_par' dir='ltr' id='par_1_5' title="bbox 195 514 1794 585">
     <span class='ocr_line' id='line_1_5' title="bbox 195 514 1794 585; baseline 0.002 -17"><span class='ocrx_word' id='word_1_23' title='bbox 195 515 373 571; x_wconf 87' lang='lat' dir='ltr'><strong>mines</strong></span> <span class='ocrx_word' id='word_1_24' title='bbox 391 524 573 569; x_wconf 90' lang='lat' dir='ltr'><strong>autem</strong></span> <span class='ocrx_word' id='word_1_25' title='bbox 594 515 647 570; x_wconf 90' lang='lat' dir='ltr'><strong>in</strong></span> <span class='ocrx_word' id='word_1_26' title='bbox 664 514 1043 571; x_wconf 80' lang='lat' dir='ltr'><strong>remissionem</strong></span> <span class='ocrx_word' id='word_1_27' title='bbox 1065 524 1407 585; x_wconf 73' lang='lat' dir='ltr'><strong>peccatorum</strong></span> <span class='ocrx_word' id='word_1_28' title='bbox 1432 515 1794 571; x_wconf 75' lang='lat' dir='ltr'><strong>ministerium</strong></span> 
     </span>
    </p>
   </div>
   <div class='ocr_carea' id='block_1_6' title="bbox 194 603 1798 676">
    <p class='ocr_par' dir='ltr' id='par_1_6' title="bbox 194 603 1798 676">
     <span class='ocr_line' id='line_1_6' title="bbox 194 603 1798 676; baseline 0 -15"><span class='ocrx_word' id='word_1_29' title='bbox 194 620 357 662; x_wconf 89' lang='lat' dir='ltr'><strong>suum</strong></span> <span class='ocrx_word' id='word_1_30' title='bbox 382 605 666 673; x_wconf 79' lang='lat' dir='ltr'><strong>exhibent,</strong></span> <span class='ocrx_word' id='word_1_31' title='bbox 686 621 797 661; x_wconf 93' lang='lat' dir='ltr'><strong>non</strong></span> <span class='ocrx_word' id='word_1_32' title='bbox 814 606 905 676; x_wconf 86' lang='lat' dir='ltr'><strong>jus</strong></span> <span class='ocrx_word' id='word_1_33' title='bbox 924 603 1628 675; x_wconf 59' lang='lat' dir='ltr'><strong>alicujnsMpotestatis</strong></span> <span class='ocrx_word' id='word_1_34' title='bbox 1649 620 1798 661; x_wconf 84' lang='lat' dir='ltr'><strong>exer-</strong></span> 
     </span>
    </p>
   </div>
   <div class='ocr_carea' id='block_1_7' title="bbox 195 697 1798 771">
    <p class='ocr_par' dir='ltr' id='par_1_7' title="bbox 195 697 1798 771">
     <span class='ocr_line' id='line_1_7' title="bbox 195 697 1798 771; baseline -0.001 -16"><span class='ocrx_word' id='word_1_35' title='bbox 195 708 341 755; x_wconf 86' lang='lat' dir='ltr'><strong>cent.</strong></span> <span class='ocrx_word' id='word_1_36' title='bbox 372 699 561 771; x_wconf 85' lang='lat' dir='ltr'><strong>Neque</strong></span> <span class='ocrx_word' id='word_1_37' title='bbox 582 700 727 755; x_wconf 87' lang='lat' dir='ltr'><strong>enim</strong></span> <span class='ocrx_word' id='word_1_38' title='bbox 747 698 801 754; x_wconf 94' lang='lat' dir='ltr'><strong>in</strong></span> <span class='ocrx_word' id='word_1_39' title='bbox 826 713 949 765; x_wconf 90' lang='lat' dir='ltr'><strong>suo,</strong></span> <span class='ocrx_word' id='word_1_40' title='bbox 976 698 1071 753; x_wconf 90' lang='lat' dir='ltr'><strong>sed</strong></span> <span class='ocrx_word' id='word_1_41' title='bbox 1095 698 1151 752; x_wconf 91' lang='lat' dir='ltr'><strong>in</strong></span> <span class='ocrx_word' id='word_1_42' title='bbox 1183 697 1355 752; x_wconf 84' lang='lat' dir='ltr'><strong>Patris</strong></span> <span class='ocrx_word' id='word_1_43' title='bbox 1374 707 1428 752; x_wconf 90' lang='lat' dir='ltr'><strong>et</strong></span> <span class='ocrx_word' id='word_1_44' title='bbox 1452 697 1572 753; x_wconf 84' lang='lat' dir='ltr'><strong>Filii</strong></span> <span class='ocrx_word' id='word_1_45' title='bbox 1595 706 1652 752; x_wconf 91' lang='lat' dir='ltr'><strong>et</strong></span> <span class='ocrx_word' id='word_1_46' title='bbox 1675 697 1798 768; x_wconf 91' lang='lat' dir='ltr'><strong>Spi-</strong></span> 
     </span>
    </p>
   </div>
   <div class='ocr_carea' id='block_1_8' title="bbox 196 792 1795 867">
    <p class='ocr_par' dir='ltr' id='par_1_8' title="bbox 196 792 1795 867">
     <span class='ocr_line' id='line_1_8' title="bbox 196 792 1795 867; baseline -0.001 -16"><span class='ocrx_word' id='word_1_47' title='bbox 196 797 335 851; x_wconf 84' lang='lat' dir='ltr'><strong>ritus</strong></span> <span class='ocrx_word' id='word_1_48' title='bbox 353 796 530 851; x_wconf 82' lang='lat' dir='ltr'><strong>sancti</strong></span> <span class='ocrx_word' id='word_1_49' title='bbox 554 796 775 851; x_wconf 91' lang='lat' dir='ltr'><strong>nomine</strong></span> <span class='ocrx_word' id='word_1_50' title='bbox 795 804 1017 865; x_wconf 89' lang='lat' dir='ltr'><strong>peccata</strong></span> <span class='ocrx_word' id='word_1_51' title='bbox 1032 794 1330 849; x_wconf 89' lang='lat' dir='ltr'><strong>dimittunt.</strong></span> <span class='ocrx_word' id='word_1_52' title='bbox 1356 792 1446 849; x_wconf 93' lang='lat' dir='ltr'><strong>Isti</strong></span> <span class='ocrx_word' id='word_1_53' title='bbox 1475 805 1688 867; x_wconf 88' lang='lat' dir='ltr'><strong>rogant,</strong></span> <span class='ocrx_word' id='word_1_54' title='bbox 1712 795 1795 850; x_wconf 87' lang='lat' dir='ltr'><strong>di-</strong></span> 
     </span>
    </p>
   </div>
   <div class='ocr_carea' id='block_1_9' title="bbox 196 885 1797 977">
    <p class='ocr_par' dir='ltr' id='par_1_9' title="bbox 196 885 1797 977">
     <span class='ocr_line' id='line_1_9' title="bbox 196 885 1797 977; baseline 0.001 -36"><span class='ocrx_word' id='word_1_55' title='bbox 196 890 397 945; x_wconf 87' lang='lat' dir='ltr'><strong>vinitas</strong></span> <span class='ocrx_word' id='word_1_56' title='bbox 420 888 630 955; x_wconf 89' lang='lat' dir='ltr'><strong>donat;</strong></span> <span class='ocrx_word' id='word_1_57' title='bbox 665 887 961 943; x_wconf 89' lang='lat' dir='ltr'><strong>humanum</strong></span> <span class='ocrx_word' id='word_1_58' title='bbox 989 886 1133 943; x_wconf 89' lang='lat' dir='ltr'><strong>enim</strong></span> <span class='ocrx_word' id='word_1_59' title='bbox 1163 885 1483 977; x_wconf 82' lang='lat' dir='ltr'><strong>obsequium</strong></span> <span class='ocrx_word' id='word_1_60' title='bbox 1504 926 1521 953; x_wconf 91' lang='lat'><strong>,</strong></span> <span class='ocrx_word' id='word_1_61' title='bbox 1560 886 1657 943; x_wconf 92' lang='lat' dir='ltr'><strong>sed</strong></span> <span class='ocrx_word' id='word_1_62' title='bbox 1678 902 1797 943; x_wconf 89' lang='lat' dir='ltr'><strong>mu-</strong></span> 
     </span>
    </p>
   </div>
   <div class='ocr_carea' id='block_1_10' title="bbox 198 977 1220 1053">
    <p class='ocr_par' dir='ltr' id='par_1_10' title="bbox 198 977 1220 1053">
     <span class='ocr_line' id='line_1_10' title="bbox 198 977 1220 1053; baseline -0.003 -16"><span class='ocrx_word' id='word_1_63' title='bbox 198 982 477 1038; x_wconf 85' lang='lat' dir='ltr'><strong>nificentia</strong></span> <span class='ocrx_word' id='word_1_64' title='bbox 510 996 764 1053; x_wconf 69' lang='lat' dir='ltr'><strong>supernae</strong></span> <span class='ocrx_word' id='word_1_65' title='bbox 790 990 875 1037; x_wconf 92' lang='lat' dir='ltr'><strong>est</strong></span> <span class='ocrx_word' id='word_1_66' title='bbox 913 977 1220 1052; x_wconf 83' lang='lat' dir='ltr'><strong>potestatis.</strong></span> 
     </span>
    </p>
   </div>
   <div class='ocr_carea' id='block_1_11' title="bbox 269 1071 1800 1144">
    <p class='ocr_par' dir='ltr' id='par_1_11' title="bbox 269 1071 1800 1144">
     <span class='ocr_line' id='line_1_11' title="bbox 269 1071 1800 1144; baseline 0 -14"><span class='ocrx_word' id='word_1_67' title='bbox 269 1075 399 1130; x_wconf 81' lang='grc'><strong>158.</strong></span> <span class='ocrx_word' id='word_1_68' title='bbox 418 1073 527 1130; x_wconf 89' lang='lat' dir='ltr'><strong>Per</strong></span> <span class='ocrx_word' id='word_1_69' title='bbox 542 1073 874 1144; x_wconf 74' lang='lat' dir='ltr'><strong>baptiSmutn</strong></span> <span class='ocrx_word' id='word_1_70' title='bbox 896 1086 1111 1143; x_wconf 88' lang='lat' dir='ltr'><strong>quoque</strong></span> <span class='ocrx_word' id='word_1_71' title='bbox 1130 1080 1352 1143; x_wconf 89' lang='lat' dir='ltr'><strong>peccata</strong></span> <span class='ocrx_word' id='word_1_72' title='bbox 1372 1071 1565 1128; x_wconf 91' lang='lat' dir='ltr'><strong>donari</strong></span> <span class='ocrx_word' id='word_1_73' title='bbox 1590 1087 1699 1129; x_wconf 94' lang='lat' dir='ltr'><strong>non</strong></span> <span class='ocrx_word' id='word_1_74' title='bbox 1714 1082 1800 1130; x_wconf 88' lang='lat' dir='ltr'><strong>est</strong></span> 
     </span>
    </p>
   </div>
   <div class='ocr_carea' id='block_1_12' title="bbox 194 1164 1800 1240">
    <p class='ocr_par' dir='ltr' id='par_1_12' title="bbox 194 1164 1800 1240">
     <span class='ocr_line' id='line_1_12' title="bbox 194 1164 1800 1240; baseline -0.002 -15"><span class='ocrx_word' id='word_1_75' title='bbox 194 1170 551 1240; x_wconf 83' lang='lat' dir='ltr'><strong>ambiguum:</strong></span> <span class='ocrx_word' id='word_1_76' title='bbox 599 1167 653 1222; x_wconf 94' lang='lat' dir='ltr'><strong>in</strong></span> <span class='ocrx_word' id='word_1_77' title='bbox 694 1165 966 1236; x_wconf 89' lang='lat' dir='ltr'><strong>baptismo</strong></span> <span class='ocrx_word' id='word_1_78' title='bbox 1004 1173 1187 1221; x_wconf 87' lang='lat' dir='ltr'><strong>autem</strong></span> <span class='ocrx_word' id='word_1_79' title='bbox 1226 1166 1475 1236; x_wconf 82' lang='lat' dir='ltr'><strong>operatio</strong></span> <span class='ocrx_word' id='word_1_80' title='bbox 1512 1164 1700 1221; x_wconf 90' lang='lat' dir='ltr'><strong>Patris</strong></span> <span class='ocrx_word' id='word_1_81' title='bbox 1742 1174 1800 1222; x_wconf 91' lang='lat' dir='ltr'><strong>et</strong></span> 
     </span>
    </p>
   </div>
   <div class='ocr_carea' id='block_1_13' title="bbox 196 1258 1800 1331">
    <p class='ocr_par' dir='ltr' id='par_1_13' title="bbox 196 1258 1800 1331">
     <span class='ocr_line' id='line_1_13' title="bbox 196 1258 1800 1331; baseline 0.001 -16"><span class='ocrx_word' id='word_1_82' title='bbox 196 1260 315 1315; x_wconf 84' lang='lat' dir='ltr'><strong>Filii</strong></span> <span class='ocrx_word' id='word_1_83' title='bbox 346 1269 402 1316; x_wconf 92' lang='lat' dir='ltr'><strong>et</strong></span> <span class='ocrx_word' id='word_1_84' title='bbox 429 1259 666 1331; x_wconf 91' lang='lat' dir='ltr'><strong>Spiritus</strong></span> <span class='ocrx_word' id='word_1_85' title='bbox 689 1260 865 1314; x_wconf 89' lang='lat' dir='ltr'><strong>sancti</strong></span> <span class='ocrx_word' id='word_1_86' title='bbox 895 1267 998 1314; x_wconf 90' lang='lat' dir='ltr'><strong>est.</strong></span> <span class='ocrx_word' id='word_1_87' title='bbox 1026 1258 1168 1328; x_wconf 83' lang='lat' dir='ltr'><strong>Ergo</strong></span> <span class='ocrx_word' id='word_1_88' title='bbox 1190 1258 1239 1314; x_wconf 90' lang='lat' dir='ltr'><strong>si</strong></span> <span class='ocrx_word' id='word_1_89' title='bbox 1267 1269 1293 1299; x_wconf 73' lang='grc' dir='ltr'>α</span> <span class='ocrx_word' id='word_1_90' title='bbox 1316 1266 1599 1329; x_wconf 92' lang='lat' dir='ltr'><strong>peccatum</strong></span> <span class='ocrx_word' id='word_1_91' title='bbox 1631 1261 1800 1316; x_wconf 90' lang='lat' dir='ltr'><strong>donat</strong></span> 
     </span>
    </p>
   </div>
   <div class='ocr_carea' id='block_1_14' title="bbox 192 1354 1800 1427">
    <p class='ocr_par' dir='ltr' id='par_1_14' title="bbox 192 1354 1800 1427">
     <span class='ocr_line' id='line_1_14' title="bbox 192 1354 1800 1427; baseline -0.001 -14"><span class='ocrx_word' id='word_1_92' title='bbox 192 1356 431 1425; x_wconf 79' lang='lat' dir='ltr'><strong>Spiritus</strong></span> <span class='ocrx_word' id='word_1_93' title='bbox 455 1397 472 1422; x_wconf 95' lang='lat'><strong>,</strong></span> <span class='ocrx_word' id='word_1_94' title='bbox 522 1371 646 1411; x_wconf 92' lang='lat' dir='ltr'><strong>cum</strong></span> <span class='ocrx_word' id='word_1_95' title='bbox 686 1354 951 1424; x_wconf 90' lang='lat' dir='ltr'><strong>scriptum</strong></span> <span class='ocrx_word' id='word_1_96' title='bbox 997 1354 1069 1410; x_wconf 91' lang='lat' dir='ltr'><strong>sit</strong></span> <span class='ocrx_word' id='word_1_97' title='bbox 1102 1372 1117 1408; x_wconf 90' lang='lat'><strong>:</strong></span> <span class='ocrx_word' id='word_1_98' title='bbox 1164 1354 1291 1423; x_wconf 86' lang='lat' dir='ltr'><strong>Quis</strong></span> <span class='ocrx_word' id='word_1_99' title='bbox 1338 1364 1503 1427; x_wconf 85' lang='lat' dir='ltr'><strong>potest</strong></span> <span class='ocrx_word' id='word_1_100' title='bbox 1543 1356 1800 1411; x_wconf 78' lang='lat' dir='ltr'><strong>dimittere</strong></span> 
     </span>
    </p>
   </div>
   <div class='ocr_carea' id='block_1_15' title="bbox 194 1445 1798 1521">
    <p class='ocr_par' dir='ltr' id='par_1_15' title="bbox 194 1445 1798 1521">
     <span class='ocr_line' id='line_1_15' title="bbox 194 1445 1798 1521; baseline 0.002 -18"><span class='ocrx_word' id='word_1_101' title='bbox 194 1458 439 1518; x_wconf 89' lang='lat' dir='ltr'><strong>peccata,</strong></span> <span class='ocrx_word' id='word_1_102' title='bbox 466 1448 571 1502; x_wconf 87' lang='lat' dir='ltr'><strong>nisi</strong></span> <span class='ocrx_word' id='word_1_103' title='bbox 616 1463 751 1502; x_wconf 83' lang='lat' dir='ltr'><strong>unus</strong></span> <span class='ocrx_word' id='word_1_104' title='bbox 799 1445 941 1501; x_wconf 90' lang='lat' dir='ltr'><strong>Deus</strong></span> <span class='ocrx_word' id='word_1_105' title='bbox 990 1445 1201 1518; x_wconf 82' lang='lat' dir='ltr'><strong>(Marc.</strong></span> <span class='ocrx_word' id='word_1_106' title='bbox 1233 1462 1303 1512; x_wconf 86' lang='lat' dir='ltr'><strong>tt,</strong></span> <span class='ocrx_word' id='word_1_107' title='bbox 1340 1449 1437 1520; x_wconf 88' lang='lat'><strong>7);</strong></span> <span class='ocrx_word' id='word_1_108' title='bbox 1468 1450 1654 1521; x_wconf 89' lang='lat' dir='ltr'><strong>utique</strong></span> <span class='ocrx_word' id='word_1_109' title='bbox 1706 1450 1798 1521; x_wconf 88' lang='lat' dir='ltr'><strong>qni</strong></span> 
     </span>
    </p>
   </div>
   <div class='ocr_carea' id='block_1_16' title="bbox 194 1541 1796 1615">
    <p class='ocr_par' dir='ltr' id='par_1_16' title="bbox 194 1541 1796 1615">
     <span class='ocr_line' id='line_1_16' title="bbox 194 1541 1796 1615; baseline 0 -16"><span class='ocrx_word' id='word_1_110' title='bbox 194 1559 305 1599; x_wconf 88' lang='lat' dir='ltr'><strong>non</strong></span> <span class='ocrx_word' id='word_1_111' title='bbox 345 1551 529 1615; x_wconf 84' lang='lat' dir='ltr'><strong>potest</strong></span> <span class='ocrx_word' id='word_1_112' title='bbox 567 1542 637 1598; x_wconf 92' lang='lat' dir='ltr'><strong>ab</strong></span> <span class='ocrx_word' id='word_1_113' title='bbox 679 1541 885 1597; x_wconf 92' lang='lat' dir='ltr'><strong>unitate</strong></span> <span class='ocrx_word' id='word_1_114' title='bbox 933 1542 1197 1598; x_wconf 86' lang='lat' dir='ltr'><strong>naturalis</strong></span> <span class='ocrx_word' id='word_1_115' title='bbox 1246 1544 1489 1600; x_wconf 86' lang='lat' dir='ltr'><strong>nominis</strong></span> <span class='ocrx_word' id='word_1_116' title='bbox 1532 1544 1796 1615; x_wconf 88' lang='lat' dir='ltr'><strong>separari,</strong></span> 
     </span>
    </p>
   </div>
   <div class='ocr_carea' id='block_1_17' title="bbox 193 1635 1797 1707">
    <p class='ocr_par' dir='ltr' id='par_1_17' title="bbox 193 1635 1797 1707">
     <span class='ocr_line' id='line_1_17' title="bbox 193 1635 1797 1707; baseline 0.001 -15"><span class='ocrx_word' id='word_1_117' title='bbox 193 1652 303 1693; x_wconf 94' lang='lat' dir='ltr'><strong>non</strong></span> <span class='ocrx_word' id='word_1_118' title='bbox 337 1646 520 1706; x_wconf 90' lang='lat' dir='ltr'><strong>potest</strong></span> <span class='ocrx_word' id='word_1_119' title='bbox 541 1637 707 1692; x_wconf 89' lang='lat' dir='ltr'><strong>etiam</strong></span> <span class='ocrx_word' id='word_1_120' title='bbox 731 1650 759 1689; x_wconf 90' lang='lat' dir='ltr'><strong>a</strong></span> <span class='ocrx_word' id='word_1_121' title='bbox 793 1635 889 1691; x_wconf 88' lang='lat' dir='ltr'><strong>Dei</strong></span> <span class='ocrx_word' id='word_1_122' title='bbox 918 1645 1190 1707; x_wconf 87' lang='lat' dir='ltr'><strong>potestate</strong></span> <span class='ocrx_word' id='word_1_123' title='bbox 1214 1638 1448 1693; x_wconf 89' lang='lat' dir='ltr'><strong>secerni.</strong></span> <span class='ocrx_word' id='word_1_124' title='bbox 1478 1636 1535 1693; x_wconf 93' lang='lat' dir='ltr'><strong>Si</strong></span> <span class='ocrx_word' id='word_1_125' title='bbox 1561 1648 1743 1693; x_wconf 90' lang='lat' dir='ltr'><strong>autem</strong></span> <span class='ocrx_word' id='word_1_126' title='bbox 1767 1652 1797 1694; x_wconf 93' lang='lat' dir='ltr'><strong>a</strong></span> 
     </span>
    </p>
   </div>
   <div class='ocr_carea' id='block_1_18' title="bbox 84 1728 1799 1811">
    <p class='ocr_par' dir='ltr' id='par_1_18' title="bbox 84 1728 1799 1811">
     <span class='ocr_line' id='line_1_18' title="bbox 84 1728 1799 1811; baseline 0.001 -25"><span class='ocrx_word' id='word_1_127' title='bbox 84 1802 99 1811; x_wconf 21' lang='grc' dir='ltr'><strong>ᾖ</strong></span> <span class='ocrx_word' id='word_1_128' title='bbox 194 1731 292 1786; x_wconf 85' lang='lat' dir='ltr'><strong>Dei</strong></span> <span class='ocrx_word' id='word_1_129' title='bbox 326 1745 433 1784; x_wconf 93' lang='lat' dir='ltr'><strong>non</strong></span> <span class='ocrx_word' id='word_1_130' title='bbox 464 1728 772 1786; x_wconf 88' lang='lat' dir='ltr'><strong>secernitur</strong></span> <span class='ocrx_word' id='word_1_131' title='bbox 799 1738 1097 1801; x_wconf 88' lang='lat' dir='ltr'><strong>potestate,</strong></span> <span class='ocrx_word' id='word_1_132' title='bbox 1125 1730 1399 1802; x_wconf 89' lang='lat' dir='ltr'><strong>quomodo</strong></span> <span class='ocrx_word' id='word_1_133' title='bbox 1428 1748 1457 1787; x_wconf 90' lang='lat' dir='ltr'><strong>a</strong></span> <span class='ocrx_word' id='word_1_134' title='bbox 1487 1731 1585 1787; x_wconf 89' lang='lat' dir='ltr'><strong>Dei</strong></span> <span class='ocrx_word' id='word_1_135' title='bbox 1612 1732 1799 1803; x_wconf 85' lang='lat' dir='ltr'><strong>appel-</strong></span> 
     </span>
    </p>
   </div>
   <div class='ocr_carea' id='block_1_19' title="bbox 191 1821 766 1879">
    <p class='ocr_par' dir='ltr' id='par_1_19' title="bbox 191 1821 766 1879">
     <span class='ocr_line' id='line_1_19' title="bbox 191 1821 766 1879; baseline -0.005 0"><span class='ocrx_word' id='word_1_136' title='bbox 191 1823 403 1879; x_wconf 88' lang='lat' dir='ltr'><strong>latione</strong></span> <span class='ocrx_word' id='word_1_137' title='bbox 424 1821 766 1879; x_wconf 82' lang='lat' dir='ltr'><strong>secernitur?</strong></span> 
     </span>
    </p>
   </div>
   <div class='ocr_carea' id='block_1_20' title="bbox 268 1914 1793 1980">
    <p class='ocr_par' dir='ltr' id='par_1_20' title="bbox 268 1914 1793 1980">
     <span class='ocr_line' id='line_1_20' title="bbox 268 1914 1793 1980; baseline 0 -10"><span class='ocrx_word' id='word_1_138' title='bbox 268 1916 391 1972; x_wconf 78' lang='lat' dir='ltr'><strong>I59.</strong></span> <span class='ocrx_word' id='word_1_139' title='bbox 451 1914 747 1970; x_wconf 82' lang='lat' dir='ltr'><strong>Videamus</strong></span> <span class='ocrx_word' id='word_1_140' title='bbox 803 1930 947 1970; x_wconf 91' lang='lat' dir='ltr'><strong>nunc</strong></span> <span class='ocrx_word' id='word_1_141' title='bbox 1014 1923 1195 1971; x_wconf 93' lang='lat' dir='ltr'><strong>utrum</strong></span> <span class='ocrx_word' id='word_1_142' title='bbox 1251 1924 1503 1971; x_wconf 89' lang='lat' dir='ltr'><strong>creatura</strong></span> <span class='ocrx_word' id='word_1_143' title='bbox 1558 1914 1670 1980; x_wconf 90' lang='lat' dir='ltr'><strong>sit,</strong></span> <span class='ocrx_word' id='word_1_144' title='bbox 1726 1930 1793 1970; x_wconf 90' lang='lat' dir='ltr'><strong>an</strong></span> 
     </span>
    </p>
   </div>
   <div class='ocr_carea' id='block_1_21' title="bbox 188 2007 1795 2081">
    <p class='ocr_par' dir='ltr' id='par_1_21' title="bbox 188 2007 1795 2081">
     <span class='ocr_line' id='line_1_21' title="bbox 188 2007 1795 2081; baseline -0.001 -16"><span class='ocrx_word' id='word_1_145' title='bbox 188 2010 444 2066; x_wconf 80' lang='lat' dir='ltr'><strong>creator?</strong></span> <span class='ocrx_word' id='word_1_146' title='bbox 470 2008 577 2066; x_wconf 91' lang='lat' dir='ltr'><strong>Sed</strong></span> <span class='ocrx_word' id='word_1_147' title='bbox 600 2023 723 2063; x_wconf 92' lang='lat' dir='ltr'><strong>cum</strong></span> <span class='ocrx_word' id='word_1_148' title='bbox 744 2022 909 2078; x_wconf 90' lang='lat' dir='ltr'><strong>supra</strong></span> <span class='ocrx_word' id='word_1_149' title='bbox 933 2007 1074 2080; x_wconf 85' lang='lat' dir='ltr'><strong>(Lib.</strong></span> <span class='ocrx_word' id='word_1_150' title='bbox 1098 2024 1159 2078; x_wconf 90' lang='grc' dir='ltr'><em>ιι,</em></span> <span class='ocrx_word' id='word_1_151' title='bbox 1186 2024 1301 2081; x_wconf 87' lang='lat' dir='ltr'><strong>cap.</strong></span> <span class='ocrx_word' id='word_1_152' title='bbox 1324 2009 1379 2075; x_wconf 86' lang='lat'><strong>5,</strong></span> <span class='ocrx_word' id='word_1_153' title='bbox 1407 2008 1462 2080; x_wconf 88' lang='lat'><strong>6)</strong></span> <span class='ocrx_word' id='word_1_154' title='bbox 1487 2016 1795 2063; x_wconf 87' lang='lat' dir='ltr'><strong>creatorem</strong></span> 
     </span>
    </p>
   </div>
   <div class='ocr_carea' id='block_1_22' title="bbox 188 2102 1797 2173">
    <p class='ocr_par' dir='ltr' id='par_1_22' title="bbox 188 2102 1797 2173">
     <span class='ocr_line' id='line_1_22' title="bbox 188 2102 1797 2173; baseline -0.002 -15"><span class='ocrx_word' id='word_1_155' title='bbox 188 2102 603 2159; x_wconf 77' lang='lat' dir='ltr'><strong>evidentissima</strong></span> <span class='ocrx_word' id='word_1_156' title='bbox 624 2102 1038 2173; x_wconf 87' lang='lat' dir='ltr'><strong>probaverimus</strong></span> <span class='ocrx_word' id='word_1_157' title='bbox 1055 2144 1070 2168; x_wconf 92' lang='lat'><strong>,</strong></span> <span class='ocrx_word' id='word_1_158' title='bbox 1092 2102 1216 2173; x_wconf 89' lang='lat' dir='ltr'><strong>quia</strong></span> <span class='ocrx_word' id='word_1_159' title='bbox 1239 2103 1503 2173; x_wconf 87' lang='lat' dir='ltr'><strong>scriptum</strong></span> <span class='ocrx_word' id='word_1_160' title='bbox 1526 2112 1610 2158; x_wconf 90' lang='lat' dir='ltr'><strong>est</strong></span> <span class='ocrx_word' id='word_1_161' title='bbox 1634 2118 1648 2157; x_wconf 93' lang='lat'><strong>:</strong></span> <span class='ocrx_word' id='word_1_162' title='bbox 1674 2102 1797 2173; x_wconf 87' lang='lat' dir='ltr'><strong>Spi-</strong></span> 
     </span>
    </p>
   </div>
   <div class='ocr_carea' id='block_1_23' title="bbox 186 2189 1797 2269">
    <p class='ocr_par' dir='ltr' id='par_1_23' title="bbox 186 2189 1797 2269">
     <span class='ocr_line' id='line_1_23' title="bbox 186 2189 1797 2269; baseline -0.001 -18"><span class='ocrx_word' id='word_1_163' title='bbox 186 2199 325 2251; x_wconf 83' lang='lat' dir='ltr'><strong>ritus</strong></span> <span class='ocrx_word' id='word_1_164' title='bbox 366 2198 569 2252; x_wconf 85' lang='lat' dir='ltr'><strong>divinus</strong></span> <span class='ocrx_word' id='word_1_165' title='bbox 598 2198 686 2268; x_wconf 91' lang='lat' dir='ltr'><strong>qui</strong></span> <span class='ocrx_word' id='word_1_166' title='bbox 714 2198 833 2269; x_wconf 74' lang='lat' dir='ltr'><strong>fecit</strong></span> <span class='ocrx_word' id='word_1_167' title='bbox 864 2213 941 2251; x_wconf 88' lang='lat' dir='ltr'><strong>me</strong></span> <span class='ocrx_word' id='word_1_168' title='bbox 996 2189 1143 2267; x_wconf 83' lang='lat' dir='ltr'><strong>(Job.</strong></span> <span class='ocrx_word' id='word_1_169' title='bbox 1174 2211 1365 2264; x_wconf 82' lang='lat' dir='ltr'><strong>xxxut,</strong></span> <span class='ocrx_word' id='word_1_170' title='bbox 1403 2195 1470 2267; x_wconf 90' lang='grc'><strong>4)</strong></span> <span class='ocrx_word' id='word_1_171' title='bbox 1496 2213 1512 2248; x_wconf 96' lang='lat'><strong>:</strong></span> <span class='ocrx_word' id='word_1_172' title='bbox 1540 2204 1596 2251; x_wconf 90' lang='lat' dir='ltr'><strong>et</strong></span> <span class='ocrx_word' id='word_1_173' title='bbox 1639 2194 1797 2250; x_wconf 82' lang='lat' dir='ltr'><strong>inno-</strong></span> 
     </span>
    </p>
   </div>
   <div class='ocr_carea' id='block_1_24' title="bbox 189 2287 1799 2363">
    <p class='ocr_par' dir='ltr' id='par_1_24' title="bbox 189 2287 1799 2363">
     <span class='ocr_line' id='line_1_24' title="bbox 189 2287 1799 2363; baseline -0.001 -18"><span class='ocrx_word' id='word_1_174' title='bbox 189 2293 307 2347; x_wconf 86' lang='lat' dir='ltr'><strong>vari</strong></span> <span class='ocrx_word' id='word_1_175' title='bbox 345 2292 538 2347; x_wconf 88' lang='lat' dir='ltr'><strong>faciem</strong></span> <span class='ocrx_word' id='word_1_176' title='bbox 584 2302 745 2348; x_wconf 72' lang='lat' dir='ltr'><strong>terra:</strong></span> <span class='ocrx_word' id='word_1_177' title='bbox 782 2306 879 2363; x_wconf 88' lang='lat' dir='ltr'><strong>per</strong></span> <span class='ocrx_word' id='word_1_178' title='bbox 910 2291 1175 2361; x_wconf 91' lang='lat' dir='ltr'><strong>Spiritum</strong></span> <span class='ocrx_word' id='word_1_179' title='bbox 1204 2289 1387 2360; x_wconf 88' lang='lat' dir='ltr'><strong>(Psal.</strong></span> <span class='ocrx_word' id='word_1_180' title='bbox 1435 2304 1548 2355; x_wconf 87' lang='lat' dir='ltr'><strong>cm,</strong></span> <span class='ocrx_word' id='word_1_181' title='bbox 1580 2287 1709 2359; x_wconf 82' lang='grc'><strong>50),</strong></span> <span class='ocrx_word' id='word_1_182' title='bbox 1743 2296 1799 2344; x_wconf 90' lang='grc' dir='ltr'><strong>ει</strong></span> 
     </span>
    </p>
   </div>
   <div class='ocr_carea' id='block_1_25' title="bbox 184 2382 1799 2454">
    <p class='ocr_par' dir='ltr' id='par_1_25' title="bbox 184 2382 1799 2454">
     <span class='ocr_line' id='line_1_25' title="bbox 184 2382 1799 2454; baseline -0.001 -15"><span class='ocrx_word' id='word_1_183' title='bbox 184 2386 311 2440; x_wconf 87' lang='lat' dir='ltr'><strong>sine</strong></span> <span class='ocrx_word' id='word_1_184' title='bbox 334 2383 539 2454; x_wconf 90' lang='lat' dir='ltr'><strong>Spiritu</strong></span> <span class='ocrx_word' id='word_1_185' title='bbox 584 2382 840 2440; x_wconf 80' lang='lat' dir='ltr'><strong>fatiscere</strong></span> <span class='ocrx_word' id='word_1_186' title='bbox 865 2383 1047 2438; x_wconf 91' lang='lat' dir='ltr'><strong>omnia</strong></span> <span class='ocrx_word' id='word_1_187' title='bbox 1078 2382 1415 2438; x_wconf 83' lang='lat' dir='ltr'><strong>declaratum</strong></span> <span class='ocrx_word' id='word_1_188' title='bbox 1439 2382 1541 2449; x_wconf 87' lang='lat' dir='ltr'><strong>sit;</strong></span> <span class='ocrx_word' id='word_1_189' title='bbox 1572 2388 1799 2452; x_wconf 86' lang='lat' dir='ltr'><strong>apparet</strong></span> 
     </span>
    </p>
   </div>
   <div class='ocr_carea' id='block_1_26' title="bbox 186 2473 1794 2546">
    <p class='ocr_par' dir='ltr' id='par_1_26' title="bbox 186 2473 1794 2546">
     <span class='ocr_line' id='line_1_26' title="bbox 186 2473 1794 2546; baseline -0.002 -14"><span class='ocrx_word' id='word_1_190' title='bbox 186 2475 459 2546; x_wconf 89' lang='lat' dir='ltr'><strong>Spiritum</strong></span> <span class='ocrx_word' id='word_1_191' title='bbox 509 2490 631 2532; x_wconf 89' lang='lat' dir='ltr'><strong>esse</strong></span> <span class='ocrx_word' id='word_1_192' title='bbox 677 2483 1004 2532; x_wconf 85' lang='lat' dir='ltr'><strong>creatorem.</strong></span> <span class='ocrx_word' id='word_1_193' title='bbox 1058 2474 1165 2531; x_wconf 88' lang='lat' dir='ltr'><strong>Sed</strong></span> <span class='ocrx_word' id='word_1_194' title='bbox 1216 2475 1339 2545; x_wconf 90' lang='lat' dir='ltr'><strong>quis</strong></span> <span class='ocrx_word' id='word_1_195' title='bbox 1389 2474 1493 2529; x_wconf 87' lang='lat' dir='ltr'><strong>hoc</strong></span> <span class='ocrx_word' id='word_1_196' title='bbox 1542 2473 1794 2539; x_wconf 86' lang='lat' dir='ltr'><strong>dubitet,</strong></span> 
     </span>
    </p>
   </div>
   <div class='ocr_carea' id='block_1_27' title="bbox 188 2566 1795 2640">
    <p class='ocr_par' dir='ltr' id='par_1_27' title="bbox 188 2566 1795 2640">
     <span class='ocr_line' id='line_1_27' title="bbox 188 2566 1795 2640; baseline -0.002 -16"><span class='ocrx_word' id='word_1_197' title='bbox 188 2568 435 2640; x_wconf 89' lang='lat' dir='ltr'><strong>quando,</strong></span> <span class='ocrx_word' id='word_1_198' title='bbox 464 2568 605 2625; x_wconf 84' lang='lat' dir='ltr'><strong>sicut</strong></span> <span class='ocrx_word' id='word_1_199' title='bbox 631 2582 797 2639; x_wconf 90' lang='lat' dir='ltr'><strong>supra</strong></span> <span class='ocrx_word' id='word_1_200' title='bbox 842 2567 1213 2635; x_wconf 88' lang='lat' dir='ltr'><strong>ostendimus,</strong></span> <span class='ocrx_word' id='word_1_201' title='bbox 1244 2582 1313 2622; x_wconf 90' lang='lat' dir='ltr'><strong>ne</strong></span> <span class='ocrx_word' id='word_1_202' title='bbox 1337 2567 1550 2624; x_wconf 89' lang='lat' dir='ltr'><strong>Domini</strong></span> <span class='ocrx_word' id='word_1_203' title='bbox 1578 2566 1795 2637; x_wconf 92' lang='lat' dir='ltr'><strong>quidem</strong></span> 
     </span>
    </p>
   </div>
   <div class='ocr_carea' id='block_1_28' title="bbox 187 2659 1797 2731">
    <p class='ocr_par' dir='ltr' id='par_1_28' title="bbox 187 2659 1797 2731">
     <span class='ocr_line' id='line_1_28' title="bbox 187 2659 1797 2731; baseline -0.001 -15"><span class='ocrx_word' id='word_1_204' title='bbox 187 2676 257 2717; x_wconf 85' lang='lat' dir='ltr'><strong>ex</strong></span> <span class='ocrx_word' id='word_1_205' title='bbox 309 2660 532 2729; x_wconf 85' lang='lat' dir='ltr'><strong>Virgine</strong></span> <span class='ocrx_word' id='word_1_206' title='bbox 590 2670 867 2729; x_wconf 89' lang='lat' dir='ltr'><strong>assumpta</strong></span> <span class='ocrx_word' id='word_1_207' title='bbox 916 2660 1223 2731; x_wconf 77' lang='lat' dir='ltr'><strong>generatio,</strong></span> <span class='ocrx_word' id='word_1_208' title='bbox 1276 2673 1401 2730; x_wconf 67' lang='lat' dir='ltr'><strong>quae</strong></span> <span class='ocrx_word' id='word_1_209' title='bbox 1450 2659 1797 2729; x_wconf 71' lang='lat' dir='ltr'><strong>priestantior</strong></span> 
     </span>
    </p>
   </div>
   <div class='ocr_carea' id='block_1_29' title="bbox 187 2751 1800 2824">
    <p class='ocr_par' dir='ltr' id='par_1_29' title="bbox 187 2751 1800 2824">
     <span class='ocr_line' id='line_1_29' title="bbox 187 2751 1800 2824; baseline 0.001 -17"><span class='ocrx_word' id='word_1_210' title='bbox 187 2752 447 2808; x_wconf 88' lang='lat' dir='ltr'><strong>omnibus</strong></span> <span class='ocrx_word' id='word_1_211' title='bbox 477 2754 745 2809; x_wconf 84' lang='lat' dir='ltr'><strong>creaturis</strong></span> <span class='ocrx_word' id='word_1_212' title='bbox 769 2761 883 2818; x_wconf 91' lang='lat' dir='ltr'><strong>est,</strong></span> <span class='ocrx_word' id='word_1_213' title='bbox 927 2751 1262 2823; x_wconf 89' lang='lat' dir='ltr'><strong>operationis</strong></span> <span class='ocrx_word' id='word_1_214' title='bbox 1290 2766 1487 2809; x_wconf 81' lang='lat' dir='ltr'><strong>exsors</strong></span> <span class='ocrx_word' id='word_1_215' title='bbox 1525 2752 1597 2808; x_wconf 89' lang='lat' dir='ltr'><strong>sit</strong></span> <span class='ocrx_word' id='word_1_216' title='bbox 1638 2752 1800 2824; x_wconf 89' lang='lat' dir='ltr'><strong>spiri-</strong></span> 
     </span>
    </p>
   </div>
   <div class='ocr_carea' id='block_1_30' title="bbox 189 2846 367 2901">
    <p class='ocr_par' dir='ltr' id='par_1_30' title="bbox 189 2846 367 2901">
     <span class='ocr_line' id='line_1_30' title="bbox 189 2846 367 2901; baseline 0 0"><span class='ocrx_word' id='word_1_217' title='bbox 189 2846 367 2901; x_wconf 80' lang='lat' dir='ltr'><strong>talis?</strong></span> 
     </span>
    </p>
   </div>
   <div class='ocr_carea' id='block_1_31' title="bbox 264 2938 1795 3011">
    <p class='ocr_par' dir='ltr' id='par_1_31' title="bbox 264 2938 1795 3011">
     <span class='ocr_line' id='line_1_31' title="bbox 264 2938 1795 3011; baseline 0 -16"><span class='ocrx_word' id='word_1_218' title='bbox 264 2939 391 2996; x_wconf 88' lang='grc'><strong>140.</strong></span> <span class='ocrx_word' id='word_1_219' title='bbox 424 2938 544 2996; x_wconf 84' lang='grc' dir='ltr'><strong>Νοιι</strong></span> <span class='ocrx_word' id='word_1_220' title='bbox 573 2954 704 3011; x_wconf 93' lang='lat' dir='ltr'><strong>ergo</strong></span> <span class='ocrx_word' id='word_1_221' title='bbox 723 2949 973 2997; x_wconf 84' lang='lat' dir='ltr'><strong>creatura</strong></span> <span class='ocrx_word' id='word_1_222' title='bbox 1003 2940 1270 3011; x_wconf 89' lang='lat' dir='ltr'><strong>Spiritus,</strong></span> <span class='ocrx_word' id='word_1_223' title='bbox 1298 2941 1395 2998; x_wconf 92' lang='lat' dir='ltr'><strong>sed</strong></span> <span class='ocrx_word' id='word_1_224' title='bbox 1419 2950 1638 2997; x_wconf 86' lang='lat' dir='ltr'><strong>creator</strong></span> <span class='ocrx_word' id='word_1_225' title='bbox 1668 2948 1754 2995; x_wconf 87' lang='lat' dir='ltr'><strong>est</strong></span> <span class='ocrx_word' id='word_1_226' title='bbox 1780 2957 1795 2995; x_wconf 90' lang='lat'><strong>:</strong></span> 
     </span>
    </p>
   </div>
   <div class='ocr_carea' id='block_1_32' title="bbox 188 3035 1796 3107">
    <p class='ocr_par' dir='ltr' id='par_1_32' title="bbox 188 3035 1796 3107">
     <span class='ocr_line' id='line_1_32' title="bbox 188 3035 1796 3107; baseline 0.001 -20"><span class='ocrx_word' id='word_1_227' title='bbox 188 3036 281 3106; x_wconf 89' lang='lat' dir='ltr'><strong>qni</strong></span> <span class='ocrx_word' id='word_1_228' title='bbox 308 3044 489 3091; x_wconf 89' lang='lat' dir='ltr'><strong>autem</strong></span> <span class='ocrx_word' id='word_1_229' title='bbox 513 3046 747 3102; x_wconf 88' lang='lat' dir='ltr'><strong>creator,</strong></span> <span class='ocrx_word' id='word_1_230' title='bbox 772 3050 880 3092; x_wconf 93' lang='lat' dir='ltr'><strong>non</strong></span> <span class='ocrx_word' id='word_1_231' title='bbox 897 3036 1083 3107; x_wconf 88' lang='lat' dir='ltr'><strong>utique</strong></span> <span class='ocrx_word' id='word_1_232' title='bbox 1102 3044 1372 3093; x_wconf 88' lang='lat' dir='ltr'><strong>creatura.</strong></span> <span class='ocrx_word' id='word_1_233' title='bbox 1398 3036 1466 3091; x_wconf 85' lang='lat' dir='ltr'><strong>Et</strong></span> <span class='ocrx_word' id='word_1_234' title='bbox 1493 3035 1620 3106; x_wconf 86' lang='lat' dir='ltr'><strong>quia</strong></span> <span class='ocrx_word' id='word_1_235' title='bbox 1643 3048 1796 3091; x_wconf 86' lang='lat' dir='ltr'><strong>crea-</strong></span> 
     </span>
    </p>
   </div>
   <div class='ocr_carea' id='block_1_33' title="bbox 189 3127 1801 3199">
    <p class='ocr_par' dir='ltr' id='par_1_33' title="bbox 189 3127 1801 3199">
     <span class='ocr_line' id='line_1_33' title="bbox 189 3127 1801 3199; baseline -0.001 -17"><span class='ocrx_word' id='word_1_236' title='bbox 189 3136 312 3182; x_wconf 88' lang='lat' dir='ltr'><strong>tura</strong></span> <span class='ocrx_word' id='word_1_237' title='bbox 340 3142 448 3183; x_wconf 92' lang='lat' dir='ltr'><strong>non</strong></span> <span class='ocrx_word' id='word_1_238' title='bbox 474 3137 589 3195; x_wconf 91' lang='lat' dir='ltr'><strong>est,</strong></span> <span class='ocrx_word' id='word_1_239' title='bbox 617 3128 738 3184; x_wconf 88' lang='lat' dir='ltr'><strong>sine</strong></span> <span class='ocrx_word' id='word_1_240' title='bbox 763 3128 932 3185; x_wconf 92' lang='lat' dir='ltr'><strong>dubio</strong></span> <span class='ocrx_word' id='word_1_241' title='bbox 960 3127 988 3167; x_wconf 71' lang='lat' dir='ltr'><strong>b</strong></span> <span class='ocrx_word' id='word_1_242' title='bbox 1017 3137 1239 3185; x_wconf 85' lang='lat' dir='ltr'><strong>creator</strong></span> <span class='ocrx_word' id='word_1_243' title='bbox 1263 3137 1351 3184; x_wconf 90' lang='lat' dir='ltr'><strong>est</strong></span> <span class='ocrx_word' id='word_1_244' title='bbox 1370 3168 1386 3195; x_wconf 96' lang='lat'><strong>,</strong></span> <span class='ocrx_word' id='word_1_245' title='bbox 1413 3128 1506 3199; x_wconf 92' lang='lat' dir='ltr'><strong>qui</strong></span> <span class='ocrx_word' id='word_1_246' title='bbox 1547 3127 1694 3183; x_wconf 88' lang='lat' dir='ltr'><strong>Patri</strong></span> <span class='ocrx_word' id='word_1_247' title='bbox 1745 3133 1801 3182; x_wconf 91' lang='lat' dir='ltr'><strong>et</strong></span> 
     </span>
    </p>
   </div>
   <div class='ocr_carea' id='block_1_34' title="bbox 187 3218 1799 3291">
    <p class='ocr_par' dir='ltr' id='par_1_34' title="bbox 187 3218 1799 3291">
     <span class='ocr_line' id='line_1_34' title="bbox 187 3218 1799 3291; baseline 0 -17"><span class='ocrx_word' id='word_1_248' title='bbox 187 3218 332 3275; x_wconf 90' lang='lat' dir='ltr'><strong>Filio</strong></span> <span class='ocrx_word' id='word_1_249' title='bbox 350 3229 673 3290; x_wconf 90' lang='lat' dir='ltr'><strong>cooperator</strong></span> <span class='ocrx_word' id='word_1_250' title='bbox 693 3230 774 3276; x_wconf 89' lang='lat' dir='ltr'><strong>est</strong></span> <span class='ocrx_word' id='word_1_251' title='bbox 793 3221 1057 3280; x_wconf 89' lang='lat' dir='ltr'><strong>omnium.</strong></span> <span class='ocrx_word' id='word_1_252' title='bbox 1081 3220 1138 3277; x_wconf 91' lang='lat' dir='ltr'><strong>Si</strong></span> <span class='ocrx_word' id='word_1_253' title='bbox 1160 3229 1341 3276; x_wconf 89' lang='lat' dir='ltr'><strong>autem</strong></span> <span class='ocrx_word' id='word_1_254' title='bbox 1359 3228 1591 3287; x_wconf 88' lang='lat' dir='ltr'><strong>creator,</strong></span> <span class='ocrx_word' id='word_1_255' title='bbox 1615 3219 1799 3291; x_wconf 84' lang='lat' dir='ltr'><strong>utique</strong></span> 
     </span>
    </p>
   </div>
   <div class='ocr_carea' id='block_1_35' title="bbox 186 3314 1794 3389">
    <p class='ocr_par' dir='ltr' id='par_1_35' title="bbox 186 3314 1794 3389">
     <span class='ocr_line' id='line_1_35' title="bbox 186 3314 1794 3389; baseline 0 -20"><span class='ocrx_word' id='word_1_256' title='bbox 186 3314 423 3371; x_wconf 89' lang='lat' dir='ltr'><strong>dicendo</strong></span> <span class='ocrx_word' id='word_1_257' title='bbox 451 3314 749 3387; x_wconf 85' lang='lat' dir='ltr'><strong>Apostolus</strong></span> <span class='ocrx_word' id='word_1_258' title='bbox 778 3316 833 3371; x_wconf 91' lang='lat' dir='ltr'><strong>in</strong></span> <span class='ocrx_word' id='word_1_259' title='bbox 876 3316 1392 3373; x_wconf 84' lang='lat' dir='ltr'><strong>condemnationem</strong></span> <span class='ocrx_word' id='word_1_260' title='bbox 1426 3314 1753 3389; x_wconf 81' lang='lat' dir='ltr'><strong>gentilitatis</strong></span> <span class='ocrx_word' id='word_1_261' title='bbox 1781 3333 1794 3369; x_wconf 91' lang='lat'><strong>:</strong></span> 
     </span>
    </p>
   </div>
   <div class='ocr_carea' id='block_1_36' title="bbox 192 3405 1799 3479">
    <p class='ocr_par' dir='ltr' id='par_1_36' title="bbox 192 3405 1799 3479">
     <span class='ocr_line' id='line_1_36' title="bbox 192 3405 1799 3479; baseline 0.002 -21"><span class='ocrx_word' id='word_1_262' title='bbox 192 3405 335 3473; x_wconf 84' lang='lat' dir='ltr'><strong>Quia</strong></span> <span class='ocrx_word' id='word_1_263' title='bbox 356 3405 639 3460; x_wconf 75' lang='lat' dir='ltr'><strong>servierunt</strong></span> <span class='ocrx_word' id='word_1_264' title='bbox 666 3417 916 3461; x_wconf 70' lang='lat' dir='ltr'><strong>creatum</strong></span> <span class='ocrx_word' id='word_1_265' title='bbox 929 3408 1101 3478; x_wconf 90' lang='lat' dir='ltr'><strong>potius</strong></span> <span class='ocrx_word' id='word_1_266' title='bbox 1130 3423 1286 3479; x_wconf 88' lang='lat' dir='ltr'><strong>quam</strong></span> <span class='ocrx_word' id='word_1_267' title='bbox 1313 3405 1551 3463; x_wconf 79' lang='lat' dir='ltr'><strong>Creatori</strong></span> <span class='ocrx_word' id='word_1_268' title='bbox 1576 3448 1591 3474; x_wconf 92' lang='lat'><strong>,</strong></span> <span class='ocrx_word' id='word_1_269' title='bbox 1612 3407 1699 3477; x_wconf 85' lang='lat' dir='ltr'><strong>qui</strong></span> <span class='ocrx_word' id='word_1_270' title='bbox 1725 3414 1799 3462; x_wconf 85' lang='lat' dir='ltr'><strong>est</strong></span> 
     </span>
    </p>
   </div>
   <div class='ocr_carea' id='block_1_37' title="bbox 186 3494 1797 3571">
    <p class='ocr_par' dir='ltr' id='par_1_37' title="bbox 186 3494 1797 3571">
     <span class='ocr_line' id='line_1_37' title="bbox 186 3494 1797 3571; baseline 0.002 -21"><span class='ocrx_word' id='word_1_271' title='bbox 186 3494 334 3552; x_wconf 87' lang='lat' dir='ltr'><strong>Deus</strong></span> <span class='ocrx_word' id='word_1_272' title='bbox 375 3497 671 3553; x_wconf 82' lang='lat' dir='ltr'><strong>benedictus</strong></span> <span class='ocrx_word' id='word_1_273' title='bbox 710 3498 764 3552; x_wconf 91' lang='lat' dir='ltr'><strong>in</strong></span> <span class='ocrx_word' id='word_1_274' title='bbox 810 3498 1215 3571; x_wconf 73' lang='lat' dir='ltr'><strong>sazcula(Rom.</strong></span> <span class='ocrx_word' id='word_1_275' title='bbox 1246 3515 1298 3565; x_wconf 87' lang='grc' dir='ltr'><em>ι,</em></span> <span class='ocrx_word' id='word_1_276' title='bbox 1324 3499 1426 3571; x_wconf 73' lang='grc'><strong>25)</strong></span> <span class='ocrx_word' id='word_1_277' title='bbox 1460 3516 1474 3552; x_wconf 89' lang='lat'><strong>:</strong></span> <span class='ocrx_word' id='word_1_278' title='bbox 1518 3497 1797 3555; x_wconf 89' lang='lat' dir='ltr'><strong>suadendo</strong></span> 
     </span>
    </p>
   </div>
   <div class='ocr_carea' id='block_1_38' title="bbox 182 3590 1795 3664">
    <p class='ocr_par' dir='ltr' id='par_1_38' title="bbox 182 3590 1795 3664">
     <span class='ocr_line' id='line_1_38' title="bbox 182 3590 1795 3664; baseline 0.001 -19"><span class='ocrx_word' id='word_1_279' title='bbox 182 3605 429 3661; x_wconf 89' lang='lat' dir='ltr'><strong>quoque,</strong></span> <span class='ocrx_word' id='word_1_280' title='bbox 454 3600 513 3645; x_wconf 91' lang='lat' dir='ltr'><strong>ut</strong></span> <span class='ocrx_word' id='word_1_281' title='bbox 541 3605 704 3661; x_wconf 89' lang='lat' dir='ltr'><strong>supra</strong></span> <span class='ocrx_word' id='word_1_282' title='bbox 730 3590 893 3664; x_wconf 91' lang='lat' dir='ltr'><strong>(Lib.</strong></span> <span class='ocrx_word' id='word_1_283' title='bbox 928 3607 997 3659; x_wconf 93' lang='grc' dir='ltr'><em>ιι,</em></span> <span class='ocrx_word' id='word_1_284' title='bbox 1023 3608 1141 3664; x_wconf 93' lang='lat' dir='ltr'><strong>cap.</strong></span> <span class='ocrx_word' id='word_1_285' title='bbox 1172 3592 1225 3657; x_wconf 85' lang='lat'><strong>5,</strong></span> <span class='ocrx_word' id='word_1_286' title='bbox 1253 3590 1323 3663; x_wconf 88' lang='lat'><strong>6)</strong></span> <span class='ocrx_word' id='word_1_287' title='bbox 1350 3592 1654 3657; x_wconf 89' lang='lat' dir='ltr'><strong>docuimus,</strong></span> <span class='ocrx_word' id='word_1_288' title='bbox 1678 3605 1795 3646; x_wconf 87' lang='lat' dir='ltr'><strong>ser-</strong></span> 
     </span>
    </p>
   </div>
   <div class='ocr_carea' id='block_1_39' title="bbox 182 3681 1790 3752">
    <p class='ocr_par' dir='ltr' id='par_1_39' title="bbox 182 3681 1790 3752">
     <span class='ocr_line' id='line_1_39' title="bbox 182 3681 1790 3752; baseline 0.001 -15"><span class='ocrx_word' id='word_1_289' title='bbox 182 3682 448 3738; x_wconf 87' lang='lat' dir='ltr'><strong>viendum</strong></span> <span class='ocrx_word' id='word_1_290' title='bbox 470 3697 595 3739; x_wconf 89' lang='lat' dir='ltr'><strong>esse</strong></span> <span class='ocrx_word' id='word_1_291' title='bbox 621 3681 852 3752; x_wconf 88' lang='lat' dir='ltr'><strong>Spiritui</strong></span> <span class='ocrx_word' id='word_1_292' title='bbox 872 3692 1092 3749; x_wconf 88' lang='lat' dir='ltr'><strong>sancto;</strong></span> <span class='ocrx_word' id='word_1_293' title='bbox 1120 3693 1176 3739; x_wconf 91' lang='lat' dir='ltr'><strong>et</strong></span> <span class='ocrx_word' id='word_1_294' title='bbox 1195 3693 1499 3740; x_wconf 87' lang='lat' dir='ltr'><strong>creatorem</strong></span> <span class='ocrx_word' id='word_1_295' title='bbox 1525 3682 1790 3751; x_wconf 88' lang='lat' dir='ltr'><strong>ostendit,</strong></span> 
     </span>
    </p>
   </div>
   <div class='ocr_carea' id='block_1_40' title="bbox 180 3774 1794 3849">
    <p class='ocr_par' dir='ltr' id='par_1_40' title="bbox 180 3774 1794 3849">
     <span class='ocr_line' id='line_1_40' title="bbox 180 3774 1794 3849; baseline 0 -17"><span class='ocrx_word' id='word_1_296' title='bbox 180 3784 240 3832; x_wconf 91' lang='lat' dir='ltr'><strong>et</strong></span> <span class='ocrx_word' id='word_1_297' title='bbox 270 3774 399 3846; x_wconf 88' lang='lat' dir='ltr'><strong>quia</strong></span> <span class='ocrx_word' id='word_1_298' title='bbox 434 3785 651 3833; x_wconf 90' lang='lat' dir='ltr'><strong>creator</strong></span> <span class='ocrx_word' id='word_1_299' title='bbox 679 3785 766 3833; x_wconf 88' lang='lat' dir='ltr'><strong>est</strong></span> <span class='ocrx_word' id='word_1_300' title='bbox 784 3776 977 3845; x_wconf 90' lang='lat' dir='ltr'><strong>,Deum</strong></span> <span class='ocrx_word' id='word_1_301' title='bbox 1007 3778 1271 3849; x_wconf 90' lang='lat' dir='ltr'><strong>appellari</strong></span> <span class='ocrx_word' id='word_1_302' title='bbox 1294 3778 1495 3835; x_wconf 88' lang='lat' dir='ltr'><strong>debere</strong></span> <span class='ocrx_word' id='word_1_303' title='bbox 1524 3786 1794 3835; x_wconf 86' lang='lat' dir='ltr'><strong>monstra-</strong></span> 
     </span>
    </p>
   </div>
   <div class='ocr_carea' id='block_1_41' title="bbox 180 3868 1791 3942">
    <p class='ocr_par' dir='ltr' id='par_1_41' title="bbox 180 3868 1791 3942">
     <span class='ocr_line' id='line_1_41' title="bbox 180 3868 1791 3942; baseline 0.002 -19"><span class='ocrx_word' id='word_1_304' title='bbox 180 3869 283 3924; x_wconf 89' lang='lat' dir='ltr'><strong>vit.</strong></span> <span class='ocrx_word' id='word_1_305' title='bbox 316 3868 473 3936; x_wconf 84' lang='lat' dir='ltr'><strong>Quod</strong></span> <span class='ocrx_word' id='word_1_306' title='bbox 517 3869 684 3925; x_wconf 90' lang='lat' dir='ltr'><strong>etiam</strong></span> <span class='ocrx_word' id='word_1_307' title='bbox 714 3870 768 3925; x_wconf 92' lang='lat' dir='ltr'><strong>in</strong></span> <span class='ocrx_word' id='word_1_308' title='bbox 799 3870 1028 3940; x_wconf 83' lang='lat' dir='ltr'><strong>epistola</strong></span> <span class='ocrx_word' id='word_1_309' title='bbox 1060 3886 1181 3941; x_wconf 68' lang='lat' dir='ltr'><strong>qua:</strong></span> <span class='ocrx_word' id='word_1_310' title='bbox 1205 3871 1272 3927; x_wconf 91' lang='lat' dir='ltr'><strong>ad</strong></span> <span class='ocrx_word' id='word_1_311' title='bbox 1303 3870 1563 3928; x_wconf 70' lang='lat' dir='ltr'><strong>Hebraeos</strong></span> <span class='ocrx_word' id='word_1_312' title='bbox 1590 3871 1791 3942; x_wconf 91' lang='lat' dir='ltr'><strong>scripta</strong></span> 
     </span>
    </p>
   </div>
   <div class='ocr_carea' id='block_1_42' title="bbox 178 3962 1794 4033">
    <p class='ocr_par' dir='ltr' id='par_1_42' title="bbox 178 3962 1794 4033">
     <span class='ocr_line' id='line_1_42' title="bbox 178 3962 1794 4033; baseline 0 -15"><span class='ocrx_word' id='word_1_313' title='bbox 178 3971 293 4028; x_wconf 74' lang='grc' dir='ltr'>εει,</span> <span class='ocrx_word' id='word_1_314' title='bbox 324 3962 738 4031; x_wconf 89' lang='lat' dir='ltr'><strong>comprehendit</strong></span> <span class='ocrx_word' id='word_1_315' title='bbox 776 3962 967 4020; x_wconf 88' lang='lat' dir='ltr'><strong>dicens</strong></span> <span class='ocrx_word' id='word_1_316' title='bbox 998 3979 1014 4019; x_wconf 90' lang='lat'><strong>:</strong></span> <span class='ocrx_word' id='word_1_317' title='bbox 1048 3964 1305 4030; x_wconf 81' lang='lat' dir='ltr'><strong>Quoniam</strong></span> <span class='ocrx_word' id='word_1_318' title='bbox 1332 3966 1421 4033; x_wconf 86' lang='lat' dir='ltr'><strong>qui</strong></span> <span class='ocrx_word' id='word_1_319' title='bbox 1449 3966 1623 4020; x_wconf 88' lang='lat' dir='ltr'><strong>omnia</strong></span> <span class='ocrx_word' id='word_1_320' title='bbox 1651 3981 1794 4019; x_wconf 81' lang='lat' dir='ltr'><strong>crea-</strong></span> 
     </span>
    </p>
   </div>
   <div class='ocr_carea' id='block_1_43' title="bbox 176 4055 1789 4129">
    <p class='ocr_par' dir='ltr' id='par_1_43' title="bbox 176 4055 1789 4129">
     <span class='ocr_line' id='line_1_43' title="bbox 176 4055 1789 4129; baseline 0.002 -18"><span class='ocrx_word' id='word_1_321' title='bbox 176 4059 284 4121; x_wconf 79' lang='lat' dir='ltr'><strong>vit,</strong></span> <span class='ocrx_word' id='word_1_322' title='bbox 314 4055 453 4111; x_wconf 85' lang='lat' dir='ltr'><strong>Deus</strong></span> <span class='ocrx_word' id='word_1_323' title='bbox 479 4066 553 4111; x_wconf 89' lang='lat' dir='ltr'><strong>est</strong></span> <span class='ocrx_word' id='word_1_324' title='bbox 581 4055 771 4129; x_wconf 85' lang='lat' dir='ltr'><strong>(Hebr.</strong></span> <span class='ocrx_word' id='word_1_325' title='bbox 799 4073 878 4122; x_wconf 91' lang='grc' dir='ltr'>ιιι,</span> <span class='ocrx_word' id='word_1_326' title='bbox 912 4055 993 4128; x_wconf 96' lang='grc'><strong>4).</strong></span> <span class='ocrx_word' id='word_1_327' title='bbox 1023 4058 1131 4113; x_wconf 85' lang='grc' dir='ltr'><strong>Αυι</strong></span> <span class='ocrx_word' id='word_1_328' title='bbox 1155 4057 1338 4115; x_wconf 82' lang='lat' dir='ltr'><strong>dicant</strong></span> <span class='ocrx_word' id='word_1_329' title='bbox 1364 4059 1529 4129; x_wconf 80' lang='lat' dir='ltr'><strong>igitur</strong></span> <span class='ocrx_word' id='word_1_330' title='bbox 1566 4057 1693 4129; x_wconf 91' lang='lat' dir='ltr'><strong>quid</strong></span> <span class='ocrx_word' id='word_1_331' title='bbox 1720 4059 1789 4115; x_wconf 88' lang='lat' dir='ltr'><strong>sit</strong></span> 
     </span>
    </p>
   </div>
   <div class='ocr_carea' id='block_1_44' title="bbox 174 4146 1790 4220">
    <p class='ocr_par' dir='ltr' id='par_1_44' title="bbox 174 4146 1790 4220">
     <span class='ocr_line' id='line_1_44' title="bbox 174 4146 1790 4220; baseline 0.003 -19"><span class='ocrx_word' id='word_1_332' title='bbox 174 4146 331 4219; x_wconf 87' lang='lat' dir='ltr'><strong>quod</strong></span> <span class='ocrx_word' id='word_1_333' title='bbox 361 4147 481 4203; x_wconf 90' lang='lat' dir='ltr'><strong>sine</strong></span> <span class='ocrx_word' id='word_1_334' title='bbox 506 4146 670 4203; x_wconf 89' lang='lat' dir='ltr'><strong>Patre</strong></span> <span class='ocrx_word' id='word_1_335' title='bbox 699 4156 757 4203; x_wconf 91' lang='lat' dir='ltr'><strong>et</strong></span> <span class='ocrx_word' id='word_1_336' title='bbox 795 4147 934 4203; x_wconf 85' lang='lat' dir='ltr'><strong>Filio</strong></span> <span class='ocrx_word' id='word_1_337' title='bbox 963 4158 1019 4204; x_wconf 91' lang='lat' dir='ltr'><strong>et</strong></span> <span class='ocrx_word' id='word_1_338' title='bbox 1046 4148 1250 4220; x_wconf 86' lang='lat' dir='ltr'><strong>Spiritu</strong></span> <span class='ocrx_word' id='word_1_339' title='bbox 1280 4150 1351 4206; x_wconf 90' lang='lat' dir='ltr'><strong>sit</strong></span> <span class='ocrx_word' id='word_1_340' title='bbox 1390 4159 1629 4205; x_wconf 88' lang='lat' dir='ltr'><strong>creatum</strong></span> <span class='ocrx_word' id='word_1_341' title='bbox 1650 4190 1666 4215; x_wconf 89' lang='lat'><strong>,</strong></span> <span class='ocrx_word' id='word_1_342' title='bbox 1696 4160 1790 4206; x_wconf 88' lang='lat' dir='ltr'><strong>aut</strong></span> 
     </span>
    </p>
   </div>
   <div class='ocr_carea' id='block_1_45' title="bbox 174 4234 1789 4316">
    <p class='ocr_par' dir='ltr' id='par_1_45' title="bbox 174 4234 1789 4316">
     <span class='ocr_line' id='line_1_45' title="bbox 174 4234 1789 4316; baseline -0.001 -15"><span class='ocrx_word' id='word_1_343' title='bbox 174 4244 448 4313; x_wconf 89' lang='lat' dir='ltr'><strong>Spiritum</strong></span> <span class='ocrx_word' id='word_1_344' title='bbox 490 4258 709 4316; x_wconf 87' lang='lat' dir='ltr'><strong>quoque</strong></span> <span class='ocrx_word' id='word_1_345' title='bbox 747 4243 908 4301; x_wconf 88' lang='lat' dir='ltr'><strong>unius</strong></span> <span class='ocrx_word' id='word_1_346' title='bbox 949 4258 1073 4300; x_wconf 93' lang='lat' dir='ltr'><strong>cum</strong></span> <span class='ocrx_word' id='word_1_347' title='bbox 1113 4244 1275 4301; x_wconf 89' lang='lat' dir='ltr'><strong>Patre</strong></span> <span class='ocrx_word' id='word_1_348' title='bbox 1303 4234 1367 4301; x_wconf 69' lang='grc' dir='ltr'>εἰ</span> <span class='ocrx_word' id='word_1_349' title='bbox 1404 4244 1543 4301; x_wconf 89' lang='lat' dir='ltr'><strong>Filio</strong></span> <span class='ocrx_word' id='word_1_350' title='bbox 1572 4243 1789 4301; x_wconf 90' lang='lat' dir='ltr'><strong>deitatis</strong></span> 
     </span>
    </p>
   </div>
   <div class='ocr_carea' id='block_1_46' title="bbox 172 4337 630 4395">
    <p class='ocr_par' dir='ltr' id='par_1_46' title="bbox 172 4337 630 4395">
     <span class='ocr_line' id='line_1_46' title="bbox 172 4337 630 4395; baseline -0.011 0"><span class='ocrx_word' id='word_1_351' title='bbox 172 4352 308 4395; x_wconf 84' lang='lat' dir='ltr'><strong>esse</strong></span> <span class='ocrx_word' id='word_1_352' title='bbox 334 4337 630 4394; x_wconf 77' lang='lat' dir='ltr'><strong>fateantur.</strong></span> 
     </span>
    </p>
   </div>
   <div class='ocr_carea' id='block_1_47' title="bbox 254 4428 1785 4502">
    <p class='ocr_par' dir='ltr' id='par_1_47' title="bbox 254 4428 1785 4502">
     <span class='ocr_line' id='line_1_47' title="bbox 254 4428 1785 4502; baseline 0 -16"><span class='ocrx_word' id='word_1_353' title='bbox 254 4428 383 4486; x_wconf 84' lang='grc'><strong>141.</strong></span> <span class='ocrx_word' id='word_1_354' title='bbox 416 4428 770 4486; x_wconf 90' lang='lat' dir='ltr'><strong>Adorandum</strong></span> <span class='ocrx_word' id='word_1_355' title='bbox 801 4445 1020 4501; x_wconf 91' lang='lat' dir='ltr'><strong>quoque</strong></span> <span class='ocrx_word' id='word_1_356' title='bbox 1065 4430 1273 4497; x_wconf 90' lang='lat' dir='ltr'><strong>docuit,</strong></span> <span class='ocrx_word' id='word_1_357' title='bbox 1305 4445 1465 4502; x_wconf 90' lang='lat' dir='ltr'><strong>quem</strong></span> <span class='ocrx_word' id='word_1_358' title='bbox 1496 4430 1785 4486; x_wconf 90' lang='lat' dir='ltr'><strong>Dominum</strong></span> 
     </span>
    </p>
   </div>
   <div class='ocr_carea' id='block_1_48' title="bbox 172 4522 1783 4591">
    <p class='ocr_par' dir='ltr' id='par_1_48' title="bbox 172 4522 1783 4591">
     <span class='ocr_line' id='line_1_48' title="bbox 172 4522 1783 4591; baseline -0.003 -9"><span class='ocrx_word' id='word_1_359' title='bbox 172 4533 239 4583; x_wconf 85' lang='lat' dir='ltr'><strong>et</strong></span> <span class='ocrx_word' id='word_1_360' title='bbox 264 4524 438 4579; x_wconf 89' lang='lat' dir='ltr'><strong>Deum</strong></span> <span class='ocrx_word' id='word_1_361' title='bbox 468 4522 627 4579; x_wconf 88' lang='lat' dir='ltr'><strong>dixit.</strong></span> <span class='ocrx_word' id='word_1_362' title='bbox 656 4523 760 4591; x_wconf 88' lang='lat' dir='ltr'><strong>Qui</strong></span> <span class='ocrx_word' id='word_1_363' title='bbox 792 4523 938 4579; x_wconf 90' lang='lat' dir='ltr'><strong>enim</strong></span> <span class='ocrx_word' id='word_1_364' title='bbox 962 4524 1105 4578; x_wconf 88' lang='lat' dir='ltr'><strong>Deus</strong></span> <span class='ocrx_word' id='word_1_365' title='bbox 1131 4524 1505 4579; x_wconf 87' lang='lat' dir='ltr'><strong>universitatis</strong></span> <span class='ocrx_word' id='word_1_366' title='bbox 1525 4532 1580 4580; x_wconf 93' lang='lat' dir='ltr'><strong>et</strong></span> <span class='ocrx_word' id='word_1_367' title='bbox 1606 4522 1783 4579; x_wconf 90' lang='lat' dir='ltr'><strong>domi-</strong></span> 
     </span>
    </p>
   </div>
   <div class='ocr_carea' id='block_1_49' title="bbox 171 4614 1783 4688">
    <p class='ocr_par' dir='ltr' id='par_1_49' title="bbox 171 4614 1783 4688">
     <span class='ocr_line' id='line_1_49' title="bbox 171 4614 1783 4688; baseline -0.002 -14"><span class='ocrx_word' id='word_1_368' title='bbox 171 4634 285 4674; x_wconf 82' lang='lat' dir='ltr'><strong>nus</strong></span> <span class='ocrx_word' id='word_1_369' title='bbox 313 4660 327 4684; x_wconf 92' lang='lat'><strong>,</strong></span> <span class='ocrx_word' id='word_1_370' title='bbox 371 4617 557 4688; x_wconf 89' lang='lat' dir='ltr'><strong>utique</strong></span> <span class='ocrx_word' id='word_1_371' title='bbox 604 4617 673 4673; x_wconf 90' lang='lat' dir='ltr'><strong>ab</strong></span> <span class='ocrx_word' id='word_1_372' title='bbox 713 4616 971 4672; x_wconf 90' lang='lat' dir='ltr'><strong>omnibus</strong></span> <span class='ocrx_word' id='word_1_373' title='bbox 1017 4614 1328 4672; x_wconf 88' lang='lat' dir='ltr'><strong>adorandus</strong></span> <span class='ocrx_word' id='word_1_374' title='bbox 1369 4624 1486 4685; x_wconf 91' lang='lat' dir='ltr'><strong>est;</strong></span> <span class='ocrx_word' id='word_1_375' title='bbox 1516 4616 1593 4672; x_wconf 87' lang='lat' dir='ltr'><strong>sic</strong></span> <span class='ocrx_word' id='word_1_376' title='bbox 1637 4615 1783 4671; x_wconf 91' lang='lat' dir='ltr'><strong>enim</strong></span> 
     </span>
    </p>
   </div>
   <div class='ocr_carea' id='block_1_50' title="bbox 169 4705 1787 4780">
    <p class='ocr_par' dir='ltr' id='par_1_50' title="bbox 169 4705 1787 4780">
     <span class='ocr_line' id='line_1_50' title="bbox 169 4705 1787 4780; baseline -0.001 -15"><span class='ocrx_word' id='word_1_377' title='bbox 169 4711 446 4780; x_wconf 77' lang='lat' dir='ltr'><strong>scriptum</strong></span> <span class='ocrx_word' id='word_1_378' title='bbox 474 4717 559 4764; x_wconf 90' lang='lat' dir='ltr'><strong>est</strong></span> <span class='ocrx_word' id='word_1_379' title='bbox 584 4726 597 4761; x_wconf 90' lang='lat'><strong>:</strong></span> <span class='ocrx_word' id='word_1_380' title='bbox 635 4707 915 4762; x_wconf 87' lang='lat' dir='ltr'><strong>Dominum</strong></span> <span class='ocrx_word' id='word_1_381' title='bbox 941 4705 1108 4762; x_wconf 90' lang='lat' dir='ltr'><strong>Deum</strong></span> <span class='ocrx_word' id='word_1_382' title='bbox 1132 4717 1276 4762; x_wconf 91' lang='lat' dir='ltr'><strong>tuum</strong></span> <span class='ocrx_word' id='word_1_383' title='bbox 1303 4708 1544 4763; x_wconf 85' lang='lat' dir='ltr'><strong>adorabis</strong></span> <span class='ocrx_word' id='word_1_384' title='bbox 1565 4748 1581 4776; x_wconf 95' lang='lat'><strong>,</strong></span> <span class='ocrx_word' id='word_1_385' title='bbox 1603 4716 1653 4762; x_wconf 89' lang='lat' dir='ltr'><strong>et</strong></span> <span class='ocrx_word' id='word_1_386' title='bbox 1684 4705 1787 4779; x_wconf 91' lang='lat' dir='ltr'><strong>ipsi</strong></span> 
     </span>
    </p>
   </div>
   <div class='ocr_carea' id='block_1_51' title="bbox 172 4796 971 4871">
    <p class='ocr_par' dir='ltr' id='par_1_51' title="bbox 172 4796 971 4871">
     <span class='ocr_line' id='line_1_51' title="bbox 172 4796 971 4871; baseline -0.005 -14"><span class='ocrx_word' id='word_1_387' title='bbox 172 4803 281 4857; x_wconf 84' lang='lat' dir='ltr'><strong>soli</strong></span> <span class='ocrx_word' id='word_1_388' title='bbox 311 4801 500 4856; x_wconf 77' lang='lat' dir='ltr'><strong>seruies</strong></span> <span class='ocrx_word' id='word_1_389' title='bbox 530 4799 710 4871; x_wconf 90' lang='lat' dir='ltr'><strong>(Deut.</strong></span> <span class='ocrx_word' id='word_1_390' title='bbox 742 4815 821 4864; x_wconf 82' lang='lat' dir='ltr'><strong>v1,</strong></span> <span class='ocrx_word' id='word_1_391' title='bbox 854 4796 971 4869; x_wconf 81' lang='grc'><strong>15).</strong></span> 
     </span>
    </p>
   </div>
   <div class='ocr_carea' id='block_1_52' title="bbox 258 4892 1779 4965">
    <p class='ocr_par' dir='ltr' id='par_1_52' title="bbox 258 4892 1779 4965">
     <span class='ocr_line' id='line_1_52' title="bbox 258 4892 1779 4965; baseline 0.001 -16"><span class='ocrx_word' id='word_1_392' title='bbox 258 4893 387 4949; x_wconf 68' lang='grc'><strong>142.</strong></span> <span class='ocrx_word' id='word_1_393' title='bbox 427 4894 535 4948; x_wconf 86' lang='lat' dir='ltr'><strong>Aut</strong></span> <span class='ocrx_word' id='word_1_394' title='bbox 564 4893 747 4948; x_wconf 90' lang='lat' dir='ltr'><strong>dicant</strong></span> <span class='ocrx_word' id='word_1_395' title='bbox 779 4892 867 4947; x_wconf 92' lang='lat' dir='ltr'><strong>ubi</strong></span> <span class='ocrx_word' id='word_1_396' title='bbox 900 4892 1132 4964; x_wconf 88' lang='lat' dir='ltr'><strong>legerint</strong></span> <span class='ocrx_word' id='word_1_397' title='bbox 1160 4894 1286 4965; x_wconf 87' lang='lat' dir='ltr'><strong>quia</strong></span> <span class='ocrx_word' id='word_1_398' title='bbox 1311 4892 1504 4949; x_wconf 90' lang='lat' dir='ltr'><strong>adorat</strong></span> <span class='ocrx_word' id='word_1_399' title='bbox 1528 4893 1779 4965; x_wconf 90' lang='lat' dir='ltr'><strong>Spiritus.</strong></span> 
     </span>
    </p>
   </div>
   <div class='ocr_carea' id='block_1_53' title="bbox 174 4987 1781 5047">
    <p class='ocr_par' dir='ltr' id='par_1_53' title="bbox 174 4987 1781 5047">
     <span class='ocr_line' id='line_1_53' title="bbox 174 4987 1781 5047; baseline -0.001 -1"><span class='ocrx_word' id='word_1_400' title='bbox 174 4990 402 5047; x_wconf 88' lang='lat' dir='ltr'><strong>Dictum</strong></span> <span class='ocrx_word' id='word_1_401' title='bbox 442 4998 527 5043; x_wconf 89' lang='lat' dir='ltr'><strong>est</strong></span> <span class='ocrx_word' id='word_1_402' title='bbox 566 4988 711 5044; x_wconf 91' lang='lat' dir='ltr'><strong>enim</strong></span> <span class='ocrx_word' id='word_1_403' title='bbox 741 4987 811 5045; x_wconf 92' lang='lat' dir='ltr'><strong>de</strong></span> <span class='ocrx_word' id='word_1_404' title='bbox 840 4987 935 5044; x_wconf 89' lang='lat' dir='ltr'><strong>Dei</strong></span> <span class='ocrx_word' id='word_1_405' title='bbox 973 4988 1114 5043; x_wconf 87' lang='lat' dir='ltr'><strong>Filio</strong></span> <span class='ocrx_word' id='word_1_406' title='bbox 1144 5006 1158 5043; x_wconf 91' lang='lat'><strong>:</strong></span> <span class='ocrx_word' id='word_1_407' title='bbox 1184 4988 1410 5044; x_wconf 86' lang='lat' dir='ltr'><strong>Adorent</strong></span> <span class='ocrx_word' id='word_1_408' title='bbox 1450 5006 1568 5045; x_wconf 90' lang='lat' dir='ltr'><strong>eum</strong></span> <span class='ocrx_word' id='word_1_409' title='bbox 1606 5006 1781 5045; x_wconf 84' lang='lat' dir='ltr'><strong>omnes</strong></span> 
     </span>
    </p>
   </div>
   <div class='ocr_carea' id='block_1_54' title="bbox 173 5081 1787 5157">
    <p class='ocr_par' dir='ltr' id='par_1_54' title="bbox 173 5081 1787 5157">
     <span class='ocr_line' id='line_1_54' title="bbox 173 5081 1787 5157; baseline -0.002 -17"><span class='ocrx_word' id='word_1_410' title='bbox 173 5084 359 5157; x_wconf 84' lang='lat' dir='ltr'><strong>angeli</strong></span> <span class='ocrx_word' id='word_1_411' title='bbox 399 5086 512 5156; x_wconf 89' lang='lat' dir='ltr'><strong>ejus</strong></span> <span class='ocrx_word' id='word_1_412' title='bbox 542 5082 748 5154; x_wconf 82' lang='lat' dir='ltr'><strong>(Hebr.</strong></span> <span class='ocrx_word' id='word_1_413' title='bbox 792 5098 842 5149; x_wconf 92' lang='grc' dir='ltr'><em>ι,</em></span> <span class='ocrx_word' id='word_1_414' title='bbox 890 5081 1005 5153; x_wconf 89' lang='lat'><strong>6):</strong></span> <span class='ocrx_word' id='word_1_415' title='bbox 1053 5097 1160 5137; x_wconf 92' lang='lat' dir='ltr'><strong>non</strong></span> <span class='ocrx_word' id='word_1_416' title='bbox 1201 5082 1400 5137; x_wconf 92' lang='lat' dir='ltr'><strong>lectum</strong></span> <span class='ocrx_word' id='word_1_417' title='bbox 1441 5092 1557 5151; x_wconf 88' lang='lat' dir='ltr'><strong>est,</strong></span> <span class='ocrx_word' id='word_1_418' title='bbox 1597 5082 1787 5139; x_wconf 90' lang='lat' dir='ltr'><strong>adoret</strong></span> 
     </span>
    </p>
   </div>
   <div class='ocr_carea' id='block_1_55' title="bbox 171 5174 1787 5247">
    <p class='ocr_par' dir='ltr' id='par_1_55' title="bbox 171 5174 1787 5247">
     <span class='ocr_line' id='line_1_55' title="bbox 171 5174 1787 5247; baseline 0 -14"><span class='ocrx_word' id='word_1_419' title='bbox 171 5175 448 5245; x_wconf 88' lang='lat' dir='ltr'><strong>Spiritus.</strong></span> <span class='ocrx_word' id='word_1_420' title='bbox 500 5174 786 5242; x_wconf 81' lang='lat' dir='ltr'><strong>Quomodo</strong></span> <span class='ocrx_word' id='word_1_421' title='bbox 834 5174 977 5230; x_wconf 91' lang='lat' dir='ltr'><strong>enim</strong></span> <span class='ocrx_word' id='word_1_422' title='bbox 1028 5182 1210 5246; x_wconf 88' lang='lat' dir='ltr'><strong>potest</strong></span> <span class='ocrx_word' id='word_1_423' title='bbox 1250 5174 1511 5241; x_wconf 89' lang='lat' dir='ltr'><strong>adorare,</strong></span> <span class='ocrx_word' id='word_1_424' title='bbox 1541 5178 1632 5247; x_wconf 90' lang='lat' dir='ltr'><strong>qni</strong></span> <span class='ocrx_word' id='word_1_425' title='bbox 1679 5191 1787 5233; x_wconf 94' lang='lat' dir='ltr'><strong>non</strong></span> 
     </span>
    </p>
   </div>
   <div class='ocr_carea' id='block_1_56' title="bbox 174 5266 1792 5334">
    <p class='ocr_par' dir='ltr' id='par_1_56' title="bbox 174 5266 1792 5334">
     <span class='ocr_line' id='line_1_56' title="bbox 174 5266 1792 5334; baseline 0.001 -9"><span class='ocrx_word' id='word_1_426' title='bbox 174 5270 330 5326; x_wconf 86' lang='lat' dir='ltr'><strong>inter</strong></span> <span class='ocrx_word' id='word_1_427' title='bbox 376 5267 613 5324; x_wconf 87' lang='lat' dir='ltr'><strong>famulos</strong></span> <span class='ocrx_word' id='word_1_428' title='bbox 655 5276 714 5324; x_wconf 92' lang='lat' dir='ltr'><strong>et</strong></span> <span class='ocrx_word' id='word_1_429' title='bbox 742 5267 1024 5323; x_wconf 90' lang='lat' dir='ltr'><strong>ministros</strong></span> <span class='ocrx_word' id='word_1_430' title='bbox 1066 5275 1180 5334; x_wconf 89' lang='lat' dir='ltr'><strong>est,</strong></span> <span class='ocrx_word' id='word_1_431' title='bbox 1225 5266 1320 5325; x_wconf 87' lang='lat' dir='ltr'><strong>sed</strong></span> <span class='ocrx_word' id='word_1_432' title='bbox 1372 5282 1497 5324; x_wconf 91' lang='lat' dir='ltr'><strong>cum</strong></span> <span class='ocrx_word' id='word_1_433' title='bbox 1548 5268 1710 5326; x_wconf 88' lang='lat' dir='ltr'><strong>Patre</strong></span> <span class='ocrx_word' id='word_1_434' title='bbox 1737 5281 1792 5327; x_wconf 87' lang='lat' dir='ltr'><strong>et</strong></span> 
     </span>
    </p>
   </div>
   <div class='ocr_carea' id='block_1_57' title="bbox 258 5446 1789 5518">
    <p class='ocr_par' dir='ltr' id='par_1_57' title="bbox 258 5446 1789 5518">
     <span class='ocr_line' id='line_1_57' title="bbox 258 5446 1789 5518; baseline 0 -15"><span class='ocrx_word' id='word_1_435' title='bbox 258 5459 282 5485; x_wconf 74' lang='grc' dir='ltr'><strong>ε·</strong></span> <span class='ocrx_word' id='word_1_436' title='bbox 317 5447 525 5518; x_wconf 83' lang='lat' dir='ltr'><strong>Omnes</strong></span> <span class='ocrx_word' id='word_1_437' title='bbox 550 5446 681 5518; x_wconf 89' lang='lat' dir='ltr'><strong>edit.</strong></span> <span class='ocrx_word' id='word_1_438' title='bbox 710 5461 775 5502; x_wconf 90' lang='lat' dir='ltr'><strong>ac</strong></span> <span class='ocrx_word' id='word_1_439' title='bbox 804 5447 975 5501; x_wconf 86' lang='lat' dir='ltr'><strong>multo</strong></span> <span class='ocrx_word' id='word_1_440' title='bbox 1005 5448 1190 5517; x_wconf 87' lang='lat' dir='ltr'><strong>plures</strong></span> <span class='ocrx_word' id='word_1_441' title='bbox 1212 5462 1370 5511; x_wconf 90' lang='lat' dir='ltr'><strong>mss.,</strong></span> <span class='ocrx_word' id='word_1_442' title='bbox 1394 5458 1661 5518; x_wconf 89' lang='lat' dir='ltr'><strong>peccatum</strong></span> <span class='ocrx_word' id='word_1_443' title='bbox 1688 5466 1789 5505; x_wconf 90' lang='lat' dir='ltr'><strong>non</strong></span> 
     </span>
    </p>
   </div>
   <div class='ocr_carea' id='block_1_58' title="bbox 177 5516 1791 5591">
    <p class='ocr_par' dir='ltr' id='par_1_58' title="bbox 177 5516 1791 5591">
     <span class='ocr_line' id='line_1_58' title="bbox 177 5516 1791 5591; baseline -0.001 -14"><span class='ocrx_word' id='word_1_444' title='bbox 177 5520 335 5577; x_wconf 84' lang='lat' dir='ltr'><strong>habet</strong></span> <span class='ocrx_word' id='word_1_445' title='bbox 360 5516 531 5591; x_wconf 18' lang='lat' dir='ltr'><strong>;Acod.</strong></span> <span class='ocrx_word' id='word_1_446' title='bbox 566 5517 749 5591; x_wconf 70' lang='lat' dir='ltr'><strong>Bbrul.</strong></span> <span class='ocrx_word' id='word_1_447' title='bbox 784 5527 839 5572; x_wconf 90' lang='lat' dir='ltr'><strong>et</strong></span> <span class='ocrx_word' id='word_1_448' title='bbox 867 5516 1032 5583; x_wconf 48' lang='lat' dir='ltr'><strong>Audi,</strong></span> <span class='ocrx_word' id='word_1_449' title='bbox 1069 5529 1334 5588; x_wconf 88' lang='lat' dir='ltr'><strong>peccatum</strong></span> <span class='ocrx_word' id='word_1_450' title='bbox 1358 5516 1535 5591; x_wconf 82' lang='lat' dir='ltr'><strong>donat.</strong></span> <span class='ocrx_word' id='word_1_451' title='bbox 1577 5522 1791 5591; x_wconf 90' lang='lat' dir='ltr'><strong>Optime</strong></span> 
     </span>
    </p>
   </div>
   <div class='ocr_carea' id='block_1_59' title="bbox 176 5587 1794 5663">
    <p class='ocr_par' dir='ltr' id='par_1_59' title="bbox 176 5587 1794 5663">
     <span class='ocr_line' id='line_1_59' title="bbox 176 5587 1794 5663; baseline 0.001 -17"><span class='ocrx_word' id='word_1_452' title='bbox 176 5605 351 5663; x_wconf 83' lang='lat' dir='ltr'><strong>sane;</strong></span> <span class='ocrx_word' id='word_1_453' title='bbox 388 5588 478 5642; x_wconf 93' lang='lat' dir='ltr'><strong>hic</strong></span> <span class='ocrx_word' id='word_1_454' title='bbox 506 5587 647 5642; x_wconf 89' lang='lat' dir='ltr'><strong>enim</strong></span> <span class='ocrx_word' id='word_1_455' title='bbox 677 5590 729 5643; x_wconf 89' lang='lat' dir='ltr'><strong>in</strong></span> <span class='ocrx_word' id='word_1_456' title='bbox 756 5603 822 5643; x_wconf 91' lang='lat' dir='ltr'><strong>eo</strong></span> <span class='ocrx_word' id='word_1_457' title='bbox 850 5604 957 5663; x_wconf 81' lang='lat' dir='ltr'><strong>non</strong></span> <span class='ocrx_word' id='word_1_458' title='bbox 1000 5587 1083 5644; x_wconf 88' lang='lat' dir='ltr'><strong>est</strong></span> <span class='ocrx_word' id='word_1_459' title='bbox 1122 5590 1480 5663; x_wconf 77' lang='lat' dir='ltr'><strong>Ambrosius,</strong></span> <span class='ocrx_word' id='word_1_460' title='bbox 1507 5600 1569 5646; x_wconf 94' lang='lat' dir='ltr'><strong>ut</strong></span> <span class='ocrx_word' id='word_1_461' title='bbox 1602 5587 1794 5663; x_wconf 83' lang='lat' dir='ltr'><strong>probet</strong></span> 
     </span>
    </p>
   </div>
   <div class='ocr_carea' id='block_1_60' title="bbox 177 5659 1795 5733">
    <p class='ocr_par' dir='ltr' id='par_1_60' title="bbox 177 5659 1795 5733">
     <span class='ocr_line' id='line_1_60' title="bbox 177 5659 1795 5733; baseline -0.001 -14"><span class='ocrx_word' id='word_1_462' title='bbox 177 5662 460 5733; x_wconf 85' lang='lat' dir='ltr'><strong>Spiritum</strong></span> <span class='ocrx_word' id='word_1_463' title='bbox 493 5668 707 5733; x_wconf 78' lang='lat' dir='ltr'><strong>peccata</strong></span> <span class='ocrx_word' id='word_1_464' title='bbox 735 5675 841 5713; x_wconf 92' lang='lat' dir='ltr'><strong>non</strong></span> <span class='ocrx_word' id='word_1_465' title='bbox 871 5659 1102 5727; x_wconf 90' lang='lat' dir='ltr'><strong>habere,</strong></span> <span class='ocrx_word' id='word_1_466' title='bbox 1132 5661 1228 5716; x_wconf 89' lang='lat' dir='ltr'><strong>sed</strong></span> <span class='ocrx_word' id='word_1_467' title='bbox 1260 5660 1436 5731; x_wconf 90' lang='lat' dir='ltr'><strong>ipsum</strong></span> <span class='ocrx_word' id='word_1_468' title='bbox 1466 5659 1687 5733; x_wconf 81' lang='lat' dir='ltr'><strong>peccata</strong></span> <span class='ocrx_word' id='word_1_469' title='bbox 1714 5662 1795 5719; x_wconf 92' lang='lat' dir='ltr'><strong>di-</strong></span> 
     </span>
    </p>
   </div>
   <div class='ocr_carea' id='block_1_61' title="bbox 187 5727 841 5799">
    <p class='ocr_par' dir='ltr' id='par_1_61' title="bbox 187 5727 841 5799">
     <span class='ocr_line' id='line_1_61' title="bbox 187 5727 841 5799; baseline -0.014 -8"><span class='ocrx_word' id='word_1_470' title='bbox 187 5727 423 5791; x_wconf 83' lang='lat' dir='ltr'><strong>mittere</strong></span> <span class='ocrx_word' id='word_1_471' title='bbox 438 5728 553 5799; x_wconf 86' lang='lat' dir='ltr'><strong>jam</strong></span> <span class='ocrx_word' id='word_1_472' title='bbox 585 5727 841 5795; x_wconf 82' lang='lat' dir='ltr'><strong>disputat.</strong></span> 
     </span>
    </p>
   </div>
   <div class='ocr_carea' id='block_1_62' title="bbox 258 5800 1799 5870">
    <p class='ocr_par' dir='ltr' id='par_1_62' title="bbox 258 5800 1799 5870">
     <span class='ocr_line' id='line_1_62' title="bbox 258 5800 1799 5870; baseline 0.003 -14"><span class='ocrx_word' id='word_1_473' title='bbox 258 5803 287 5842; x_wconf 66' lang='grc' dir='ltr'>δ</span> <span class='ocrx_word' id='word_1_474' title='bbox 322 5800 406 5857; x_wconf 89' lang='lat' dir='ltr'><strong>Ita</strong></span> <span class='ocrx_word' id='word_1_475' title='bbox 449 5813 587 5856; x_wconf 88' lang='lat' dir='ltr'><strong>mss.</strong></span> <span class='ocrx_word' id='word_1_476' title='bbox 640 5801 883 5869; x_wconf 90' lang='lat' dir='ltr'><strong>plerique</strong></span> <span class='ocrx_word' id='word_1_477' title='bbox 912 5818 924 5853; x_wconf 90' lang='lat'><strong>:</strong></span> <span class='ocrx_word' id='word_1_478' title='bbox 967 5800 1213 5858; x_wconf 88' lang='lat' dir='ltr'><strong>nonnulli</strong></span> <span class='ocrx_word' id='word_1_479' title='bbox 1249 5810 1428 5860; x_wconf 85' lang='lat' dir='ltr'><strong>tamen</strong></span> <span class='ocrx_word' id='word_1_480' title='bbox 1450 5842 1465 5870; x_wconf 90' lang='lat'><strong>,</strong></span> <span class='ocrx_word' id='word_1_481' title='bbox 1494 5814 1551 5860; x_wconf 87' lang='lat' dir='ltr'><strong>et</strong></span> <span class='ocrx_word' id='word_1_482' title='bbox 1588 5814 1799 5861; x_wconf 60' lang='lat' dir='ltr'><strong>cunctae</strong></span> 
     </span>
    </p>
   </div>
   <div class='ocr_carea' id='block_1_63' title="bbox 656 5889 1221 5970">
    <p class='ocr_par' dir='ltr' id='par_1_63' title="bbox 656 5889 1221 5970">
     <span class='ocr_line' id='line_1_63' title="bbox 656 5889 1221 5970; baseline 0.011 -22"><span class='ocrx_word' id='word_1_483' title='bbox 656 5889 929 5951; x_wconf 77' lang='grc' dir='ltr'><strong>ΡΑΤιιοι..</strong></span> <span class='ocrx_word' id='word_1_484' title='bbox 974 5889 1148 5953; x_wconf 80' lang='lat' dir='ltr'><strong>XVI.</strong></span> <span class='ocrx_word' id='word_1_485' title='bbox 1216 5965 1221 5970; x_wconf 24' lang='grc' dir='ltr'><strong><em>ι</em></strong></span> 
     </span>
    </p>
   </div>
   <div class='ocr_carea' id='block_1_64' title="bbox 1896 513 3500 592">
    <p class='ocr_par' dir='ltr' id='par_1_64' title="bbox 1896 513 3500 592">
     <span class='ocr_line' id='line_1_64' title="bbox 1896 513 3500 592; baseline 0.007 -21"><span class='ocrx_word' id='word_1_486' title='bbox 1896 524 1981 571; x_wconf 91' lang='lat' dir='ltr'><strong>est</strong></span> <span class='ocrx_word' id='word_1_487' title='bbox 2008 534 2020 568; x_wconf 93' lang='lat'><strong>:</strong></span> <span class='ocrx_word' id='word_1_488' title='bbox 2054 526 2075 554; x_wconf 74' lang='grc' dir='ltr'>ο</span> <span class='ocrx_word' id='word_1_489' title='bbox 2103 513 2331 586; x_wconf 82' lang='lat' dir='ltr'><strong>Spiritui</strong></span> <span class='ocrx_word' id='word_1_490' title='bbox 2360 516 2453 571; x_wconf 89' lang='lat' dir='ltr'><strong>Dei</strong></span> <span class='ocrx_word' id='word_1_491' title='bbox 2474 520 2720 575; x_wconf 80' lang='lat' dir='ltr'><strong>servimus</strong></span> <span class='ocrx_word' id='word_1_492' title='bbox 2747 519 2921 590; x_wconf 87' lang='lat' dir='ltr'><strong>(Phil.</strong></span> <span class='ocrx_word' id='word_1_493' title='bbox 2954 537 3031 584; x_wconf 84' lang='lat' dir='ltr'><strong>Ill,</strong></span> <span class='ocrx_word' id='word_1_494' title='bbox 3064 525 3142 592; x_wconf 84' lang='grc'><strong>5).</strong></span> <span class='ocrx_word' id='word_1_495' title='bbox 3173 523 3500 583; x_wconf 80' lang='lat' dir='ltr'><strong>Adnrandus</strong></span> 
     </span>
    </p>
   </div>
   <div class='ocr_carea' id='block_1_65' title="bbox 1896 610 3500 687">
    <p class='ocr_par' dir='ltr' id='par_1_65' title="bbox 1896 610 3500 687">
     <span class='ocr_line' id='line_1_65' title="bbox 1896 610 3500 687; baseline 0.008 -24"><span class='ocrx_word' id='word_1_496' title='bbox 1896 610 2060 680; x_wconf 91' lang='lat' dir='ltr'><strong>igitur</strong></span> <span class='ocrx_word' id='word_1_497' title='bbox 2101 617 2187 666; x_wconf 83' lang='lat' dir='ltr'><strong>est</strong></span> <span class='ocrx_word' id='word_1_498' title='bbox 2223 610 2386 666; x_wconf 91' lang='lat' dir='ltr'><strong>nobis</strong></span> <span class='ocrx_word' id='word_1_499' title='bbox 2412 653 2426 676; x_wconf 89' lang='lat'><strong>,</strong></span> <span class='ocrx_word' id='word_1_500' title='bbox 2459 613 2545 668; x_wconf 92' lang='lat' dir='ltr'><strong>cui</strong></span> <span class='ocrx_word' id='word_1_501' title='bbox 2576 614 2929 671; x_wconf 90' lang='lat' dir='ltr'><strong>serviendum</strong></span> <span class='ocrx_word' id='word_1_502' title='bbox 2959 632 2991 672; x_wconf 89' lang='lat' dir='ltr'><strong>a</strong></span> <span class='ocrx_word' id='word_1_503' title='bbox 3015 616 3174 673; x_wconf 92' lang='lat' dir='ltr'><strong>nobis</strong></span> <span class='ocrx_word' id='word_1_504' title='bbox 3199 618 3500 687; x_wconf 82' lang='lat' dir='ltr'><strong>Apostolus</strong></span> 
     </span>
    </p>
   </div>
   <div class='ocr_carea' id='block_1_66' title="bbox 1895 700 3497 782">
    <p class='ocr_par' dir='ltr' id='par_1_66' title="bbox 1895 700 3497 782">
     <span class='ocr_line' id='line_1_66' title="bbox 1895 700 3497 782; baseline 0.006 -25"><span class='ocrx_word' id='word_1_505' title='bbox 1895 700 2104 757; x_wconf 91' lang='lat' dir='ltr'><strong>docuit:</strong></span> <span class='ocrx_word' id='word_1_506' title='bbox 2128 703 2215 759; x_wconf 92' lang='lat' dir='ltr'><strong>cui</strong></span> <span class='ocrx_word' id='word_1_507' title='bbox 2244 713 2425 760; x_wconf 89' lang='lat' dir='ltr'><strong>autem</strong></span> <span class='ocrx_word' id='word_1_508' title='bbox 2456 707 2750 773; x_wconf 86' lang='lat' dir='ltr'><strong>servimus,</strong></span> <span class='ocrx_word' id='word_1_509' title='bbox 2776 706 2918 763; x_wconf 92' lang='lat' dir='ltr'><strong>hunc</strong></span> <span class='ocrx_word' id='word_1_510' title='bbox 2945 717 2998 765; x_wconf 92' lang='lat' dir='ltr'><strong>et</strong></span> <span class='ocrx_word' id='word_1_511' title='bbox 3018 708 3329 779; x_wconf 88' lang='lat' dir='ltr'><strong>adoramus,</strong></span> <span class='ocrx_word' id='word_1_512' title='bbox 3342 712 3497 782; x_wconf 84' lang='lat' dir='ltr'><strong>juxta</strong></span> 
     </span>
    </p>
   </div>
   <div class='ocr_carea' id='block_1_67' title="bbox 1896 793 3502 871">
    <p class='ocr_par' dir='ltr' id='par_1_67' title="bbox 1896 793 3502 871">
     <span class='ocr_line' id='line_1_67' title="bbox 1896 793 3502 871; baseline 0.007 -24"><span class='ocrx_word' id='word_1_513' title='bbox 1896 793 2040 863; x_wconf 87' lang='lat' dir='ltr'><strong>quod</strong></span> <span class='ocrx_word' id='word_1_514' title='bbox 2068 795 2329 864; x_wconf 91' lang='lat' dir='ltr'><strong>scriptum</strong></span> <span class='ocrx_word' id='word_1_515' title='bbox 2361 805 2485 864; x_wconf 89' lang='lat' dir='ltr'><strong>est,</strong></span> <span class='ocrx_word' id='word_1_516' title='bbox 2515 805 2574 852; x_wconf 95' lang='lat' dir='ltr'><strong>ut</strong></span> <span class='ocrx_word' id='word_1_517' title='bbox 2602 798 2791 855; x_wconf 88' lang='lat' dir='ltr'><strong>eadem</strong></span> <span class='ocrx_word' id='word_1_518' title='bbox 2827 814 2975 870; x_wconf 64' lang='lat' dir='ltr'><strong>saapc</strong></span> <span class='ocrx_word' id='word_1_519' title='bbox 3000 810 3315 871; x_wconf 89' lang='lat' dir='ltr'><strong>repetamus</strong></span> <span class='ocrx_word' id='word_1_520' title='bbox 3344 818 3359 858; x_wconf 90' lang='lat'><strong>:</strong></span> <span class='ocrx_word' id='word_1_521' title='bbox 3392 802 3502 859; x_wconf 77' lang='lat' dir='ltr'><strong>Do-</strong></span> 
     </span>
    </p>
   </div>
   <div class='ocr_carea' id='block_1_68' title="bbox 1896 886 3297 959">
    <p class='ocr_par' dir='ltr' id='par_1_68' title="bbox 1896 886 3297 959">
     <span class='ocr_line' id='line_1_68' title="bbox 1896 886 3297 959; baseline 0.007 -18"><span class='ocrx_word' id='word_1_522' title='bbox 1896 888 2096 942; x_wconf 88' lang='lat' dir='ltr'><strong>ntinum</strong></span> <span class='ocrx_word' id='word_1_523' title='bbox 2121 886 2292 944; x_wconf 90' lang='lat' dir='ltr'><strong>Deum</strong></span> <span class='ocrx_word' id='word_1_524' title='bbox 2324 899 2467 944; x_wconf 89' lang='lat' dir='ltr'><strong>tuum</strong></span> <span class='ocrx_word' id='word_1_525' title='bbox 2488 891 2732 947; x_wconf 84' lang='lat' dir='ltr'><strong>adorabis</strong></span> <span class='ocrx_word' id='word_1_526' title='bbox 2758 934 2774 959; x_wconf 89' lang='lat'><strong>,</strong></span> <span class='ocrx_word' id='word_1_527' title='bbox 2803 902 2852 948; x_wconf 92' lang='lat' dir='ltr'><strong>et</strong></span> <span class='ocrx_word' id='word_1_528' title='bbox 2876 894 2953 949; x_wconf 85' lang='lat' dir='ltr'><strong>illi</strong></span> <span class='ocrx_word' id='word_1_529' title='bbox 2976 895 3075 949; x_wconf 86' lang='lat' dir='ltr'><strong>soli</strong></span> <span class='ocrx_word' id='word_1_530' title='bbox 3094 897 3297 952; x_wconf 81' lang='lat' dir='ltr'><strong>seruies.</strong></span> 
     </span>
    </p>
   </div>
   <div class='ocr_carea' id='block_1_69' title="bbox 1971 981 3503 1061">
    <p class='ocr_par' dir='ltr' id='par_1_69' title="bbox 1971 981 3503 1061">
     <span class='ocr_line' id='line_1_69' title="bbox 1971 981 3503 1061; baseline 0.008 -25"><span class='ocrx_word' id='word_1_531' title='bbox 1971 982 2092 1037; x_wconf 76' lang='grc'><strong>145.</strong></span> <span class='ocrx_word' id='word_1_532' title='bbox 2122 981 2462 1054; x_wconf 85' lang='lat' dir='ltr'><strong>Quamquam</strong></span> <span class='ocrx_word' id='word_1_533' title='bbox 2490 999 2593 1041; x_wconf 92' lang='lat' dir='ltr'><strong>nec</strong></span> <span class='ocrx_word' id='word_1_534' title='bbox 2619 984 2723 1041; x_wconf 90' lang='lat' dir='ltr'><strong>hoc</strong></span> <span class='ocrx_word' id='word_1_535' title='bbox 2750 989 3159 1056; x_wconf 67' lang='lat' dir='ltr'><strong>praetermiserit</strong></span> <span class='ocrx_word' id='word_1_536' title='bbox 3183 990 3503 1061; x_wconf 86' lang='lat' dir='ltr'><strong>Apostolus,</strong></span> 
     </span>
    </p>
   </div>
   <div class='ocr_carea' id='block_1_70' title="bbox 1897 1070 3500 1154">
    <p class='ocr_par' dir='ltr' id='par_1_70' title="bbox 1897 1070 3500 1154">
     <span class='ocr_line' id='line_1_70' title="bbox 1897 1070 3500 1154; baseline 0.009 -29"><span class='ocrx_word' id='word_1_537' title='bbox 1897 1071 2025 1142; x_wconf 92' lang='lat' dir='ltr'><strong>quin</strong></span> <span class='ocrx_word' id='word_1_538' title='bbox 2046 1080 2101 1127; x_wconf 89' lang='lat' dir='ltr'><strong>et</strong></span> <span class='ocrx_word' id='word_1_539' title='bbox 2119 1070 2379 1142; x_wconf 86' lang='lat' dir='ltr'><strong>Spiritum</strong></span> <span class='ocrx_word' id='word_1_540' title='bbox 2400 1073 2605 1131; x_wconf 91' lang='lat' dir='ltr'><strong>diceret</strong></span> <span class='ocrx_word' id='word_1_541' title='bbox 2622 1075 2978 1133; x_wconf 91' lang='lat' dir='ltr'><strong>adorandum.</strong></span> <span class='ocrx_word' id='word_1_542' title='bbox 3007 1078 3171 1154; x_wconf 74' lang='lat'><strong>695</strong></span> <span class='ocrx_word' id='word_1_543' title='bbox 3190 1081 3325 1137; x_wconf 87' lang='lat' dir='ltr'><strong>Cum</strong></span> <span class='ocrx_word' id='word_1_544' title='bbox 3355 1083 3500 1139; x_wconf 92' lang='lat' dir='ltr'><strong>enim</strong></span> 
     </span>
    </p>
   </div>
   <div class='ocr_carea' id='block_1_71' title="bbox 1896 1164 3503 1241">
    <p class='ocr_par' dir='ltr' id='par_1_71' title="bbox 1896 1164 3503 1241">
     <span class='ocr_line' id='line_1_71' title="bbox 1896 1164 3503 1241; baseline 0.007 -21"><span class='ocrx_word' id='word_1_545' title='bbox 1896 1164 2241 1221; x_wconf 88' lang='lat' dir='ltr'><strong>docuerimus</strong></span> <span class='ocrx_word' id='word_1_546' title='bbox 2282 1167 2409 1237; x_wconf 89' lang='lat' dir='ltr'><strong>quia</strong></span> <span class='ocrx_word' id='word_1_547' title='bbox 2432 1166 2668 1238; x_wconf 91' lang='lat' dir='ltr'><strong>Spiritus</strong></span> <span class='ocrx_word' id='word_1_548' title='bbox 2716 1171 2769 1225; x_wconf 92' lang='lat' dir='ltr'><strong>in</strong></span> <span class='ocrx_word' id='word_1_549' title='bbox 2812 1170 3093 1241; x_wconf 66' lang='lat' dir='ltr'><strong>prolthetis</strong></span> <span class='ocrx_word' id='word_1_550' title='bbox 3122 1182 3205 1229; x_wconf 89' lang='lat' dir='ltr'><strong>est</strong></span> <span class='ocrx_word' id='word_1_551' title='bbox 3226 1215 3240 1239; x_wconf 92' lang='lat'><strong>,</strong></span> <span class='ocrx_word' id='word_1_552' title='bbox 3273 1190 3374 1231; x_wconf 91' lang='lat' dir='ltr'><strong>nec</strong></span> <span class='ocrx_word' id='word_1_553' title='bbox 3398 1176 3503 1231; x_wconf 90' lang='lat' dir='ltr'><strong>hoc</strong></span> 
     </span>
    </p>
   </div>
   <div class='ocr_carea' id='block_1_72' title="bbox 1896 1259 3505 1337">
    <p class='ocr_par' dir='ltr' id='par_1_72' title="bbox 1896 1259 3505 1337">
     <span class='ocr_line' id='line_1_72' title="bbox 1896 1259 3505 1337; baseline 0.006 -24"><span class='ocrx_word' id='word_1_554' title='bbox 1896 1259 2180 1329; x_wconf 87' lang='lat' dir='ltr'><strong>quisquam</strong></span> <span class='ocrx_word' id='word_1_555' title='bbox 2223 1259 2397 1330; x_wconf 89' lang='lat' dir='ltr'><strong>possit</strong></span> <span class='ocrx_word' id='word_1_556' title='bbox 2425 1260 2741 1331; x_wconf 86' lang='lat' dir='ltr'><strong>ambigere,</strong></span> <span class='ocrx_word' id='word_1_557' title='bbox 2772 1263 2899 1332; x_wconf 91' lang='lat' dir='ltr'><strong>quia</strong></span> <span class='ocrx_word' id='word_1_558' title='bbox 2944 1278 3043 1334; x_wconf 91' lang='lat' dir='ltr'><strong>per</strong></span> <span class='ocrx_word' id='word_1_559' title='bbox 3087 1265 3345 1334; x_wconf 88' lang='lat' dir='ltr'><strong>Spiritum</strong></span> <span class='ocrx_word' id='word_1_560' title='bbox 3377 1282 3505 1337; x_wconf 86' lang='lat' dir='ltr'><strong>pro-</strong></span> 
     </span>
    </p>
   </div>
   <div class='ocr_carea' id='block_1_73' title="bbox 1900 1348 3507 1428">
    <p class='ocr_par' dir='ltr' id='par_1_73' title="bbox 1900 1348 3507 1428">
     <span class='ocr_line' id='line_1_73' title="bbox 1900 1348 3507 1428; baseline 0.007 -25"><span class='ocrx_word' id='word_1_561' title='bbox 1900 1348 2080 1421; x_wconf 91' lang='lat' dir='ltr'><strong>phetia</strong></span> <span class='ocrx_word' id='word_1_562' title='bbox 2108 1350 2287 1418; x_wconf 88' lang='lat' dir='ltr'><strong>datur,</strong></span> <span class='ocrx_word' id='word_1_563' title='bbox 2318 1348 2346 1388; x_wconf 75' lang='grc' dir='ltr'><strong><em>ἀ</em></strong></span> <span class='ocrx_word' id='word_1_564' title='bbox 2376 1352 2563 1423; x_wconf 90' lang='lat' dir='ltr'><strong>utique</strong></span> <span class='ocrx_word' id='word_1_565' title='bbox 2589 1368 2714 1409; x_wconf 90' lang='lat' dir='ltr'><strong>cum</strong></span> <span class='ocrx_word' id='word_1_566' title='bbox 2741 1353 3001 1410; x_wconf 89' lang='lat' dir='ltr'><strong>adoratur</strong></span> <span class='ocrx_word' id='word_1_567' title='bbox 3024 1358 3114 1425; x_wconf 92' lang='lat' dir='ltr'><strong>qui</strong></span> <span class='ocrx_word' id='word_1_568' title='bbox 3145 1357 3200 1411; x_wconf 93' lang='lat' dir='ltr'><strong>in</strong></span> <span class='ocrx_word' id='word_1_569' title='bbox 3229 1358 3507 1428; x_wconf 83' lang='lat' dir='ltr'><strong>prophetis</strong></span> 
     </span>
    </p>
   </div>
   <div class='ocr_carea' id='block_1_74' title="bbox 1899 1443 3509 1518">
    <p class='ocr_par' dir='ltr' id='par_1_74' title="bbox 1899 1443 3509 1518">
     <span class='ocr_line' id='line_1_74' title="bbox 1899 1443 3509 1518; baseline 0.004 -20"><span class='ocrx_word' id='word_1_570' title='bbox 1899 1451 2002 1508; x_wconf 90' lang='lat' dir='ltr'><strong>est,</strong></span> <span class='ocrx_word' id='word_1_571' title='bbox 2028 1443 2170 1500; x_wconf 90' lang='lat' dir='ltr'><strong>idem</strong></span> <span class='ocrx_word' id='word_1_572' title='bbox 2196 1444 2432 1515; x_wconf 91' lang='lat' dir='ltr'><strong>Spiritus</strong></span> <span class='ocrx_word' id='word_1_573' title='bbox 2459 1446 2740 1501; x_wconf 91' lang='lat' dir='ltr'><strong>adoratur.</strong></span> <span class='ocrx_word' id='word_1_574' title='bbox 2769 1445 2954 1518; x_wconf 91' lang='lat' dir='ltr'><strong>Itaque</strong></span> <span class='ocrx_word' id='word_1_575' title='bbox 2982 1448 3062 1504; x_wconf 91' lang='lat' dir='ltr'><strong>sic</strong></span> <span class='ocrx_word' id='word_1_576' title='bbox 3090 1447 3367 1505; x_wconf 85' lang='lat' dir='ltr'><strong>habes:Si</strong></span> <span class='ocrx_word' id='word_1_577' title='bbox 3387 1467 3509 1505; x_wconf 89' lang='lat' dir='ltr'><strong>con-</strong></span> 
     </span>
    </p>
   </div>
   <div class='ocr_carea' id='block_1_75' title="bbox 1900 1537 3507 1617">
    <p class='ocr_par' dir='ltr' id='par_1_75' title="bbox 1900 1537 3507 1617">
     <span class='ocr_line' id='line_1_75' title="bbox 1900 1537 3507 1617; baseline 0.004 -26"><span class='ocrx_word' id='word_1_578' title='bbox 1900 1537 2069 1592; x_wconf 76' lang='lat' dir='ltr'><strong>veniat</strong></span> <span class='ocrx_word' id='word_1_579' title='bbox 2121 1540 2362 1594; x_wconf 83' lang='lat' dir='ltr'><strong>universa</strong></span> <span class='ocrx_word' id='word_1_580' title='bbox 2405 1538 2640 1596; x_wconf 80' lang='lat' dir='ltr'><strong>Ecclesia</strong></span> <span class='ocrx_word' id='word_1_581' title='bbox 2678 1541 2734 1596; x_wconf 91' lang='lat' dir='ltr'><strong>in</strong></span> <span class='ocrx_word' id='word_1_582' title='bbox 2794 1558 2985 1609; x_wconf 88' lang='lat' dir='ltr'><strong>unum,</strong></span> <span class='ocrx_word' id='word_1_583' title='bbox 3016 1551 3063 1596; x_wconf 92' lang='lat' dir='ltr'><strong>et</strong></span> <span class='ocrx_word' id='word_1_584' title='bbox 3102 1558 3276 1599; x_wconf 89' lang='lat' dir='ltr'><strong>omnes</strong></span> <span class='ocrx_word' id='word_1_585' title='bbox 3315 1543 3507 1617; x_wconf 83' lang='lat' dir='ltr'><strong>linguis</strong></span> 
     </span>
    </p>
   </div>
   <div class='ocr_carea' id='block_1_76' title="bbox 1902 1629 3512 1705">
    <p class='ocr_par' dir='ltr' id='par_1_76' title="bbox 1902 1629 3512 1705">
     <span class='ocr_line' id='line_1_76' title="bbox 1902 1629 3512 1705; baseline 0.005 -21"><span class='ocrx_word' id='word_1_586' title='bbox 1902 1629 2215 1700; x_wconf 87' lang='lat' dir='ltr'><strong>loquantur,</strong></span> <span class='ocrx_word' id='word_1_587' title='bbox 2260 1633 2417 1689; x_wconf 87' lang='lat' dir='ltr'><strong>intret</strong></span> <span class='ocrx_word' id='word_1_588' title='bbox 2462 1643 2633 1690; x_wconf 89' lang='lat' dir='ltr'><strong>autem</strong></span> <span class='ocrx_word' id='word_1_589' title='bbox 2676 1634 2843 1689; x_wconf 85' lang='lat' dir='ltr'><strong>idiota</strong></span> <span class='ocrx_word' id='word_1_590' title='bbox 2890 1644 2981 1690; x_wconf 89' lang='lat' dir='ltr'><strong>aut</strong></span> <span class='ocrx_word' id='word_1_591' title='bbox 3029 1636 3293 1705; x_wconf 80' lang='lat' dir='ltr'><strong>inﬁdelis,</strong></span> <span class='ocrx_word' id='word_1_592' title='bbox 3340 1652 3512 1693; x_wconf 84' lang='lat' dir='ltr'><strong>nonne</strong></span> 
     </span>
    </p>
   </div>
   <div class='ocr_carea' id='block_1_77' title="bbox 1902 1722 3509 1798">
    <p class='ocr_par' dir='ltr' id='par_1_77' title="bbox 1902 1722 3509 1798">
     <span class='ocr_line' id='line_1_77' title="bbox 1902 1722 3509 1798; baseline 0.006 -23"><span class='ocrx_word' id='word_1_593' title='bbox 1902 1722 2037 1777; x_wconf 88' lang='lat' dir='ltr'><strong>dicet</strong></span> <span class='ocrx_word' id='word_1_594' title='bbox 2062 1724 2202 1794; x_wconf 87' lang='lat' dir='ltr'><strong>quod</strong></span> <span class='ocrx_word' id='word_1_595' title='bbox 2228 1726 2487 1781; x_wconf 85' lang='lat' dir='ltr'><strong>insanitis.</strong></span> <span class='ocrx_word' id='word_1_596' title='bbox 2520 1726 2619 1782; x_wconf 83' lang='lat' dir='ltr'><strong>Sin</strong></span> <span class='ocrx_word' id='word_1_597' title='bbox 2643 1737 2816 1781; x_wconf 85' lang='lat' dir='ltr'><strong>autem</strong></span> <span class='ocrx_word' id='word_1_598' title='bbox 2844 1728 3153 1798; x_wconf 86' lang='lat' dir='ltr'><strong>prophetent</strong></span> <span class='ocrx_word' id='word_1_599' title='bbox 3179 1744 3355 1783; x_wconf 86' lang='lat' dir='ltr'><strong>omnes</strong></span> <span class='ocrx_word' id='word_1_600' title='bbox 3378 1770 3393 1797; x_wconf 94' lang='lat'><strong>,</strong></span> <span class='ocrx_word' id='word_1_601' title='bbox 3425 1734 3509 1784; x_wconf 85' lang='lat' dir='ltr'><strong>in-</strong></span> 
     </span>
    </p>
   </div>
   <div class='ocr_carea' id='block_1_78' title="bbox 1822 1814 3505 1891">
    <p class='ocr_par' dir='ltr' id='par_1_78' title="bbox 1822 1814 3505 1891">
     <span class='ocr_line' id='line_1_78' title="bbox 1822 1814 3505 1891; baseline 0.002 -17"><span class='ocrx_word' id='word_1_602' title='bbox 1822 1814 1871 1874; x_wconf 88' lang='lat' dir='ltr'><strong>B</strong></span> <span class='ocrx_word' id='word_1_603' title='bbox 1898 1818 1994 1870; x_wconf 83' lang='lat' dir='ltr'><strong>lret</strong></span> <span class='ocrx_word' id='word_1_604' title='bbox 2020 1826 2190 1873; x_wconf 88' lang='lat' dir='ltr'><strong>autem</strong></span> <span class='ocrx_word' id='word_1_605' title='bbox 2216 1820 2330 1889; x_wconf 88' lang='lat' dir='ltr'><strong>quis</strong></span> <span class='ocrx_word' id='word_1_606' title='bbox 2350 1819 2517 1875; x_wconf 90' lang='lat' dir='ltr'><strong>idiota</strong></span> <span class='ocrx_word' id='word_1_607' title='bbox 2565 1828 2657 1874; x_wconf 90' lang='lat' dir='ltr'><strong>aut</strong></span> <span class='ocrx_word' id='word_1_608' title='bbox 2685 1820 2935 1891; x_wconf 80' lang='lat' dir='ltr'><strong>inﬁdelis,</strong></span> <span class='ocrx_word' id='word_1_609' title='bbox 2961 1822 3280 1876; x_wconf 78' lang='lat' dir='ltr'><strong>convincitur</strong></span> <span class='ocrx_word' id='word_1_610' title='bbox 3299 1822 3364 1877; x_wconf 92' lang='lat' dir='ltr'><strong>ab</strong></span> <span class='ocrx_word' id='word_1_611' title='bbox 3389 1837 3505 1877; x_wconf 83' lang='lat' dir='ltr'><strong>om-</strong></span> 
     </span>
    </p>
   </div>
   <div class='ocr_carea' id='block_1_79' title="bbox 1897 1908 3503 1980">
    <p class='ocr_par' dir='ltr' id='par_1_79' title="bbox 1897 1908 3503 1980">
     <span class='ocr_line' id='line_1_79' title="bbox 1897 1908 3503 1980; baseline 0.004 -19"><span class='ocrx_word' id='word_1_612' title='bbox 1897 1908 2073 1976; x_wconf 88' lang='lat' dir='ltr'><strong>nibus,</strong></span> <span class='ocrx_word' id='word_1_613' title='bbox 2116 1910 2435 1980; x_wconf 87' lang='lat' dir='ltr'><strong>dijudicatur</strong></span> <span class='ocrx_word' id='word_1_614' title='bbox 2469 1912 2531 1965; x_wconf 91' lang='lat' dir='ltr'><strong>ab</strong></span> <span class='ocrx_word' id='word_1_615' title='bbox 2577 1912 2833 1967; x_wconf 88' lang='lat' dir='ltr'><strong>omnibus.</strong></span> <span class='ocrx_word' id='word_1_616' title='bbox 2867 1912 3088 1968; x_wconf 88' lang='lat' dir='ltr'><strong>Occulta</strong></span> <span class='ocrx_word' id='word_1_617' title='bbox 3130 1914 3285 1967; x_wconf 89' lang='lat' dir='ltr'><strong>etiam</strong></span> <span class='ocrx_word' id='word_1_618' title='bbox 3330 1914 3503 1968; x_wconf 85' lang='lat' dir='ltr'><strong>cordis</strong></span> 
     </span>
    </p>
   </div>
   <div class='ocr_carea' id='block_1_80' title="bbox 1898 2002 3504 2081">
    <p class='ocr_par' dir='ltr' id='par_1_80' title="bbox 1898 2002 3504 2081">
     <span class='ocr_line' id='line_1_80' title="bbox 1898 2002 3504 2081; baseline 0.002 -26"><span class='ocrx_word' id='word_1_619' title='bbox 1898 2004 2012 2081; x_wconf 82' lang='lat' dir='ltr'><strong>ejus</strong></span> <span class='ocrx_word' id='word_1_620' title='bbox 2037 2002 2313 2073; x_wconf 82' lang='lat' dir='ltr'><strong>manifesta</strong></span> <span class='ocrx_word' id='word_1_621' title='bbox 2343 2005 2475 2073; x_wconf 78' lang='lat' dir='ltr'><strong>fiunt</strong></span> <span class='ocrx_word' id='word_1_622' title='bbox 2492 2022 2512 2071; x_wconf 89' lang='lat'><strong>;</strong></span> <span class='ocrx_word' id='word_1_623' title='bbox 2532 2015 2581 2059; x_wconf 91' lang='lat' dir='ltr'><strong>et</strong></span> <span class='ocrx_word' id='word_1_624' title='bbox 2608 2006 2684 2059; x_wconf 87' lang='lat' dir='ltr'><strong>ita</strong></span> <span class='ocrx_word' id='word_1_625' title='bbox 2710 2005 2896 2059; x_wconf 86' lang='lat' dir='ltr'><strong>cadens</strong></span> <span class='ocrx_word' id='word_1_626' title='bbox 2920 2006 2974 2059; x_wconf 90' lang='lat' dir='ltr'><strong>in</strong></span> <span class='ocrx_word' id='word_1_627' title='bbox 3013 2005 3199 2077; x_wconf 76' lang='lat' dir='ltr'><strong>faciem</strong></span> <span class='ocrx_word' id='word_1_628' title='bbox 3217 2046 3233 2073; x_wconf 93' lang='lat'><strong>,</strong></span> <span class='ocrx_word' id='word_1_629' title='bbox 3262 2006 3504 2060; x_wconf 87' lang='lat' dir='ltr'><strong>adorabit</strong></span> 
     </span>
    </p>
   </div>
   <div class='ocr_carea' id='block_1_81' title="bbox 1898 2091 3504 2169">
    <p class='ocr_par' dir='ltr' id='par_1_81' title="bbox 1898 2091 3504 2169">
     <span class='ocr_line' id='line_1_81' title="bbox 1898 2091 3504 2169; baseline 0.002 -23"><span class='ocrx_word' id='word_1_630' title='bbox 1898 2091 2063 2147; x_wconf 88' lang='lat' dir='ltr'><strong>Deum</strong></span> <span class='ocrx_word' id='word_1_631' title='bbox 2082 2136 2098 2160; x_wconf 92' lang='lat'><strong>,</strong></span> <span class='ocrx_word' id='word_1_632' title='bbox 2130 2096 2474 2164; x_wconf 80' lang='lat' dir='ltr'><strong>pronuntians</strong></span> <span class='ocrx_word' id='word_1_633' title='bbox 2500 2097 2640 2167; x_wconf 87' lang='lat' dir='ltr'><strong>quod</strong></span> <span class='ocrx_word' id='word_1_634' title='bbox 2664 2112 2781 2153; x_wconf 81' lang='lat' dir='ltr'><strong>uere</strong></span> <span class='ocrx_word' id='word_1_635' title='bbox 2808 2096 2949 2152; x_wconf 85' lang='lat' dir='ltr'><strong>Deus</strong></span> <span class='ocrx_word' id='word_1_636' title='bbox 2971 2097 3038 2152; x_wconf 86' lang='lat' dir='ltr'><strong>sit</strong></span> <span class='ocrx_word' id='word_1_637' title='bbox 3066 2099 3118 2152; x_wconf 89' lang='lat' dir='ltr'><strong>in</strong></span> <span class='ocrx_word' id='word_1_638' title='bbox 3139 2098 3281 2153; x_wconf 83' lang='lat' dir='ltr'><strong>vobis</strong></span> <span class='ocrx_word' id='word_1_639' title='bbox 3300 2097 3356 2169; x_wconf 93' lang='grc' dir='ltr'>(ι</span> <span class='ocrx_word' id='word_1_640' title='bbox 3382 2097 3504 2153; x_wconf 86' lang='lat' dir='ltr'><strong>Cor.</strong></span> 
     </span>
    </p>
   </div>
   <div class='ocr_carea' id='block_1_82' title="bbox 1897 2186 3511 2261">
    <p class='ocr_par' dir='ltr' id='par_1_82' title="bbox 1897 2186 3511 2261">
     <span class='ocr_line' id='line_1_82' title="bbox 1897 2186 3511 2261; baseline 0.006 -23"><span class='ocrx_word' id='word_1_641' title='bbox 1897 2198 2015 2250; x_wconf 85' lang='lat' dir='ltr'><strong>xtv,</strong></span> <span class='ocrx_word' id='word_1_642' title='bbox 2063 2186 2136 2241; x_wconf 76' lang='lat'><strong>23</strong></span> <span class='ocrx_word' id='word_1_643' title='bbox 2179 2196 2345 2258; x_wconf 87' lang='lat' dir='ltr'><strong>etseq.</strong></span> <span class='ocrx_word' id='word_1_644' title='bbox 2369 2186 2413 2259; x_wconf 95' lang='lat'><strong>).</strong></span> <span class='ocrx_word' id='word_1_645' title='bbox 2456 2188 2600 2244; x_wconf 88' lang='lat' dir='ltr'><strong>Deus</strong></span> <span class='ocrx_word' id='word_1_646' title='bbox 2626 2198 2867 2261; x_wconf 90' lang='lat' dir='ltr'><strong>estergo</strong></span> <span class='ocrx_word' id='word_1_647' title='bbox 2906 2190 2999 2260; x_wconf 90' lang='lat' dir='ltr'><strong>qui</strong></span> <span class='ocrx_word' id='word_1_648' title='bbox 3038 2189 3329 2260; x_wconf 90' lang='lat' dir='ltr'><strong>adoratur,</strong></span> <span class='ocrx_word' id='word_1_649' title='bbox 3364 2190 3511 2248; x_wconf 90' lang='lat' dir='ltr'><strong>Deus</strong></span> 
     </span>
    </p>
   </div>
   <div class='ocr_carea' id='block_1_83' title="bbox 1894 2274 3506 2351">
    <p class='ocr_par' dir='ltr' id='par_1_83' title="bbox 1894 2274 3506 2351">
     <span class='ocr_line' id='line_1_83' title="bbox 1894 2274 3506 2351; baseline 0.006 -22"><span class='ocrx_word' id='word_1_650' title='bbox 1894 2274 1987 2345; x_wconf 91' lang='lat' dir='ltr'><strong>qui</strong></span> <span class='ocrx_word' id='word_1_651' title='bbox 2008 2286 2224 2343; x_wconf 89' lang='lat' dir='ltr'><strong>manet,</strong></span> <span class='ocrx_word' id='word_1_652' title='bbox 2243 2289 2299 2334; x_wconf 90' lang='lat' dir='ltr'><strong>et</strong></span> <span class='ocrx_word' id='word_1_653' title='bbox 2317 2279 2411 2349; x_wconf 89' lang='lat' dir='ltr'><strong>qui</strong></span> <span class='ocrx_word' id='word_1_654' title='bbox 2433 2279 2671 2351; x_wconf 86' lang='lat' dir='ltr'><strong>loquitur</strong></span> <span class='ocrx_word' id='word_1_655' title='bbox 2693 2280 2745 2335; x_wconf 92' lang='lat' dir='ltr'><strong>in</strong></span> <span class='ocrx_word' id='word_1_656' title='bbox 2771 2280 3051 2350; x_wconf 86' lang='lat' dir='ltr'><strong>prophetis</strong></span> <span class='ocrx_word' id='word_1_657' title='bbox 3075 2298 3089 2333; x_wconf 90' lang='lat'><strong>:</strong></span> <span class='ocrx_word' id='word_1_658' title='bbox 3116 2292 3303 2338; x_wconf 82' lang='lat' dir='ltr'><strong>manet</strong></span> <span class='ocrx_word' id='word_1_659' title='bbox 3323 2292 3506 2339; x_wconf 91' lang='lat' dir='ltr'><strong>autem</strong></span> 
     </span>
    </p>
   </div>
   <div class='ocr_carea' id='block_1_84' title="bbox 1897 2367 3334 2441">
    <p class='ocr_par' dir='ltr' id='par_1_84' title="bbox 1897 2367 3334 2441">
     <span class='ocr_line' id='line_1_84' title="bbox 1897 2367 3334 2441; baseline 0.003 -19"><span class='ocrx_word' id='word_1_660' title='bbox 1897 2376 1952 2422; x_wconf 91' lang='lat' dir='ltr'><strong>et</strong></span> <span class='ocrx_word' id='word_1_661' title='bbox 1978 2367 2219 2439; x_wconf 90' lang='lat' dir='ltr'><strong>loquitur</strong></span> <span class='ocrx_word' id='word_1_662' title='bbox 2243 2370 2514 2439; x_wconf 89' lang='lat' dir='ltr'><strong>Spiritus;</strong></span> <span class='ocrx_word' id='word_1_663' title='bbox 2547 2386 2677 2441; x_wconf 92' lang='lat' dir='ltr'><strong>ergo</strong></span> <span class='ocrx_word' id='word_1_664' title='bbox 2706 2380 2762 2426; x_wconf 89' lang='lat' dir='ltr'><strong>et</strong></span> <span class='ocrx_word' id='word_1_665' title='bbox 2787 2370 3023 2441; x_wconf 89' lang='lat' dir='ltr'><strong>Spiritus</strong></span> <span class='ocrx_word' id='word_1_666' title='bbox 3052 2372 3334 2429; x_wconf 90' lang='lat' dir='ltr'><strong>adoratur.</strong></span> 
     </span>
    </p>
   </div>
   <div class='ocr_carea' id='block_1_85' title="bbox 2483 2462 2909 2519">
    <p class='ocr_par' dir='ltr' id='par_1_85' title="bbox 2483 2462 2909 2519">
     <span class='ocr_line' id='line_1_85' title="bbox 2483 2462 2909 2519; baseline 0 -2"><span class='ocrx_word' id='word_1_667' title='bbox 2483 2462 2715 2519; x_wconf 82' lang='lat' dir='ltr'><strong>CAPUT</strong></span> <span class='ocrx_word' id='word_1_668' title='bbox 2762 2462 2909 2518; x_wconf 83' lang='lat' dir='ltr'><strong>XIX.</strong></span> 
     </span>
    </p>
   </div>
   <div class='ocr_carea' id='block_1_86' title="bbox 1874 2553 3504 2623">
    <p class='ocr_par' dir='ltr' id='par_1_86' title="bbox 1874 2553 3504 2623">
     <span class='ocr_line' id='line_1_86' title="bbox 1874 2553 3504 2623; baseline 0.004 -20"><span class='ocrx_word' id='word_1_669' title='bbox 1874 2560 1971 2609; x_wconf 67' lang='grc' dir='ltr'><strong>,επ</strong></span> <span class='ocrx_word' id='word_1_670' title='bbox 1992 2565 2049 2604; x_wconf 92' lang='lat' dir='ltr'><strong>eo</strong></span> <span class='ocrx_word' id='word_1_671' title='bbox 2071 2554 2198 2615; x_wconf 87' lang='lat' dir='ltr'><strong>quod</strong></span> <span class='ocrx_word' id='word_1_672' title='bbox 2231 2565 2381 2616; x_wconf 87' lang='lat' dir='ltr'><strong>supra</strong></span> <span class='ocrx_word' id='word_1_673' title='bbox 2403 2553 2653 2619; x_wconf 89' lang='lat' dir='ltr'><strong>probatum</strong></span> <span class='ocrx_word' id='word_1_674' title='bbox 2669 2560 2714 2606; x_wconf 90' lang='lat' dir='ltr'><strong>et</strong></span> <span class='ocrx_word' id='word_1_675' title='bbox 2735 2554 2975 2619; x_wconf 88' lang='lat' dir='ltr'><strong>Spiritum</strong></span> <span class='ocrx_word' id='word_1_676' title='bbox 3008 2568 3204 2609; x_wconf 87' lang='lat' dir='ltr'><strong>manere</strong></span> <span class='ocrx_word' id='word_1_677' title='bbox 3226 2562 3271 2609; x_wconf 87' lang='lat' dir='ltr'><strong>et</strong></span> <span class='ocrx_word' id='word_1_678' title='bbox 3298 2557 3430 2623; x_wconf 87' lang='lat' dir='ltr'><strong>loqui</strong></span> <span class='ocrx_word' id='word_1_679' title='bbox 3450 2557 3504 2610; x_wconf 88' lang='lat' dir='ltr'><strong>in</strong></span> 
     </span>
    </p>
   </div>
   <div class='ocr_carea' id='block_1_87' title="bbox 1960 2634 3498 2705">
    <p class='ocr_par' dir='ltr' id='par_1_87' title="bbox 1960 2634 3498 2705">
     <span class='ocr_line' id='line_1_87' title="bbox 1960 2634 3498 2705; baseline 0.004 -19"><span class='ocrx_word' id='word_1_680' title='bbox 1960 2635 2228 2701; x_wconf 80' lang='lat' dir='ltr'><strong>prophetis,</strong></span> <span class='ocrx_word' id='word_1_681' title='bbox 2257 2634 2440 2702; x_wconf 83' lang='lat' dir='ltr'><strong>colligit</strong></span> <span class='ocrx_word' id='word_1_682' title='bbox 2471 2638 2533 2688; x_wconf 94' lang='lat' dir='ltr'><strong>ab</strong></span> <span class='ocrx_word' id='word_1_683' title='bbox 2562 2651 2618 2689; x_wconf 86' lang='lat' dir='ltr'><strong>eo</strong></span> <span class='ocrx_word' id='word_1_684' title='bbox 2649 2638 2870 2705; x_wconf 85' lang='lat' dir='ltr'><strong>cognosci</strong></span> <span class='ocrx_word' id='word_1_685' title='bbox 2901 2637 3081 2699; x_wconf 84' lang='lat' dir='ltr'><strong>omnia,</strong></span> <span class='ocrx_word' id='word_1_686' title='bbox 3106 2652 3216 2705; x_wconf 66' lang='lat' dir='ltr'><strong>quia</strong></span> <span class='ocrx_word' id='word_1_687' title='bbox 3245 2638 3336 2692; x_wconf 89' lang='lat' dir='ltr'><strong>Dei</strong></span> <span class='ocrx_word' id='word_1_688' title='bbox 3357 2648 3498 2701; x_wconf 73' lang='lat' dir='ltr'><strong>sinit;</strong></span> 
     </span>
    </p>
   </div>
   <div class='ocr_carea' id='block_1_88' title="bbox 1958 2720 3497 2787">
    <p class='ocr_par' dir='ltr' id='par_1_88' title="bbox 1958 2720 3497 2787">
     <span class='ocr_line' id='line_1_88' title="bbox 1958 2720 3497 2787; baseline 0.002 -17"><span class='ocrx_word' id='word_1_689' title='bbox 1958 2724 2101 2782; x_wconf 88' lang='lat' dir='ltr'><strong>atque</strong></span> <span class='ocrx_word' id='word_1_690' title='bbox 2130 2720 2255 2771; x_wconf 84' lang='lat' dir='ltr'><strong>adeo</strong></span> <span class='ocrx_word' id='word_1_691' title='bbox 2285 2733 2436 2771; x_wconf 88' lang='lat' dir='ltr'><strong>unum</strong></span> <span class='ocrx_word' id='word_1_692' title='bbox 2472 2733 2575 2772; x_wconf 80' lang='lat' dir='ltr'><strong>esse</strong></span> <span class='ocrx_word' id='word_1_693' title='bbox 2607 2734 2719 2771; x_wconf 88' lang='lat' dir='ltr'><strong>cum</strong></span> <span class='ocrx_word' id='word_1_694' title='bbox 2754 2724 2907 2771; x_wconf 88' lang='lat' dir='ltr'><strong>Patre</strong></span> <span class='ocrx_word' id='word_1_695' title='bbox 2940 2727 2986 2772; x_wconf 91' lang='lat' dir='ltr'><strong>et</strong></span> <span class='ocrx_word' id='word_1_696' title='bbox 3018 2720 3165 2773; x_wconf 85' lang='lat' dir='ltr'><strong>Filio.</strong></span> <span class='ocrx_word' id='word_1_697' title='bbox 3192 2724 3302 2774; x_wconf 83' lang='lat' dir='ltr'><strong>Hoc</strong></span> <span class='ocrx_word' id='word_1_698' title='bbox 3335 2723 3497 2787; x_wconf 87' lang='lat' dir='ltr'><strong>ipsum</strong></span> 
     </span>
    </p>
   </div>
   <div class='ocr_carea' id='block_1_89' title="bbox 1958 2800 3501 2870">
    <p class='ocr_par' dir='ltr' id='par_1_89' title="bbox 1958 2800 3501 2870">
     <span class='ocr_line' id='line_1_89' title="bbox 1958 2800 3501 2870; baseline 0.003 -17"><span class='ocrx_word' id='word_1_699' title='bbox 1958 2800 2142 2855; x_wconf 74' lang='lat' dir='ltr'><strong>exinde</strong></span> <span class='ocrx_word' id='word_1_700' title='bbox 2178 2802 2354 2854; x_wconf 88' lang='lat' dir='ltr'><strong>iterum</strong></span> <span class='ocrx_word' id='word_1_701' title='bbox 2384 2802 2637 2868; x_wconf 76' lang='lat' dir='ltr'><strong>conﬁmtat</strong></span> <span class='ocrx_word' id='word_1_702' title='bbox 2668 2805 2797 2870; x_wconf 84' lang='lat' dir='ltr'><strong>quod</strong></span> <span class='ocrx_word' id='word_1_703' title='bbox 2830 2804 2989 2857; x_wconf 87' lang='lat' dir='ltr'><strong>omnia</strong></span> <span class='ocrx_word' id='word_1_704' title='bbox 3019 2803 3179 2867; x_wconf 83' lang='lat' dir='ltr'><strong>habet,</strong></span> <span class='ocrx_word' id='word_1_705' title='bbox 3216 2818 3328 2870; x_wconf 76' lang='lat' dir='ltr'><strong>qua:</strong></span> <span class='ocrx_word' id='word_1_706' title='bbox 3357 2805 3501 2857; x_wconf 82' lang='lat' dir='ltr'><strong>habet</strong></span> 
     </span>
    </p>
   </div>
   <div class='ocr_carea' id='block_1_90' title="bbox 1960 2886 3494 2955">
    <p class='ocr_par' dir='ltr' id='par_1_90' title="bbox 1960 2886 3494 2955">
     <span class='ocr_line' id='line_1_90' title="bbox 1960 2886 3494 2955; baseline 0.003 -18"><span class='ocrx_word' id='word_1_707' title='bbox 1960 2887 2113 2952; x_wconf 87' lang='lat' dir='ltr'><strong>Deus,</strong></span> <span class='ocrx_word' id='word_1_708' title='bbox 2136 2900 2308 2950; x_wconf 61' lang='lat' dir='ltr'><strong>nemtie</strong></span> <span class='ocrx_word' id='word_1_709' title='bbox 2330 2886 2647 2949; x_wconf 81' lang='lat' dir='ltr'><strong>divinitatem,</strong></span> <span class='ocrx_word' id='word_1_710' title='bbox 2672 2889 2836 2940; x_wconf 88' lang='lat' dir='ltr'><strong>cordis</strong></span> <span class='ocrx_word' id='word_1_711' title='bbox 2859 2887 3194 2955; x_wconf 85' lang='lat' dir='ltr'><strong>cognitionem,</strong></span> <span class='ocrx_word' id='word_1_712' title='bbox 3228 2890 3494 2952; x_wconf 80' lang='lat' dir='ltr'><strong>veritatem,</strong></span> 
     </span>
    </p>
   </div>
   <div class='ocr_carea' id='block_1_91' title="bbox 1960 2972 3496 3035">
    <p class='ocr_par' dir='ltr' id='par_1_91' title="bbox 1960 2972 3496 3035">
     <span class='ocr_line' id='line_1_91' title="bbox 1960 2972 3496 3035; baseline 0.003 -16"><span class='ocrx_word' id='word_1_713' title='bbox 1960 2981 2131 3020; x_wconf 87' lang='lat' dir='ltr'><strong>nomen</strong></span> <span class='ocrx_word' id='word_1_714' title='bbox 2148 2982 2295 3031; x_wconf 87' lang='lat' dir='ltr'><strong>super</strong></span> <span class='ocrx_word' id='word_1_715' title='bbox 2317 2982 2455 3020; x_wconf 89' lang='lat' dir='ltr'><strong>omne</strong></span> <span class='ocrx_word' id='word_1_716' title='bbox 2469 2982 2660 3033; x_wconf 86' lang='lat' dir='ltr'><strong>nomen,</strong></span> <span class='ocrx_word' id='word_1_717' title='bbox 2676 2976 2955 3034; x_wconf 82' lang='lat' dir='ltr'><strong>potestatem</strong></span> <span class='ocrx_word' id='word_1_718' title='bbox 2971 2980 3183 3023; x_wconf 87' lang='lat' dir='ltr'><strong>mortuos</strong></span> <span class='ocrx_word' id='word_1_719' title='bbox 3206 2972 3496 3035; x_wconf 85' lang='lat' dir='ltr'><strong>suscitandi,</strong></span> 
     </span>
    </p>
   </div>
   <div class='ocr_carea' id='block_1_92' title="bbox 1961 3049 3503 3117">
    <p class='ocr_par' dir='ltr' id='par_1_92' title="bbox 1961 3049 3503 3117">
     <span class='ocr_line' id='line_1_92' title="bbox 1961 3049 3503 3117; baseline 0.005 -17"><span class='ocrx_word' id='word_1_720' title='bbox 1961 3051 2090 3116; x_wconf 87' lang='lat' dir='ltr'><strong>quod</strong></span> <span class='ocrx_word' id='word_1_721' title='bbox 2112 3049 2335 3104; x_wconf 78' lang='lat' dir='ltr'><strong>uitiatum</strong></span> <span class='ocrx_word' id='word_1_722' title='bbox 2360 3051 2518 3104; x_wconf 89' lang='lat' dir='ltr'><strong>eidem</strong></span> <span class='ocrx_word' id='word_1_723' title='bbox 2548 3052 2804 3114; x_wconf 74' lang='lat' dir='ltr'><strong>adiudicat</strong></span> <span class='ocrx_word' id='word_1_724' title='bbox 2832 3066 2897 3106; x_wconf 76' lang='lat' dir='ltr'><strong>ea;</strong></span> <span class='ocrx_word' id='word_1_725' title='bbox 2929 3052 3210 3115; x_wconf 72' lang='lat' dir='ltr'><strong>Exechiele,</strong></span> <span class='ocrx_word' id='word_1_726' title='bbox 3243 3052 3295 3106; x_wconf 90' lang='lat' dir='ltr'><strong>in</strong></span> <span class='ocrx_word' id='word_1_727' title='bbox 3326 3067 3419 3117; x_wconf 85' lang='lat' dir='ltr'><strong>quo</strong></span> <span class='ocrx_word' id='word_1_728' title='bbox 3451 3063 3503 3107; x_wconf 88' lang='lat' dir='ltr'><strong>et</strong></span> 
     </span>
    </p>
   </div>
   <div class='ocr_carea' id='block_1_93' title="bbox 1966 3136 2757 3203">
    <p class='ocr_par' dir='ltr' id='par_1_93' title="bbox 1966 3136 2757 3203">
     <span class='ocr_line' id='line_1_93' title="bbox 1966 3136 2757 3203; baseline 0 -16"><span class='ocrx_word' id='word_1_729' title='bbox 1966 3137 2129 3203; x_wconf 87' lang='lat' dir='ltr'><strong>ipsum</strong></span> <span class='ocrx_word' id='word_1_730' title='bbox 2154 3136 2285 3189; x_wconf 87' lang='lat' dir='ltr'><strong>Filio</strong></span> <span class='ocrx_word' id='word_1_731' title='bbox 2306 3138 2547 3203; x_wconf 81' lang='lat' dir='ltr'><strong>cequalem</strong></span> <span class='ocrx_word' id='word_1_732' title='bbox 2570 3138 2757 3201; x_wconf 84' lang='lat' dir='ltr'><strong>probat.</strong></span> 
     </span>
    </p>
   </div>
   <div class='ocr_carea' id='block_1_94' title="bbox 1973 3221 3501 3295">
    <p class='ocr_par' dir='ltr' id='par_1_94' title="bbox 1973 3221 3501 3295">
     <span class='ocr_line' id='line_1_94' title="bbox 1973 3221 3501 3295; baseline 0.003 -19"><span class='ocrx_word' id='word_1_733' title='bbox 1973 3221 2099 3278; x_wconf 85' lang='grc'><strong>144.</strong></span> <span class='ocrx_word' id='word_1_734' title='bbox 2136 3222 2324 3293; x_wconf 89' lang='lat' dir='ltr'><strong>Itaque</strong></span> <span class='ocrx_word' id='word_1_735' title='bbox 2350 3224 2489 3278; x_wconf 90' lang='lat' dir='ltr'><strong>sicut</strong></span> <span class='ocrx_word' id='word_1_736' title='bbox 2521 3222 2683 3279; x_wconf 83' lang='lat' dir='ltr'><strong>Pater</strong></span> <span class='ocrx_word' id='word_1_737' title='bbox 2701 3232 2757 3279; x_wconf 89' lang='lat' dir='ltr'><strong>et</strong></span> <span class='ocrx_word' id='word_1_738' title='bbox 2785 3223 2956 3280; x_wconf 89' lang='lat' dir='ltr'><strong>Filius</strong></span> <span class='ocrx_word' id='word_1_739' title='bbox 2984 3240 3149 3279; x_wconf 91' lang='lat' dir='ltr'><strong>unum</strong></span> <span class='ocrx_word' id='word_1_740' title='bbox 3174 3233 3337 3289; x_wconf 91' lang='lat' dir='ltr'><strong>sunt;</strong></span> <span class='ocrx_word' id='word_1_741' title='bbox 3373 3227 3501 3295; x_wconf 91' lang='lat' dir='ltr'><strong>quia</strong></span> 
     </span>
    </p>
   </div>
   <div class='ocr_carea' id='block_1_95' title="bbox 1902 3313 3499 3389">
    <p class='ocr_par' dir='ltr' id='par_1_95' title="bbox 1902 3313 3499 3389">
     <span class='ocr_line' id='line_1_95' title="bbox 1902 3313 3499 3389; baseline 0.002 -20"><span class='ocrx_word' id='word_1_742' title='bbox 1902 3313 2073 3370; x_wconf 88' lang='lat' dir='ltr'><strong>Filius</strong></span> <span class='ocrx_word' id='word_1_743' title='bbox 2093 3315 2276 3369; x_wconf 91' lang='lat' dir='ltr'><strong>omnia</strong></span> <span class='ocrx_word' id='word_1_744' title='bbox 2300 3314 2483 3383; x_wconf 89' lang='lat' dir='ltr'><strong>habet,</strong></span> <span class='ocrx_word' id='word_1_745' title='bbox 2507 3330 2629 3386; x_wconf 67' lang='lat' dir='ltr'><strong>qua!</strong></span> <span class='ocrx_word' id='word_1_746' title='bbox 2658 3315 2821 3371; x_wconf 92' lang='lat' dir='ltr'><strong>Pater</strong></span> <span class='ocrx_word' id='word_1_747' title='bbox 2848 3315 3013 3371; x_wconf 87' lang='lat' dir='ltr'><strong>habet</strong></span> <span class='ocrx_word' id='word_1_748' title='bbox 3040 3314 3222 3389; x_wconf 84' lang='lat' dir='ltr'><strong>(Joan.</strong></span> <span class='ocrx_word' id='word_1_749' title='bbox 3254 3316 3499 3387; x_wconf 63' lang='lat'><strong>“1.15):</strong></span> 
     </span>
    </p>
   </div>
   <div class='ocr_carea' id='block_1_96' title="bbox 1900 3409 3496 3483">
    <p class='ocr_par' dir='ltr' id='par_1_96' title="bbox 1900 3409 3496 3483">
     <span class='ocr_line' id='line_1_96' title="bbox 1900 3409 3496 3483; baseline 0.002 -19"><span class='ocrx_word' id='word_1_750' title='bbox 1900 3409 1973 3465; x_wconf 89' lang='lat' dir='ltr'><strong>ita</strong></span> <span class='ocrx_word' id='word_1_751' title='bbox 2000 3423 2055 3466; x_wconf 91' lang='lat' dir='ltr'><strong>et</strong></span> <span class='ocrx_word' id='word_1_752' title='bbox 2076 3410 2315 3481; x_wconf 89' lang='lat' dir='ltr'><strong>Spiritus</strong></span> <span class='ocrx_word' id='word_1_753' title='bbox 2352 3427 2520 3466; x_wconf 91' lang='lat' dir='ltr'><strong>unum</strong></span> <span class='ocrx_word' id='word_1_754' title='bbox 2551 3421 2638 3467; x_wconf 87' lang='lat' dir='ltr'><strong>est</strong></span> <span class='ocrx_word' id='word_1_755' title='bbox 2659 3426 2782 3467; x_wconf 89' lang='lat' dir='ltr'><strong>cum</strong></span> <span class='ocrx_word' id='word_1_756' title='bbox 2812 3410 2977 3467; x_wconf 91' lang='lat' dir='ltr'><strong>Patre</strong></span> <span class='ocrx_word' id='word_1_757' title='bbox 3008 3421 3065 3467; x_wconf 91' lang='lat' dir='ltr'><strong>et</strong></span> <span class='ocrx_word' id='word_1_758' title='bbox 3091 3412 3262 3478; x_wconf 81' lang='lat' dir='ltr'><strong>Filio;</strong></span> <span class='ocrx_word' id='word_1_759' title='bbox 3285 3413 3410 3483; x_wconf 88' lang='lat' dir='ltr'><strong>quia</strong></span> <span class='ocrx_word' id='word_1_760' title='bbox 3440 3420 3496 3468; x_wconf 88' lang='lat' dir='ltr'><strong>et</strong></span> 
     </span>
    </p>
   </div>
   <div class='ocr_carea' id='block_1_97' title="bbox 1897 3501 3499 3575">
    <p class='ocr_par' dir='ltr' id='par_1_97' title="bbox 1897 3501 3499 3575">
     <span class='ocr_line' id='line_1_97' title="bbox 1897 3501 3499 3575; baseline 0.003 -18"><span class='ocrx_word' id='word_1_761' title='bbox 1897 3501 2015 3573; x_wconf 90' lang='lat' dir='ltr'><strong>ipse</strong></span> <span class='ocrx_word' id='word_1_762' title='bbox 2043 3502 2225 3558; x_wconf 83' lang='lat' dir='ltr'><strong>omnia</strong></span> <span class='ocrx_word' id='word_1_763' title='bbox 2247 3502 2343 3557; x_wconf 90' lang='lat' dir='ltr'><strong>Dei</strong></span> <span class='ocrx_word' id='word_1_764' title='bbox 2368 3504 2521 3559; x_wconf 91' lang='lat' dir='ltr'><strong>novit</strong></span> <span class='ocrx_word' id='word_1_765' title='bbox 2544 3503 2588 3575; x_wconf 90' lang='lat' dir='ltr'><strong>(I</strong></span> <span class='ocrx_word' id='word_1_766' title='bbox 2609 3502 2731 3558; x_wconf 86' lang='lat' dir='ltr'><strong>Cor.</strong></span> <span class='ocrx_word' id='word_1_767' title='bbox 2755 3520 2815 3572; x_wconf 90' lang='grc' dir='ltr'><em>ιι,</em></span> <span class='ocrx_word' id='word_1_768' title='bbox 2850 3502 2961 3575; x_wconf 88' lang='grc'><strong>10).</strong></span> <span class='ocrx_word' id='word_1_769' title='bbox 2984 3503 3103 3560; x_wconf 86' lang='lat' dir='ltr'><strong>Non</strong></span> <span class='ocrx_word' id='word_1_770' title='bbox 3138 3506 3284 3561; x_wconf 88' lang='lat' dir='ltr'><strong>enim</strong></span> <span class='ocrx_word' id='word_1_771' title='bbox 3313 3514 3499 3562; x_wconf 87' lang='lat' dir='ltr'><strong>extor-</strong></span> 
     </span>
    </p>
   </div>
   <div class='ocr_carea' id='block_1_98' title="bbox 1893 3596 3498 3669">
    <p class='ocr_par' dir='ltr' id='par_1_98' title="bbox 1893 3596 3498 3669">
     <span class='ocr_line' id='line_1_98' title="bbox 1893 3596 3498 3669; baseline 0.004 -19"><span class='ocrx_word' id='word_1_772' title='bbox 1893 3596 1983 3662; x_wconf 89' lang='lat' dir='ltr'><strong>sit,</strong></span> <span class='ocrx_word' id='word_1_773' title='bbox 2014 3611 2082 3653; x_wconf 91' lang='lat' dir='ltr'><strong>ne</strong></span> <span class='ocrx_word' id='word_1_774' title='bbox 2110 3596 2183 3651; x_wconf 92' lang='lat' dir='ltr'><strong>sit</strong></span> <span class='ocrx_word' id='word_1_775' title='bbox 2210 3596 2514 3652; x_wconf 87' lang='lat' dir='ltr'><strong>amittentis</strong></span> <span class='ocrx_word' id='word_1_776' title='bbox 2542 3596 2777 3666; x_wconf 89' lang='lat' dir='ltr'><strong>injuria:</strong></span> <span class='ocrx_word' id='word_1_777' title='bbox 2812 3612 2918 3652; x_wconf 93' lang='lat' dir='ltr'><strong>non</strong></span> <span class='ocrx_word' id='word_1_778' title='bbox 2953 3598 3168 3669; x_wconf 85' lang='lat' dir='ltr'><strong>rapuit,</strong></span> <span class='ocrx_word' id='word_1_779' title='bbox 3226 3614 3295 3655; x_wconf 91' lang='lat' dir='ltr'><strong>ne</strong></span> <span class='ocrx_word' id='word_1_780' title='bbox 3345 3598 3498 3656; x_wconf 90' lang='lat' dir='ltr'><strong>dam-</strong></span> 
     </span>
    </p>
   </div>
   <div class='ocr_carea' id='block_1_99' title="bbox 1894 3688 3494 3762">
    <p class='ocr_par' dir='ltr' id='par_1_99' title="bbox 1894 3688 3494 3762">
     <span class='ocr_line' id='line_1_99' title="bbox 1894 3688 3494 3762; baseline 0.004 -19"><span class='ocrx_word' id='word_1_781' title='bbox 1894 3702 2021 3743; x_wconf 92' lang='lat' dir='ltr'><strong>num</strong></span> <span class='ocrx_word' id='word_1_782' title='bbox 2047 3689 2120 3744; x_wconf 90' lang='lat' dir='ltr'><strong>sit</strong></span> <span class='ocrx_word' id='word_1_783' title='bbox 2140 3689 2279 3758; x_wconf 88' lang='lat' dir='ltr'><strong>ejus,</strong></span> <span class='ocrx_word' id='word_1_784' title='bbox 2315 3688 2404 3744; x_wconf 91' lang='lat' dir='ltr'><strong>cui</strong></span> <span class='ocrx_word' id='word_1_785' title='bbox 2428 3688 2645 3745; x_wconf 89' lang='lat' dir='ltr'><strong>videtur</strong></span> <span class='ocrx_word' id='word_1_786' title='bbox 2677 3700 2950 3761; x_wconf 90' lang='lat' dir='ltr'><strong>ereptum.</strong></span> <span class='ocrx_word' id='word_1_787' title='bbox 2985 3690 3173 3762; x_wconf 87' lang='lat' dir='ltr'><strong>Neque</strong></span> <span class='ocrx_word' id='word_1_788' title='bbox 3201 3693 3349 3748; x_wconf 90' lang='lat' dir='ltr'><strong>enim</strong></span> <span class='ocrx_word' id='word_1_789' title='bbox 3398 3704 3494 3749; x_wconf 91' lang='lat' dir='ltr'><strong>aut</strong></span> 
     </span>
    </p>
   </div>
   <div class='ocr_carea' id='block_1_100' title="bbox 1892 3778 3493 3853">
    <p class='ocr_par' dir='ltr' id='par_1_100' title="bbox 1892 3778 3493 3853">
     <span class='ocr_line' id='line_1_100' title="bbox 1892 3778 3493 3853; baseline 0.004 -18"><span class='ocrx_word' id='word_1_790' title='bbox 1892 3778 2361 3851; x_wconf 90' lang='lat' dir='ltr'><strong>perindigentiam</strong></span> <span class='ocrx_word' id='word_1_791' title='bbox 2384 3782 2585 3853; x_wconf 90' lang='lat' dir='ltr'><strong>rapuit,</strong></span> <span class='ocrx_word' id='word_1_792' title='bbox 2614 3790 2709 3837; x_wconf 89' lang='lat' dir='ltr'><strong>aut</strong></span> <span class='ocrx_word' id='word_1_793' title='bbox 2734 3797 2830 3851; x_wconf 89' lang='lat' dir='ltr'><strong>per</strong></span> <span class='ocrx_word' id='word_1_794' title='bbox 2857 3784 3240 3839; x_wconf 89' lang='lat' dir='ltr'><strong>excellentiam</strong></span> <span class='ocrx_word' id='word_1_795' title='bbox 3267 3784 3493 3841; x_wconf 85' lang='lat' dir='ltr'><strong>virtutis</strong></span> 
     </span>
    </p>
   </div>
   <div class='ocr_carea' id='block_1_101' title="bbox 1893 3870 3494 3947">
    <p class='ocr_par' dir='ltr' id='par_1_101' title="bbox 1893 3870 3494 3947">
     <span class='ocr_line' id='line_1_101' title="bbox 1893 3870 3494 3947; baseline 0.006 -22"><span class='ocrx_word' id='word_1_796' title='bbox 1893 3870 2177 3928; x_wconf 90' lang='lat' dir='ltr'><strong>validioris</strong></span> <span class='ocrx_word' id='word_1_797' title='bbox 2214 3872 2467 3939; x_wconf 89' lang='lat' dir='ltr'><strong>extorsit,</strong></span> <span class='ocrx_word' id='word_1_798' title='bbox 2500 3873 2597 3929; x_wconf 89' lang='lat' dir='ltr'><strong>sed</strong></span> <span class='ocrx_word' id='word_1_799' title='bbox 2625 3888 2724 3944; x_wconf 88' lang='lat' dir='ltr'><strong>per</strong></span> <span class='ocrx_word' id='word_1_800' title='bbox 2754 3873 3023 3930; x_wconf 89' lang='lat' dir='ltr'><strong>unitatem</strong></span> <span class='ocrx_word' id='word_1_801' title='bbox 3055 3876 3300 3945; x_wconf 90' lang='lat' dir='ltr'><strong>possidet</strong></span> <span class='ocrx_word' id='word_1_802' title='bbox 3340 3886 3494 3947; x_wconf 87' lang='lat' dir='ltr'><strong>pote-</strong></span> 
     </span>
    </p>
   </div>
   <div class='ocr_carea' id='block_1_102' title="bbox 1891 3963 3494 4041">
    <p class='ocr_par' dir='ltr' id='par_1_102' title="bbox 1891 3963 3494 4041">
     <span class='ocr_line' id='line_1_102' title="bbox 1891 3963 3494 4041; baseline 0.006 -24"><span class='ocrx_word' id='word_1_803' title='bbox 1891 3963 2067 4018; x_wconf 88' lang='lat' dir='ltr'><strong>statis.</strong></span> <span class='ocrx_word' id='word_1_804' title='bbox 2096 3964 2240 4035; x_wconf 87' lang='lat' dir='ltr'><strong>Ergo</strong></span> <span class='ocrx_word' id='word_1_805' title='bbox 2268 3965 2313 4020; x_wconf 90' lang='lat' dir='ltr'><strong>si</strong></span> <span class='ocrx_word' id='word_1_806' title='bbox 2338 3964 2456 4021; x_wconf 69' lang='lat' dir='ltr'><strong>haec</strong></span> <span class='ocrx_word' id='word_1_807' title='bbox 2484 3967 2667 4021; x_wconf 90' lang='lat' dir='ltr'><strong>omnia</strong></span> <span class='ocrx_word' id='word_1_808' title='bbox 2694 3975 2978 4037; x_wconf 90' lang='lat' dir='ltr'><strong>operatur,</strong></span> <span class='ocrx_word' id='word_1_809' title='bbox 3003 3969 3131 4038; x_wconf 89' lang='lat' dir='ltr'><strong>quia</strong></span> <span class='ocrx_word' id='word_1_810' title='bbox 3151 3970 3331 4024; x_wconf 91' lang='lat' dir='ltr'><strong>omnia</strong></span> <span class='ocrx_word' id='word_1_811' title='bbox 3361 3984 3494 4041; x_wconf 85' lang='lat' dir='ltr'><strong>ope-</strong></span> 
     </span>
    </p>
   </div>
   <div class='ocr_carea' id='block_1_103' title="bbox 1888 4057 3481 4134">
    <p class='ocr_par' dir='ltr' id='par_1_103' title="bbox 1888 4057 3481 4134">
     <span class='ocr_line' id='line_1_103' title="bbox 1888 4057 3481 4134; baseline 0.003 -21"><span class='ocrx_word' id='word_1_812' title='bbox 1888 4064 2044 4113; x_wconf 88' lang='lat' dir='ltr'><strong>ratur</strong></span> <span class='ocrx_word' id='word_1_813' title='bbox 2086 4072 2228 4113; x_wconf 89' lang='lat' dir='ltr'><strong>unus</strong></span> <span class='ocrx_word' id='word_1_814' title='bbox 2267 4067 2433 4129; x_wconf 91' lang='lat' dir='ltr'><strong>atque</strong></span> <span class='ocrx_word' id='word_1_815' title='bbox 2482 4057 2627 4115; x_wconf 90' lang='lat' dir='ltr'><strong>idem</strong></span> <span class='ocrx_word' id='word_1_816' title='bbox 2676 4058 2913 4129; x_wconf 88' lang='lat' dir='ltr'><strong>Spiritus</strong></span> <span class='ocrx_word' id='word_1_817' title='bbox 2963 4058 3022 4131; x_wconf 94' lang='lat' dir='ltr'><strong>(l</strong></span> <span class='ocrx_word' id='word_1_818' title='bbox 3074 4058 3198 4115; x_wconf 88' lang='lat' dir='ltr'><strong>Cor.</strong></span> <span class='ocrx_word' id='word_1_819' title='bbox 3233 4077 3332 4129; x_wconf 75' lang='grc' dir='ltr'>ιιι,</span> <span class='ocrx_word' id='word_1_820' title='bbox 3365 4061 3481 4134; x_wconf 82' lang='grc'><strong>11);</strong></span> 
     </span>
    </p>
   </div>
   <div class='ocr_carea' id='block_1_104' title="bbox 1887 4149 3489 4226">
    <p class='ocr_par' dir='ltr' id='par_1_104' title="bbox 1887 4149 3489 4226">
     <span class='ocr_line' id='line_1_104' title="bbox 1887 4149 3489 4226; baseline 0.004 -21"><span class='ocrx_word' id='word_1_821' title='bbox 1887 4149 2164 4221; x_wconf 89' lang='lat' dir='ltr'><strong>quomodo</strong></span> <span class='ocrx_word' id='word_1_822' title='bbox 2214 4166 2322 4206; x_wconf 92' lang='lat' dir='ltr'><strong>non</strong></span> <span class='ocrx_word' id='word_1_823' title='bbox 2371 4151 2547 4219; x_wconf 90' lang='lat' dir='ltr'><strong>Deus,</strong></span> <span class='ocrx_word' id='word_1_824' title='bbox 2579 4152 2672 4223; x_wconf 92' lang='lat' dir='ltr'><strong>qui</strong></span> <span class='ocrx_word' id='word_1_825' title='bbox 2718 4152 2899 4208; x_wconf 90' lang='lat' dir='ltr'><strong>omnia</strong></span> <span class='ocrx_word' id='word_1_826' title='bbox 2948 4153 3135 4223; x_wconf 86' lang='lat' dir='ltr'><strong>habet,</strong></span> <span class='ocrx_word' id='word_1_827' title='bbox 3187 4170 3310 4226; x_wconf 73' lang='lat' dir='ltr'><strong>quae</strong></span> <span class='ocrx_word' id='word_1_828' title='bbox 3341 4154 3489 4212; x_wconf 89' lang='lat' dir='ltr'><strong>Deus</strong></span> 
     </span>
    </p>
   </div>
   <div class='ocr_carea' id='block_1_105' title="bbox 1886 4239 2091 4298">
    <p class='ocr_par' dir='ltr' id='par_1_105' title="bbox 1886 4239 2091 4298">
     <span class='ocr_line' id='line_1_105' title="bbox 1886 4239 2091 4298; baseline -0.005 -2"><span class='ocrx_word' id='word_1_829' title='bbox 1886 4239 2091 4298; x_wconf 82' lang='lat' dir='ltr'><strong>habet?</strong></span> 
     </span>
    </p>
   </div>
   <div class='ocr_carea' id='block_1_106' title="bbox 1960 4335 3481 4415">
    <p class='ocr_par' dir='ltr' id='par_1_106' title="bbox 1960 4335 3481 4415">
     <span class='ocr_line' id='line_1_106' title="bbox 1960 4335 3481 4415; baseline 0.007 -25"><span class='ocrx_word' id='word_1_830' title='bbox 1960 4335 2084 4391; x_wconf 84' lang='grc'><strong>145.</strong></span> <span class='ocrx_word' id='word_1_831' title='bbox 2124 4336 2234 4393; x_wconf 91' lang='lat' dir='ltr'><strong>Aut</strong></span> <span class='ocrx_word' id='word_1_832' title='bbox 2270 4337 2683 4395; x_wconf 90' lang='lat' dir='ltr'><strong>consideremus</strong></span> <span class='ocrx_word' id='word_1_833' title='bbox 2728 4340 2857 4412; x_wconf 90' lang='lat' dir='ltr'><strong>quid</strong></span> <span class='ocrx_word' id='word_1_834' title='bbox 2888 4339 3087 4398; x_wconf 89' lang='lat' dir='ltr'><strong>haheat</strong></span> <span class='ocrx_word' id='word_1_835' title='bbox 3122 4342 3290 4411; x_wconf 91' lang='lat' dir='ltr'><strong>Deus,</strong></span> <span class='ocrx_word' id='word_1_836' title='bbox 3335 4346 3481 4415; x_wconf 93' lang='lat' dir='ltr'><strong>quod</strong></span> 
     </span>
    </p>
   </div>
   <div class='ocr_carea' id='block_1_107' title="bbox 1887 4430 3485 4502">
    <p class='ocr_par' dir='ltr' id='par_1_107' title="bbox 1887 4430 3485 4502">
     <span class='ocr_line' id='line_1_107' title="bbox 1887 4430 3485 4502; baseline 0.005 -17"><span class='ocrx_word' id='word_1_837' title='bbox 1887 4443 1994 4485; x_wconf 93' lang='lat' dir='ltr'><strong>non</strong></span> <span class='ocrx_word' id='word_1_838' title='bbox 2020 4430 2216 4487; x_wconf 91' lang='lat' dir='ltr'><strong>habeat</strong></span> <span class='ocrx_word' id='word_1_839' title='bbox 2236 4431 2471 4502; x_wconf 88' lang='lat' dir='ltr'><strong>Spiritus</strong></span> <span class='ocrx_word' id='word_1_840' title='bbox 2502 4442 2748 4489; x_wconf 89' lang='lat' dir='ltr'><strong>sanctus.</strong></span> <span class='ocrx_word' id='word_1_841' title='bbox 2791 4432 2967 4491; x_wconf 82' lang='lat' dir='ltr'><strong>Habet</strong></span> <span class='ocrx_word' id='word_1_842' title='bbox 2986 4434 3132 4490; x_wconf 89' lang='lat' dir='ltr'><strong>Deus</strong></span> <span class='ocrx_word' id='word_1_843' title='bbox 3157 4435 3322 4492; x_wconf 90' lang='lat' dir='ltr'><strong>Pater</strong></span> <span class='ocrx_word' id='word_1_844' title='bbox 3343 4437 3485 4493; x_wconf 85' lang='lat' dir='ltr'><strong>divi-</strong></span> 
     </span>
    </p>
   </div>
   <div class='ocr_carea' id='block_1_108' title="bbox 1889 4522 3486 4599">
    <p class='ocr_par' dir='ltr' id='par_1_108' title="bbox 1889 4522 3486 4599">
     <span class='ocr_line' id='line_1_108' title="bbox 1889 4522 3486 4599; baseline 0.004 -20"><span class='ocrx_word' id='word_1_845' title='bbox 1889 4522 2115 4581; x_wconf 89' lang='lat' dir='ltr'><strong>nitatem</strong></span> <span class='ocrx_word' id='word_1_846' title='bbox 2136 4567 2153 4593; x_wconf 93' lang='lat'><strong>,</strong></span> <span class='ocrx_word' id='word_1_847' title='bbox 2183 4524 2350 4581; x_wconf 91' lang='lat' dir='ltr'><strong>habet</strong></span> <span class='ocrx_word' id='word_1_848' title='bbox 2376 4534 2433 4581; x_wconf 93' lang='lat' dir='ltr'><strong>et</strong></span> <span class='ocrx_word' id='word_1_849' title='bbox 2460 4524 2668 4591; x_wconf 86' lang='lat' dir='ltr'><strong>Filius,</strong></span> <span class='ocrx_word' id='word_1_850' title='bbox 2700 4526 2755 4581; x_wconf 91' lang='lat' dir='ltr'><strong>in</strong></span> <span class='ocrx_word' id='word_1_851' title='bbox 2784 4541 2895 4597; x_wconf 90' lang='lat' dir='ltr'><strong>quo</strong></span> <span class='ocrx_word' id='word_1_852' title='bbox 2948 4526 3157 4583; x_wconf 88' lang='lat' dir='ltr'><strong>habitat</strong></span> <span class='ocrx_word' id='word_1_853' title='bbox 3201 4529 3486 4599; x_wconf 90' lang='lat' dir='ltr'><strong>plenitudo</strong></span> 
     </span>
    </p>
   </div>
   <div class='ocr_carea' id='block_1_109' title="bbox 1889 4618 3482 4694">
    <p class='ocr_par' dir='ltr' id='par_1_109' title="bbox 1889 4618 3482 4694">
     <span class='ocr_line' id='line_1_109' title="bbox 1889 4618 3482 4694; baseline 0.004 -21"><span class='ocrx_word' id='word_1_854' title='bbox 1889 4618 2227 4675; x_wconf 84' lang='lat' dir='ltr'><strong>divinitatis:</strong></span> <span class='ocrx_word' id='word_1_855' title='bbox 2284 4619 2449 4675; x_wconf 88' lang='lat' dir='ltr'><strong>habet</strong></span> <span class='ocrx_word' id='word_1_856' title='bbox 2489 4628 2545 4676; x_wconf 92' lang='lat' dir='ltr'><strong>et</strong></span> <span class='ocrx_word' id='word_1_857' title='bbox 2588 4620 2864 4690; x_wconf 89' lang='lat' dir='ltr'><strong>Spiritus;</strong></span> <span class='ocrx_word' id='word_1_858' title='bbox 2905 4623 3030 4692; x_wconf 88' lang='lat' dir='ltr'><strong>quia</strong></span> <span class='ocrx_word' id='word_1_859' title='bbox 3057 4622 3318 4694; x_wconf 89' lang='lat' dir='ltr'><strong>scriptum</strong></span> <span class='ocrx_word' id='word_1_860' title='bbox 3350 4633 3482 4680; x_wconf 89' lang='lat' dir='ltr'><strong>est:</strong></span> 
     </span>
    </p>
   </div>
   <div class='ocr_carea' id='block_1_110' title="bbox 1890 4709 3475 4787">
    <p class='ocr_par' dir='ltr' id='par_1_110' title="bbox 1890 4709 3475 4787">
     <span class='ocr_line' id='line_1_110' title="bbox 1890 4709 3475 4787; baseline 0.003 -22"><span class='ocrx_word' id='word_1_861' title='bbox 1890 4709 2122 4783; x_wconf 87' lang='lat' dir='ltr'><strong>Spiritus</strong></span> <span class='ocrx_word' id='word_1_862' title='bbox 2151 4712 2352 4766; x_wconf 75' lang='lat' dir='ltr'><strong>divinus</strong></span> <span class='ocrx_word' id='word_1_863' title='bbox 2375 4712 2464 4783; x_wconf 89' lang='lat' dir='ltr'><strong>qui</strong></span> <span class='ocrx_word' id='word_1_864' title='bbox 2491 4722 2567 4767; x_wconf 89' lang='lat' dir='ltr'><strong>est</strong></span> <span class='ocrx_word' id='word_1_865' title='bbox 2593 4713 2649 4766; x_wconf 88' lang='lat' dir='ltr'><strong>in</strong></span> <span class='ocrx_word' id='word_1_866' title='bbox 2669 4711 2880 4767; x_wconf 89' lang='lat' dir='ltr'><strong>naribus</strong></span> <span class='ocrx_word' id='word_1_867' title='bbox 2902 4714 3025 4768; x_wconf 90' lang='lat' dir='ltr'><strong>meis</strong></span> <span class='ocrx_word' id='word_1_868' title='bbox 3050 4712 3215 4786; x_wconf 82' lang='lat' dir='ltr'><strong>(Job.</strong></span> <span class='ocrx_word' id='word_1_869' title='bbox 3246 4731 3380 4782; x_wconf 83' lang='lat' dir='ltr'><strong>xvn,</strong></span> <span class='ocrx_word' id='word_1_870' title='bbox 3396 4714 3475 4787; x_wconf 79' lang='grc'><strong>5).</strong></span> 
     </span>
    </p>
   </div>
   <div class='ocr_carea' id='block_1_111' title="bbox 1961 4802 3479 4873">
    <p class='ocr_par' dir='ltr' id='par_1_111' title="bbox 1961 4802 3479 4873">
     <span class='ocr_line' id='line_1_111' title="bbox 1961 4802 3479 4873; baseline 0.004 -16"><span class='ocrx_word' id='word_1_871' title='bbox 1961 4803 2086 4859; x_wconf 85' lang='grc'><strong>146.</strong></span> <span class='ocrx_word' id='word_1_872' title='bbox 2131 4802 2306 4859; x_wconf 85' lang='lat' dir='ltr'><strong>Habet</strong></span> <span class='ocrx_word' id='word_1_873' title='bbox 2349 4804 2489 4859; x_wconf 87' lang='lat' dir='ltr'><strong>Deus</strong></span> <span class='ocrx_word' id='word_1_874' title='bbox 2536 4813 2597 4859; x_wconf 90' lang='lat' dir='ltr'><strong>ut</strong></span> <span class='ocrx_word' id='word_1_875' title='bbox 2644 4812 2916 4860; x_wconf 90' lang='lat' dir='ltr'><strong>scrutetur</strong></span> <span class='ocrx_word' id='word_1_876' title='bbox 2951 4805 3117 4861; x_wconf 89' lang='lat' dir='ltr'><strong>corda</strong></span> <span class='ocrx_word' id='word_1_877' title='bbox 3172 4814 3229 4862; x_wconf 91' lang='lat' dir='ltr'><strong>et</strong></span> <span class='ocrx_word' id='word_1_878' title='bbox 3286 4822 3479 4873; x_wconf 88' lang='lat' dir='ltr'><strong>renes;</strong></span> 
     </span>
    </p>
   </div>
   <div class='ocr_carea' id='block_1_112' title="bbox 1885 4894 3476 4969">
    <p class='ocr_par' dir='ltr' id='par_1_112' title="bbox 1885 4894 3476 4969">
     <span class='ocr_line' id='line_1_112' title="bbox 1885 4894 3476 4969; baseline -0.001 -18"><span class='ocrx_word' id='word_1_879' title='bbox 1885 4896 2011 4968; x_wconf 88' lang='lat' dir='ltr'><strong>quia</strong></span> <span class='ocrx_word' id='word_1_880' title='bbox 2033 4894 2297 4965; x_wconf 90' lang='lat' dir='ltr'><strong>scriptum</strong></span> <span class='ocrx_word' id='word_1_881' title='bbox 2321 4904 2405 4952; x_wconf 90' lang='lat' dir='ltr'><strong>est</strong></span> <span class='ocrx_word' id='word_1_882' title='bbox 2427 4913 2442 4949; x_wconf 94' lang='lat'><strong>:</strong></span> <span class='ocrx_word' id='word_1_883' title='bbox 2465 4894 2606 4950; x_wconf 84' lang='lat' dir='ltr'><strong>Deus</strong></span> <span class='ocrx_word' id='word_1_884' title='bbox 2623 4906 2858 4951; x_wconf 85' lang='lat' dir='ltr'><strong>scrutans</strong></span> <span class='ocrx_word' id='word_1_885' title='bbox 2884 4897 3042 4951; x_wconf 89' lang='lat' dir='ltr'><strong>corda</strong></span> <span class='ocrx_word' id='word_1_886' title='bbox 3067 4906 3115 4951; x_wconf 91' lang='lat' dir='ltr'><strong>et</strong></span> <span class='ocrx_word' id='word_1_887' title='bbox 3138 4914 3283 4952; x_wconf 88' lang='lat' dir='ltr'><strong>renes</strong></span> <span class='ocrx_word' id='word_1_888' title='bbox 3303 4897 3476 4969; x_wconf 86' lang='lat' dir='ltr'><strong>(Psal.</strong></span> 
     </span>
    </p>
   </div>
   <div class='ocr_carea' id='block_1_113' title="bbox 1886 4985 3480 5060">
    <p class='ocr_par' dir='ltr' id='par_1_113' title="bbox 1886 4985 3480 5060">
     <span class='ocr_line' id='line_1_113' title="bbox 1886 4985 3480 5060; baseline -0.001 -17"><span class='ocrx_word' id='word_1_889' title='bbox 1886 5004 1981 5053; x_wconf 85' lang='lat' dir='ltr'><strong>vtt,</strong></span> <span class='ocrx_word' id='word_1_890' title='bbox 2008 4987 2115 5058; x_wconf 88' lang='lat' dir='ltr'><strong>I0).</strong></span> <span class='ocrx_word' id='word_1_891' title='bbox 2138 4985 2313 5041; x_wconf 82' lang='lat' dir='ltr'><strong>Habet</strong></span> <span class='ocrx_word' id='word_1_892' title='bbox 2331 4995 2388 5042; x_wconf 90' lang='lat' dir='ltr'><strong>et</strong></span> <span class='ocrx_word' id='word_1_893' title='bbox 2416 4986 2620 5054; x_wconf 84' lang='lat' dir='ltr'><strong>Filius,</strong></span> <span class='ocrx_word' id='word_1_894' title='bbox 2652 4988 2745 5058; x_wconf 89' lang='lat' dir='ltr'><strong>qui</strong></span> <span class='ocrx_word' id='word_1_895' title='bbox 2772 4988 3020 5043; x_wconf 89' lang='lat' dir='ltr'><strong>dicebat:</strong></span> <span class='ocrx_word' id='word_1_896' title='bbox 3056 4990 3196 5055; x_wconf 83' lang='lat' dir='ltr'><strong>Quid</strong></span> <span class='ocrx_word' id='word_1_897' title='bbox 3239 4990 3480 5060; x_wconf 84' lang='lat' dir='ltr'><strong>cogitatis</strong></span> 
     </span>
    </p>
   </div>
   <div class='ocr_carea' id='block_1_114' title="bbox 1884 5079 3481 5152">
    <p class='ocr_par' dir='ltr' id='par_1_114' title="bbox 1884 5079 3481 5152">
     <span class='ocr_line' id='line_1_114' title="bbox 1884 5079 3481 5152; baseline -0.001 -17"><span class='ocrx_word' id='word_1_898' title='bbox 1884 5082 1941 5135; x_wconf 92' lang='lat' dir='ltr'><strong>in</strong></span> <span class='ocrx_word' id='word_1_899' title='bbox 1968 5079 2204 5135; x_wconf 89' lang='lat' dir='ltr'><strong>cordibus</strong></span> <span class='ocrx_word' id='word_1_900' title='bbox 2226 5080 2406 5133; x_wconf 81' lang='lat' dir='ltr'><strong>vestris</strong></span> <span class='ocrx_word' id='word_1_901' title='bbox 2436 5080 2574 5133; x_wconf 86' lang='lat' dir='ltr'><strong>mala</strong></span> <span class='ocrx_word' id='word_1_902' title='bbox 2606 5079 2823 5149; x_wconf 74' lang='lat' dir='ltr'><strong>(Matth.</strong></span> <span class='ocrx_word' id='word_1_903' title='bbox 2852 5096 2927 5144; x_wconf 74' lang='grc' dir='ltr'><strong>ιι.</strong></span> <span class='ocrx_word' id='word_1_904' title='bbox 2956 5080 3014 5152; x_wconf 80' lang='grc'><strong>4)</strong></span> <span class='ocrx_word' id='word_1_905' title='bbox 3041 5083 3064 5136; x_wconf 84' lang='lat'><strong>?</strong></span> <span class='ocrx_word' id='word_1_906' title='bbox 3088 5080 3310 5136; x_wconf 89' lang='lat' dir='ltr'><strong>Sciebat</strong></span> <span class='ocrx_word' id='word_1_907' title='bbox 3334 5081 3481 5135; x_wconf 90' lang='lat' dir='ltr'><strong>enim</strong></span> 
     </span>
    </p>
   </div>
   <div class='ocr_carea' id='block_1_115' title="bbox 1888 5171 3488 5243">
    <p class='ocr_par' dir='ltr' id='par_1_115' title="bbox 1888 5171 3488 5243">
     <span class='ocr_line' id='line_1_115' title="bbox 1888 5171 3488 5243; baseline -0.001 -14"><span class='ocrx_word' id='word_1_908' title='bbox 1888 5172 2049 5229; x_wconf 84' lang='lat' dir='ltr'><strong>Jesus</strong></span> <span class='ocrx_word' id='word_1_909' title='bbox 2097 5172 2461 5243; x_wconf 90' lang='lat' dir='ltr'><strong>cogitationes</strong></span> <span class='ocrx_word' id='word_1_910' title='bbox 2502 5187 2715 5228; x_wconf 90' lang='lat' dir='ltr'><strong>eorum.</strong></span> <span class='ocrx_word' id='word_1_911' title='bbox 2773 5172 2947 5228; x_wconf 85' lang='lat' dir='ltr'><strong>Habet</strong></span> <span class='ocrx_word' id='word_1_912' title='bbox 2991 5183 3046 5229; x_wconf 95' lang='lat' dir='ltr'><strong>et</strong></span> <span class='ocrx_word' id='word_1_913' title='bbox 3096 5171 3363 5241; x_wconf 89' lang='lat' dir='ltr'><strong>Spiritus,</strong></span> <span class='ocrx_word' id='word_1_914' title='bbox 3393 5172 3488 5243; x_wconf 88' lang='lat' dir='ltr'><strong>qui</strong></span> 
     </span>
    </p>
   </div>
   <div class='ocr_carea' id='block_1_116' title="bbox 1892 5262 3492 5338">
    <p class='ocr_par' dir='ltr' id='par_1_116' title="bbox 1892 5262 3492 5338">
     <span class='ocr_line' id='line_1_116' title="bbox 1892 5262 3492 5338; baseline -0.002 -16"><span class='ocrx_word' id='word_1_915' title='bbox 1892 5267 2059 5322; x_wconf 87' lang='lat' dir='ltr'><strong>etiam</strong></span> <span class='ocrx_word' id='word_1_916' title='bbox 2087 5265 2372 5338; x_wconf 89' lang='lat' dir='ltr'><strong>prophetis</strong></span> <span class='ocrx_word' id='word_1_917' title='bbox 2400 5264 2562 5321; x_wconf 88' lang='lat' dir='ltr'><strong>alieni</strong></span> <span class='ocrx_word' id='word_1_918' title='bbox 2585 5263 2767 5321; x_wconf 90' lang='lat' dir='ltr'><strong>cordis</strong></span> <span class='ocrx_word' id='word_1_919' title='bbox 2811 5265 3027 5321; x_wconf 92' lang='lat' dir='ltr'><strong>occulta</strong></span> <span class='ocrx_word' id='word_1_920' title='bbox 3056 5262 3387 5331; x_wconf 88' lang='lat' dir='ltr'><strong>manifestat,</strong></span> <span class='ocrx_word' id='word_1_921' title='bbox 3417 5265 3492 5319; x_wconf 49' lang='lat' dir='ltr'><strong>sia</strong></span> 
     </span>
    </p>
   </div>
   <div class='ocr_carea' id='block_1_117' title="bbox 1891 5443 3489 5517">
    <p class='ocr_par' dir='ltr' id='par_1_117' title="bbox 1891 5443 3489 5517">
     <span class='ocr_line' id='line_1_117' title="bbox 1891 5443 3489 5517; baseline -0.003 -11"><span class='ocrx_word' id='word_1_922' title='bbox 1891 5449 2045 5516; x_wconf 88' lang='lat' dir='ltr'><strong>edit.,</strong></span> <span class='ocrx_word' id='word_1_923' title='bbox 2077 5457 2277 5503; x_wconf 89' lang='lat' dir='ltr'><strong>creator</strong></span> <span class='ocrx_word' id='word_1_924' title='bbox 2302 5458 2378 5504; x_wconf 90' lang='lat' dir='ltr'><strong>est</strong></span> <span class='ocrx_word' id='word_1_925' title='bbox 2413 5448 2673 5515; x_wconf 88' lang='lat' dir='ltr'><strong>omnium,</strong></span> <span class='ocrx_word' id='word_1_926' title='bbox 2707 5444 2859 5501; x_wconf 87' lang='lat' dir='ltr'><strong>Patri</strong></span> <span class='ocrx_word' id='word_1_927' title='bbox 2888 5456 2937 5501; x_wconf 92' lang='lat' dir='ltr'><strong>et</strong></span> <span class='ocrx_word' id='word_1_928' title='bbox 2961 5446 3104 5501; x_wconf 84' lang='lat' dir='ltr'><strong>Filio</strong></span> <span class='ocrx_word' id='word_1_929' title='bbox 3128 5443 3218 5514; x_wconf 89' lang='lat' dir='ltr'><strong>qui</strong></span> <span class='ocrx_word' id='word_1_930' title='bbox 3237 5459 3489 5517; x_wconf 80' lang='lat' dir='ltr'><strong>occpera—</strong></span> 
     </span>
    </p>
   </div>
   <div class='ocr_carea' id='block_1_118' title="bbox 1895 5520 2411 5576">
    <p class='ocr_par' dir='ltr' id='par_1_118' title="bbox 1895 5520 2411 5576">
     <span class='ocr_line' id='line_1_118' title="bbox 1895 5520 2411 5576; baseline -0.006 0"><span class='ocrx_word' id='word_1_931' title='bbox 1895 5531 1975 5576; x_wconf 85' lang='lat' dir='ltr'><strong>ttts</strong></span> <span class='ocrx_word' id='word_1_932' title='bbox 1996 5530 2071 5575; x_wconf 91' lang='lat' dir='ltr'><strong>est</strong></span> <span class='ocrx_word' id='word_1_933' title='bbox 2086 5521 2141 5574; x_wconf 89' lang='lat' dir='ltr'><strong>in</strong></span> <span class='ocrx_word' id='word_1_934' title='bbox 2160 5520 2411 5574; x_wconf 90' lang='lat' dir='ltr'><strong>omnibus.</strong></span> 
     </span>
    </p>
   </div>
   <div class='ocr_carea' id='block_1_119' title="bbox 1970 5586 3020 5660">
    <p class='ocr_par' dir='ltr' id='par_1_119' title="bbox 1970 5586 3020 5660">
     <span class='ocr_line' id='line_1_119' title="bbox 1970 5586 3020 5660; baseline -0.007 -12"><span class='ocrx_word' id='word_1_935' title='bbox 1970 5602 1993 5631; x_wconf 71' lang='grc' dir='ltr'><strong>ο</strong></span> <span class='ocrx_word' id='word_1_936' title='bbox 2025 5590 2137 5647; x_wconf 87' lang='lat' dir='ltr'><strong>Ult.</strong></span> <span class='ocrx_word' id='word_1_937' title='bbox 2170 5591 2301 5646; x_wconf 89' lang='lat' dir='ltr'><strong>edit.</strong></span> <span class='ocrx_word' id='word_1_938' title='bbox 2323 5632 2337 5655; x_wconf 93' lang='lat'><strong>,</strong></span> <span class='ocrx_word' id='word_1_939' title='bbox 2366 5589 2591 5660; x_wconf 83' lang='lat' dir='ltr'><strong>Spiritui</strong></span> <span class='ocrx_word' id='word_1_940' title='bbox 2615 5586 2725 5640; x_wconf 88' lang='lat' dir='ltr'><strong>Deo</strong></span> <span class='ocrx_word' id='word_1_941' title='bbox 2750 5587 3020 5660; x_wconf 58' lang='lat' dir='ltr'><strong>servimus.</strong></span> 
     </span>
    </p>
   </div>
   <div class='ocr_carea' id='block_1_120' title="bbox 1968 5652 3493 5726">
    <p class='ocr_par' dir='ltr' id='par_1_120' title="bbox 1968 5652 3493 5726">
     <span class='ocr_line' id='line_1_120' title="bbox 1968 5652 3493 5726; baseline -0.009 -9"><span class='ocrx_word' id='word_1_942' title='bbox 1968 5659 1995 5699; x_wconf 75' lang='grc' dir='ltr'>ά</span> <span class='ocrx_word' id='word_1_943' title='bbox 2035 5661 2292 5717; x_wconf 81' lang='lat' dir='ltr'><strong>Nonnulli</strong></span> <span class='ocrx_word' id='word_1_944' title='bbox 2326 5652 2490 5723; x_wconf 70' lang='lat' dir='ltr'><strong>mss.,</strong></span> <span class='ocrx_word' id='word_1_945' title='bbox 2520 5658 2693 5726; x_wconf 83' lang='lat' dir='ltr'><strong>utique</strong></span> <span class='ocrx_word' id='word_1_946' title='bbox 2727 5652 2977 5726; x_wconf 12' lang='lat' dir='ltr'><strong>cum‘Deo</strong></span> <span class='ocrx_word' id='word_1_947' title='bbox 3001 5658 3271 5720; x_wconf 80' lang='lat' dir='ltr'><strong>servimus;</strong></span> <span class='ocrx_word' id='word_1_948' title='bbox 3301 5657 3493 5714; x_wconf 85' lang='lat' dir='ltr'><strong>adora.</strong></span> 
     </span>
    </p>
   </div>
   <div class='ocr_carea' id='block_1_121' title="bbox 1902 5724 3352 5803">
    <p class='ocr_par' dir='ltr' id='par_1_121' title="bbox 1902 5724 3352 5803">
     <span class='ocr_line' id='line_1_121' title="bbox 1902 5724 3352 5803; baseline -0.005 -16"><span class='ocrx_word' id='word_1_949' title='bbox 1902 5743 1986 5789; x_wconf 87' lang='lat' dir='ltr'><strong>tur</strong></span> <span class='ocrx_word' id='word_1_950' title='bbox 2008 5733 2096 5803; x_wconf 88' lang='lat' dir='ltr'><strong>qui</strong></span> <span class='ocrx_word' id='word_1_951' title='bbox 2122 5733 2176 5785; x_wconf 93' lang='lat' dir='ltr'><strong>in</strong></span> <span class='ocrx_word' id='word_1_952' title='bbox 2201 5729 2463 5802; x_wconf 83' lang='lat' dir='ltr'><strong>prophetis</strong></span> <span class='ocrx_word' id='word_1_953' title='bbox 2490 5737 2584 5794; x_wconf 85' lang='lat' dir='ltr'><strong>est,</strong></span> <span class='ocrx_word' id='word_1_954' title='bbox 2609 5724 2670 5778; x_wconf 82' lang='lat' dir='ltr'><strong>id</strong></span> <span class='ocrx_word' id='word_1_955' title='bbox 2696 5735 2794 5793; x_wconf 87' lang='lat' dir='ltr'><strong>est,</strong></span> <span class='ocrx_word' id='word_1_956' title='bbox 2826 5724 3059 5794; x_wconf 85' lang='lat' dir='ltr'><strong>Spiritus</strong></span> <span class='ocrx_word' id='word_1_957' title='bbox 3081 5728 3352 5782; x_wconf 87' lang='lat' dir='ltr'><strong>adoratur.</strong></span> 
     </span>
    </p>
   </div>
   <div class='ocr_carea' id='block_1_122' title="bbox 2992 5892 3073 5953">
    <p class='ocr_par' dir='ltr' id='par_1_122' title="bbox 2992 5892 3073 5953">
     <span class='ocr_line' id='line_1_122' title="bbox 2992 5892 3073 5953; baseline 0 0"><span class='ocrx_word' id='word_1_958' title='bbox 2992 5892 3073 5953; x_wconf 76' lang='grc'>26</span> 
     </span>
    </p>
   </div>
  </div>
