4014 6290
525 290 628 352 811

1895 280 2143 338 SANCTI
2178 281 2509 342 AMBROSII

3694 287 3793 343 iii‘

524 418 618 465 cut
648 419 813 475 supra
849 402 1090 458 diximus
1115 397 1259 473 (Lib.
1292 413 1352 465 u,
1371 414 1419 453 c.
1452 397 1561 469 i5),
1584 396 1712 466 quia
1758 396 1973 451 occulta
2005 408 2130 450 cor-
2157 405 2209 468 Α
2236 398 2676 468 recognoscimus
2704 399 3027 469 potestatis?
3046 400 3141 457 Sie
3161 399 3645 470 suscitatSpiritus.
3667 401 3784 457 sicut

526 500 614 558 dis
642 499 763 570 ejus
788 494 1078 552 manifesta
1105 492 1263 549 iiunt.
1315 492 1381 547 Et
1408 489 1542 561 quid
1573 490 1837 545 miramur
1864 487 1915 545 si
1956 488 2133 543 homi-

527 609 658 650 num
687 599 966 650 scrutatur
991 587 1227 653 occulta,
1259 585 1349 656 qui
1389 592 1664 642 scrutatur
1708 582 1873 639 etiam
1900 581 2012 637 alta
2036 581 2130 638 Dei

536 685 743 759 (lCor.
779 702 841 753 tt,
868 683 1004 754 10)?

603 780 732 837 147.
773 777 947 834 Habet
978 776 1120 832 Deus
1152 783 1209 829 ut
1239 787 1402 829 veras
1431 772 1535 837 sit;
1568 772 1694 842 quia
1719 771 1983 842 scriptum
2013 778 2128 826 est:

529 875 619 932 Sit
666 884 837 930 autem
864 872 1004 929 Deus
1049 885 1224 937 uerax,
1270 869 1435 924 omnis
1481 878 1656 923 autem
1705 868 1858 923 homo
1899 867 2130 922 mendas:

531 966 714 1039 (Rom.
738 982 828 1032 ιιι.
856 965 937 1034 4).
968 964 1037 1019 Et
1068 961 1199 1018 alibi
1244 962 1511 1032 scriptum
1551 970 1678 1018 est:
1724 959 1925 1017 Fidelis
1962 958 2127 1025 Deus,

534 1062 625 1133 qui
662 1077 766 1116 neu
792 1059 1037 1115 meum
1066 1056 1205 1129 (Tit.
1238 1073 1275 1120 ι,
1301 1056 1382 1127 3).
1415 1055 1685 1123 Numquid
1720 1059 1984 1113 mentitur
2008 1056 2132 1126 Spi-

538 1157 713 1222 ritus,
738 1153 831 1224 qui
869 1162 954 1208 est
973 1150 1208 1221 Spiritus
1238 1150 1516 1216 veritatis;
1545 1149 1715 1205 immo
1742 1164 1905 1220 quem
1942 1148 2133 1204 docui—

542 1263 665 1303 mus
708 1245 991 1301 veritatem
1022 1242 1257 1308 dictum;
1290 1243 1417 1313 quia
1445 1253 1498 1298 et
1524 1247 1703 1312 ipsum
1729 1242 1972 1298 Joannes
1991 1242 2133 1297 veri-

524 1347 696 1400 tatem
732 1338 876 1393 sicut
904 1335 1101 1391 Filium
1129 1334 1459 1404 nuncupavit
1491 1333 1673 1406 (loon.
1700 1346 1814 1399 svr,
1839 1333 1966 1406 13)?
1989 1333 2056 1389 Et
2077 1334 2131 1390 in

525 1432 738 1505 psalmo
779 1432 856 1486 ait
882 1428 1088 1484 David:
1123 1427 1317 1482 Emitte
1353 1428 1519 1481 lucem
1571 1436 1754 1491 tuam,
1787 1435 1838 1483 et
1865 1428 2132 1482 ueritatem

526 1536 708 1588 tuam;
734 1524 849 1594 ipsa
875 1538 956 1576 me
993 1521 1342 1586 deduxerunt,
1366 1531 1413 1574 et
1452 1520 1784 1575 adduxth
1821 1520 1879 1575 in
1907 1528 2131 1575 matrum

524 1629 760 1676 sanctum
801 1628 969 1679 tuam,
1004 1626 1051 1670 et
1076 1616 1130 1669 in
1158 1615 1495 1669 tabernacula
1544 1624 1632 1669 tua
1672 1612 1852 1683 (Ptol.
1882 1628 2012 1675 sm.
2044 1613 2127 1680 ὅ).

526 1711 587 1769 Si
621 1708 1094 1781 ιιισθωεοοὴὶε
1122 1705 1320 1762 Filium
1354 1717 1534 1776 putas,
1559 1721 1694 1777 ergo
1723 1706 1965 1776 Spiritus
1991 1703 2133 1759 veri.

2233 502 2288 547 et
2339 491 2604 547 Dominus
2652 492 2707 546 in
2754 492 3012 562 passione
3052 492 3280 564 propria
3334 491 3634 557 suscitavit;
3682 508 3785 548 cum

2232 585 2414 641 subito
2441 585 2495 640 in
2527 596 2807 643 momento
2854 584 2999 641 oculi
3026 582 3415 643 delunctorum
3455 584 3686 653 sepulcra
3711 600 3788 654 pa—

2234 684 2488 744 tuerunt,
2524 683 2582 732 et
2622 675 2860 732 rediviva
2890 690 3135 748 corpora.
3164 691 3462 732 surrexere
3506 675 3574 732 de
3598 676 3789 733 tumulis

2233 769 2451 845 (lattlt.
2481 785 2652 839 ssvtt,
2677 769 2793 843 53),
2812 772 3116 842 mortisque
3134 771 3312 829 ietore
3337 769 3589 833 deterso,
3607 784 3669 825 ae
3687 770 3789 825 vita

2229 867 2402 925 odore
2436 880 2691 940 reparato
2706 910 2732 953 ρ
2778 869 3180 940 exspirantium
3212 866 3451 925 .taville
3504 866 3789 938 spirantium

2232 960 2426 1018 faciem
2456 971 2802 1031 receperunt.

2306 1054 2433 1110 152.
2478 1054 2650 1110 Habet
2676 1067 2809 1126 ergo
2837 1053 3110 1124 Spiritus,
3146 1052 3296 1121 quod
3328 1052 3499 1113 habet
3541 1050 3788 1108 Christus:

2235 1146 2399 1203 habet
2416 1145 2582 1218 igitur
2604 1146 2748 1217 quod
2764 1145 2929 1202 habet
2959 1144 3123 1211 Duos;
3140 1146 3267 1216 quia
3299 1145 3483 1200 ouilia
3515 1158 3634 1214 qua
3658 1143 3795 1200 habet

2233 1237 2419 1305 Pater,
2452 1238 2612 1296 habet
2656 1247 2713 1295 et
2753 1237 2963 1305 Filius;
2996 1238 3233 1307 ideoque
3260 1237 3400 1293 dixit
3429 1255 3444 1291 :
3480 1237 3661 1293 Omnia
3698 1252 3795 1306 qua

2234 1333 2385 1389 liabet
2408 1330 2591 1397 Pater,
2613 1347 2729 1389 lusa
2756 1341 2878 1389 sunt
2905 1331 3087 1404 (Joun.
3121 1345 3233 1398 an,
3257 1329 3374 1402 15).

2834 1482 3064 1544 CAPUT
3102 1486 3223 1542 XX.

2234 1595 3797 1665 InﬁmsimdesedeDeiprmteﬁguraufuisaeSﬁﬁtus

2295 1684 2478 1747 sancti;
2502 1696 2592 1748 per
2608 1697 2761 1753 aquas
2782 1696 2895 1736 vero
2910 1696 3032 1750 quas
3055 1679 3213 1734 David
3227 1688 3483 1749 memorat,
3502 1680 3701 1735 calata
3715 1679 3796 1732 sir-

522 1814 608 1861 tas
634 1815 758 1860 est:
788 1761 1181 1859 aursi'it‘ilium
1213 1761 1374 1872 putas
1401 1761 1716 1868 veritate‘in,
1736 1761 1870 1871 ergo
1891 1799 2130 1870 Spiritus

2293 1774 2415 1819 tutes
2453 1764 2721 1831 designari.
2755 1770 2973 1832 Regnum
3013 1765 3103 1816 Dei
3140 1778 3259 1828 opus
3299 1776 3405 1816 esse
3441 1761 3648 1825 Spiritus
3683 1775 3797 1813 :uec

2294 1850 2469 1872 μέμυ..
2511 1847 2551 1872 ,2
2570 1847 2645 1872 l..'-
2662 1847 2792 1872 ἕλη...
2812 1854 3065 1872 -.ι-...υ-..ηι
3088 1860 3191 1872 μυ...
3216 1844 3339 1872 ικηη
3381 1846 3571 1872 ηιμ-..ΑΛ
3585 1859 3665 1872 ευ..
3685 1843 3797 1872 ..ει-ιι

734 1938 745 1952 Ι
764 1986 940 2041 liabet
974 1985 1122 2040 Deus
1166 1998 1365 2041 nomen
1408 1999 1577 2054 super
1624 1998 1787 2038 omne
1817 1996 2042 2048 nomen,
2071 1993 2129 2039 et

524 2078 677 2136 dedit
729 2078 871 2134 Filio
893 2092 1132 2143 nomen;
1163 2077 1305 2132 sicut
1354 2074 1789 2149 iegimus(Phil.
1823 2091 1885 2141 ιι,
1933 2076 2013 2146 9),
2064 2082 2129 2130 ut

524 2186 721 2228 omnes
748 2173 804 2227 in
855 2172 1078 2227 nomine
1101 2170 1231 2227 Jesu
1260 2184 1435 2242 genua
1461 2170 1704 2225 ﬂectant.
1758 2169 1874 2224 Hoc
1923 2182 2126 2225 nomen

524 2276 711 2321 utrum
750 2265 951 2320 habeat
988 2264 1225 2334 Spiritus
1253 2262 1695 2319 consideremus.
1756 2262 1868 2318 Sed
1900 2272 1957 2317 et
1991 2262 2123 2317 serio

523 2370 675 2429 ptum
707 2367 827 2414 est:
879 2356 994 2425 ite,
1034 2357 1297 2427 boptisate
1335 2358 1599 2427 gentesitt
1621 2355 1829 2410 nomine
1857 2354 2032 2410 Patris
2078 2362 2129 2411 et

527 2448 660 2507 Filii
686 2460 734 2505 et
782 2450 1013 2522 Spiritus
1044 2450 1210 2503 sancti
1257 2446 1453 2521 (Marc.
1485 2463 1595 2513 xu,
1624 2447 1734 2521 15).
1769 2448 1944 2503 liabet
1996 2464 2128 2519 ergo

526 2556 729 2601 nomen
758 2556 926 2613 super
953 2557 1119 2598 omne
1147 2554 1369 2598 nomen.
1392 2540 1550 2610 Quod
1586 2554 1723 2613 ergo
1766 2541 1931 2597 habet
1965 2541 2129 2597 Pater

528 2646 586 2695 et
609 2636 813 2707 Filius,
838 2635 1013 2693 habet
1053 2642 1105 2693 et
1144 2636 1381 2706 Spiritus
1429 2650 1528 2706 per
1574 2634 1838 2691 naturaiis
1886 2634 2128 2692 nominis

526 2730 811 2785 unitatem.

603 2820 728 2878 149.
768 2820 949 2897 [Alias
991 2838 1110 2893 cap.
1138 2816 1286 2893 XX]
1338 2816 1511 2877 Habet
1550 2816 1693 2876 Deus
1730 2821 1872 2892 quod
1902 2820 2130 2876 suscitat

526 2925 776 2972 mortuos
801 2933 814 2968 :
846 2912 995 2972 Sicut
1018 2915 1164 2972 enim
1193 2914 1355 2969 Pater
1375 2914 1589 2969 suscitat
1619 2923 1854 2970 mortuos
1890 2914 1935 2968 et
1963 2914 2128 2985 vivi/i-

525 3018 609 3064 cat
636 3023 656 3063 :
683 3009 760 3063 sic
793 3016 842 3063 et
886 3006 1058 3063 Filius
1084 3024 1219 3079 quos
1265 3007 1402 3073 vult,
1448 3008 1676 3076 vitii/ictu
1700 3005 1889 3080 (Joan.
1922 3023 1978 3075 v,
2007 3006 2123 3078 21).

523 3097 762 3156 Suscitat
786 3107 968 3154 autem
999 3084 1162 3155 etiam
1185 3098 1449 3168 Spiritus,
1473 3113 1571 3168 per
1592 3114 1757 3169 quem
1785 3100 1926 3155 Deus
1954 3099 2127 3156 susci-

2294 1850 2490 1912 mirum,
2508 1847 2551 1901 si
2566 1847 2645 1899 hic
2662 1847 2794 1899 idem
2808 1854 3065 1913 conregnet
3083 1860 3191 1897 cum
3210 1844 3358 1911 Filio,
3378 1846 3571 1912 quando
3583 1859 3665 1897 nos
3681 1843 3801 1901 etim

2293 1932 2421 1985 Filio
2442 1940 2819 1999 conregnaturos
2838 1929 3084 1997 promiuat
3105 1925 3316 1981 Paulus.

2302 2082 2428 2139 iss.
2456 2080 2629 2153 [Alias
2655 2096 2775 2150 cup.
2798 2078 2972 2153 χιι]
2997 2078 3107 2136 Nee
3140 2077 3277 2134 illud
3328 2077 3639 2145 mediocre,
3666 2076 3797 2147 quod

2227 2174 2296 2231 de
2319 2174 2517 2230 throno
2535 2174 2629 2230 Dei
2654 2174 2807 2229 exine
2831 2172 3056 2228 ﬂuvium
3080 2172 3333 2242 legimus.
3355 2171 3451 2227 Sic
3468 2170 3611 2227 enim
3632 2169 3801 2233 habes.

2225 2266 2387 2339 απ
2412 2266 2632 2323 dicente
2676 2264 2887 2322 Joanne
2919 2264 3260 2335 evangelista
3293 2282 3308 2319 :
3340 2261 3410 2319 Et
3451 2262 3668 2319 ostendit
3694 2260 3803 2317 mihi

2227 2359 2421 2429 ﬂumen
2456 2373 2608 2429 aqua
2646 2358 2799 2423 uiae,
2838 2356 3173 2427 splendidum
3208 2366 3472 2423 “usquam
3499 2354 3799 2426 multum

2229 2450 2510 2522 procedens
2538 2452 2605 2506 de
2631 2452 2754 2506 sede
2772 2448 2873 2505 Dei
2898 2459 2946 2505 et
2983 2450 3142 2521 agni:
3172 2450 3228 2504 in
3265 2448 3436 2504 medio
3480 2447 3661 2515 ριωω
3683 2448 3801 2517 ἡκ.

2226 2554 2275 2599 et
2303 2558 2367 2599 ets
2386 2555 2608 2615 utraque
2626 2553 2779 2616 parte
2800 2544 3003 2612 ligasset
3033 2543 3168 2608 uita,
3190 2541 3392 2611 facietis
3415 2542 3614 2612 fruetus
3633 2538 3802 2595 duode-

2227 2639 2359 2702 oius,
2406 2650 2500 2704 per
2543 2635 2779 2705 singulos
2822 2649 3023 2689 tumes
3048 2632 3274 2688 reddens
3299 2635 3531 2702 fructum
3557 2645 3739 2695 suum,
3765 2638 3805 2683 et

2226 2729 2357 2799 [alia
2384 2728 2514 2800 ligni
2540 2728 2610 2783 ad
2630 2726 2943 2783 medicinam
2961 2727 3193 2782 omnium
3212 2725 3451 2797 gentium
3468 2723 3661 2795 (Apoc.
3683 2735 3803 2787 snt,

2230 2822 2281 2887 i,
2306 2819 2396 2889 2).

2298 2910 2424 2969 154.
2471 2911 2568 2969 ilio
2590 2919 2680 2967 est
2706 2911 2896 2980 utique
2923 2908 3122 2967 ﬂuvius
3140 2908 3323 2966 deDei
3342 2906 3476 2967 sede
3496 2904 3802 2977 procede-5,

2227 3003 2333 3059 hoc
2361 3011 2467 3067 est.
2497 3002 2737 3073 Spiritus
2760 3011 3004 3069 sanctus,
3040 3017 3204 3072 quem
3250 3000 3390 3065 bibit
3414 3000 3504 3072 qui
3548 2999 3720 3056 credit
3752 2998 3801 3058 in

2226 3094 2504 3153 Christum
2528 3136 2545 3163 ,
2571 3095 2711 3151 sicut
2746 3095 2866 3165 ipse
2890 3095 3001 3153 ait:
3026 3092 3088 3149 Si
3108 3094 3227 3163 quis
3266 3094 3403 3160 sitit,
3431 3092 3600 3147 variat
3628 3092 3697 3147 ad
3721 3104 3805 3153 Its,

528 3200 642 3260 tat,
664 3195 789 3263 quia
810 3194 1073 3263 scriptum
1096 3201 1181 3249 est
1205 3208 1219 3247 :
1262 3191 1552 3260 Viviﬁcaltit
1574 3202 1625 3247 et
1642 3192 1886 3247 mortalia
1909 3198 2130 3261 corpora
2155 3171 2201 3240 C
2232 3198 2282 3246 et
2310 3190 2448 3247 bibat
2476 3206 2495 3245 :
2520 3190 2625 3257 Qui
2645 3190 2807 3246 erudit
2832 3190 2889 3244 in
2923 3205 3036 3255 me,
3064 3190 3203 3247 sicut
3250 3188 3378 3245 dicit
3400 3187 3697 3257 Scriptura,
3722 3186 3811 3255 μ-

528 3295 700 3341 oestra
718 3284 1134 3355 perhabitantem
1158 3284 1418 3355 Spiritum
1438 3288 1553 3357 ejus
1574 3286 1629 3340 in
1650 3284 1792 3340 vobis
1807 3284 1986 3356 (Rom.
2017 3297 2131 3347 vttt,

2234 3283 2377 3337 tuitus
2401 3281 2467 3337 de
2499 3293 2675 3339 uentre
2701 3282 2817 3352 ἠδη
2853 3282 3014 3352 μου
3041 3296 3192 3351 aqua
3230 3282 3378 3337 uitta.
3407 3279 3521 3339 Hoc
3545 3288 3717 3339 suis!
3736 3277 3809 3331 dio

531 3378 648 3446 11).
683 3376 891 3433 Tamen
950 3393 1022 3432 ne
1072 3377 1344 3432 inﬁmam
1372 3376 1606 3446 gratiam
1640 3386 1827 3447 putes,
1852 3375 1983 3431 audi
2008 3374 2136 3445 quia
2233 3376 2381 3433 cubet
2408 3378 2474 3432 de
2501 3376 2709 3448 Spiritu
2735 3375 2920 3449 (laets.
2952 3391 3049 3444 vss,
3073 3374 3168 3443 37,
3189 3374 3309 3448 58).
3328 3376 3478 3447 Ergo
3496 3373 3702 3431 ﬂumen
3740 3379 3815 3429 est

530 3468 854 3538 et-Sp'tritus
881 3469 1140 3535 suscitat;
1179 3468 1314 3524 dicit
1357 3470 1504 3525 enim
1534 3469 1801 3540 propheta
1844 3468 2132 3525 Ezechiel:

540 3560 695 3626 Veni,
729 3560 985 3632 Spiritus,
1014 3574 1060 3616 et
1088 3563 1305 3634 intuma
1334 3564 1387 3617 in
1409 3572 1640 3618 mortuos
1680 3564 1809 3620 istos
1828 3605 1844 3630 ,
1873 3573 1922 3618 et
1948 3564 2136 3637 visent.
2202 3586 2214 3598 -

540 3651 609 3706 Et
626 3652 927 3723 prophetam
953 3653 1084 3707 sicut
1117 3655 1381 3709 mandavit
1426 3656 1574 3718 mihi.
1621 3665 1668 3710 et
1696 3657 1908 3711 intrarit
1952 3657 2007 3711 in
2051 3672 2140 3712 eos

541 3741 774 3812 Spiritus
803 3743 936 3810 uitta,
970 3752 1017 3797 et
1042 3744 1300 3811 uixerunt,
1329 3756 1376 3801 et
1413 3756 1655 3801 steterunt
1679 3747 1735 3801 in
1781 3746 1995 3817 pedibus
2033 3746 2141 3803 suis

543 3842 571 3871 α
600 3835 931 3905 congregatio
962 3836 1115 3890 nimis
1157 3838 1320 3893 multa
1358 3838 1584 3910 (Eseclt.
1608 3854 1818 3907 nam,
1844 3838 1903 3905 9,
1932 3840 2044 3911 10).
2075 3841 2143 3896 Et

537 3930 684 3988 infra
710 3931 859 3989 Deus
876 3931 1042 3987 dicit:
1086 3932 1273 3989 Scietis
1298 3934 1439 4005 quod
1468 3951 1561 4006 ego
1587 3950 1701 3991 sunt
1722 3933 1999 4001 Dominus,
2026 3952 2143 3990 euut

538 4025 773 4096 aperiam
799 4024 1039 4095 septdcrs
1057 4035 1225 4081 vestra
1248 4043 1270 4093 ;
1294 4036 1351 4081 ut
1377 4027 1593 4083 educam
1618 4027 1684 4083 de
1706 4028 1959 4096 sepulcris
1980 4043 2145 4099 popu-

542 4118 651 4172 lum
684 4132 900 4172 meum:
925 4128 971 4172 et
992 4116 1128 4172 dabo
1151 4116 1409 4188 Spiritum
1432 4134 1603 4173 nteant
1653 4120 1706 4173 in
1734 4134 1846 4186 vos,
1875 4128 1922 4173 et
1968 4120 2148 4175 vinetis

550 4208 740 4280 (lbid.,
774 4209 862 4274 ιδ,
898 4210 1009 4280 tt).

621 4301 747 4357 150.
780 4298 979 4370 Utique
998 4315 1121 4356 cum
1139 4300 1400 4373 Spiritum
1440 4318 1598 4358 suum
1637 4302 1858 4371 dixerit,
1886 4303 2150 4374 numquid

550 4393 717 4447 alium
747 4401 942 4463 praeter
972 4392 1236 4464 Spiritum
1268 4404 1517 4450 sanctum
1549 4398 1915 4465 nuncupavit?
1961 4396 2151 4468 Neque

549 4484 697 4539 enim
724 4482 946 4539 ﬂatilcm
976 4485 1229 4556 spiritum
1256 4501 1412 4542 suum
1442 4487 1674 4553 diceret,
1724 4503 1828 4545 nec
1857 4489 1942 4546 hic
1984 4490 2149 4561 spiri-

2238 3466 2499 3536 Spiritus.

2313 3560 2437 3617 t55.
2480 3560 2577 3617 liis
2594 3560 2763 3631 igitur
2777 3569 2863 3616 est
2893 3561 2947 3619 ia
2970 3561 3068 3619 Dei
3096 3559 3263 3625 sede;
3295 3574 3478 3631 neque
3503 3559 3653 3617 enim
3688 3571 3812 3625 sua

2239 3655 2412 3712 abluit
2436 3654 2531 3710 Dei
2557 3655 2766 3713 sedem.
2799 3655 3044 3726 Denique
3074 3652 3244 3711 David
3293 3667 3407 3710 non
3436 3667 3601 3720 supra
3643 3650 3812 3708 sede-

2242 3748 2338 3806 Dei
2374 3749 2545 3816 dixit,
2586 3750 2684 3806 sed
2729 3763 2893 3817 supra
2940 3750 3119 3807 eiulas
3158 3763 3308 3816 esse,
3360 3745 3814 3819 quaniibetﬂlan

2243 3842 2517 3913 intelligas
2545 3855 2780 3913 equal;
2814 3844 2940 3911 quia
2970 3844 3236 3913 scriptum
3267 3852 3382 3898 est:
3413 3840 3483 3897 Et
3528 3854 3682 3909 apo
3720 3853 3817 3908 quc

2242 3952 2396 4007 super
2408 3936 2561 3993 eiulas
2579 3947 2723 4001 sunt,
2740 3934 2955 3992 laudent
2976 3952 3167 3992 nomen
3180 3933 3396 3991 Domini
3419 3933 3593 4007 (Paul.
3612 3947 3815 3994 cum.

2244 4030 2325 4101 4).
2356 4030 2621 4096 Laudent,
2646 4030 2815 4095 diuit,
2829 4044 2937 4085 nou
2969 4028 3330 4087 Μηδικὴ
3352 4029 3817 4098 siaquceiemes-

2247 4134 2361 4180 tutn
2398 4122 2660 4179 voluisset
2702 4120 2970 4191 intelligi,
3003 4120 3188 4176 laudet
3228 4120 3423 4191 utique
3464 4114 3819 4177 dixinetuio

2247 4216 2424 4274 calide
2439 4223 2627 4272 autem
2654 4214 2953 4284 pluraliter,
2983 4215 3213 4271 virtutes
3232 4213 3410 4271 voluit
3428 4212 3714 4271 restituasi.

2322 4308 2444 4366 156.
2497 4310 2566 4365 Ει
2588 4308 2717 4382 quid
2750 4309 2968 4375 mirum,
2997 4308 3045 4365 si
3067 4312 3120 4365 in
3140 4309 3270 4364 sede
3307 4308 3406 4364 Dei
3436 4308 3677 4378 Spiritus
3712 4320 3821 4361 sau-

2250 4410 2375 4458 ctus
2410 4409 2516 4466 est,
2551 4416 2677 4473 cum
2704 4402 2885 4470 ipsum
2936 4415 3167 4471 regnum
3190 4400 3294 4456 Dei
3325 4401 3574 4470 operatio
3598 4398 3820 4470 Spiritus

2249 4493 2323 4547 sit
2344 4530 2360 4558 ,
2384 4492 2530 4548 sicut
2565 4494 2825 4562 scriptum
2861 4502 2977 4549 est:
3009 4493 3148 4560 Quia
3188 4509 3296 4548 non
3342 4501 3425 4548 est
3468 4508 3693 4565 regnum
3738 4487 3823 4545 Dei

549 4586 642 4632 tus
666 4591 696 4631 a
725 4588 952 4648 quatuor
985 4578 1173 4653 mundi
1202 4591 1389 4649 posset
1418 4582 1605 4636 venire
1633 4581 1981 4649 cardinibus;
2023 4583 2149 4654 quia
2175 4564 2231 4628 Ῑ)
2253 4583 2282 4624 δ
2303 4600 2419 4641 esca
2435 4594 2482 4639 et
2506 4595 2681 4654 potus,
2699 4586 3006 4657 sedjustitia
3035 4596 3083 4640 et
3120 4602 3248 4655 pas,
3277 4595 3331 4641 et
3356 4564 3609 4657 gaudium
3637 4586 3691 4640 in
3720 4584 3824 4652 Spi-

552 4678 839 4724 veutorutn
864 4670 1025 4724 ﬂatus
1053 4671 1162 4737 hic,
1194 4675 1358 4741 queui
1390 4672 1660 4743 videmus,
1689 4674 1863 4745 partis
1894 4691 2002 4731 non
2028 4677 2150 4732 unio

553 4761 830 4818 vet-sitatis
855 4772 939 4818 est
963 4778 982 4817 :
1020 4773 1074 4818 et
1106 4766 1191 4819 hic
1212 4764 1439 4835 Spiritus
1461 4782 1571 4837 quo
1595 4768 1851 4835 vivimus,
1900 4767 2148 4839 singulo-

552 4869 673 4910 rum
724 4868 837 4909 uon
876 4853 1252 4909 universorum
1300 4863 1428 4911 est:
1480 4856 1721 4926 Spiritus
1760 4869 1942 4915 autem
1969 4860 2148 4919 Sancti

552 4953 658 5012 est,
687 4951 748 4998 ut
773 4953 828 4999 et
852 4959 1018 5013 super
1043 4961 1266 5011 omnes,
1290 4957 1345 5002 et
1365 4947 1421 5003 in
1453 4950 1709 5005 omnibus
1737 4951 1832 5005 sit.
1863 4950 2050 5023 Itaque
2079 4968 2145 5011 ex

551 5038 736 5094 verbis
757 5036 1089 5108 propheticis
1110 5050 1359 5110 spectare
1376 5040 1502 5095 licet
1520 5042 1981 5111 quemadmodum
1998 5059 2148 5113 ossa,

550 5130 755 5204 dudum
786 5131 1151 5187 resolutorum
1174 5132 1547 5189 membrorum
1587 5148 1848 5205 compage
1874 5136 2146 5207 dispersa,

549 5223 605 5279 in
636 5224 864 5278 formam
895 5222 1121 5279 redivivi
1149 5208 1429 5295 corporis,
1454 5224 1763 5282 viviﬁcante
1788 5226 2022 5298 Spiritu,
2054 5245 2145 5284 rc-

549 5324 867 5378 vertantur;
898 5323 953 5368 et
981 5315 1031 5367 in
1061 5328 1188 5368 suos
1215 5323 1367 5369 artus
1394 5314 1573 5371 favilla
1601 5329 1952 5384 concrescat,
1981 5336 2146 5375 sensu

548 5407 695 5471 prius
737 5406 976 5463 animata
1011 5405 1281 5471 coeundi,
1316 5421 1484 5475 quam
1512 5408 1698 5478 specie
1736 5408 2031 5465 reformata
2064 5411 2143 5466 vi-

547 5497 730 5551 vendi.

618 5590 735 5644 151.
776 5590 968 5646 Nonne
998 5591 1052 5647 in
1081 5592 1211 5649 iacti
1255 5592 1623 5651 similitudine
1647 5595 1918 5651 unitatem
1939 5596 2134 5655 divina:

618 5772 643 5801 ⁸
683 5766 810 5822 Mss.
843 5768 1067 5841 aliquot,
1091 5776 1505 5844 congregationes
1532 5775 1726 5832 multis.

2250 4678 2355 4732 ritu
2374 4687 2553 4732 sancto
2576 4676 2754 4748 (Rom.
2784 4694 2895 4745 stv,
2927 4679 3018 4748 17)
3042 4678 3065 4731 i
3088 4677 3161 4735 Et
3179 4678 3298 4748 ipse
3321 4693 3449 4734 cum
3471 4677 3604 4734 dicit
3654 4675 3823 4733 Salsa—

2252 4780 2382 4824 tor:
2426 4768 2592 4823 Omne
2633 4786 2845 4840 regnum
2872 4770 2925 4824 in
2968 4786 3022 4826 se
3058 4772 3233 4842 ipsum
3277 4770 3501 4827 diuisam:
3544 4770 3826 4825 desis-uetat

2250 4863 2270 4931 (
2296 4861 2489 4918 Matth.
2524 4879 2618 4930 ut,
2650 4861 2783 4935 25).
2832 4863 3040 4920 Deinde
3084 4863 3432 4934 subiiciendo
3453 4880 3472 4917 :
3522 4862 3679 4929 Quod
3704 4864 3749 4916 si
3778 4858 3824 4911 in

2251 4952 2456 5025 Spiritu
2482 4953 2586 5011 Dei
2628 4971 2720 5026 ego
2759 4956 2914 5024 ejicio
2965 4955 3249 5022 demetrio,
3277 4955 3513 5027 profecto
3536 4953 3827 5027 perndie

2253 5065 2341 5105 eos
2366 5066 2579 5121 regnum
2598 5049 2699 5105 Dei
2721 5049 2911 5120 (lbid.,
2938 5048 3059 5122 38);
3079 5050 3321 5106 ostendit
3336 5065 3560 5123 regnum
3582 5049 3687 5105 Dei
3705 5046 3828 5104 iudi-

2252 5142 2470 5198 viduum
2493 5141 2599 5198 sibi
2629 5156 2756 5197 esse
2781 5156 2906 5197 cum
2934 5142 3165 5211 Spiritu.

2324 5235 2447 5301 157.
2484 5234 2628 5301 Quid
2652 5241 2834 5291 autem
2865 5234 3385 5306 dementius.an
3413 5244 3472 5291 ut
3498 5243 3664 5305 neget
3697 5232 3832 5305 quis-

2249 5342 2411 5397 quam
2448 5327 2669 5382 Christo
2719 5340 3064 5397 conregnare
3105 5326 3364 5397 Spiritqu
3413 5337 3830 5390 snnctum;cutn

2250 5418 2416 5473 etiam
2464 5433 2567 5473 nos
2596 5418 2649 5473 in
2693 5416 2900 5474 Christi
2944 5432 3115 5489 regno
3159 5427 3593 5489 conregnaturos
3622 5415 3829 5471 Christo

2246 5509 2541 5580 Apostolus
2564 5509 2750 5565 dicat:
2782 5508 2844 5566 Si
2864 5511 3000 5565 enim
3026 5511 3332 5565 emortui
3360 5526 3558 5576 sumus,
3582 5517 3635 5564 et
3668 5506 3835 5562 consi-

2244 5614 2441 5669 ttemus;
2467 5602 2513 5657 si
2537 5604 2871 5670 sustinemus,
2900 5613 2946 5659 et
2968 5604 3395 5676 conregnabimus
3416 5603 3485 5675 (ll
3508 5601 3649 5660 Tim.
3672 5617 3734 5669 tt,
3751 5596 3829 5663 11,

2302 5782 2329 5825 ιι
2371 5783 2505 5844 las.
2537 5785 2887 5861 haudpauci,
2913 5802 3036 5845 euro
3066 5796 3118 5845 et
3155 5795 3325 5859 petas.
