4014 6290
1346 293 1434 348 DE
1474 291 1743 348 SPIRITU
1783 287 2055 349 SANCTO
2092 288 2221 346 LIB.
2266 289 2351 345 ill.

3383 301 3491 360 8N

191 399 283 473 13)
314 420 326 454 :
353 401 452 458 sed
484 417 586 456 nos
617 419 716 473 per
743 404 1121 474 adoptionem,
1147 403 1246 460 ille
1287 418 1385 474 per
1427 412 1788 474 potestatem:
1820 405 1874 469 Α
1898 414 1997 456 nec
2021 402 2185 458 linem
2218 402 2401 469 habet,
2428 405 2604 460 omnis
2643 405 2711 462 ab
2753 406 2856 462 hac
2879 409 3188 479 cognitione
3227 403 3483 487 principii

193 508 293 548 nos
313 495 512 562 gratia.
544 495 636 551 ille
663 506 875 552 natura.

267 587 394 642 158.
433 586 612 642 Habet
643 587 806 658 igitur
825 590 1159 644 consortium
1186 589 1336 660 regni
1379 604 1500 644 cum
1535 589 1695 645 Patre
1738 597 1795 646 et
1837 590 1859 606 ‘

194 675 333 730 Filio
357 679 518 732 etiam
543 678 783 748 Spiritus
807 690 1049 745 sanctus,
1072 683 1161 751 qui
1184 683 1344 738 unius
1371 693 1599 747 naturae,
1634 683 1794 738 unius

193 766 605 837 dominationis,
637 773 795 828 unius
816 772 981 827 etiam
1013 775 1295 842 potestatis
1321 783 1422 830 est.

789 863 1017 921 CAPUT
1056 865 1202 921 XXI.

193 954 398 1008 lissam
420 969 453 1006 a
481 955 673 1020 Spiritu
697 956 845 1022 fuisse
868 955 1082 1020 Esaiam,
1111 960 1411 1024 proindeque
1433 962 1655 1012 eumdem
1675 958 1792 1023 Spi-

254 1037 403 1090 ritum
435 1039 496 1090 ab
534 1053 590 1092 co
629 1041 799 1093 risum.
844 1039 972 1104 Quid
1008 1055 1096 1108 per
1132 1050 1378 1096 currentes
1408 1051 1558 1101 rotas,
1595 1043 1796 1110 alasque

254 1123 475 1175 diversas
517 1123 910 1190 intelligendum,
944 1133 989 1177 et
1023 1141 1118 1191 qua
1151 1129 1335 1180 ratione
1365 1143 1476 1180 cum
1509 1127 1723 1192 Spiritus
1763 1143 1795 1180 a

251 1206 515 1271 Seraphim
538 1208 831 1270 praedicetur
859 1210 987 1259 Deus
1006 1211 1233 1272 Sabaoth,
1260 1212 1347 1262 hoc
1371 1211 1416 1263 ei
1434 1226 1603 1264 nomen
1626 1211 1796 1279 negari

253 1287 350 1340 nisi
374 1290 436 1340 ab
461 1289 625 1352 impiis
646 1292 923 1356 neutiquam
942 1293 1105 1356 possit.

267 1391 392 1447 159.
449 1391 637 1464 [Alias
659 1410 776 1464 cap.
818 1395 1034 1468 XXI11.]
1065 1397 1248 1470 itaque
1290 1414 1412 1454 cum
1443 1401 1792 1458 habeatcon-

192 1484 425 1538 sortium
459 1485 641 1554 regni,
678 1487 804 1555 quid
836 1488 1018 1544 obstat
1052 1491 1344 1559 quomiIIUs
1377 1492 1636 1562 Spiritum
1673 1510 1796 1548 san-

192 1585 342 1631 ctum
376 1577 766 1648 intelligamus,
801 1593 956 1649 aquo
987 1581 1178 1636 Esaias
1205 1583 1403 1638 missus
1446 1586 1561 1638 est?
1609 1584 1795 1656 Neque

194 1670 343 1723 enim
372 1669 538 1722 Paulo
569 1684 856 1738 possumus
885 1681 1109 1728 auctore
1149 1675 1400 1732 dubitare
1424 1719 1437 1744 ,
1480 1677 1636 1747 cuius
1667 1694 1795 1734 sen-

196 1762 427 1816 tentiam
462 1763 512 1816 in
551 1761 775 1817 Actibus
813 1766 1186 1834 apostolorum
1241 1769 1416 1822 Lucas
1461 1784 1540 1823 ev;

192 1855 274 1911 sic
297 1857 570 1926 probavit,
601 1869 659 1911 ut
679 1859 966 1915 scriberet.
993 1861 1236 1931 Denique
1257 1863 1336 1917 sic
1366 1865 1556 1929 babes,
1579 1866 1797 1921 dicente

194 1948 364 2004 Paulo
391 1969 403 2001 :
438 1947 578 2004 Bene
606 1950 809 2006 locutus
858 1961 930 2006 est
962 1951 1190 2024 Spiritus
1219 1965 1426 2008 sanctus
1468 1972 1558 2026 per
1589 1955 1797 2010 Esaiam

194 2042 264 2094 ad
292 2051 466 2110 patres
498 2053 735 2109 nostros,
766 2046 984 2102 dicens:
1020 2044 1163 2100 Vade
1203 2048 1272 2102 ad
1319 2047 1516 2119 plebem
1543 2049 1693 2103 istam
1713 2091 1728 2115 ,
1753 2061 1800 2104 et

194 2132 314 2194 dic:
341 2133 482 2187 Aure
500 2135 744 2203 audietis,
769 2144 818 2188 et
836 2153 938 2190 non
969 2137 1300 2208 intelligetis;
1331 2150 1379 2192 et
1407 2139 1631 2198 videntes
1654 2143 1798 2196 vide-

197 2225 339 2290 bitis,
374 2235 420 2280 et
449 2243 552 2279 non
579 2229 837 2297 aspicietis
865 2231 1004 2298 (Act.
1040 2247 1226 2292 xxvut.
1256 2231 1346 2298 25,
1379 2233 1492 2302 26).

271 2318 392 2373 160.
441 2318 677 2388 Spiritus
701 2335 828 2389 ergo
857 2333 959 2388 est,
985 2323 1074 2392 qui
1106 2324 1251 2376 misit
1282 2326 1517 2379 Esaiam.
1552 2327 1610 2381 Si
1635 2327 1802 2400 698

193 2411 438 2481 Spiritus
500 2415 668 2480 misit,
719 2413 953 2483 Spiritus
994 2427 1078 2469 est
1125 2418 1313 2486 utique
1364 2435 1550 2488 quem,
1584 2434 1802 2477 mortuo

195 2502 324 2559 Ozia
357 2520 504 2574 rege,
537 2505 668 2560 vidit
698 2505 909 2566 Esaias.
932 2508 1147 2578 quando
1169 2509 1342 2565 dixit:
1381 2509 1501 2586 Vidi
1529 2511 1802 2568 Dominum

200 2593 440 2650 Sabaoth
465 2596 717 2650 sedentem
741 2614 893 2668 super
913 2597 1153 2652 thronum
1181 2599 1438 2654 excelsum
1460 2613 1507 2655 et
1530 2605 1800 2673 eleuatum,

196 2696 248 2744 et
280 2689 437 2758 plena
472 2702 583 2744 erat
613 2689 794 2745 domus
824 2693 1108 2765 majestatis
1135 2692 1244 2767 ejus
1271 2711 1286 2746 :
1316 2704 1362 2747 et
1397 2693 1670 2766 Seraphim
1697 2707 1806 2752 sta-

197 2780 324 2835 bant
346 2782 400 2834 in
440 2782 663 2836 circuitu
685 2784 828 2854 ejus;
859 2800 952 2838 sea:
981 2783 1079 2837 alte
1109 2786 1217 2850 uni,
1250 2796 1295 2838 et
1314 2803 1403 2840 sea:
1430 2787 1529 2840 alte
1553 2788 1725 2854 alteri,
1759 2798 1805 2841 et

197 2873 404 2930 duabus
435 2876 671 2930 uelabant
704 2878 887 2947 faciem
922 2880 1056 2950 ejus,
1082 2889 1126 2931 et
1149 2880 1348 2933 duabus
1392 2881 1627 2934 relabant
1656 2882 1807 2947 pedes

196 2972 349 3041 ejus,
385 2979 430 3022 et
473 2969 674 3024 duabus
716 2971 986 3037 volabant;
1015 2982 1061 3026 et
1089 2974 1384 3028 clamabant
1414 2976 1543 3029 alter
1582 2976 1650 3029 ad
1679 2978 1808 3030 alte-

195 3076 339 3126 runt,
369 3071 416 3114 et
444 3061 722 3116 dicebant:
756 3062 1002 3127 Sanctus,
1037 3073 1268 3132 sanctus,
1302 3069 1509 3120 sanctus
1549 3065 1806 3121 Dominus

1895 493 2015 563 ejus
2039 503 2094 549 et
2124 494 2246 549 finis
2296 510 2490 551 cursus
2529 507 2831 567 temporum
2871 500 3119 558 feriatur.
3155 504 3310 560 Stant
3355 523 3489 578 ergo

1897 588 2168 656 praeterita
2220 589 2305 644 vel
2335 588 2537 651 futura.
2578 593 2863 661 praesentia
2889 593 3094 648 volant.
3144 595 3225 653 Ne
3273 613 3492 668 quaeras

1898 678 2145 748 principii
2173 679 2315 750 ejus,
2345 682 2432 736 vel
2451 681 2578 738 linis
2604 697 2823 749 arcana,
2850 700 2975 756 qua:
3007 702 3114 742 non
3143 696 3290 744 sunt.
3315 689 3496 747 Habes

1897 774 2184 842 praesentia
2208 791 2221 828 :
2255 774 2349 830 sed
2376 775 2610 841 laudato,
2647 793 2753 832 non
2775 778 3005 837 discute.

1972 865 2095 920 161.
2139 865 2423 934 Serapltim
2456 869 2742 926 indefessis
2781 873 3004 928 vocibus
3053 875 3296 942 laudant,
3327 886 3386 932 et
3434 887 3492 932 tu

1897 957 2164 1014 discotis?
2193 960 2344 1027 Quod
2374 963 2561 1032 utique
2601 978 2723 1018 cum
2756 964 2982 1034 faciunt,
3012 969 3305 1026 ostendunt
3337 971 3495 1026 nobis

1899 1068 2006 1108 non
2028 1054 2325 1124 aliquando
2348 1056 2747 1112 discutiendum
2783 1059 2974 1127 Deum,
3001 1061 3094 1117 sed
3125 1077 3342 1134 semper
3372 1079 3498 1120 esse

1896 1147 2249 1203 laudandum.
2286 1148 2432 1219 Ergo
2451 1150 2720 1205 Dominus
2750 1153 2987 1207 Sabaoth
3027 1165 3082 1209 et
3107 1157 3342 1226 Spiritus
3362 1171 3496 1212 san-

1898 1250 2019 1295 ctus
2044 1251 2150 1296 est.
2182 1239 2352 1312 [Alias
2381 1259 2500 1312 cap.
2533 1242 2752 1314 XXIII.)
2784 1244 2898 1301 Nisi
2940 1248 3079 1302 forte
3115 1248 3370 1318 displicet
3399 1251 3502 1305 int-

1897 1335 2002 1404 piis
2031 1334 2255 1400 doctor,
2301 1349 2460 1404 quem
2513 1335 2770 1392 Christus
2818 1339 3012 1408 elegit:
3069 1352 3163 1395 aut
3217 1342 3502 1398 Dominum

1898 1425 2158 1480 virtutum
2208 1441 2411 1496 negare
2465 1438 2696 1496 possunt
2745 1429 3009 1498 Spiritum
3068 1443 3320 1490 sanctum
3350 1477 3364 1501 ,
3415 1438 3504 1506 qui

1899 1518 2066 1573 donat
2087 1533 2221 1588 qus
2242 1520 2476 1575 voluerit
2501 1521 2619 1590 ipse
2637 1522 2888 1578 virtutes.

2470 1631 2701 1692 CAPUT
2750 1636 2922 1694 XXII.

1905 1723 1968 1773 Ut
1991 1722 2130 1786 regni
2161 1721 2321 1776 unitas
2345 1725 2572 1786 probetur
2604 1729 2656 1778 in
2677 1728 2832 1782 tribus
2863 1731 3100 1794 paeanis,
3133 1734 3312 1790 citatus
3344 1739 3508 1794 Esaia

1547 1771 1795 1873 ¹¹¹ξᾷθ¹ί⁵¹³
1826 1801 1874 1860 Β
1962 1771 2094 1853 locus
2115 1771 2408 1866 expenditur-
2436 1819 2454 1856 :
2479 1813 2523 1856 et
2546 1806 2596 1858 in
2629 1806 2691 1860 iis
2715 1823 2745 1858 a
2962 1812 3034 1863 uel
3067 1771 3128 1865 de
3162 1771 3319 1867 ιῖΖῶ
3341 1771 3508 1871 δι’Ϊὶ

1965 1881 2093 1935 Filio
2116 1883 2189 1936 vel
2221 1887 2282 1936 de
2306 1885 2498 1950 Spiritu
2521 1890 2768 1953 expositus
2791 1893 2869 1952 sit,
2891 1892 3074 1947 nullam
3105 1913 3274 1951 sensus
3298 1900 3509 1954 diversi-

1964 1979 2107 2023 tatem
2137 1971 2286 2038 fuisse
2309 1973 2605 2028 declaratur.
2633 1980 2712 2032 Ad
2745 1979 2850 2031 lucc
2874 1981 3121 2044 majestate
3149 1983 3361 2049 Spiritui
3395 1986 3510 2042 inde

1966 2063 2172 2116 asserui,
2213 2059 2340 2120 quod
2379 2059 2650 2116 cruciﬁxus
2693 2063 2886 2114 dicatur
2931 2065 3165 2119 Dominus
3210 2069 3507 2135 maiestatis,

1965 2139 2071 2203 ejus
2106 2152 2214 2189 cum
2244 2143 2395 2190 Patre
2429 2156 2486 2192 ac
2527 2143 2654 2194 Filio
2685 2152 2816 2196 tanta
2853 2148 3104 2212 azqualitas
3143 2155 3434 2216 ostenditur,
3461 2162 3512 2208 ut

1965 2220 2122 2285 ipsum
2139 2222 2251 2273 hinc
2279 2238 2540 2290 numquam
2563 2227 2802 2292 deiecturi
2823 2231 2918 2281 sint
2943 2231 3134 2285 Ariani.

1977 2327 2100 2382 165.
2143 2329 2295 2384 Nunc
2343 2332 2602 2387 unitatem
2651 2335 2949 2404 majestatis
2985 2348 3040 2393 et
3078 2342 3228 2411 regni
3281 2343 3408 2397 licet
3460 2344 3512 2398 in

1905 2418 2087 2487 Patre,
2119 2421 2392 2490 Filioque,
2421 2433 2475 2478 et
2498 2436 2692 2481 sancto
2728 2427 2938 2496 Spiritu
2989 2446 3344 2502 cognoscere.
3377 2434 3514 2491 Nam

1907 2513 2152 2585 plerique
2197 2515 2384 2571 dicunt
2427 2516 2644 2574 Patrem
2673 2519 3034 2592 θθθῡευω
3092 2525 3161 2581 ab
3195 2526 3354 2582 Esaia
3412 2527 3519 2585 hoc

1909 2612 2154 2676 tempore
2192 2608 2364 2662 visum
2401 2608 2588 2680 (Esai.
2619 2627 2692 2675 Vt,
2729 2613 2806 2684 1),
2833 2613 3030 2671 Paulus
3061 2617 3323 2689 Spiritum
3353 2621 3511 2689 dixit,

1906 2694 2084 2750 Lucas
2113 2698 2361 2766 probavit
2391 2700 2533 2772 (Act.
2577 2719 2764 2771 xxvtu,
2796 2703 2908 2776 25),
2943 2705 3185 2765 Joannes
3219 2711 3510 2782 Evangeli-

1907 2799 1988 2843 sta
2019 2790 2083 2844 ad
2109 2789 2304 2845 Filium
2329 2795 2534 2848 retulit.
2561 2794 2652 2850 Sic
2679 2797 2824 2850 enim
2871 2801 3132 2868 scriptum
3166 2813 3251 2858 cst
3274 2803 3342 2858 de
3376 2804 3518 2860 Filio

1908 2879 2084 2949 (Joan.
2120 2899 2218 2947 xtt,
2241 2883 2343 2955 36)
2371 2902 2382 2938 :
2407 2885 2758 2942 Iiteclocutus
2778 2900 2853 2944 est
2877 2890 3056 2957 Jesus,
3074 2903 3121 2946 et
3146 2894 3296 2960 abiit,
3321 2905 3367 2949 et
3387 2897 3508 2953 abs-

1907 2973 2083 3025 condit
2104 2991 2157 3028 se
2184 2976 2246 3028 ab
2274 2976 2373 3028 his.
2401 2975 2530 3030 Cum
2561 2989 2732 3033 autem
2762 2990 2905 3034 tanta
2928 2985 3074 3053 signa
3101 2987 3305 3054 fecisset
3333 3005 3508 3044 coram

1910 3061 2002 3129 eis,
2032 3081 2131 3117 non
2160 3067 2429 3120 credebant
2463 3069 2514 3122 in
2545 3086 2686 3136 eum;
2724 3082 2776 3124 ut
2805 3087 2974 3127 sermo
2993 3072 3168 3130 Esaia:
3190 3078 3510 3150 impleretur,

193 3154 345 3210 Deus
387 3154 615 3212 Sabaoth
646 3173 664 3210 :
709 3161 860 3227 plena
906 3168 977 3213 est
1031 3160 1268 3213 universa
1301 3168 1325 3195 τι
1358 3170 1495 3215 terra
1543 3163 1808 3231 majestate
1836 3170 1881 3232 ρ
1912 3170 2060 3222 quem
2094 3154 2226 3209 dixit
2251 3174 2269 3210 :
2294 3155 2532 3224 Domine,
2565 3162 2677 3228 quis
2707 3162 2928 3218 credidit
2972 3166 3176 3221 auditui
3221 3182 3418 3236 nostro,
3467 3183 3517 3227 et

195 3253 317 3323 ejus
347 3248 520 3321 (Esai.
557 3265 629 3317 vt,
664 3250 686 3303 1
718 3258 764 3304 et
789 3249 941 3321 seq.).

275 3341 404 3396 161.
449 3341 508 3397 Si
565 3341 782 3397 stabant
821 3341 1130 3412 Seraphim,
1185 3343 1457 3412 qnomodo
1513 3345 1808 3399 volabant?

195 3433 260 3490 Si
288 3433 566 3498 volabtnt,
593 3433 868 3504 quomodo
893 3434 1149 3488 stabant?
1177 3436 1230 3487 Si
1259 3436 1360 3490 hoc
1384 3451 1492 3490 non
1523 3452 1807 3502 possumus

193 3524 710 3596 comprehendere,
769 3525 1044 3595 quomodo
1112 3523 1282 3582 Deum
1340 3529 1842 3610 comprehendere.

193 3618 488 3681 volumus,
517 3634 676 3687 quem
703 3635 810 3673 non
845 3619 1131 3674 videmus?

280 3709 406 3765 162.
448 3710 554 3765 Sed
592 3713 730 3766 sicut
780 3722 956 3765 rotam
992 3713 1130 3766 intra
1183 3724 1356 3767 rotam
1402 3712 1618 3785 (Ezech.
1651 3732 1688 3779 ι,
1717 3716 1805 3788 16)

191 3803 342 3860 Vidit
373 3803 636 3873 prOpheta
663 3814 971 3860 currentem
993 3805 1157 3876 (quod
1190 3805 1373 3876 utique
1399 3824 1504 3860 non
1527 3808 1592 3862 ad
1616 3823 1806 3876 corpo-

189 3897 335 3952 ralis
367 3894 604 3951 refertur
619 3896 856 3966 speciem
885 3896 1140 3964 visionis,
1165 3899 1258 3951 setl
1283 3899 1344 3951 ad
1374 3896 1655 3968 utriusque
1686 3915 1808 3970 gra-

189 3989 336 4044 tiam
365 3988 700 4043 Testamcnti
734 4007 746 4057 ;
782 3990 906 4059 quia
960 3999 1103 4044 teres
1131 3991 1241 4044 vita
1277 3999 1588 4044 sauctormn
1621 3991 1709 4057 sit,
1757 4002 1808 4046 et

188 4082 279 4138 ita
313 4082 418 4136 sibi
440 4084 757 4147 concinens,
781 4093 837 4137 ut
862 4082 1238 4152 superioribus
1261 4085 1562 4154 posteriora
1585 4099 1809 4152 I'CSpOii-

185 4175 388 4232 deant.
414 4174 553 4230 Rota
592 4175 754 4246 igitur
800 4176 942 4230 intra
995 4185 1169 4230 rotam
1227 4179 1445 4230 estvita
1496 4178 1598 4231 sub
1639 4176 1804 4248 Lege,

185 4269 313 4324 vita
345 4268 450 4324 sub
475 4269 680 4338 gratia;
711 4283 777 4323 eo
807 4267 950 4338 quod
991 4267 1176 4323 Judtca
1209 4268 1349 4322 intra
1384 4267 1678 4324 Ecclesium
1712 4269 1805 4334 sit,

184 4360 315 4416 Lex
372 4359 514 4414 intra
561 4361 810 4430 gratiam.
861 4358 994 4414 Nam
1043 4359 1186 4414 intra
1216 4358 1515 4415 Ecclesium
1572 4370 1684 4428 est,
1716 4362 1804 4432 qui

185 4454 429 4510 Iudaeus
457 4463 539 4509 est
581 4455 634 4508 in
677 4454 932 4509 occulto:
977 4465 1032 4509 et
1061 4454 1401 4509 circumcisio
1451 4453 1635 4510 cordis
1664 4455 1803 4509 intra

1916 3245 2180 3300 brachium
2223 3248 2452 3303 Domini‘
2477 3253 2559 3304 cui
2596 3254 2875 3309 revelatum
2924 3268 2997 3312 est
3039 3256 3222 3329 (Esat'.
3259 3277 3347 3316 uti
3372 3303 3387 3328 ,
3417 3264 3515 3334 1)?

1915 3335 2200 3409 Propterea
2255 3360 2356 3397 non
2404 3355 2640 3415 poterant
2693 3349 2938 3416 credere,
2977 3354 3100 3422 quia
3157 3356 3343 3410 iterum
3383 3359 3516 3413 dixit

1913 3427 2140 3487 Esaias:
2190 3431 2482 3491 Excaecavit
2530 3440 2706 3494 oculos
2757 3458 2973 3509 eorum,
3021 3458 3070 3502 et
3117 3447 3376 3505 indurauit
3425 3469 3516 3507 cor

1911 3539 2111 3592 eorum,
2163 3537 2218 3579 ut
2265 3544 2365 3581 non
2399 3529 2604 3584 videant
2646 3533 2832 3598 oculis,
2886 3546 2933 3590 et
2984 3539 3146 3594 corde
3195 3543 3512 3614 intelligant,

1911 3624 1958 3668 et
1989 3628 2370 3687 convertantur,
2399 3631 2446 3675 et
2468 3623 2658 3678 sonabo
2679 3641 2765 3680 eos
2788 3626 2960 3696 (Esai.
2988 3646 3062 3698 vt,
3090 3632 3201 3704 10).
3240 3632 3369 3690 Htec
3391 3637 3518 3691 dicit

1915 3705 2102 3762 Esaias
2125 3751 2139 3777 ,
2171 3712 2380 3781 quando
2415 3713 2540 3767 vidit
2595 3720 2914 3788 majestatem
2941 3723 3076 3792 ejus,
3125 3734 3171 3778 et
3198 3725 3402 3782 locutus
3436 3740 3512 3784 est

1913 3799 1974 3852 de
1995 3815 2073 3852 eo.

1985 3891 2106 3946 166.
2153 3893 2268 3964 Ipsa
2297 3895 2460 3952 verba
2503 3897 2638 3954 dixit
2669 3899 2907 3958 Joannes
2934 3904 3139 3962 dixisse
3177 3908 3395 3965 Esaiam
3415 3952 3430 3976 ,
3456 3923 3514 3968 et

1912 3983 2252 4055 majestatem
2281 3987 2332 4042 ei
2352 3987 2472 4043 Filii
2501 3992 2822 4061 apparuisse
2858 3994 3268 4064 evidentissima
3299 4002 3510 4056 revela-

1911 4078 1987 4133 vit
2022 4097 2034 4132 :
2069 4079 2266 4135 Paulus
2294 4093 2476 4138 autem
2495 4086 2755 4156 Spiritum
2785 4088 2903 4144 haec
2929 4090 3137 4148 dixisse
3166 4095 3510 4151 memoravit.

1912 4169 2066 4226 Unde
2097 4171 2262 4242 igitur
2283 4175 2383 4228 ista
2409 4175 2735 4234 diversitas?

1983 4262 2105 4318 167.
2150 4264 2448 4320 Diversitas
2489 4270 2707 4339 quidem
2745 4273 3064 4343 verborum,
3110 4292 3218 4333 non
3253 4294 3510 4337 sensuum

1910 4365 2012 4410 est.
2044 4355 2174 4411 Nam
2206 4358 2335 4414 licet
2360 4360 2579 4417 diversa
2613 4363 2882 4433 dixerint,
2915 4369 3094 4424 nullus
3119 4374 3355 4440 erravit;
3389 4377 3511 4444 quia

1910 4450 2144 4506 etPatcr
2171 4453 2388 4510 videtur
2423 4457 2476 4511 iu
2515 4457 2690 4525 Filio,
2732 4461 2822 4531 qui
2854 4463 3035 4518 dixit:
3081 4466 3185 4532 Qui
3223 4486 3302 4525 me
3341 4473 3510 4540 videt,

187 4545 516 4601 Ecclesiam
563 4556 960 4601 sacramentum
993 4555 1095 4599 est.
1141 4544 1248 4600 Sed
1278 4543 1370 4599 illa
1425 4545 1611 4600 Juduea
1662 4545 1802 4601 intra
1831 4559 1885 4620 Ι)
1910 4546 2043 4599 videt
2073 4557 2118 4599 et
2155 4547 2362 4603 Patrem
2407 4551 2600 4623 (Joun.
2634 4570 2747 4620 xiv,
2778 4557 2862 4627 9).
2899 4558 2966 4613 Ει
3013 4559 3185 4616 Filius
3206 4564 3420 4620 videtur
3461 4569 3516 4622 in

187 4637 512 4693 Ecclesium
541 4679 555 4700 ,
593 4637 661 4692 de
703 4652 807 4705 qua
841 4637 1101 4706 scriptum
1152 4645 1234 4691 est
1263 4635 1436 4706 (Psal.
1471 4652 1670 4704 Lxxxv,
1706 4638 1759 4708 1)
1791 4656 1802 4691 :

189 4733 384 4789 Notus
412 4734 463 4786 in
493 4730 680 4785 Juda'a
710 4728 894 4786 Deus:
926 4747 1054 4800 ergo
1083 4731 1222 4785 sicut
1272 4741 1390 4785 rota
1447 4732 1586 4786 intra
1634 4745 1804 4787 rctam

183 4828 406 4892 currit,
439 4825 688 4880 similiter
708 4825 808 4878 alte
839 4827 1082 4889 stabant,
1107 4833 1163 4879 et
1190 4826 1286 4878 alae
1315 4824 1590 4880 volabant.

278 4920 411 4976 163.
453 4919 722 4976 Similiter
776 4928 830 4972 et
863 4917 1141 4989 Seraphim
1165 4917 1367 4971 duabus
1398 4919 1496 4971 alis
1524 4919 1733 4987 faciem,
1760 4929 1809 4973 et

185 5013 421 5069 duabus
451 5014 599 5084 pedes
627 5013 894 5075 uelabant,
943 5020 990 5064 et
1030 5009 1228 5063 duabus
1268 5010 1524 5063 volabant.
1558 5008 1690 5064 Nam
1722 5009 1811 5066 hic

179 5119 431 5178 quoque
453 5104 712 5174 spiritalis
741 5105 1025 5173 sapienti-.12
1061 5110 1461 5157 sacramentum
1495 5110 1600 5157 est.
1651 5102 1813 5157 Stant

182 5210 482 5266 tempora,
539 5196 717 5250 volant
764 5207 1040 5264 tempora:
1089 5200 1236 5248 stant
1295 5194 1814 5263 prmterita,volant

182 5289 399 5348 futura
427 5305 438 5340 :
475 5296 529 5342 et
556 5290 706 5357 quasi
747 5288 845 5341 al:c
886 5285 1204 5355 Seraphim,
1237 5285 1308 5339 ita
1343 5284 1534 5340 faciem
1567 5286 1694 5352 Dei,
1728 5286 1812 5342 vel

181 5382 388 5457 pedes
408 5380 589 5435 velant
617 5397 630 5445 ;
657 5379 684 5418 ι’
717 5395 781 5434 eo
805 5377 947 5450 quod
976 5378 1029 5432 in
1073 5379 1184 5433 Deo
1214 5378 1305 5448 qui
1355 5392 1456 5433 nec
1488 5377 1814 5450 principium

280 5574 314 5600 ει
362 5561 594 5626 Quidam
626 5575 780 5625 mss,
811 5569 947 5613 terra
970 5557 1135 5630 gloria
1158 5557 1451 5630 majestatis
1465 5559 1600 5630 ejus.

277 5634 314 5674 ιι
369 5633 522 5703 Ejus.
552 5640 607 5686 et
628 5632 921 5703 scq._edit._
942 5627 1065 5683 cum
1093 5644 1224 5682 mss.
1251 5627 1528 5681 nonnullis
1549 5667 1563 5690 ,
1593 5639 1652 5703 eo
1675 5627 1812 5695 quod

182 5711 255 5763 in
285 5699 635 5779 Decimum”
671 5703 722 5754 in
745 5699 1029 5779 Deum).
1062 5715 1240 5752 cursus
1263 5709 1550 5779 temporum
1579 5699 1812 5779 feratur:

182 5769 453 5836 Attterb}
489 5783 666 5828 autem
712 5787 835 5828 cum
872 5771 990 5826 aliis
1019 5785 1151 5825 mss.
1187 5770 1355 5824 multo
1385 5769 1632 5840 pluribus
1661 5778 1716 5822 ut
1762 5770 1814 5826 in

1911 4636 2142 4706 Spiritu;
2180 4641 2303 4710 quia
2325 4641 2464 4697 sicut
2494 4662 2638 4700 nemo
2665 4647 2788 4701 dicit
2816 4649 3092 4705 Dominum
3123 4653 3301 4709 Jesum
3331 4656 3431 4710 nisi
3460 4658 3516 4712 in

1913 4729 2118 4800 Spiritu
2140 4745 2320 4787 sancto
2349 4735 2402 4806 (Ι
2431 4736 2550 4791 Cor.
2590 4755 2698 4806 xu,
2725 4739 2827 4811 5);
2862 4745 2935 4799 ita
2963 4761 3070 4801 non
3093 4751 3296 4806 carnali
3328 4754 3510 4818 oculo,

1912 4824 2006 4878 sed
2047 4825 2280 4896 spiritali
2313 4831 2484 4898 gratia
2516 4831 2766 4889 Christus
2794 4836 3024 4894 videtur.
3073 4841 3226 4899 Unde
3266 4855 3320 4898 ct
3366 4846 3512 4900 Scri-

1915 4930 2068 4989 ptura
2095 4922 2170 4974 ait
2203 4938 2216 4974 :
2252 4922 2443 4993 Surge,
2467 4927 2554 4993 qui
2579 4927 2805 4996 dormis,
2835 4943 2881 4984 et
2899 4949 3118 5004 exsurge
3139 4954 3173 4991 a
3200 4938 3511 5003 mortuis,et

1912 5010 2175 5065 illucescet
2205 5013 2293 5066 tibi
2323 5014 2554 5071 Christus
2580 5017 2811 5090 (Ep/tes.
2836 5039 2888 5089 ν,
2920 5025 3039 5098 14).
3075 5027 3139 5082 Ει
3165 5030 3364 5083 Paulus
3385 5046 3509 5085 cum

1915 5106 2101 5160 oculos
2151 5107 2522 5177 perdidisset,
2568 5116 2845 5183 quomodo
2884 5119 2988 5173 nisi
3031 5122 3083 5174 in
3115 5121 3319 5189 Spiritu
3351 5126 3516 5196 τοο

1917 5195 2190 5252 Christum
2233 5199 2451 5257 videbat
2500 5203 2648 5276 (Act.
2685 5223 2759 5273 ιχ,
2803 5210 2911 5278 8)?
2956 5211 3108 5267 Unde
3143 5224 3198 5268 et
3253 5195 3517 5274 Dominus

1919 5290 1994 5343 ait
2025 5308 2037 5342 :
2078 5290 2158 5343 Ad
2185 5292 2281 5346 hoc
2309 5295 2445 5348 enim
2484 5297 2573 5350 tibi
2611 5299 2750 5352 visus
2778 5318 2926 5363 sum,
2971 5313 3025 5357 ut
3066 5307 3430 5364 constituerent
3471 5322 3520 5365 te

1920 5382 2214 5437 ministrum
2250 5395 2296 5439 et
2337 5395 2513 5442 testem
2553 5389 2738 5458 quibus
2782 5393 2954 5448 uidisti
2994 5409 3074 5448 me
3097 5434 3112 5459 ,
3152 5406 3198 5450 et
3238 5399 3296 5452 in
3335 5402 3520 5470 quibus

1926 5563 2092 5620 textu,
2123 5556 2225 5610 nisi
2249 5555 2392 5626 quod
2424 5572 2522 5626 pro
2549 5560 2842 5628 cognitione
2870 5560 2922 5613 in
2944 5561 3266 5682 Ἑιὶὺυδᾱειαι
3301 5569 3518 5641 legitur,

1926 5627 2249 5682 coaitatione.
2297 5628 2500 5682 Sensus
2542 5641 2673 5681 vero
2701 5638 2820 5682 est.
2854 5631 2905 5682 in
3003 5647 3066 5682 eo
3088 5633 3176 5682 atii
3223 5644 3518 5682 πηρι-..ίιοιη

1921 5627 2249 5710 cogitatione.
2293 5628 2500 5710 Sensus
2542 5627 2673 5710 vero
2701 5638 2820 5690 est,
2854 5631 2925 5710 in.
2959 5627 3066 5710 Deo
3088 5633 3176 5700 qui
3223 5627 3526 5701 ωιει-ἶῖίιείέ

1921 5697 2245 5824 ibtnmntabili
2292 5698 2510 5762 fruitur,
2541 5705 2844 5764 temporum
2877 5699 3022 5756 vices
3052 5697 3233 5764 locum
3270 5727 3381 5768 non
3403 5697 3526 5771 ita:

1961 5783 2078 5824 ere.
