4014 6290
196 296 296 354 817
1012 298 1099 356 DE
1141 298 1674 358 INCARNATIONIS
1711 301 2174 360 SACRAMENTO
2211 304 2416 362 LIBER
2456 305 2660 364 UNUS.
3385 311 3494 369 818

194 427 297 469 non
336 413 628 482 audierat,
687 417 875 487 pietati
901 431 1187 488 numquam
1241 430 1347 473 non
1379 417 1768 474 insidiarentur
1807 421 2046 477 lmretici
2075 463 2092 489 ,
2124 423 2266 492 apud
2317 438 2440 478 eum
2492 439 2685 495 magna
2729 437 2853 479 cum
2911 425 3104 480 ﬁducia
3143 427 3492 498 jactaverunt

192 505 403 561 Patrem
455 510 546 579 qui
588 521 737 565 esset
775 510 1073 580 ingenitus,
1121 524 1241 564 cum
1275 509 1414 564 Filio
1441 526 1602 580 quem
1643 512 1885 581 genitum
1914 515 2141 585 negabat
2170 530 2332 571 nemo
2352 557 2366 581 ,
2394 516 2636 586 ejusdem
2660 517 2981 573 substantiae
3010 532 3136 573 esse
3163 532 3269 572 non
3302 532 3486 588 posse.

193 597 245 652 in
289 597 392 652 hac
433 600 746 669 objectione
803 610 1070 672 tamquam
1110 600 1162 654 in
1197 600 1472 670 praecipuo
1502 601 1733 672 quodam
1764 602 1986 659 cardine
2033 604 2235 660 Ariana
2288 604 2512 662 haeresis
2542 607 2888 672 vertebatur,
2927 607 3387 677 quemadmodum
3416 623 3490 663 ex

190 705 416 758 eorum,
465 694 558 764 qui
605 695 928 750 catholicam
983 693 1140 748 ﬁdem
1171 695 1430 767 singulari
1477 711 1601 752 cum
1649 695 1808 751 laude
1853 709 2306 770 propugnarunt,
2357 701 2512 757 libris
2552 702 2926 774 intelligimus.
2986 702 3327 774 Quapropter
3366 715 3491 758 eam

188 782 549 852 objectionem
593 787 912 843 Ambrosius
961 787 1030 843 ab
1077 787 1316 858 Angusto
1340 787 1404 843 ad
1429 803 1487 843 se
1527 789 1752 845 relatam
1801 799 1944 845 tanta
1976 791 2249 847 soliditate
2289 795 2598 864 expedivit;
2631 805 2691 850 ut
2732 795 2864 850 nihil
2915 795 3076 864 plane
3115 794 3488 865 relinquatur,

187 881 324 951 quod
356 883 590 954 amplius
630 883 1024 940 desideremus.
1064 882 1144 938 Ad
1177 894 1510 955 postremum
1561 885 1665 939 alia
1709 886 1937 956 quadam
1990 887 2344 953 difﬁcultate,
2393 890 2490 945 sed
2521 892 2692 946 multo
2735 890 2964 954 leviori,
3012 905 3134 960 qua:
3172 889 3242 945 ad
3284 887 3490 945 Christi

182 973 628 1044 omnipoteutiam
672 978 946 1047 pertinet,
999 976 1245 1032 exsoluta
1274 1019 1289 1043 ,
1339 977 1476 1032 liber
1521 977 1790 1032 clauditur
1817 977 1984 1049 (Cap.
2018 980 2109 1045 10,
2144 998 2290 1038 num.
2322 983 2416 1036 111
2447 1027 2462 1051 ,
2498 992 2544 1037 et
2581 1001 2688 1056 seq.
2719 986 2758 1051 ).

257 1069 531 1124 Cieterum
582 1083 686 1124 non
728 1085 1015 1140 possumus
1043 1073 1172 1142 quin
1225 1074 1329 1130 hoc
1377 1076 1496 1131 loco
1544 1075 1881 1146 prudentiam
1905 1092 1967 1132 ac
1999 1077 2425 1134 moderationem
2455 1081 2628 1135 sancti
2665 1081 2896 1137 Antistis
2920 1081 3078 1136 valde
3107 1081 3487 1152 praedicimus;

182 1165 229 1222 is
273 1165 505 1236 quippe,
550 1166 766 1222 tametsi
815 1168 1117 1224 luctuosum
1169 1171 1402 1226 duorum
1458 1172 1948 1238 cubiculariorum,
1994 1189 2131 1244 quos
2188 1176 2607 1230 memoravimus
2638 1217 2652 1242 ,
2699 1177 2910 1232 exitum
2943 1218 2958 1243 ,
3005 1190 3130 1230 cum
3176 1187 3488 1228 sermonem

184 1271 338 1311 suum
370 1255 645 1326 redigeret
677 1258 729 1311 in
781 1257 977 1314 librum
1003 1301 1017 1325 ,
1055 1261 1234 1316 minus
1263 1277 1423 1332 quam
1472 1264 1757 1333 quisquam
1791 1263 1929 1317 alius
1967 1263 2282 1334 ignoraret;
2315 1281 2381 1320 ne
2419 1275 2599 1321 tamen
2632 1267 2746 1321 ullo
2777 1266 2940 1320 modo
2987 1264 3304 1320 crederetur
3340 1279 3490 1318 com-

182 1350 407 1406 motioui
453 1351 614 1406 alicui
645 1350 964 1423 indulgere,
1011 1353 1217 1408 nullum
1263 1371 1325 1410 ea
1373 1355 1440 1411 de
1492 1371 1552 1412 re
1600 1355 1823 1411 verbum
1879 1355 1985 1411 sibi
2015 1357 2269 1413 excidere
2300 1372 2494 1428 passus
2537 1366 2639 1413 est.
2690 1357 2900 1412 Clarior
2933 1357 3143 1413 exstitit
3171 1356 3259 1411 ille
3288 1370 3485 1422 casus,

177 1462 339 1519 quam
384 1454 441 1501 ut
461 1446 786 1502 omittatur:
839 1447 934 1502 sed
986 1463 1109 1504 cum
1165 1449 1431 1506 habeatur
1459 1467 1489 1506 a
1521 1451 1748 1506 Paulino
1796 1451 1921 1506 vitae
1966 1451 2238 1506 Ambrosii
2289 1452 2460 1508 nostri
2494 1451 2756 1508 historico
2807 1452 3084 1522 eleganter
3139 1462 3194 1506 et
3225 1459 3479 1506 accurate

178 1540 518 1608 descriptus,
564 1554 688 1594 eum
718 1539 887 1608 ipsius
931 1541 1111 1597 verbis
1152 1527 1665 1613 repriesentabimns
1694 1562 1706 1597 :
1739 1541 1975 1598 Fuerunt
2033 1547 2187 1599 etiam
2221 1588 2235 1611 ,
2277 1547 2453 1616 inquit
2505 1546 2626 1613 (In.
2658 1547 2747 1600 ait.
2784 1545 2845 1601 S.
2889 1546 3068 1598 Ambr.
3097 1544 3147 1613 ),
3186 1545 3292 1599 duo
3338 1545 3483 1598 cubi—

174 1635 360 1690 cularii
380 1643 498 1688 tunc
545 1637 791 1706 temporis
819 1633 1059 1690 Gratiani
1083 1636 1409 1709 imperatoris
1435 1639 1499 1694 de
1529 1639 1711 1693 heresi
1739 1638 2054 1692 Arianorum
2080 1681 2094 1704 ,
2126 1640 2214 1703 qui
2252 1640 2575 1694 tractandam
2619 1638 2880 1711 Episcopo
2905 1638 3241 1709 quastionem
3281 1653 3478 1708 prapoo

171 1737 370 1784 nerent.
395 1728 478 1782 Ad
491 1744 640 1799 quem
661 1727 976 1783 audiendum
991 1730 1157 1784 altero
1183 1731 1267 1785 die
1291 1731 1360 1785 ad
1389 1732 1652 1786 basilicam
1670 1729 1977 1786 Portianam
1998 1748 2172 1786 omnes
2193 1749 2246 1787 se
2273 1734 2546 1803 adfuturos
2568 1733 2928 1802 promiserant.
2952 1728 3083 1784 Erat
3111 1731 3247 1784 enim
3269 1731 3485 1799 quaestio

172 1825 234 1878 de
262 1822 633 1879 lncarnatione
656 1823 882 1879 Domini.
911 1825 1018 1881 Sed
1043 1826 1148 1880 alio
1177 1815 1261 1880 die
1289 1827 1570 1882 miserandi
1594 1827 1844 1889 homines,
1871 1827 2126 1897 superbia:
2167 1836 2371 1882 tumore
2393 1827 2654 1898 completi,
2679 1842 2770 1879 nec
2790 1841 3039 1880 memores
3070 1824 3444 1894 promissorum
3464 1866 3479 1889 ,

171 1928 550 1974 contemnentes
593 1917 758 1972 Deum
807 1920 861 1973 in
911 1921 1174 1974 sacerdote
1217 1921 1384 1988 ipsius
1408 1961 1422 1984 ,
1469 1937 1562 1974 nec
1611 1921 1771 1991 plebis
1801 1922 2141 1989 exspectantis
2179 1920 2558 1974 considerantes
2598 1920 2851 1992 injuriam
2880 1936 2899 1974 :
2945 1921 3269 1974 immemores
3313 1919 3472 1972 etiam

167 2014 431 2068 dictorum
483 2013 902 2080 Dominicorum,
949 2014 1230 2082 quoniam:
1265 2013 1357 2084 qui
1393 2013 1846 2071 scandalizaverit
1893 2030 2061 2069 unum
2094 2029 2161 2068 ex
2190 2014 2426 2069 minimis
2473 2013 2632 2077 istis,
2671 2020 2886 2082 oportet
2939 2020 2998 2065 ut
3054 2010 3194 2065 mola
3243 2011 3484 2065 asinaria

164 2105 308 2161 collo
347 2105 468 2176 ejus
495 2105 751 2176 alligetur
782 2148 797 2171 ,
845 2115 899 2160 ct
918 2105 1266 2174 demergatur
1314 2108 1365 2160 in
1393 2106 1716 2176 profundum
1748 2109 1947 2173 maris;
2002 2129 2021 2161 ι
2071 2107 2466 2162 conscendentes
2496 2106 2785 2162 inrhedam
2827 2107 2976 2173 quasi
3005 2106 3176 2178 gratia
3197 2104 3431 2178 gestandi
3462 2146 3479 2169 ,

161 2200 424 2255 civitatem
452 2200 643 2272 egressi
673 2209 831 2266 sunt,
875 2209 1202 2272 exspectante
1229 2202 1493 2254 sacerdote
1521 2243 1536 2266 ,
1567 2210 1614 2256 et
1644 2202 1788 2267 plebe
1838 2203 1892 2255 in
1926 2201 2140 2256 ecclesia
2167 2201 2462 2255 constituta.
2501 2200 2607 2254 Sed
2653 2201 2810 2273 hujus
2850 2198 3188 2254 contumaciie
3223 2197 3312 2267 qui
3355 2196 3476 2260 ﬁnis

159 2293 355 2364 fuerit,
391 2295 628 2350 horresco
654 2296 902 2364 referens.
935 2293 1118 2347 Subito
1145 2293 1278 2346 enim
1308 2294 1618 2364 praecipitati
1640 2293 1704 2348 de
1738 2294 1930 2357 rheda,
1955 2295 2154 2347 animas
2171 2293 2451 2347 emiserunt
2474 2334 2489 2358 ,
2517 2303 2668 2360 atque
2704 2307 2926 2363 corpora
2948 2291 3161 2345 illorum
3191 2289 3478 2360 sepultura

155 2394 277 2438 sunt
303 2384 526 2439 tradita.
560 2383 783 2438 Sanctus
824 2399 941 2437 vero
990 2383 1294 2438 Ambrosius
1333 2400 1448 2437 cum
1494 2385 1754 2453 ignoraret
1799 2384 1926 2456 quid
1969 2388 2163 2455 factum
2201 2394 2359 2449 esset,
2423 2400 2516 2438 nec
2562 2383 2756 2438 diutius
2797 2391 2968 2451 posset
3016 2382 3211 2451 plebem
3267 2389 3473 2443 tenere,

153 2475 442 2530 ascendens
472 2491 566 2546 pro
595 2475 871 2540 tribunali,
912 2475 976 2528 de
1004 2474 1180 2528 eadem
1208 2476 1516 2545 quastione,
1549 2491 1664 2545 quae
1707 2477 1876 2546 fuerat
1917 2478 2218 2545 proposita,
2260 2493 2544 2532 sermonem
2573 2479 2791 2532 adorsus
2818 2486 2891 2530 est
2935 2475 3111 2530 dicens
3143 2492 3156 2526 :
3189 2473 3440 2528 Debitum
3462 2514 3478 2537 ,

151 2569 359 2626 fratres
383 2611 397 2634 ,
427 2583 561 2624 curo
583 2567 902 2622 solvendum
939 2584 951 2620 :
981 2565 1075 2622 sed
1105 2565 1396 2622 hesternos
1426 2582 1576 2623 meos
1623 2583 1728 2622 non
1763 2568 1980 2623 invenio
2031 2567 2366 2635 creditores;
2397 2577 2445 2623 et
2471 2568 2673 2639 reliqua
2702 2583 2819 2638 qua:
2848 2565 3044 2636 scripta
3081 2574 3201 2620 sunt
3231 2565 3286 2618 in
3314 2563 3445 2618 libro
3466 2604 3480 2625 ,

150 2661 241 2732 qui
275 2661 346 2716 de
383 2657 763 2715 lncarnatione
788 2658 1001 2714 Domini
1031 2659 1345 2714 intitulatur.

158 2767 166 2773 ·
224 2752 302 2808 Ita
328 2751 626 2817 Paulinus,
657 2750 814 2819 cujus
841 2751 1006 2806 etiam
1033 2750 1222 2804 ultima
1246 2751 1412 2806 verba
1443 2749 1573 2806 libri
1596 2750 1879 2808 declarant
1902 2753 2334 2824 inscriptionem.
2360 2752 2508 2808 Hanc
2532 2753 2701 2822 ipsam
2728 2752 2870 2822 apud
2898 2751 3036 2807 alios
3061 2763 3279 2820 quoque
3300 2750 3475 2820 scrip-

150 2855 334 2911 tores,
370 2861 400 2900 a
422 2845 627 2916 quibus
653 2844 844 2901 eadem
873 2843 1050 2914 0pella
1079 2846 1421 2915 temporibus
1455 2848 1658 2901 secutis
1701 2862 1809 2901 non
1840 2847 1959 2902 sine
1993 2846 2472 2903 commendatione
2511 2847 2739 2918 allegata
2769 2857 2855 2903 est
2877 2847 3115 2917 (Synod.
3149 2846 3268 2901 adv.
3313 2845 3475 2913 Trag.

149 2937 299 2995 Iren.
331 2938 388 2992 in
417 2936 618 2991 collect.
646 2935 807 2990 Cone.
842 2935 1024 2989 Bolus.
1050 2945 1096 2990 et
1119 2933 1312 2991 Christ.
1344 2935 1477 3009 Lup.
1510 2946 1556 2992 et
1585 2937 1708 3009 al.),
1742 2939 2045 3010 reperimus
2075 2956 2086 2993 :
2120 2941 2203 2994 cui
2231 2947 2497 3008 prieterea
2528 2939 2769 2994 nonnulli
2795 2939 3078 3010 (Theodor.
3108 2939 3162 2992 in
3181 2937 3480 3008 Polymor.)

149 3031 458 3102 adjiciunt,
489 3039 670 3084 contra
700 3029 1122 3097 Apollinaristas.
1155 3029 1272 3084 Non
1304 3019 1598 3085 defuerunt
1624 3031 1820 3099 etiam,
1867 3031 1961 3102 qui
1991 3031 2184 3100 Operis
2230 3030 2456 3086 exordio
2485 3031 2752 3100 permoti,
2784 3031 2887 3086 sub
2932 3031 3089 3085 titulo
3134 3030 3385 3084 sermonis
3415 3027 3480 3082 de

150 3125 283 3181 Cain
314 3134 365 3179 et
389 3122 519 3178 Abel
537 3122 760 3177 citatum
793 3121 997 3176 vellent
1037 3119 1156 3194 (luo
1184 3120 1384 3176 Decret.
1415 3137 1452 3176 υ
1485 3133 1646 3189 part.,
1676 3139 1725 3177 c.
1751 3122 1806 3185 7,
1831 3120 1980 3176 Crat.
2009 3122 2072 3176 de
2097 3121 2310 3176 Consec.
2342 3121 2464 3175 dist.
2493 3119 2578 3192 ‘2).
2607 3119 2712 3176 Sed
2736 3119 2982 3190 profecto
3007 3119 3249 3174 omnium
3272 3117 3482 3188 optima

148 3217 444 3288 inscriptio
491 3223 608 3280 est,
658 3229 819 3284 quam
861 3229 970 3268 non
1017 3214 1195 3270 solum
1237 3214 1594 3283 manuscripti
1637 3213 1851 3283 plurimi
1878 3227 1942 3268 ac
1982 3213 2382 3282 probatissimi,
2415 3225 2514 3266 nec
2546 3227 2653 3266 non
2687 3219 2900 3266 veteres
2944 3208 3214 3265 editiOnes
3258 3223 3368 3277 pra:
3419 3221 3481 3263 se

145 3312 371 3378 ferunt;
397 3325 586 3365 verum
619 3309 783 3364 etiam
815 3323 976 3380 quam
1005 3306 1206 3364 indicat
1230 3308 1250 3380 (
1275 3305 1406 3374 Cap.
1438 3308 1493 3373 7,
1525 3323 1668 3361 num.
1701 3305 1812 3377 63)
1846 3307 2078 3375 ipsemet
2104 3305 2448 3368 Ambrosius,
2478 3304 2734 3359 nimirum
2777 3304 2841 3358 de
2869 3302 3260 3356 lncarnationis
3291 3301 3476 3356 Domi-

144 3405 282 3460 nica:
310 3405 694 3467 Saeramento,
725 3402 840 3457 sive
863 3443 878 3468 ,
906 3410 965 3456 ut
993 3415 1120 3457 cum
1150 3401 1466 3456 auctoribus
1496 3399 1821 3470 quibusdam
1854 3398 2086 3454 Romani
2114 3398 2355 3455 editores
2383 3399 2625 3454 maluere
2644 3438 2658 3461 ,
2693 3396 2964 3469 Mysterio.

213 3495 382 3565 Quod
432 3511 568 3552 vero
613 3495 679 3550 ad
729 3502 947 3550 aetatem
984 3492 1230 3562 ejusdem
1280 3493 1438 3559 libri,
1472 3501 1531 3547 ut
1576 3492 1706 3547 nihil
1734 3493 1941 3548 certius
1970 3500 2084 3554 est,
2117 3505 2279 3561 quam
2322 3490 2472 3544 illum
2497 3490 2646 3545 libris
2675 3491 2738 3544 de
2759 3489 2894 3544 Fide
2949 3489 3307 3560 posteriorem
3353 3503 3477 3545 esse

141 3590 361 3664 (Ibid,
399 3607 549 3646 num.
577 3589 692 3661 62),
726 3590 796 3644 ita
819 3604 927 3644 non
953 3586 1165 3656 exigua:
1194 3585 1534 3642 difﬁcultatis
1574 3585 1776 3651 fuerit,
1818 3592 1953 3655 quot
1981 3584 2141 3638 annis
2168 3581 2417 3638 eumdem
2463 3581 2518 3636 bi
2566 3582 2958 3638 anteverterint
2979 3622 2994 3648 ,
3042 3580 3294 3637 deﬁnire.
3318 3581 3376 3636 ln
3407 3583 3476 3638 iis

138 3685 371 3758 quidem
399 3682 638 3740 citandis
658 3681 828 3738 semel
859 3681 966 3735 hoc
995 3680 1048 3734 in
1079 3678 1260 3748 Opere
1289 3693 1479 3734 vocem
1511 3678 1706 3731 dudum
1732 3677 1952 3733 adhibet
1985 3673 2140 3748 (Cap.
2168 3676 2224 3744 8,
2257 3691 2400 3729 num.
2431 3675 2522 3747 79)
2549 3684 2768 3731 sanctus
2792 3676 2992 3731 Doctor
3017 3693 3031 3730 :
3061 3674 3155 3730 sed
3187 3674 3310 3731 aliis
3339 3675 3476 3731 locis

135 3781 191 3836 in
220 3777 436 3848 quibus
461 3775 698 3846 aliquam
726 3774 966 3845 ipsorum
991 3772 1324 3827 mentionem
1357 3771 1514 3835 facit,
1543 3769 1812 3841 ejusmodi
1829 3768 2200 3824 locutiouibus
2224 3782 2438 3837 semper
2457 3765 2648 3832 utitur,
2676 3783 2796 3837 quae
2817 3766 3124 3836 signiﬁcent
3149 3766 3270 3820 illos
3293 3766 3473 3822 editos

134 3881 247 3920 non
281 3869 360 3922 ita
393 3867 628 3938 pridem.
655 3866 1040 3923 Verumtamen
1069 3879 1196 3919 cum
1221 3863 1383 3918 iidem
1417 3862 1536 3918 libri
1567 3863 1633 3916 de
1659 3860 1794 3916 Fide
1823 3876 1929 3916 non
1960 3861 2063 3916 nisi
2090 3874 2268 3926 anno,
2297 3868 2354 3914 ut
2383 3868 2662 3914 ostensum
2690 3868 2808 3924 est,
2836 3859 2941 3913 379
2963 3858 3170 3913 fuerint
3196 3858 3469 3923 absoluti,

130 3959 419 4018 Paulinus
453 3977 586 4018 vero
617 3962 720 4019 hoc
747 3963 922 4034 ipsum
951 3963 1133 4034 Opus,
1165 3964 1232 4018 de
1260 3979 1370 4034 quo
1390 3963 1593 4033 agitur,
1623 3962 1915 4033 superstite
1936 3960 2113 4015 adhuc
2141 3959 2403 4015 Gratiano
2432 3959 2678 4028 Augusto
2700 3999 2712 4021 ,
2741 3957 2830 4027 qui
2868 3972 3012 4011 anno
3051 3956 3158 4013 385
3202 3956 3310 4010 vita
3348 3955 3471 4010 fun-

126 4061 258 4108 ctus
281 4062 412 4120 est,
449 4053 726 4110 conditum
761 4056 967 4120 tradat;
1000 4072 1105 4112 vos
1135 4056 1332 4109 dudum
1377 4067 1431 4123 ut
1462 4055 1592 4109 illud
1621 4065 1746 4108 ante
1774 4069 1975 4109 annum
2007 4052 2113 4109 582
2137 4052 2501 4122 compositum
2529 4051 2996 4117 existimaremus,
3031 4052 3122 4105 vix
3152 4059 3427 4121 pateretur
3454 4070 3468 4105 :

122 4148 276 4203 sicut
306 4163 420 4204 nec
451 4147 694 4204 Gratiani
725 4150 922 4214 obitus,
956 4159 1014 4204 ut
1045 4148 1177 4203 illud
1207 4148 1381 4203 multo
1406 4158 1526 4218 post
1554 4147 1805 4203 eumdem
1833 4161 2034 4201 annum
2066 4143 2443 4216 rejiceremus.

708 4272 1608 4561 iam;
1623 4265 2895 4560 ἶυῖιιῖόξῆ

1040 4655 1994 4747 MEDIOLANENSIS
2052 4652 2586 4738 EPISCOPI

474 4868 612 4996 DE
723 4864 1625 5000 INCABNATWNIS
1722 4856 2303 5009 DOMINICZE
2399 4857 3138 4986 SACBAMEN'N

1398 5089 1733 5163 LIBER
1804 5084 2074 5160 UNUS
2132 5071 2192 5153 ⁸.

1916 4268 2150 4277 —_——

1623 4270 1888 4279 —————.

143 4257 3454 4326 Μ

1594 5236 2019 5258 ﬂ

507 5341 710 5412 i703
763 5339 996 5397 CAPUT
1052 5341 1340 5399 PRIMUM.
1761 5356 1764 5358 -
1915 5333 2086 5397 paucis
2116 5333 2356 5398 exposui.
2375 5346 2610 5398 quosnam
2629 5333 3033 5386 tatainCainum
3054 5336 3197 5399 feriat
3214 5341 3465 5397 mna.

102 5456 364 5510 Indicam
406 5451 618 5505 dicendi
656 5453 925 5517 occasione,
953 5454 1020 5505 ad
1039 5453 1285 5519 sacrificia
1321 5455 1459 5507 Caini
1496 5461 1542 5506 et
1581 5452 1748 5505 Abelis
1921 5419 2078 5470 άπα-
2581 5453 2588 5456 -

169 5537 390 5593 περαίι
443 5534 745 5588 Ambrosius.
779 5537 902 5586 Tum
939 5535 1056 5600 quia
1099 5537 1149 5588 ίη
1171 5535 1354 5601 μνίου-ί.
1376 5535 1610 5589 oblatione
1644 5537 1745 5588 υεο
1926 5525 1976 5576 1.
2003 5523 2276 5589 Debitum,
2295 5523 2325 5563 δ
2347 5523 2740 5592 fratres,cupio
2761 5519 3220 5586 solvendum,sed
3245 5522 3458 5578 hester-

167 5619 538 5692 dispticuerit,
582 5620 819 5684 explorat.
866 5619 1054 5672 Deinde
1095 5621 1176 5672 ubi
1217 5619 1379 5674 Abelis
1418 5620 1748 5673 holocaustum
1855 5630 1955 5671 nos
1974 5629 2125 5671 meos
2153 5638 2259 5673 ηιίι
2294 5615 2510 5670 invenio
2525 5615 2844 5678 creditores,
2864 5612 2970 5666 nisi
3000 5612 3144 5671 forte
3164 5617 3464 5687 improviso
3499 5610 3508 5616 ’

183 5755 214 5830 ξι
257 5754 540 5830 gerimus
561 5766 650 5830 an.
683 5751 811 5808 circ.
843 5751 973 5830 ξϐἳ.
1295 5819 1308 5830 _
1345 5813 1356 5830 ι
1516 5816 1531 5830 Δ
1583 5819 1600 5830 Δ
1666 5825 1673 5830 Δ
1861 5755 1917 5810 in
1961 5755 2145 5830 multis
2186 5770 2294 5810 non
2339 5751 2604 5830 habetur;
2646 5749 2782 5830 edit.
2815 5749 2983 5830 _Rom.
3031 5763 3088 5830 et
3114 5755 3208 5812 alii
3252 5756 3464 5830 aliquot

187 5823 216 5867 δ
262 5813 352 5882 ita
389 5813 515 5882 rei.
549 5819 681 5876 editi
728 5831 782 5876 et
825 5815 1010 5892 plures
1055 5832 1210 5884 mss.,
1257 5813 1359 5875 nisi
1390 5816 1532 5892 quod
1574 5819 1756 5890 fratres
1869 5840 2026 5886 msh.
2065 5826 2252 5892 fratres
2281 5832 2445 5875 curo:
2475 5818 2690 5882 caeteri,
2725 5821 2911 5886 fratres
2935 5817 3108 5886 credo.
3139 5835 3245 5882 etc.
