4014 6290
255 322 350 378 825

870 314 956 370 DE
993 311 1518 370 INCARNATIONIS
1557 308 1913 371 ῡοιιιΝιυΑι
1953 309 2423 369 SACRAMENTO
2463 311 2670 370 LIBER
2713 311 2914 371 UNUS.

3420 316 3526 373 826

251 451 354 492 non
378 433 678 504 distinguas
710 441 886 486 tamen
917 438 1163 484 naturam
1216 427 1516 483 divinitatis
1547 435 1603 481 et
1629 437 1825 496 corpo-
1853 429 1908 490 Α
1999 425 2090 481 29.
2122 425 2318 483 Petrus
2343 425 2512 494 dicit,
2536 426 2617 482 Tu
2636 444 2689 482 es
2719 424 2899 500 (Joan.
2932 443 3048 496 xui,
3073 429 3330 500 23);'uon
3355 429 3487 487 dicit
3515 449 3527 485 :

255 532 348 596 ris,
375 538 425 583 et
457 526 551 582 tibi
581 525 787 582 dicitur
821 543 835 579 :
867 523 932 580 Si
953 533 1085 578 recte
1106 522 1321 593 offeras,
1355 538 1455 576 non
1483 529 1618 575 recte
1656 530 1827 575 autem

252 622 466 689 dividas,
509 620 732 690 peccasti
760 617 913 690 (Gen.
948 632 1026 683 tv,
1057 617 1138 689 7).
1199 616 1392 672 Divide
1427 615 1572 686 quod
1623 631 1826 682 meum,

252 713 426 771 divide
455 712 596 782 quod
624 727 781 768 suum
825 709 990 766 Verbi
1032 719 1136 765 est.
1172 708 1288 780 Ego
1319 707 1464 779 quod
1506 717 1624 763 erat
1657 708 1822 774 illius,

247 822 352 864 non
384 806 644 862 habebam
673 825 687 858 :
717 813 772 860 et
801 804 888 859 ille
918 801 1061 874 quod
1092 816 1269 857 meum
1293 809 1397 868 est,
1428 815 1534 855 non
1567 799 1824 855 habebat.

246 901 488 973 Suscepit
515 899 662 970 quod
693 913 870 954 meum
903 905 1008 964 est,
1053 905 1111 950 ut
1141 895 1451 966 impertiret
1489 892 1635 964 quod
1665 909 1828 948 suum

245 1003 365 1052 est:
398 992 637 1062 suscepit
679 1007 784 1046 non
833 999 891 1044 ut
918 988 1300 1054 confunderet,
1330 987 1424 1043 sed
1475 998 1533 1042 ut
1564 988 1826 1058 repleret.

244 1088 298 1144 Si
328 1085 520 1142 credas
549 1083 978 1154 susceptionem,
1007 1081 1237 1152 affingas
1268 1081 1684 1147 confusionem;
1717 1081 1830 1136 Ma-

243 1180 478 1237 nichacus
504 1193 625 1235 esse
653 1177 864 1246 desisti,
895 1191 996 1232 nec
1035 1185 1216 1232 tamen
1250 1175 1512 1233 Ecclesia:
1536 1176 1680 1231 filius
1705 1190 1828 1232 esse

241 1270 472 1343 ctepisti.

305 1364 392 1420 24.
424 1363 482 1418 Si
527 1362 722 1418 credas
762 1355 1190 1432 susceptionem
1221 1362 1467 1432 corporis
1493 1403 1508 1429 ,
1562 1361 1828 1432 adiungas

238 1454 503 1513 divinitati
545 1453 978 1524 compassionem
1013 1469 1026 1506 :
1059 1453 1366 1521 portionem
1421 1453 1608 1523 utique
1656 1452 1825 1524 peril-

235 1550 358 1616 diae,
392 1563 501 1604 non
555 1547 834 1619 perfidiam
875 1547 1204 1612 declinasti;
1261 1545 1442 1602 credis
1490 1546 1635 1602 enim
1681 1545 1826 1617 quod

235 1641 330 1698 tibi
383 1639 646 1712 prodesse
711 1640 1000 1710 praesumis
1049 1657 1063 1692 :
1121 1651 1228 1694 non
1289 1637 1471 1694 credis
1519 1637 1664 1708 quod
1712 1637 1826 1694 Deo

235 1735 454 1806 dignum
482 1742 591 1789 est.

1933 523 2012 579 Tu
2041 539 2160 579 esse
2203 524 2435 592 coepisti.
2481 525 2644 597 710
2688 523 2883 580 Petrus
2927 524 3058 580 dicit
3089 543 3103 580 :
3132 525 3216 581 Tu
3257 543 3309 582 es
3354 526 3530 584 Filius

1935 615 2071 682 Dei;
2103 632 2207 672 non
2237 616 2405 673 dicit:
2438 617 2521 672 Tu
2563 633 2622 672 es
2649 628 2920 673 creatura.
2957 616 3100 672 Dixit
3137 617 3241 674 hoc
3266 618 3526 674 Joannes.

1933 709 1989 766 Si
2029 710 2204 765 adhuc
2234 725 2339 765 non
2383 709 2664 766 credidisti
2693 753 2707 776 ,
2740 712 2866 782 quia
2910 725 3019 767 non
3066 711 3380 768 intellexisti
3414 730 3530 786 my-

1932 803 2154 858 sterium
2185 817 2346 873 supra
2363 804 3112 874 sapientiamrecumhentis,
3143 805 3404 875 repetivit
3431 806 3532 862 Pe-

1932 908 2068 955 trus.
2121 897 2534 954 Commendavit
2588 909 2878 972 utrumque
2930 899 3226 966 Christus,
3298 899 3525 955 alterum

1926 991 2167 1063 judicio,
2217 992 2448 1047 alterum
2512 992 2802 1063 mysterio;
2861 992 2914 1048 id
2954 992 3099 1048 enim
3178 990 3421 1058 addidit,
3475 1000 3532 1047 ut

1935 1088 2144 1158 legeres
2165 1088 2307 1159 quod
2333 1090 2384 1143 in
2408 1086 2610 1144 Christi
2635 1098 2857 1160 pectore
2886 1089 3267 1154 recumbebat,
3292 1099 3347 1144 et
3369 1088 3530 1144 intel-

1931 1179 2130 1251 ligeres
2161 1178 2306 1247 quod
2337 1179 2454 1248 eius
2496 1189 2687 1251 caput,
2721 1181 2770 1234 in
2801 1195 2908 1251 quo
2941 1181 3240 1251 principale
3286 1181 3529 1236 omnium

1931 1286 2186 1328 sensuum
2215 1283 2296 1326 est
2321 1314 2336 1338 ,
2370 1286 2570 1328 arcano
2599 1272 2832 1342 quodam
2862 1273 3146 1344 sapientia:
3187 1273 3530 1344 replebatur.

1930 1367 2038 1425 Sed
2087 1367 2130 1422 si
2177 1381 2283 1422 non
2329 1375 2486 1438 putas
2536 1367 2951 1437 intelligendum
3003 1382 3125 1423 esse
3175 1367 3532 1439 mysterium,

1929 1461 2121 1516 saltem
2159 1460 2266 1515 noli
2304 1459 2620 1532 impugnare
2652 1459 2938 1530 judicium.
2985 1459 3259 1516 Laudatur
3302 1459 3529 1526 Petrus,

1929 1555 2050 1625 quia
2084 1554 2178 1609 Dei
2210 1554 2404 1610 Filium
2435 1553 2700 1620 credidit,
2731 1569 2892 1624 quem
2921 1553 3168 1619 videbat;
3201 1553 3323 1621 quia
3366 1567 3426 1608 se
3462 1553 3531 1608 ab

1926 1647 2194 1719 imperita:
2231 1648 2404 1717 plebis
2435 1646 2660 1701 rudibus
2704 1646 2883 1701 adhuc
2911 1644 3258 1716 opinionibus
3304 1659 3527 1715 separa-

1928 1741 2040 1798 bat.
2081 1739 2322 1810 Denique
2347 1755 2469 1796 cum
2502 1740 2896 1810 interrogasset
2941 1738 3386 1809 Dominus,quid
3428 1737 3531 1794 ho-

299 1827 389 1883 25.
422 1827 634 1883 Rursus
671 1825 719 1880 si
754 1824 952 1880 credas
991 1824 1116 1894 quia
1161 1822 1302 1879 idem
1355 1823 1499 1878 Deus
1529 1831 1585 1878 et
1617 1825 1739 1877 novi
1773 1829 1825 1878 et

1941 1832 2110 1888 mines
2157 1832 2222 1888 de
2255 1832 2394 1888 Filio
2421 1832 2654 1888 hominis
2695 1831 3067 1899 :estimarent,
3100 1844 3224 1887 cum
3254 1829 3531 1887 diceretur

234 1923 431 1980 veteris
473 1921 809 1977 Testamenti
847 1928 952 1984 est,
1008 1926 1250 1987 tempora
1279 1927 1458 1973 autem
1493 1915 1674 1971 Verbo
1704 1915 1829 1984 ejus

232 2025 285 2073 et
310 2024 584 2070 momenta
617 2014 915 2085 praemittas
947 2030 960 2066 :
991 2009 1332 2066 tolerabilior
1364 2009 1686 2064 Valentinus
1718 2017 1824 2074 est,

232 2110 318 2182 qui
363 2125 469 2165 non
523 2107 722 2165 saecula
769 2115 893 2162 ante
940 2105 1135 2168 Deum,
1179 2101 1276 2157 sed
1318 2101 1453 2157 deos
1485 2109 1637 2172 putat
1681 2115 1825 2168 esse,

232 2214 258 2242 α
295 2205 438 2277 quod
487 2205 694 2261 saecula
747 2211 912 2268 sunt;
963 2199 1195 2255 minoris
1243 2197 1387 2252 enim
1440 2195 1711 2267 sacrilegii
1744 2202 1828 2250 est

229 2299 474 2370 copulari
508 2297 783 2353 divinitati
809 2294 1032 2360 stecula,
1060 2306 1222 2363 quam
1251 2289 1518 2360 praeferri.

293 2392 384 2447 26.
415 2391 473 2447 Si
535 2392 727 2447 credas
778 2391 974 2445 iterum
1025 2392 1152 2462 quia
1200 2385 1456 2443 Christus
1499 2382 1826 2456 principium

229 2498 332 2539 non
365 2483 607 2554 sumpsit
652 2500 720 2539 ex
755 2482 994 2554 Virgine,
1028 2484 1126 2540 sed
1186 2492 1368 2538 tamen
1419 2478 1640 2550 aliquod
1698 2485 1828 2534 ante

225 2575 505 2632 Christum
568 2575 806 2631 aestimes
857 2591 981 2633 esse
1041 2575 1366 2647 principium
1414 2591 1427 2626 :
1470 2571 1524 2626 in
1577 2582 1828 2639 tempore

227 2670 508 2738 distantia,
560 2667 588 2706 ιι
634 2669 702 2724 de
757 2668 1034 2740 impietate
1087 2666 1368 2724 contentio
1409 2674 1531 2730 est;
1584 2661 1828 2732 Virginis

225 2761 368 2818 enim
419 2776 717 2832 supparem
759 2761 968 2832 negasti
1014 2775 1168 2826 esse,
1220 2775 1326 2814 non
1373 2756 1654 2827 temporis.
1714 2754 1826 2824 Ego

225 2865 408 2911 autem
440 2863 498 2910 et
524 2870 815 2925 suppareni
844 2854 1076 2925 Virginis
1092 2853 1395 2910 secundum
1417 2849 1824 2918 susceptionem

223 2949 476 3019 corporis
515 2963 626 3003 non
663 2948 894 3018 negabo,
937 2956 993 3002 et
1020 2956 1328 3002 creatorem
1363 2943 1627 3012 temporis
1656 2940 1828 2994 conti-

225 3041 401 3096 tehor.
434 3039 584 3110 Quid
629 3040 772 3096 enim
824 3039 1065 3110 proficis,
1116 3039 1162 3095 si
1213 3038 1362 3092 dicas
1401 3035 1527 3106 quia
1571 3033 1826 3089 Christus

223 3132 339 3188 haec
383 3149 453 3188 an
486 3133 586 3189 illa
629 3133 701 3189 sit
743 3131 1035 3188 creatura?
1064 3131 1324 3188 Creatura
1364 3137 1622 3193 mutatur,
1658 3137 1680 3164 ο
1715 3139 1820 3180 non

223 3224 489 3281 divinitas
521 3225 802 3280 adorator.

292 3319 382 3376 27.
413 3319 607 3376 Noluit
637 3335 698 3375 se
726 3320 804 3375 sic
823 3316 1073 3374 Christus
1091 3315 1454 3388 agnosci,nec
1474 3313 1560 3368 his
1593 3320 1826 3378 tantum,

221 3428 340 3484 qua:
363 3428 536 3483 supra
570 3412 842 3467 hominem
858 3420 1007 3474 sunt,
1035 3411 1244 3465 meritis
1262 3406 1544 3463 aestimari.
1577 3404 1828 3474 Denique

217 3519 342 3560 cum
389 3505 837 3576 interrogasset:
869 3502 1034 3570 Quem
1075 3518 1157 3555 me
1209 3503 1386 3556 dicunt
1438 3503 1547 3554 esse
1599 3496 1828 3550 homines

223 3595 440 3666 (Matth.
475 3611 597 3660 xvr,
628 3595 749 3668 1‘5)?
776 3612 899 3652 cum
925 3595 1015 3650 alii
1047 3596 1292 3650 dicerent
1331 3593 1527 3660 Eliam,
1580 3590 1670 3644 alii
1703 3589 1828 3644 llic-

218 3694 476 3760 remiam,
536 3699 632 3748 aut
661 3707 826 3746 unum
873 3707 936 3746 ex
978 3690 1301 3760 prophetis;
1360 3687 1563 3743 nullius
1603 3692 1829 3741 senten-

218 3788 348 3843 tiam
383 3786 715 3857 praedicavit
743 3803 756 3840 :
790 3800 910 3840 cum
935 3784 1124 3840 Petrus
1156 3783 1389 3839 dixisset
1419 3801 1432 3839 :
1462 3782 1545 3839 Tu
1571 3803 1622 3840 es
1673 3779 1828 3833 Chri-

214 3889 326 3936 stus
359 3880 546 3936 Filius
567 3877 665 3934 Dei
688 3879 786 3933 viui
813 3876 1002 3951 (Ibid.,
1033 3876 1153 3948 l6);
1188 3876 1332 3931 hunc
1378 3877 1556 3933 solum
1592 3895 1703 3934 non
1729 3879 1830 3935 im-

222 3973 430 4028 merito
474 3971 746 4028 laudavit.

287 4063 382 4120 28.
417 4065 572 4136 Ergo
610 4063 850 4120 Joannes
897 4062 1055 4127 dicit,
1115 4061 1313 4117 Petrus
1368 4061 1522 4130 dicit,
1575 4063 1830 4121 Christus

213 4157 502 4228 probavit,
539 4165 595 4211 et
643 4166 698 4212 tu
731 4171 836 4211 non
883 4155 1105 4227 probas,
1137 4155 1368 4210 Ariane?
1412 4155 1521 4212 Nec
1550 4156 1744 4212 Joanni
1777 4166 1832 4214 et

217 4248 386 4305 Petro
441 4258 606 4319 putas
653 4262 778 4304 esse
805 4247 1164 4314 credendum,
1220 4263 1358 4319 quos
1397 4250 1483 4304 vel
1525 4249 1673 4304 solos
1731 4266 1829 4320 pro

211 4342 547 4398 testimonio
567 4341 754 4413 gloriae
774 4356 886 4396 sure
910 4341 1169 4397 Dominus
1200 4353 1382 4397 noster
1402 4341 1561 4398 Jcsus
1583 4341 1832 4399 Christus

210 4433 282 4488 ad
315 4433 576 4489 omnium
611 4433 771 4489 fidem
799 4433 1367 4490 crcdiditabuudare?
1405 4436 1645 4506 Denique
1676 4438 1832 4508 quasi

205 4526 278 4580 ad
312 4525 693 4582 testimonium
743 4523 944 4580 veteris
988 4536 1044 4580 et
1075 4525 1197 4580 novi
1227 4525 1559 4582 Testamenti
1617 4529 1832 4601 Moyses

1936 1924 2079 1996 vulgi
2112 1925 2378 1980 sententia
2405 1965 2421 1990 ,
2456 1925 2652 1980 Petrus
2683 1923 2916 1980 tacebat.

2004 2019 2092 2075 50.
2136 2017 2307 2072 Taces
2353 2032 2482 2087 ergo
2507 2058 2521 2083 ,
2553 2016 2769 2082 Simon,
2795 2025 2852 2070 et
2887 2014 3344 2086 respondentibus
3375 2014 3530 2081 aliis,

1933 2112 2110 2167 adhuc
2138 2121 2282 2167 taces
2304 2109 2532 2184 (Matth.
2564 2125 2688 2176 xvi,
2722 2111 2786 2165 M
2806 2109 2861 2182 );
2893 2125 3017 2165 cum
3042 2109 3158 2180 ipse
3187 2110 3266 2164 sis
3293 2109 3532 2180 primus,

1931 2207 2024 2278 qui
2055 2207 2216 2260 etiam
2248 2220 2354 2260 non
2399 2206 2765 2274 interrogatus
2803 2205 3147 2276 interrogas:
3194 2217 3295 2260 nec
3336 2203 3530 2269 times,

1932 2313 2002 2354 ne
2050 2297 2473 2369 reprehendaris
2513 2313 2541 2350 a
2597 2298 2862 2362 Domino,
2899 2297 3021 2366 quia
3071 2312 3178 2350 non
3229 2296 3531 2367 respondes

1933 2391 2333 2464 interroganti?
2378 2389 2552 2457 Ideo,
2606 2390 2809 2461 inquit,
2859 2404 2967 2444 non
3011 2387 3357 2460 respondeo,
3404 2389 3529 2459 quia

1933 2500 2038 2540 non
2071 2485 2376 2554 interrogor
2403 2499 2579 2538 meam
2602 2524 2617 2549 ,
2651 2482 2744 2537 sed
2770 2483 3002 2538 alienam
3033 2483 3389 2548 sententiam;
3425 2483 3530 2553 legi

1931 2577 2125 2632 enim:
2183 2574 2250 2631 Ut
2291 2593 2393 2630 non
2447 2577 2686 2645 loquatur
2733 2592 2789 2628 os
2841 2591 3007 2629 meum
3055 2591 3213 2644 opera
3266 2562 3529 2636 hominum

1934 2669 2107 2741 (Psat.
2139 2685 2250 2734 xvi,
2279 2668 2346 2738 4)
2379 2686 2392 2721 :
2426 2683 2562 2739 opus
2597 2676 2776 2721 autem
2805 2676 2887 2722 est
2918 2666 3248 2737 perfidorum
3275 2665 3530 2738 perfidias

1933 2761 2246 2832 praedicare.
2281 2760 2424 2832 Ergo
2455 2771 2609 2815 taceo
2640 2759 2818 2814 adhuc
2841 2801 2855 2825 ,
2886 2759 3010 2829 quia
3038 2759 3275 2814 nondum
3309 2759 3360 2814 id
3385 2759 3527 2826 quod

1931 2857 2109 2910 sentio
2134 2857 2439 2925 interrogor
2463 2870 2476 2906 :
2505 2869 2611 2909 non
2643 2852 2914 2923 proferam
2944 2852 3122 2919 labiis,
3147 2852 3289 2924 quod
3317 2852 3532 2908 animus

1932 2963 2038 3003 non
2067 2947 2331 3018 probavit.
2369 2946 2486 3000 Erit
2527 2955 2742 3014 tempus
2773 2944 2990 3015 quando
3021 2944 3405 3016 respoiideam.
3440 2943 3528 2998 ln-

1930 3040 2247 3111 terrogabor
2276 3051 2330 3096 et
2377 3043 2496 3113 ipse
2541 3044 2669 3114 quid
2723 3040 2950 3096 sentiam
2976 3081 2990 3105 ,
3021 3049 3150 3094 tunc
3177 3039 3396 3093 demum
3443 3053 3532 3093 re-

1929 3135 2207 3204 spondebo
2231 3135 2374 3206 quod
2391 3152 2568 3192 meum
2589 3146 2702 3203 est;
2726 3152 2903 3191 meum
2923 3147 3002 3189 est
3021 3135 3163 3189 enim
3186 3133 3344 3187 fidem
3362 3131 3529 3201 loqui,

1933 3227 2186 3298 pietatem
2219 3243 2473 3285 asserere
2495 3271 2509 3296 ,
2541 3231 2771 3300 gratiam
2805 3227 3123 3298 pra-dicare.

2004 3320 2094 3374 51.
2135 3319 2251 3376 Νοη
2291 3321 2456 3393 igitur
2494 3323 2647 3390 quasi
2690 3323 2894 3392 pigrior
2925 3336 3091 3375 sensu
3115 3361 3128 3385 ,
3160 3332 3291 3372 voce
3321 3316 3531 3372 tardior

1932 3422 2074 3470 tacet
2097 3458 2111 3480 ,
2138 3431 2238 3471 nec
2259 3417 2410 3486 quasi
2445 3416 2760 3472 fastidiosus
2780 3415 2960 3470 difl'e'rt
2991 3414 3139 3468 vocis
3162 3412 3486 3481 obsequium
3513 3428 3526 3464 :

1931 3508 2027 3564 sed
2060 3509 2210 3579 quasi
2235 3506 2263 3545 ά
2293 3517 2484 3564 cautus
2521 3509 2820 3579 periculum
2855 3508 3090 3578 vulgaris
3117 3503 3388 3577 opinionis
3415 3504 3530 3558 evi-

1934 3610 2042 3668 tat,
2073 3603 2161 3670 qui
2193 3601 2494 3671 periculum
2534 3617 2640 3657 non
2682 3601 2921 3658 evitahat
2959 3601 3168 3655 salutis.
3201 3598 3445 3669 Denique
3478 3597 3530 3652 in

1932 3694 2330 3765 posterioribus
2358 3693 2524 3749 habes
2551 3694 2675 3765 quia
2721 3694 2961 3749 exsilivit
2989 3707 3020 3748 e
3059 3692 3182 3747 navi
3205 3733 3218 3753 .
3251 3701 3309 3745 ut
3344 3705 3536 3745 occur-

1934 3795 2078 3842 reret
2105 3786 2335 3842 Domino
2367 3785 2584 3858 (Matth.
2625 3802 2732 3852 MV,
2768 3785 2896 3856 9.9),
2930 3800 3038 3840 non
3065 3783 3256 3855 glorim
3283 3781 3532 3853 cupidus,

1931 3879 2028 3935 sed
2049 3879 2373 3936 obedientiae
2399 3890 2779 3948 praematurus.

2003 3974 2093 4029 32.
2128 3973 2225 4029 Hic
2254 3987 2387 4044 ergo
2413 3973 2505 4044 qui
2543 3981 2669 4027 ante
2710 3969 3015 4036 reticebat,
3071 3975 3129 4022 ut
3165 3966 3387 4021 doceret
3433 3979 3533 4020 nos

1932 4065 2073 4136 quod
2102 4063 2391 4135 impiorum
2433 4077 2532 4120 nec
2563 4062 2788 4118 verbum
2820 4061 3115 4115 debeamus
3141 4058 3341 4112 iterare
3373 4073 3387 4109 :
3423 4055 3536 4120 hic.

1935 4161 2178 4230 inquam,
2194 4159 2283 4214 ubi
2303 4157 2515 4212 audivit
2537 4175 2549 4212 :
2579 4137 2682 4211 Vas
2703 4163 2872 4208 autem
2887 4152 3012 4223 quid
3030 4168 3106 4206 me
3124 4150 3293 4204 dicitis
3311 4146 3530 4217 (Matth.

1934 4253 2219 4325 xv1,l5)?
2249 4252 2432 4306 statim
2469 4250 2578 4306 loci
2628 4264 2734 4304 non
2775 4249 3062 4303 immemor
3087 4243 3206 4309 sui,
3243 4242 3533 4312 primatum

1935 4347 2086 4417 egit:
2136 4346 2427 4416 primatum
2471 4341 2836 4398 confessionis
2869 4339 3086 4409 utique,
3120 4351 3228 4391 non
3273 4333 3535 4398 honoris;

1937 4440 2225 4511 primatum
2262 4438 2389 4494 fidei
2412 4481 2427 4506 ,
2461 4452 2565 4493 non
2610 4436 2840 4492 ordinis.
2874 4434 2984 4490 lloc
3014 4441 3099 4488 est
3127 4431 3308 4488 dicere
3337 4448 3349 4483 :
3383 4428 3536 4484 Nunc

1937 4548 2100 4590 nemo
2147 4547 2233 4588 me
2274 4531 2492 4597 vincat,
2542 4543 2687 4584 nunc
2734 4542 2870 4583 mea:
2915 4535 3097 4594 partes
3143 4531 3310 4578 sunt:
3361 4520 3538 4576 debeo

211 4635 341 4675 cum
376 4621 504 4675 Elia
535 4619 874 4685 adsciscitur,
905 4634 1028 4674 cuiu
1055 4619 1265 4676 Joanne
1295 4619 1489 4676 Petrus
1519 4621 1831 4694 frequenter
1858 4606 1911 4667 Ῑ)
1937 4639 2296 4696 compensare
2337 4622 2482 4694 quod
2515 4623 2654 4677 tacui
2675 4662 2690 4687 ,
2719 4619 2881 4674 debet
2919 4617 3182 4690 prodesse
3211 4613 3359 4686 quod
3391 4613 3539 4667 silui.

205 4713 523 4770 adhibetur
552 4711 766 4785 (Matth.
798 4726 934 4777 xvii,
967 4709 1045 4782 1).
1074 4701 1076 4703 ’

201 4854 260 4911 in
284 4853 522 4910 diversa
554 4849 927 4918 accipiendam
969 4848 1141 4904 series
1168 4850 1281 4919 ipsa
1321 4865 1419 4920 per
1449 4865 1508 4905 se
1539 4852 1818 4908 admonet.

201 4927 317 4982 Sed
375 4922 696 4980 efficaciora
747 4929 877 4976 sunt
925 4922 1106 4978 adhuc
1137 4922 1303 4977 verba
1351 4924 1661 4992 sequentia,
1713 4941 1819 4978 non

201 4999 518 5068 distinguas
545 5003 710 5068 tanien
752 5002 995 5068 naturain
1023 4993 1304 5068 divinitatis
1334 5003 1380 5047 et
1426 4996 1690 5068 corporis;
1731 4996 1820 5068 ubi

198 5085 346 5126 vero
377 5065 617 5134 corpori
663 5080 846 5119 veram
880 5065 1225 5120 divinitatem
1268 5066 1467 5134 oppOui
1521 5067 1605 5120 vel
1659 5067 1822 5121 tueri-

203 5141 376 5208 diana
404 5140 536 5194 luce
567 5136 769 5191 clarius
813 5145 918 5208 est.
952 5135 1236 5208 Postremo
1264 5151 1479 5202 sensus,
1505 5152 1666 5202 quem
1694 5139 1824 5192 Ain-

203 5207 412 5266 brosio
463 5208 732 5276 attingunt
767 5207 1086 5270 adversarii,
1121 5221 1383 5277 perquam
1423 5208 1692 5263 absurdus
1716 5218 1822 5263 est.

201 5283 364 5338 Idem
411 5279 570 5335 enim
598 5287 702 5341 est,
753 5291 817 5331 ac
863 5277 907 5331 si
936 5280 1244 5346 scripsisset
1273 5287 1494 5333 sanctus
1535 5281 1773 5334 Antistes
1807 5298 1818 5332 :

198 5354 580 5424 Nequaquam
614 5349 748 5424 satis
779 5357 883 5414 est,
931 5350 975 5403 si
1007 5349 1246 5424 credatis
1274 5347 1550 5424 Christum
1582 5349 1634 5404 in
1659 5364 1823 5424 cruce

197 5419 448 5480 affixam
513 5419 879 5490 pependisse;
933 5434 1031 5491 nec
1075 5421 1120 5475 si
1166 5421 1402 5476 credatis
1442 5422 1662 5491 figuram
1701 5420 1823 5489 eius

197 5509 440 5551 aeneum
508 5489 820 5560 Serpentem
851 5489 1163 5555 exstitisse;
1214 5491 1318 5546 nisi
1369 5489 1530 5546 etiam
1585 5491 1824 5548 credatis

197 5568 516 5620 Christum
558 5562 613 5614 iii
642 5576 706 5614 eo
733 5562 1064 5628 exspirasse.
1117 5577 1222 5616 non
1254 5571 1436 5617 autem
1463 5564 1580 5631 ejus
1624 5563 1822 5617 divini-

201 5647 413 5694 tatem.
447 5632 606 5700 Quod
651 5631 990 5686 ratiocinium
1041 5632 1438 5702 ineptissinium
1485 5649 1608 5688 esse
1661 5650 1820 5690 nemo

204 5724 324 5764 non
360 5705 564 5762 videt:
597 5716 858 5773 verume
879 5703 1154 5773 contrario
1181 5702 1552 5773 pulcherrima
1575 5705 1820 5773 gradatio

206 5771 656 5840 conficiatur.“
689 5770 1046 5829 Ambrosinus.
1086 5770 1246 5827 verba
1279 5779 1307 5826 ιι
1338 5785 1435 5828 suo
1478 5770 1705 5832 naturali
1747 5772 1821 5828 ii‘o

1939 4717 2144 4789 Lingua
2189 4730 2312 4772 mea
2361 4730 2468 4770 non
2509 4715 2676 4769 habet
2716 4713 2936 4783 spinas;
2984 4711 3103 4765 sine
3151 4706 3540 4778 impedimento

1924 4855 2180 4926 gnificatu
2200 4869 2310 4926 non
2334 4862 2676 4926 avertantur.
2704 4924 2713 4926 _
2856 4921 2890 4926 __
3338 4913 3377 4926 _
3421 4913 3433 4925 ο

2001 4935 2026 4962 ⁸
2080 4925 2152 4980 De
2198 4925 2316 4989 hac‘.
2347 4925 2617 4980 Valentini
2666 4921 3049 4985 absurditate,
3096 4912 3533 4992 prmt_er_Epiph.

1930 4996 2075 5052 ilzer.
2105 4996 2168 5051 51
2203 5005 2259 5050 ει
2286 4986 2516 5067 August.
2555 4995 2624 5050 de
2642 4994 2849 5067 “teres.
2880 5008 3004 5063 cap.
3035 4986 3124 5055 11⁷,
3158 4988 3282 5043 vide
3304 4987 3463 5042 iram.
3497 4986 3531 5038 Ι.

1930 5084 1970 5134 ι,
1999 5067 2128 5122 adv.
2153 5067 2319 5131 Haec;
2352 5066 2562 5122 'l'ertul.
2593 5067 2720 5120 adv.
2749 5066 2992 5127 Valent.,
3026 5073 3131 5117 etc.

2004 5138 2032 5178 δ
2061 5137 2224 5193 Rom.
2253 5139 2410 5201 edit..
2437 5138 2704 5192 consensio
2732 5147 2840 5202 est;
2867 5143 3060 5203 aperto
3079 5130 3296 5202 quidem
3335 5141 3502 5182 sensu
3525 5167 3540 5191 ,

1929 5209 2026 5267 sed
2057 5210 2128 5263 ab
2159 5213 2304 5264 omni
2327 5209 2652 5265 auctoritate
2674 5208 2957 5262 doStituto.

2006 5291 2028 5319 ο
2069 5281 2274 5336 Omnes
2303 5280 2414 5335 edit
2456 5296 2554 5334 nec
2587 5280 2738 5348 pauci
2787 5293 2945 5339 mss.,
2979 5274 3218 5348 diuinitas
3245 5270 3538 5348 aduratur;

1930 5352 2125 5420 reliqui
2157 5366 2316 5418 mss.,
2341 5367 2445 5404 non
2469 5338 2716 5404 divinitas
2742 5338 3014 5401 adoratur.
3047 5343 3232 5420 Melius
3252 5381 3265 5403 ,
3293 5354 3415 5420 cum
3447 5338 3536 5393 hic

1929 5414 2126 5478 sensus
2173 5423 2274 5488 sit,
2302 5414 2449 5476 'dum
2489 5421 2764 5476 Christum
2816 5414 3171 5492 unani_dicis
3220 5419 3530 5492 creaturam

1932 5509 2086 5560 esse,
2139 5485 2488 5558 non'aliaiu;
2535 5503 2840 5545 creaturam
2889 5485 3107 5557 quidem
3154 5489 3366 5544 mutas.
3415 5485 3534 5550 ejus

1930 5559 2112 5620 autem
2141 5564 2478 5620 divinitatem
2510 5577 2618 5616 non
2647 5559 2863 5613 adoras.

2002 5633 2028 5672 ἀ
2059 5635 2186 5690 Mss.
2218 5637 2461 5704 aliquot,
2495 5641 2677 5704 cautus
2707 5628 3016 5704 periculum.
3048 5624 3304 5704 Vulgare:
3329 5621 3533 5704 opinio-

1926 5706 2211 5830 zcabeoitat.
2246 5693 2392 5763 Inira
2413 5693 2544 5758 vero
2567 5693 2888 5755 editfltom.
2918 5697 3073 5762 sola,
3101 5693 3534 5751 in'suoerioribus

1965 5787 1996 5829 tt
2033 5790 2102 5830 τι.

1965 5787 2102 5832 τοῦτο.
