4014 6290
259 263 365 319 8Ξ9

881 259 969 317 DE
1011 254 1540 316 INCARNATIONIS
1581 249 1936 310 DOHINICE
1976 247 2447 308 SACRAMENTO
2485 244 2691 303 LIBER
2732 243 2936 302 UNUS.

3446 242 3552 299 830

257 381 459 434 Carnis.
507 380 640 435 Nam
684 380 739 447 in
769 379 857 434 illa
896 377 1040 433 servi
1089 377 1259 430 forma
1306 382 1424 427 erat
1471 371 1582 426 veri
1632 370 1852 424 luminis
1881 372 1933 430 Α
1958 367 2264 438 patiebatur
2297 365 2374 420 vel
2403 379 2630 418 insuetis
2671 363 2722 414 in
2763 374 2952 422 carne,
3000 358 3092 412 Dei
3119 357 3354 414 Verbum
3382 359 3550 426 patie-

258 473 575 544 plenitndo:
604 483 657 527 et
687 488 808 526 cum
857 486 916 526 se
939 468 1257 532 exinanivit,
1304 466 1486 520 lumen
1518 469 1655 518 erat.
1691 461 1852 517 Deni-

251 581 357 634 que
384 565 605 621 dicebat
630 583 643 619 :
676 564 943 618 Ambulare
972 561 1096 614 dum
1115 559 1286 613 iumen
1307 557 1503 611 habetis
1536 553 1716 627 (Joaa.
1749 568 1846 619 xit,

250 655 363 727 55).
401 657 470 710 Et
509 655 731 725 quando
763 656 816 708 in
866 663 1043 708 morte
1074 650 1196 714 fuit,
1229 649 1282 704 in
1324 648 1515 702 umbra
1559 662 1663 700 non
1706 654 1846 700 erat.

254 748 500 818 Denique
526 748 696 800 etiam
731 748 782 800 in
813 743 1027 799 inferno
1055 742 1248 814 positis
1277 741 1400 795 vitae
1429 740 1610 793 lumen
1650 736 1847 791 funde-

251 840 339 893 bat
369 849 616 894 aeternae.
643 835 909 892 Radiahat
935 836 1099 890 etiam
1132 834 1243 889 illic
1275 835 1359 888 lux
1386 847 1514 886 vera
1539 829 1844 899 sapientiae,

252 930 596 984 illuminabat
626 930 920 992 infernum,
960 927 1055 982 sed
1087 926 1302 982 inferno
1330 941 1435 979 non
1465 923 1842 978 claudebatur.

244 1021 377 1090 Quis
406 1022 556 1076 enim
581 1023 730 1076 locus
757 1031 841 1076 est
861 1019 1182 1091 sapientiae?
1215 1019 1457 1087 Denique
1483 1017 1612 1071 dicit
1630 1017 1838 1085 justus:

248 1112 521 1183 Sapientia
543 1124 712 1167 autent
750 1113 888 1167 unde
923 1113 1129 1166 inventa
1155 1121 1228 1166 est
1255 1112 1280 1164 .9
1321 1109 1449 1175 Quis
1488 1119 1660 1162 autem
1696 1108 1842 1162 locus

242 1215 317 1259 est
358 1204 650 1272 disciplina!
672 1204 698 1257 Ρ
728 1202 907 1258 Nescit
934 1202 1086 1258 homo
1109 1203 1243 1257 viam
1268 1203 1403 1274 ejus,
1429 1217 1518 1254 nec
1542 1201 1746 1254 inventa
1766 1209 1841 1253 est

240 1298 374 1352 inter
399 1297 636 1352 homines
665 1296 786 1368 (Job
811 1313 1004 1362 xxvnl,
1043 1297 1138 1362 12,
1170 1295 1284 1367 15).
1451 1365 1454 1368 _

309 1393 492 1465 713.
526 1393 616 1447 4‘3.
648 1393 792 1464 Ergo
824 1408 923 1446 nec
953 1391 1007 1445 in
1036 1399 1300 1460 tempore,
1330 1403 1429 1444 nec
1453 1390 1504 1442 in
1536 1388 1656 1443 loco
1689 1397 1714 1426 ι
1743 1387 1838 1444 Sa-

238 1484 442 1554 pientia
465 1491 572 1552 est,
603 1485 749 1545 unde
774 1493 831 1538 et
859 1493 1080 1553 tempus
1102 1497 1224 1538 esse
1254 1480 1544 1551 signiﬁcat.
1570 1479 1676 1536 Sed
1705 1495 1840 1550 quo-

238 1577 401 1632 modo
450 1582 505 1631 in
543 1587 812 1648 tempore,
847 1591 966 1646 qum
995 1576 1049 1630 in
1081 1575 1349 1645 principio
1379 1575 1538 1629 erat?
1562 1572 1838 1644 quomodo

237 1672 288 1724 in
319 1670 463 1733 loco,
489 1684 613 1740 quas
636 1669 779 1740 apud
824 1669 992 1724 Deum
1034 1668 1197 1723 erat?
1236 1666 1558 1738 Unigenitus
1581 1666 1750 1722 Filius
1790 1667 1835 1721 si

1953 460 2111 514 batur
2154 473 2320 514 carne
2345 500 2360 523 ,
2397 457 2534 512 sicut
2572 456 2834 525 scriptum
2889 463 2974 510 est
3005 471 3015 504 ε
3049 452 3254 507 Christo
3299 455 3353 508 in
3396 467 3550 504 carne

1950 569 2102 623 passo
2126 552 2166 624 (Ι
2198 550 2342 605 Petr.
2393 567 2464 617 tv,
2500 552 2592 620 i);
2625 549 2679 604 in
2707 564 2768 602 se
2814 548 3000 617 utique
3041 561 3139 615 pro
3181 546 3431 614 corporis
3463 559 3549 598 as-

1948 645 2258 712 sumptione
2283 642 2596 708 referebat;
2627 651 2682 697 ut
2711 657 2834 710 qua:
2866 651 3048 694 nostra
3080 648 3228 704 sunt,
3264 639 3316 692 in
3346 653 3405 693 se
3429 638 3548 708 ipsa

1947 739 2269 808 susciperet,
2302 745 2358 792 et
2383 739 2494 791 suis
2516 733 2960 792 circumvestiret
2990 733 3251 792 humana.

2015 829 2106 884 45.
2139 830 2304 885 Recte
2327 831 2493 900 igitur
2522 830 2818 885 secundum
2863 837 3112 884 naturam
3145 841 3298 880 suam
3330 834 3381 880 et
3413 839 3544 882 caro

1947 936 2106 992 passa
2150 931 2258 986 est,
2285 939 2386 978 nec
2419 938 2480 978 ea
2516 923 2767 992 corporis
2811 922 3067 992 passione
3097 920 3258 976 Verbi
3294 932 3312 958 ε
3355 929 3547 974 natura

1947 1029 2151 1070 mutata
2183 1026 2304 1081 est;
2339 1017 2392 1071 in
2429 1018 2660 1072 veritate
2687 1017 2829 1070 etiiut
2865 1025 3049 1069 nostra
3075 1023 3156 1067 est
3184 1012 3541 1079 resurrectio,

1943 1118 1998 1166 et
2026 1109 2148 1168 ideo
2175 1110 2229 1164 iu
2263 1112 2490 1166 veritate
2517 1109 2723 1165 Christi
2757 1110 2939 1178 passio
2963 1107 3308 1178 praedicatur.

1941 1335 2316 1403 Pestringuntur
2341 1335 2392 1386 hi
2413 1350 2575 1388 omnes
2592 1334 2829 1394 haeretici,
2853 1332 2933 1399 qui
2955 1333 3197 1384 Christum
3221 1331 3296 1384 vel
3317 1333 3365 1383 in
3389 1333 3542 1397 phan-

2002 1429 2200 1474 tasmate
2247 1435 2441 1486 passum
2467 1462 2480 1484 ,
2522 1420 2595 1470 vel
2635 1421 2759 1470 duas
2792 1417 2843 1470 in
2879 1432 2930 1470 se
2963 1431 3194 1480 personas
3214 1416 3540 1480 complexum

2002 1505 2168 1556 dicunt
2191 1544 2204 1566 ,
2228 1518 2322 1555 non
2345 1517 2481 1556 secus
2513 1517 2571 1554 ac
2593 1504 2677 1566 qui
2709 1502 2782 1553 vel
2815 1514 2847 1552 a
2887 1501 2975 1552 Dei
3021 1499 3148 1552 Filio
3194 1498 3406 1551 Verbum
3438 1499 3541 1550 dis-

2001 1586 2318 1653 tinguunt,vet
2343 1601 2373 1636 a
2394 1599 2541 1638 carne
2564 1600 2657 1637 non
2673 1584 2971 1650 distinguunt
2995 1584 3312 1646 divinitatem,
3334 1581 3407 1633 vel
3417 1582 3542 1632 hanc

2000 1678 2248 1735 tamquam
2278 1669 2605 1734 nuper/cctam
2638 1667 2833 1732 iniuriis
2857 1667 3076 1731 corporis
3098 1666 3374 1729 subiiciunt.
3423 1667 3541 1718 Cum

234 1763 520 1832 queritur,
547 1763 600 1815 in
633 1765 756 1816 sinu
787 1760 960 1816 Patris
980 1761 1299 1830 evangelica
1325 1759 1520 1829 spiritu
1543 1761 1832 1827 reperitur.
1873 1762 1914 1824 Β
2000 1764 2158 1808 autem
2177 1754 2573 1806 horumomnium
2590 1761 2810 1806 auctores
2829 1751 2922 1805 sint
2940 1751 2992 1812 ii,
3012 1751 3095 1816 qui
3114 1748 3408 1800 diiinitatein
3431 1762 3540 1799 car-

235 1852 507 1923 Numquid
537 1855 717 1908 sinum
765 1854 938 1908 Patris
985 1854 1162 1909 locum
1205 1853 1450 1921 putatis?
1490 1852 1557 1906 Et
1583 1853 1832 1922 quaeritis

235 1947 513 2018 quomodo
537 1958 662 2003 nata
685 1949 776 2014 sit,
806 1964 927 2003 cum
954 1949 1099 2003 dicat
1129 1948 1477 2018 propheticus
1501 1949 1584 2002 vir
1609 1965 1622 2002 :
1652 1945 1834 2001 Nescit

235 2040 385 2094 hamo
413 2046 551 2095 siam
573 2043 686 2113 ejus
707 2039 847 2114 (Job.
872 2057 1056 2108 xxvni,
1087 2041 1219 2113 ιδῃ
1244 2043 1306 2096 Et
1328 2042 1624 2097 secundum
1659 2040 1830 2095 homi-

152 2135 156 2138 ”
233 2149 329 2189 nes
355 2146 539 2189 ortum
569 2137 686 2205 ejus
718 2135 1024 2203 .estimatis,
1052 2150 1175 2190 cum
1205 2135 1307 2189 .lob
1337 2135 1484 2189 dicat
1515 2133 1660 2204 quod
1693 2134 1832 2187 inter

235 2224 481 2281 homines
504 2241 612 2281 non
635 2228 705 2280 sit
726 2227 978 2282 inventa?
996 2227 1065 2282 Et
1086 2237 1317 2282 mortem
1347 2227 1582 2281 tribuitis
1605 2226 1832 2295 Sapien-

234 2317 340 2383 tizs,
368 2317 438 2372 de
463 2333 573 2388 qua
605 2318 820 2389 abyssus
849 2319 972 2372 dicit
995 2336 1012 2373 :
1043 2317 1168 2374 Non
1191 2333 1265 2373 est
1291 2321 1345 2372 in
1376 2335 1486 2384 me;
1511 2329 1557 2372 et
1583 2334 1724 2372 mare
1750 2319 1830 2372 di-

234 2411 300 2464 cit
332 2427 349 2463 :
384 2411 506 2466 Non
539 2421 619 2466 est
646 2427 843 2467 mecum
865 2411 1058 2484 (ibid.,
1085 2414 1173 2476 Η)
1200 2417 1222 2466 γ
1263 2413 1380 2468 Νοη
1420 2412 1549 2468 dicit
1585 2413 1781 2468 omium
1809 2453 1824 2480 ,

233 2504 346 2559 Non
370 2515 455 2560 est
477 2507 534 2560 in
559 2522 645 2562 me
667 2547 684 2573 ,
712 2507 808 2563 sed
836 2508 1047 2578 abyssus
1077 2509 1222 2574 dicit,
1252 2508 1372 2562 Non
1402 2518 1478 2561 est
1507 2510 1679 2562 inme.
1709 2508 1828 2563 Non

235 2597 376 2652 enim
416 2598 626 2668 abysso
651 2640 664 2662 ,
707 2597 802 2654 sed
829 2599 979 2654 Patri
1019 2599 1187 2654 dixit:
1215 2599 1281 2654 In
1328 2615 1510 2653 manus
1551 2610 1664 2654 tuas
1689 2616 1829 2654 t'0m-

233 2691 410 2744 mendo
453 2692 701 2760 spiritum
744 2705 911 2745 meum
947 2690 1101 2764 (Luc.
1140 2707 1293 2758 xxm,
1325 2691 1442 2763 46).
1487 2692 1606 2762 ipsa
1645 2693 1826 2746 anima

233 2785 336 2837 etsi
366 2784 464 2839 luit
494 2785 553 2839 in
591 2785 810 2856 abysso,
842 2787 949 2854 jam
983 2801 1089 2840 non
1120 2795 1232 2851 est;
1264 2787 1387 2857 quia
1417 2789 1677 2857 scriptum
1703 2795 1825 2841 est:

235 2873 488 2941 Quoniam
517 2893 622 2930 non
662 2878 920 2946 relinques
947 2878 1172 2931 animant
1205 2894 1368 2931 ineant
1397 2879 1450 2932 in
1481 2879 1708 2948 inferno,
1739 2894 1830 2932 nec

232 2970 372 3026 dabis
391 2983 632 3025 sanctum
653 2981 797 3025 tuum
814 2971 986 3026 sidere
1005 2973 1388 3043 corruptionem
1410 2970 1583 3043 (Psal.
1605 2988 1694 3039 xv,
1712 2973 1824 3040 10).

298 3065 388 3121 45.
416 3064 569 3119 Mure
589 3077 719 3134 ergo
739 3064 867 3119 dicit
894 3081 906 3117 :
939 3064 1061 3118 Non
1093 3076 1166 3119 est
1193 3081 1410 3130 mecum,
1437 3067 1536 3119 hoc
1567 3074 1668 3129 est.
1716 3067 1824 3120 vita

1995 1853 2197 1904 nemque
2219 1838 2410 1890 Domini
2431 1837 2572 1889 unius
2593 1845 2782 1888 naturtc
2806 1848 2908 1888 esse
2932 1834 3175 1900 ﬁngebant
3193 1872 3205 1890 ,
3232 1845 3310 1882 eos
3347 1833 3390 1882 Ν
3399 1829 3541 1883 icami

1992 1919 2184 1972 concilii
2209 1922 2536 1971 auctoritatem
2567 1918 2690 1988 falso
2711 1919 2962 1969 venditare
2993 1917 3199 1969 ostendit
3222 1912 3505 1966 Ambrosius
3522 1955 3536 1978 ,

1995 2004 2239 2055 Christum
2278 2003 2328 2055 in
2371 2003 2643 2067 Scripturis
2683 2011 2866 2055 tantum
2897 2001 3162 2053 secundum
3196 1997 3540 2050 humanitatem

1992 2102 2185 2151 passum
2208 2086 2406 2138 narrari
2427 2085 2898 2152 pateﬁ:ctens.Addit
2915 2098 3110 2134 carnem
3127 2083 3188 2132 ab
3209 2096 3262 2132 eo
3281 2087 3538 2145 promeret:

1992 2178 2276 2236 susceptam,
2299 2173 2493 2234 utquod
2515 2178 2816 2234 peccaverat,
2840 2168 2961 2220 inse
2983 2171 3273 2228 redimeret;
3299 2180 3407 2216 cum
3435 2167 3536 2216 Deo

1991 2261 2036 2306 ct
2076 2261 2269 2316 peccato
2310 2253 2431 2303 nihil
2474 2259 2614 2318 queat
2653 2264 2756 2303 esse
2794 2264 3058 2302 commune.
3102 2254 3352 2302 Postremo
3393 2260 3534 2312 quant

1990 2337 2210 2387 absurda
2238 2335 2365 2396 sint,
2385 2349 2495 2399 quis
2515 2350 2578 2388 ex
2601 2337 2992 2387 adversariorum
3015 2334 3238 2397 Opinione
3253 2340 3534 2397 sequantur,

1991 2418 2163 2482 aperit.

2001 2527 2092 2581 i6.
2119 2524 2306 2595 Neque
2332 2526 2501 2591 enim,
2527 2527 2669 2596 quod
2692 2526 2912 2596 quidam
2945 2525 3158 2589 dicunt,
3196 2525 3247 2579 in
3277 2523 3536 2594 phantas-

1932 2629 2078 2672 mate
2130 2631 2318 2687 passus
2348 2627 2472 2686 est,
2523 2621 2646 2688 quia
2696 2633 2798 2674 nec
2847 2619 2899 2672 in
2950 2621 3327 2687 phantasmate
3371 2631 3537 2685 super

1933 2725 2087 2766 mare
2109 2712 2425 2778 ambulavit,
2452 2713 2596 2781 quod
2621 2711 2875 2782 discipuli
2903 2713 2952 2765 in
2979 2711 3280 2781 Evangelia
3325 2698 3566 2780 opinati'

1931 2819 2053 2861 esse
2101 2807 2404 2874 produntur
2443 2803 2674 2876 (Matth.
2703 2805 2968 2876 xrv,26).
3014 2805 3119 2862 Sed
3165 2815 3532 2871 excusantur,

1931 2902 2053 2970 quia
2083 2917 2095 2952 :
2134 2898 2385 2954 Nondum
2415 2911 2526 2955 erat
2554 2900 2788 2968 Spiritus
2818 2901 2972 2953 datus
3018 2898 3217 2961 (Joan.
3244 2915 3346 2962 vn,
3389 2899 3458 2953 '59
3478 2899 3529 2970 );

1931 2994 2157 3047 nondum
2206 2995 2341 3047 enim
2371 2991 2527 3046 Iesus
2559 2995 2729 3061 fuerat
2758 2993 3130 3060 houoriﬁcatus
3158 2991 3335 3064 (Rom.
3362 3007 3418 3056 ν,
3446 2992 3524 3060 5).

1931 3085 2097 3140 Nobis
2122 3087 2232 3154 jam
2265 3086 2560 3140 cruciﬁxus
2592 3095 2675 3139 est
2703 3084 2950 3140 Christus
2979 3095 3032 3138 et
3063 3083 3403 3137 resurrexit:
3439 3097 3564 3136 ηοω

232 3169 410 3250 nostra
439 3159 578 3212 dicit
606 3157 859 3213 ﬂuctibus
879 3158 1066 3212 saeculi
1100 3159 1362 3228 inquieta.
1405 3159 1523 3212 Non
1569 3168 1652 3213 est
1679 3161 1823 3212 enim
1853 3145 1897 3209 C
1929 3182 2013 3236 bis
2036 3145 2147 3249 ian;
2180 3182 2416 3250 Spir-llus
2439 3180 2599 3233 ἀπίης
2623 3190 2730 3243 es“
2752 3178 2843 3248 qui
2882 3187 3121 3232 assertor
3146 3184 3230 3232 es.
3261 3177 3528 3231 vernalis.

233 3249 370 3305 inter
395 3250 654 3307 homines
678 3266 807 3307 cara
827 3252 943 3323 ejus
967 3293 980 3316 ,
1006 3253 1130 3322 quia
1155 3253 1454 3308 secundum
1481 3268 1700 3308 carnem
1716 3252 1826 3322 jam

235 3357 336 3398 non
361 3347 623 3399 novimus
651 3346 927 3400 Christum
967 3345 1038 3417 (Ii
1070 3346 1187 3400 Cor.
1222 3361 1271 3412 v,
1309 3344 1420 3417 16).
1451 3346 1618 3402 Terra
1646 3346 1782 3400 dicit
1810 3363 1823 3399 :

235 3433 352 3490 Non
379 3447 453 3491 est
492 3453 692 3490 mecum
725 3481 734 3500 ,
773 3439 899 3508 quia
947 3441 1268 3494 resurrexit.
1303 3439 1546 3521 Denique
1587 3440 1826 3511 Angelus

232 3529 301 3582 ait
329 3549 340 3583 :
375 3530 519 3596 Quid
549 3533 776 3599 quaeritis
809 3533 1057 3588 viventem
1091 3550 1206 3586 cum
1234 3537 1445 3588 mortuis
1476 3533 1629 3604 (Luc.
1675 3551 1821 3600 xxiv,

231 3625 326 3694 5)?
349 3626 415 3680 Et
445 3628 586 3684 bene
616 3645 764 3683 mare
784 3629 921 3684 dixit
946 3648 958 3682 :
996 3630 1116 3686 Non
1139 3639 1212 3685 est
1240 3647 1468 3700 mecum;
1509 3634 1634 3703 quia
1659 3649 1824 3703 super

232 3731 374 3773 mare
408 3728 553 3773 erat.
599 3721 842 3793 Denique
889 3723 942 3778 in
981 3724 1117 3779 mari
1156 3731 1213 3778 et
1256 3726 1539 3795 corporeis
1578 3727 1824 3796 vestigiis

232 3810 564 3878 ambulabat,
590 3815 808 3882 quando
836 3822 894 3870 et
919 3816 1169 3887 subjecto
1195 3819 1328 3872 mari
1357 3832 1520 3888 super
1549 3834 1698 3874 mare
1725 3820 1825 3875 Pe-

235 3911 369 3957 trum
399 3906 683 3973 ambulare
713 3911 972 3979 praecepit
1002 3909 1222 3980 (Matth.
1254 3927 1364 3976 xiv,
1405 3912 1499 3980 29)
1525 3929 1540 3977 ;
1573 3914 1665 3983 qui
1693 3912 1823 3968 licet

233 3995 580 4063 titubaverit,
617 4001 871 4056 titubavit
903 4011 1079 4058 tamen
1121 4019 1228 4058 non
1260 4019 1355 4074 per
1387 4003 1821 4061 imbecillitatem

228 4087 490 4159 iubentis,
521 4094 616 4149 sed
651 4109 748 4165 per
771 4096 1141 4152 inﬁrmitatem
1173 4097 1500 4154 obedientis.

298 4183 384 4239 M.
424 4186 563 4256 Ergo
601 4188 879 4258 splendori
907 4191 1097 4260 glorise
1125 4205 1228 4246 nou
1255 4192 1589 4261 permisceas
1616 4202 1820 4248 nostra!

233 4284 592 4336 atramentum
618 4291 851 4349 natura»,
885 4299 993 4340 non
1017 4284 1122 4340 luci
1147 4285 1400 4340 nebulam
1431 4285 1680 4341 humanae
1703 4301 1823 4340 ear-

235 4369 314 4423 nis
344 4368 608 4428 oii‘undas.
652 4374 862 4431 Rursus
910 4378 1218 4446 passionem
1259 4378 1584 4448 prtedicans,
1629 4379 1674 4434 si
1723 4395 1818 4434 ne-

231 4475 496 4533 quaquam
541 4467 592 4522 id
622 4468 765 4537 quod
795 4478 882 4525 est
926 4471 1182 4540 passibile
1227 4486 1611 4542 recognoscas,
1645 4473 1816 4540 pieta-

1932 3274 2271 3343 Etdiscipuli
2310 3275 2530 3344 quidem
2579 3271 2874 3342 aliquando
2918 3280 3262 3334 erraverunt,
3314 3286 3382 3325 ne
3427 3285 3527 3326 nos

1930 3379 2117 3439 postea
2160 3384 2345 3423 errare
2388 3382 2696 3437 possemus.
2741 3365 2886 3435 Ergo
2929 3367 3144 3419 illorum
3178 3379 3333 3419 error
3373 3363 3533 3417 nobis

1929 3462 2164 3530 proiicit.
2191 3461 2354 3530 Quasi
2387 3461 2632 3514 homines
2655 3466 2932 3523 errarunt,
2956 3457 3107 3528 quasi
3131 3456 3383 3526 discipuli
3413 3471 3533 3510 erc-

1926 3553 2206 3608 diderunt.

2002 3647 2087 3701 i7.
2116 3647 2182 3701 Et
2215 3648 2313 3700 hos
2355 3646 2517 3716 igitur
2543 3645 2634 3716 qui
2669 3645 2720 3699 iu
2766 3643 3149 3714 phantasmate
3193 3643 3412 3698 venisse
3441 3642 3529 3697 le-

1928 3754 2046 3793 sum
2079 3737 2403 3808 przedicant,
2438 3747 2491 3790 et
2538 3735 2662 3791 illos
2701 3737 3068 3791 condemnare
3112 3735 3370 3790 debemus
3393 3777 3406 3798 ,
3438 3734 3526 3801 qui

1925 3831 2149 3886 adversa
2181 3831 2387 3884 erroris
2423 3830 2563 3884 linea
2596 3845 2703 3883 non
2736 3844 2901 3882 unum
2937 3827 3298 3895 eumdeinque
3329 3825 3526 3880 Filium

1928 3925 2022 3979 Dei
2053 3923 2241 3977 dicunt
2269 3940 2281 3975 :
2312 3922 2406 3976 sed
2435 3922 2599 3976 alium
2650 3937 2772 3976 esse
2801 3922 2888 3990 qui
2923 3936 2989 3974 ex
3023 3920 3132 3974 Deo
3174 3919 3337 3973 Patre
3369 3929 3529 3972 natus

1924 4015 2013 4080 sit,
2047 4014 2212 4068 alium
2242 4014 2332 4082 qui
2362 4013 2432 4066 sit
2455 4022 2750 4083 generatus
2780 4028 2846 4066 ex
2884 4011 3103 4080 Virgine
3139 4026 3152 4073 ;
3184 4024 3305 4062 cum
3345 4009 3524 4062 Evan-

1923 4110 2112 4180 gelista
2139 4108 2283 4162 dicat
2310 4103 2436 4176 quia
2465 4106 2691 4160 Verbum
2719 4123 2838 4160 caro
2857 4111 3054 4178 factum
3079 4115 3151 4158 est
3175 4101 3353 4172 (Joan.
3381 4119 3414 4167 ι,
3439 4103 3521 4173 i_);

1926 4211 1984 4256 ut
2017 4216 2180 4254 unum
2219 4200 2505 4253 Dominum
2539 4199 2752 4263 .iesum,
2785 4214 2892 4253 non
2923 4197 3058 4252 duos
3086 4197 3365 4252 crederes.

1992 4297 2082 4351 48.
2115 4292 2371 4349 Nonnulli
2412 4295 2576 4348 etiam
2628 4292 2772 4347 aliud
2810 4291 2900 4347 Dei
2936 4286 3196 4356 Verbum,
3244 4288 3392 4344 aliud
3430 4288 3523 4344 Dei

1927 4389 2118 4447 Filium
2163 4388 2516 4445 crediderunt
2553 4402 2713 4442 :cum
2768 4387 2963 4455 ipsum,
3017 4385 3106 4455 qui
3140 4384 3192 4437 io
3250 4383 3526 4453 principio

1923 4495 2042 4541 erat
2066 4485 2304 4540 Verbum
2331 4483 2472 4554 apud
2507 4483 2674 4537 Deum
2708 4477 2949 4544 Patrem,
2971 4480 3022 4531 in
3053 4493 3149 4531 sua
3183 4478 3400 4548 prppria
3433 4491 3532 4529 τρε

231 4563 335 4610 tem
384 4553 598 4616 Domini
638 4563 904 4630 refellisti,
928 4538 1176 4619 salutem
1212 4538 1381 4620 tuam-
1397 4538 1818 4636 negastisUude

1951 4538 2451 4647 iis-se‘E—Ivangeli‘sla
2500 4581 2731 4631 testetur
2759 4538 2952 4641 (Ibid,
2989 4571 3102 4641 ii).
3155 4538 3298 4627 S-ttnt
3342 4581 3526 4623 autem

229 4662 471 4709 amentes
515 4670 613 4710 eos
661 4659 935 4713 aestimare
978 4658 1266 4723 debemus,
1300 4659 1391 4728 qui
1424 4659 1707 4714 audientes
1732 4660 1816 4714 di-

227 4757 434 4803 centem
461 4749 550 4805 Dei
577 4750 771 4806 Filium
796 4771 808 4805 :
840 4753 978 4820 Quid
1009 4769 1087 4807 me
1109 4753 1266 4808 cordis
1297 4751 1474 4821 (Joan.
1510 4771 1660 4820 xvnt,
1684 4751 1818 4824 25)?

227 4843 518 4899 secundum
549 4855 800 4900 naturam
823 4843 1124 4900 divinitatis
1151 4845 1450 4915 subjectum
1477 4845 1692 4916 injuria:
1715 4862 1814 4916 pu-

229 4941 492 4990 taverunt.
537 4939 690 4992 Dixit
719 4939 905 4993 enim:
940 4937 1082 5006 Quid
1117 4955 1197 4992 me
1236 4939 1394 4992 audis
1416 4941 1441 4991 Ρ
1479 4938 1575 4993 sed
1609 4938 1816 4994 ca'dem

227 5022 402 5079 divina
438 5039 625 5083 nstura
658 5045 762 5084 non
795 5031 986 5085 sensit.
1021 5029 1202 5084 Dixit:
1234 5027 1461 5083 Dorsum
1496 5046 1661 5084 meum
1701 5031 1820 5085 dedi

227 5115 276 5169 ia
298 5119 530 5188 ﬂagella,
562 5131 610 5178 et
637 5123 878 5181 niaxillas
904 5139 1042 5180 meas
1065 5125 1119 5178 in
1146 5123 1348 5193 palmas
1372 5139 1390 5177 :
1421 5124 1617 5178 vultum
1646 5134 1820 5180 autem

228 5225 391 5264 meum
415 5211 443 5250 δ
470 5231 567 5269 non
590 5220 815 5272 converti
839 5237 870 5272 a
901 5219 1207 5291 confusione
1232 5228 1524 5288 sputorum.
1554 5218 1723 5290 (Esai.
1758 5236 1813 5286 ι,

227 5299 301 5371 6).
330 5303 555 5362 Dorsum
605 5309 740 5365 dixit
778 5321 832 5366 et
881 5312 1140 5366 maxillas
1171 5323 1226 5366 et
1278 5313 1506 5376 vultum,
1551 5312 1652 5366 hoc
1691 5324 1812 5380 est,

227 5390 446 5450 humani
492 5401 738 5471 corporis
783 5403 1084 5471 portiones.
1132 5404 1288 5471 Quod
1321 5404 1468 5462 enim
1496 5419 1625 5460 caro
1649 5404 1811 5460 Verbi

297 5519 321 5546 ι
349 5508 426 5590 ita
458 5525 563 5569 vet.
599 5517 730 5573 edit.
763 5535 826 5575 ac
864 5519 1050 5590 plures
1081 5533 1210 5576 mss.
1272 5520 1424 5576 Rom.
1462 5535 1595 5576 vero
1625 5529 1679 5575 et
1727 5520 1820 5590 alii

227 5582 1019 5708 pneg'lguterrogationetn,'unde
1045 5601 1243 5664 tempus
1271 5593 1570 5672 signiﬁcat?
1601 5585 1821 5658 Minime

298 5722 325 5762 δ
354 5726 733 5807 Omnes-edit.
772 5747 842 5807 ac
865 5734 1018 5807 pauci
1061 5747 1216 5801 mss...
1251 5751 1352 5796 non
1391 5738 1585 5804 averti;
1625 5721 1836 5807 reliqui-

229 5809 328 5854 ntm
359 5803 599 5872 converti,
627 5803 930 5884 supplepin
959 5804 1118 5860 aliam
1151 5814 1378 5879 partem.

1925 4671 2015 4741 qui
2047 4679 2320 4740 tamquam
2371 4667 2437 4721 ad
2468 4683 2631 4720 unum
2667 4663 3058 4734 prophetarum
3089 4705 3103 4728 ,
3139 4663 3207 4716 ita
3260 4662 3324 4714 ad
3366 4659 3526 4714 Citri-

1925 4773 2068 4817 stum
2106 4761 2303 4814 factum
2334 4773 2456 4814 esse
2488 4755 2726 4810 Verbum
2758 4757 3004 4809 arbitrati
3039 4764 3186 4819 sunt,
3215 4768 3321 4807 non
3347 4753 3523 4820 ipsum

1925 4869 2045 4909 esse
2074 4852 2168 4906 Dei
2198 4851 2459 4905 Verbum.
2490 4849 2598 4904 Sed
2628 4847 2694 4902 tle
2723 4849 2873 4901 nullo
2901 4845 3287 4916 pr0phetarutn
3318 4843 3521 4897 dictum

1925 4957 2009 5003 est
2028 4946 2152 5016 quia
2188 4946 2410 5000 Verbum
2434 4961 2555 4998 caro
2579 4947 2773 5016 factum
2796 4953 2890 4996 est.
2919 4941 3111 4995 Nullus
3135 4937 3520 5010 pr0phetarutn

1922 5041 2147 5094 abstulit
2195 5049 2414 5108 peccata
2461 5038 2673 5093 mundi.
2707 5038 2783 5090 De
2818 5036 2968 5090 nullo
3010 5034 3116 5086 alio
3157 5033 3361 5085 dictum
3397 5039 3472 5082 ρει
3505 5043 3530 5081 :'

1923 5132 2026 5186 Hic
2049 5142 2125 5186 est
2143 5131 2309 5186 Filius
2326 5149 2469 5185 meus
2488 5133 2706 5185 dilectus
2721 5133 2772 5183 in
2785 5146 2882 5199 quo
2900 5126 3188 5196 complacui
3209 5122 3422 5194 (Matth.
3441 5137 3519 5188 ill,

1925 5225 2028 5294 l7).
2061 5225 2132 5278 De
2160 5223 2309 5278 nullo
2335 5223 2717 5293 prophetarum
2748 5221 2974 5291 legimus
2999 5215 3139 5287 quod
3172 5219 3240 5268 sit
3263 5214 3524 5268 Dominus

1919 5313 2238 5382 maiestatis,
2283 5314 2428 5384 quod
2456 5315 2522 5368 de
2556 5313 2775 5368 Christo
2798 5309 3090 5380 Apostolus
3118 5306 3254 5360 dixit
3277 5304 3400 5372 quia
3427 5305 3522 5359 Ju-

1913 5407 2016 5462 dazi
2037 5407 2325 5462 Dominum
2358 5407 2666 5476 maiestatis
2705 5403 3094 5458 cruciﬁxerunt
3127 5399 3172 5465 (Ι
3195 5398 3317 5453 Cor.
3346 5411 3406 5460 tt.
3440 5398 3522 5470 8).

2005 5533 2025 5559 π
2059 5523 2187 5577 Mss.
2216 5522 2444 5592 aliquot,
2479 5531 2666 5592 natura
2693 5520 2961 5569 immutata
2992 5523 3066 5565 est
3093 5529 3110 5566 :
3143 5513 3384 5592 absurdo
3407 5531 3536 5582 seu,-

1928 5609 2015 5660 su,
2052 5595 2152 5648 nisi
2179 5585 2453 5646 immutata
2482 5591 2588 5643 illic
2620 5595 2851 5660 ponatur
2883 5599 2980 5660 pro
3006 5594 3222 5637 mutata.
3255 5585 3531 5656 Caeterum

1927 5653 2047 5734 qua:
2100 5666 2210 5734 hoc
2250 5671 2305 5734 et
2357 5669 2472 5712 toto
2526 5653 2641 5726 seq.
2669 5656 2864 5734 capite
2899 5653 3254 5734 disputantur
3278 5693 3293 5716 ,
3329 5653 3536 5734 tantum

1929 5725 2127 5801 habent
2155 5732 2473 5800 aﬂipitatem
2498 5725 2618 5801 cum
2654 5725 2940 5801 Athanasii
2963 5725 3189 5801 epistola
3214 5741 3375 5800 supra
3410 5725 3528 5785 lau-'

1926 5793 2082 5874 data,
2109 5805 2194 5860 vix
2221 5793 2408 5858 u't'alia
2436 5797 2608 5868 major
2635 5803 2799 5871 queat
2825 5793 3076 5866 cogitari.
