4014 6290
238 314 340 370 833

238 540 376 590 netu,
398 523 488 594 qui
516 525 622 580 ait:
655 525 766 596 Ego
784 535 832 581 et
852 525 1012 580 Pater
1033 543 1194 581 unum
1212 543 1386 582 sumus
1412 524 1596 600 (Joan.
1627 543 1680 592 χ,
1699 525 1811 592 50).

241 614 403 672 Unius
436 631 568 687 ergo
612 619 932 673 substantiae
977 619 1142 675 Pater
1180 635 1301 675 cum
1334 628 1558 675 terreno
1582 633 1814 690 corpore

235 708 578 779 praedicatur.
614 711 682 768 Et
722 712 898 767 adhuc
930 712 1290 784 indignamini
1322 713 1375 768 in
1409 713 1628 768 Arianis
1651 755 1666 781 ,
1688 714 1813 784 quia

231 803 287 856 lii
312 802 494 859 dicunt
518 803 712 859 Filium
743 804 840 861 Dei
862 815 1170 862 creaturam
1195 823 1316 864 esse
1336 823 1350 873 ;
1373 823 1497 864 cum
1530 807 1629 878 ipsi
1657 806 1811 863 dica-

234 893 299 949 tis
329 893 544 950 Patrem
578 895 739 952 unius
759 912 883 952 cum
919 899 1188 954 creaturis
1217 915 1341 956 esse
1362 899 1727 956 substantias?

299 987 388 1043 58.
419 987 558 1055 Quid
591 998 774 1045 autem
813 991 963 1047 aliud
994 993 1156 1063 agitis
1192 993 1296 1048 ista
1326 991 1581 1059 dicendo,
1626 992 1729 1047 nisi
1757 1000 1816 1047 ut

226 1091 315 1134 aut
346 1079 536 1135 limum
566 1081 721 1150 Δότε,
751 1079 1069 1156 terramque
1088 1095 1328 1140 nostram
1353 1083 1549 1140 divinae
1564 1085 1814 1141 substan-

227 1174 314 1229 tia:
359 1175 706 1244 comparetis,
758 1185 856 1232 aut
905 1185 1054 1233 certe
1098 1177 1438 1234 divinitatem
1486 1179 1538 1233 in
1580 1186 1813 1234 terrenae

220 1266 812 1337 corruptelaeinjuriam
840 1268 1209 1326 transferatis.
1233 1269 1474 1326 Dicendo
1496 1270 1640 1327 enim
1668 1269 1813 1342 quod

222 1357 458 1414 Verbum
482 1373 610 1414 caro
626 1371 683 1416 et
703 1375 826 1416 ossa
850 1361 1050 1418 factum
1081 1370 1185 1430 est,
1215 1363 1266 1417 in
1300 1373 1499 1418 terram
1525 1363 1715 1434 utique
1731 1361 1814 1417 di-

218 1451 342 1506 citis
368 1466 496 1507 esse
524 1466 849 1509 conversum
876 1470 890 1520 ;
922 1455 1178 1525 quoniam
1203 1469 1334 1510 caro
1363 1465 1420 1510 et
1445 1468 1570 1510 ossa
1598 1453 1667 1510 de
1693 1462 1814 1525 ter-

219 1544 296 1600 ris
321 1555 470 1601 sunt.

284 1634 375 1692 59.
423 1637 516 1693 Sic
559 1639 823 1709 scriptum
869 1648 984 1707 est,
1043 1640 1326 1712 inquiunt,
1380 1639 1554 1710 quia.
1583 1637 1813 1693 Verbum

213 1745 331 1785 curo
360 1734 561 1802 factum
581 1742 657 1786 est
681 1731 860 1804 (Joan.
880 1750 918 1800 ι,
948 1732 1344 1804 M).Scriptum
1376 1742 1479 1796 est,
1509 1747 1615 1787 non
1639 1747 1810 1802 nego:

835 312 924 370 DE
962 310 1497 370 lNCARNATlONlS
1536 309 1892 370 DOMINIC‘E
1931 310 2398 370 SACRAMENTO
2433 311 2643 370 LIBER
2681 312 2885 374 UNUS.

235 441 504 502 paternam
553 431 983 501 professionem,
1008 442 1066 490 et
1095 433 1268 504 ipsius
1298 432 1512 488 Domini
1551 432 1810 487 assertio-
1842 452 1893 508 Α

3412 318 3519 376 εει

2520 472 2746 530 CAPUT
2789 473 2898 528 VII.

1919 586 2058 647 Quod
2082 584 2222 638 libris
2253 585 2588 652 superioribus
2619 587 2747 639 hunc
2768 586 3049 649 addiderit,
3072 594 3273 640 excusat
3296 599 3312 638 :
3334 585 3513 638 deinde

1976 668 2059 721 ubi
2081 669 2294 724 rationes
2316 685 2500 736 eorum,
2529 669 2612 735 qui
2643 669 2855 722 aniinam
2875 685 2908 722 a
2932 669 3126 723 Christo
3151 671 3387 738 negabant
3409 679 3514 720 esse

1977 760 2270 817 susceptam,
2296 752 2484 819 ineptas
2504 754 2872 818 demonstravit,
2901 755 3122 806 eamdem
3143 752 3319 805 annua
3348 765 3512 804 susce-

1977 833 2188 898 ptionem
2211 838 2486 902 Scriptura:
2509 836 2682 890 astruit
2713 835 3026 900 testimoniis;
3057 844 3162 888 tum
3182 834 3401 901 exposito
3422 847 3512 886 cur

1913 969 1922 978 ,
1977 921 2192 971 animum
2213 935 2244 972 a
2267 921 2470 972 Domino
2491 935 2587 972 non
2610 921 2988 985 prwtermissam
3009 920 3296 986 oportuerit,
3318 923 3513 974 eosdem

1978 1016 2100 1053 vano
2122 1001 2296 1055 timore
2318 1003 2499 1070 agitari
2520 1005 2742 1058 ostendit.
2769 1007 3022 1068 Quomodo
3053 1013 3268 1057 metuere
3288 1010 3372 1056 aut
3393 1018 3509 1069 pro-

1921 1151 1942 1160 _
1977 1083 2127 1149 [icere
2157 1085 2352 1139 dicatur
2385 1087 2635 1150 Christus;
2659 1102 2813 1154 neque
2845 1096 3005 1142 tamen
3035 1085 3306 1153 periculum
3335 1087 3425 1153 sit,
3452 1101 3513 1139 ne

1975 1169 2244 1234 dividatur,
2272 1171 2346 1223 vel
2372 1179 2522 1224 tetras
2554 1172 2778 1225 videatur
2811 1173 3172 1238 induci:qu
3207 1171 3428 1224 ultimum
3458 1171 3512 1225 in

1976 1266 2057 1307 eos
2077 1255 2208 1320 ipsos
2230 1263 2554 1323 retorquetur.

1985 1360 2073 1416 62.
2109 1361 2333 1419 Possem
2382 1364 2544 1420 latius
2583 1366 2876 1438 persequi,
2919 1367 3018 1423 sed
3045 1383 3245 1424 vereor
3288 1383 3357 1424 ne
3387 1367 3508 1425 haec

1912 1452 2028 1523 ipsa
2057 1453 2330 1525 aliquibus
2369 1465 2462 1511 aut
2489 1457 2762 1526 superflua
2808 1468 2904 1514 aut
2943 1459 3152 1529 prolixa
3200 1459 3510 1516 videantur.

1914 1545 2190 1605 Fortassis
2216 1549 2363 1605 enim
2394 1549 2540 1605 dicat
2564 1550 2766 1622 aliquis
2792 1569 2807 1605 :
2834 1551 3024 1608 Nonne
3050 1553 3117 1608 de
3138 1553 3315 1610 Patris
3337 1563 3392 1610 et
3422 1553 3514 1609 Fi-

1913 1637 1971 1694 lii
2023 1639 2311 1697 divinitate
2356 1643 2600 1715 quinque
2630 1644 2760 1711 illis,
2806 1659 2943 1714 quos
2993 1645 3308 1716 scripsisti,
3357 1646 3514 1704 libris

1914 1731 2300 1788 couclusurum
2333 1743 2385 1790 te
2414 1748 2538 1790 esse
2566 1735 2943 1806 promiseras?
2967 1737 3072 1794 Sed
3102 1737 3232 1809 quid
3274 1737 3468 1794 faciam
3496 1780 3513 1808 ,

209 1823 302 1879 scd
321 1826 618 1881 considera
650 1827 778 1899 quid
808 1839 1095 1898 sequatur;
1128 1828 1376 1898 sequitur
1401 1827 1546 1884 enim
1584 1827 1692 1881 εει
1718 1827 1811 1882 ha-
1841 1831 1891 1893 Β
1917 1836 2038 1877 cum
2093 1823 2336 1892 quotidie
2389 1840 2563 1883 novas
2625 1828 2898 1884 seminent
2947 1829 3327 1900 quazstiones?
3392 1831 3512 1888 Non

209 1915 383 1971 bitavit
425 1918 590 1991 717
616 1921 670 1974 in
701 1919 847 1975 nobis
868 1961 882 1984 ,
924 1919 1029 1976 hoc
1064 1928 1187 1986 est,
1235 1919 1367 1974 illud
1395 1919 1634 1976 Verbum
1665 1919 1810 1991 quod

204 2027 424 2066 carnem
456 2013 722 2083 suscepit,
756 2013 861 2069 hoc
891 2012 1158 2070 habitavit
1188 2015 1240 2067 in
1281 2013 1461 2078 nobis,
1497 2013 1600 2068 hoc
1621 2022 1724 2080 est,
1757 2011 1810 2067 in

207 2120 371 2160 carne
403 2104 678 2160 habitavit
708 2104 979 2172 humana;
1012 2115 1068 2162 ει
1114 2105 1236 2161 ideo
1267 2105 1586 2160 Emmanuel
1633 2103 1812 2160 dictus

203 2205 284 2250 est
310 2237 325 2260 ,
360 2197 469 2251 hoc
501 2205 618 2263 est,
651 2197 934 2252 nobiscum
980 2198 1122 2253 Deus
1165 2195 1392 2268 (Matth.
1426 2213 1476 2263 ι,
1527 2195 1661 2266 25).
1699 2196 1811 2251 lloc

203 2302 333 2358 ergo
384 2287 621 2344 Verbum
676 2306 798 2344 caro
847 2293 1040 2362 factum
1078 2298 1176 2356 est,
1237 2304 1338 2359 pro
1388 2304 1456 2345 eo
1506 2287 1651 2359 quod
1699 2297 1807 2355 est,

200 2381 366 2438 homo
411 2383 597 2439 factus
641 2392 743 2440 est.
777 2383 935 2440 Sicut
965 2385 1128 2439 etiam
1159 2382 1213 2438 in
1241 2381 1364 2438 δορὶ
1406 2383 1542 2438 dixit
1573 2400 1586 2436 :
1622 2381 1811 2449 E/Iun-

197 2475 318 2529 dum
349 2477 414 2530 de
446 2475 660 2546 Spiritu
692 2493 804 2531 meo
833 2493 990 2546 super
1011 2493 1212 2531 omnem
1253 2493 1461 2532 carnem
1503 2478 1520 2545 (
1547 2475 1690 2530 Joel.
1726 2490 1762 2529 ll
1789 2514 1805 2542 ,

196 2567 287 2639 28)
315 2585 328 2634 ;
362 2583 474 2623 non
504 2570 659 2624 enim
687 2584 851 2640 super
882 2570 1307 2626 irrationabilem
1335 2585 1555 2626 carnem
1581 2611 1596 2635 ,
1623 2569 1719 2624 sed
1753 2571 1808 2624 in

195 2658 450 2717 homines
478 2661 668 2716 futura
703 2661 1041 2732 promittitur
1060 2662 1247 2734 gratia:
1273 2663 1532 2734 spiritalis
1556 2661 1767 2718 effusio.

265 2755 356 2809 60.
393 2754 562 2822 Quod
584 2754 630 2810 si
653 2755 954 2810 secundum
981 2755 1220 2811 litteram
1248 2770 1346 2810 vos
1379 2756 1598 2821 tenetis,
1629 2765 1688 2812 ut
1712 2771 1810 2827 pu-

194 2849 319 2903 tetis
359 2863 429 2904 ex
479 2863 557 2905 eo
599 2849 745 2919 quod
796 2849 1063 2919 scriptum
1094 2856 1214 2915 est,
1247 2847 1392 2919 quod
1430 2847 1650 2902 Verbum
1691 2863 1808 2902 caro

189 2941 390 3012 factum
423 2951 506 2997 est
535 2983 548 3007 ,
575 2941 815 2997 Verbum
833 2944 922 2998 Dei
948 2942 1002 2996 in
1030 2956 1250 2996 carnem
1286 2955 1408 2997 esse
1439 2956 1762 2996 conversum
1789 2957 1804 3006 ;

190 3035 457 3108 numquid
513 3035 732 3108 negatis
762 3032 1040 3107 scriptum
1074 3051 1198 3091 esse
1247 3035 1314 3091 de
1363 3036 1633 3104 Domino,
1681 3037 1805 3107 quia

189 3141 481 3198 peccatum
516 3145 629 3184 non
663 3130 809 3198 fecit,
839 3129 936 3185 sed
957 3139 1240 3200 peccatum
1273 3129 1445 3184 factus
1477 3138 1562 3184 est
1585 3130 1652 3200 (ll
1683 3131 1801 3185 Cor.

1913 1916 2160 1986 praeterit
2185 1922 2432 1989 sponsio,
2462 1921 2558 1976 sed
2580 1922 2834 1993 astringit
2864 1923 3126 1994 objectio.
3155 1924 3290 1981 Nam
3319 1941 3514 1998 quem-

1912 2009 2205 2066 admodum
2256 2021 2435 2082 potest
2463 2013 2585 2070 tinis
2623 2029 2746 2072 esse
2775 2017 3048 2087 responsi,
3078 2019 3124 2074 si
3169 2019 3365 2076 modus
3390 2019 3515 2076 nul-

1913 2099 2000 2156 lus
2031 2102 2228 2172 objecti
2262 2104 2333 2160 sit
2355 2107 2378 2160 ?

1983 2193 2073 2249 63.
2109 2195 2175 2250 Et
2197 2204 2380 2253 tamen
2407 2197 2477 2255 de
2514 2199 2690 2256 Patris
2711 2210 2766 2258 et
2792 2201 2912 2258 Filii
2940 2201 3228 2260 divinitate
3253 2219 3509 2260 consum-

1911 2293 2187 2341 maturum
2217 2292 2638 2359 responsionem
2666 2293 2720 2348 in
2752 2293 3134 2364 superioribus
3158 2311 3245 2351 me
3269 2311 3513 2368 spopon-

1911 2376 2097 2433 deram
2119 2396 2131 2432 :
2150 2379 2254 2436 hoc
2280 2391 2462 2439 autem
2479 2383 2622 2439 libro
2645 2385 2714 2442 de
2742 2386 3314 2461 incarnationis718
3329 2389 3512 2445 Domi-

1909 2470 2052 2526 nica:
2074 2483 2420 2530 sacramento
2449 2476 2686 2545 plenior,
2703 2478 3083 2548 sicutdehuit,
3104 2480 3246 2536 facta
3274 2482 3510 2553 digestio

1910 2575 2014 2620 est.
2064 2565 2197 2621 Nam
2226 2582 2348 2623 cum
2380 2567 2512 2624 illud
2543 2570 2687 2640 quod
2729 2571 2808 2626 ait
2853 2572 3117 2629 Dominus
3164 2592 3177 2627 :
3213 2573 3399 2630 Tristis
3435 2584 3513 2631 est

1910 2659 2086 2714 anima
2109 2677 2221 2715 mea
2248 2677 2405 2732 usque
2427 2664 2498 2718 ad
2525 2673 2743 2718 mortem
2762 2663 2979 2737 (Matth.
3005 2683 3155 2729 uvt.
3178 2668 3272 2740 38)
3301 2684 3316 2734 ;
3349 2678 3404 2726 ει
3426 2668 3513 2724 ἰη-

1909 2749 1988 2804 fra
2020 2769 2035 2805 :
2067 2749 2225 2807 Pater
2253 2771 2395 2810 meus
2420 2795 2436 2822 ,
2479 2757 2526 2810 si
2555 2757 2805 2829 possibile
2828 2769 2902 2814 est
2927 2800 2943 2827 ,
2973 2765 3201 2832 transfer
3226 2779 3258 2815 a
3281 2779 3360 2817 me
3381 2763 3513 2818 cali-

1911 2860 2020 2898 cem
2058 2844 2196 2900 hunc
2217 2862 2237 2900 :
2263 2847 2355 2901 sed
2381 2857 2553 2904 tamen
2582 2866 2685 2905 non
2711 2852 2848 2906 sicut
2865 2869 2960 2925 ego
2989 2853 3106 2908 volo
3132 2895 3146 2919 ,
3174 2854 3265 2909 sed
3288 2855 3422 2910 sicut
3455 2865 3510 2911 tu

1909 2935 1984 2990 vis
2027 2934 2222 3007 (Ibid.,
2253 2937 2344 3005 59)
2373 2955 2387 3004 ;
2443 2955 2551 2996 non
2583 2942 2649 2997 ad
2692 2943 2934 3013 Spiritus
2968 2946 3144 3000 sancti
3173 2947 3512 3017 compassio-

1909 3046 2066 3096 nem,
2101 3033 2197 3088 sed
2241 3034 2308 3089 ad
2341 3036 2686 3094 rationabilis
2738 3041 3166 3112 assumptionem
3216 3043 3414 3099 animat-
3457 3053 3516 3101 et

1909 3134 2116 3182 natura:
2141 3127 2394 3185 humanae
2417 3130 2655 3188 refertur
2675 3133 2950 3200 allectum,
2974 3150 3318 3208 consequens
3345 3146 3432 3195 est
3453 3147 3512 3195 ut

186 3235 242 3284 v,
285 3221 404 3293 2i).
462 3221 620 3290 Ergo
666 3221 720 3276 in
765 3233 1049 3292 peccatum
1088 3235 1387 3276 conversus
1427 3230 1511 3274 est
1551 3221 1810 3274 Dominus
1834 3215 1880 3279 C
1912 3235 2011 3291 per
2051 3222 2415 3278 assertionem
2460 3225 2726 3281 Dominici
2757 3229 3090 3284 sacramenti
3122 3238 3178 3284 et
3218 3229 3538 3306 plenitudi-g

188 3311 337 3380 (Cal.
380 3329 465 3380 tu,
539 3312 670 3384 13)?
706 3311 827 3367 Non
884 3313 990 3378 ita;
1032 3311 1127 3368 sed
1179 3311 1304 3382 quia
1357 3320 1573 3381 peceata
1623 3321 1808 3366 nostra

183 3406 476 3476 suscepit,
530 3413 810 3475 peccatum
842 3405 1022 3461 dictus
1066 3417 1170 3461 εει.
1198 3403 1330 3460 Nam
1363 3414 1418 3460 et
1456 3403 1807 3460 maledictum

183 3497 369 3554 dictus
389 3508 484 3555 εει
506 3499 799 3566 Dominus,
827 3514 935 3554 non
960 3499 1084 3568 quia
1111 3500 1162 3553 in
1193 3497 1543 3553 maledictum
1575 3512 1808 3553 conver-

179 3606 276 3648 sus
298 3603 385 3647 est
424 3592 723 3660 Dominus,
749 3593 844 3648 sed
865 3593 989 3664 quia
1013 3600 1262 3648 nostrum
1292 3593 1532 3662 suscepit
1554 3591 1673 3662 ipse
1696 3607 1809 3647 ma-

182 3683 454 3740 ledictum
485 3703 500 3739 :
544 3683 854 3740 Maledictus
881 3686 1014 3740 enim
1037 3727 1052 3752 ,
1085 3684 1287 3756 inquit,
1315 3685 1403 3754 qui
1434 3685 1618 3752 pendet
1653 3684 1708 3738 in
1741 3684 1809 3738 li-

177 3797 282 3851 gno
304 3779 502 3850 (Deut.
538 3796 632 3836 xxi
655 3825 670 3849 ,
695 3779 813 3851 2'5).
844 3779 1056 3836 Miraris
1087 3795 1216 3850 ergo
1242 3781 1369 3850 quia
1397 3779 1659 3850 scriptum
1690 3789 1806 3834 est:

189 3870 422 3928 Verbum
447 3890 578 3928 caro
599 3877 795 3943 factum
821 3881 916 3939 est,
943 3887 1066 3928 cum
1105 3886 1235 3928 caro
1255 3882 1535 3943 assumpta
1557 3873 1629 3927 sit
1659 3887 1688 3926 a
1714 3872 1808 3927 Dei

176 3965 401 4036 Verbo;
435 3966 663 4040 quando
677 3967 744 4022 de
774 3977 998 4038 peccato
1019 3966 1162 4038 quod
1194 3981 1298 4021 non
1317 3966 1525 4032 habuit,
1547 3967 1808 4036 scriptum

174 4071 264 4117 est
284 4062 422 4132 quia
446 4071 738 4132 peccatum
760 4060 933 4115 factus
953 4068 1059 4126 est,
1084 4059 1188 4114 hoc
1217 4068 1323 4126 est,
1342 4074 1450 4114 non
1469 4067 1656 4114 natura
1681 4072 1810 4129 ope-

169 4159 526 4226 rationeque
576 4152 823 4224 peccati,
877 4162 1066 4224 utpote
1097 4153 1152 4207 in
1185 4151 1596 4207 similitudinem
1630 4153 1808 4206 carnis

172 4246 396 4314 peccati
426 4246 610 4299 factus
637 4260 650 4297 :
675 4244 771 4316 sed
792 4251 1148 4314 utpeccatum
1183 4243 1499 4298 nostrumin
1518 4257 1614 4297 sua
1644 4257 1809 4299 carne

167 4338 588 4410 crucifigeret,
627 4337 1031 4408 susceptionem
1083 4353 1180 4406 pro
1220 4337 1380 4393 nobis
1432 4335 1805 4393 infirmitatum

168 4430 410 4486 obnoxii
459 4431 579 4501 jam
609 4430 859 4500 corporis
880 4429 1085 4500 peccati
1115 4429 1356 4485 carnalis
1385 4430 1700 4501 assumpsit.

243 4523 342 4578 6|.
378 4522 658 4578 Desinant
681 4536 815 4593 ergo
843 4521 1028 4578 dicere
1057 4532 1307 4577 naturam
1338 4521 1500 4577 Verbi
1525 4523 1576 4577 in
1607 4537 1804 4594 corpo—

1913 3328 2036 3369 nem
2071 3326 2277 3372 natura:
2305 3317 2555 3374 humanae
2579 3320 2746 3377 fuisse
2767 3329 3076 3377 astruamus
3105 3321 3159 3378 in
3183 3322 3424 3393 Christo,
3455 3332 3513 3382 et

1911 3407 1983 3461 ab
2014 3407 2348 3466 inﬁrmitatis
2380 3412 2695 3483 prmjudicio
2723 3415 2985 3484 Spiritum
3009 3426 3258 3474 sanctum
3290 3434 3514 3490 separe-

1913 3514 2054 3554 mus.
2086 3499 2205 3556 Non
2235 3513 2318 3558 est
2343 3504 2487 3559 enim
2521 3505 2794 3562 obnoxius
2818 3506 3148 3577 infirmitati,
3176 3512 3266 3583 qui
3297 3526 3405 3569 non
3427 3520 3514 3570 est

1913 3591 2182 3648 obnoxius
2210 3594 2475 3663 passioni.

1984 3684 2075 3742 64.
2109 3686 2306 3754 Quaero
2357 3688 2521 3759 igitur
2567 3705 2671 3762 qua
2725 3692 2938 3749 ratione
2978 3691 3268 3753 banimam
3313 3704 3508 3769 putent

1911 3779 2131 3848 quidam
2157 3795 2188 3835 a
2207 3780 2439 3837 Domino
2454 3782 2585 3839 Jesu
2614 3799 2721 3839 non
2747 3799 2870 3841 esse
2895 3797 3239 3860 susceptam;
3272 3805 3342 3846 an
3373 3791 3503 3862 quia

1911 3881 2093 3927 metus
2123 3884 2205 3930 est
2229 3889 2297 3930 ne
2321 3889 2488 3931 sensu
2521 3875 2768 3933 Christus
2795 3878 3069 3936 laberetur
3099 3881 3382 3938 humano?
3410 3883 3504 3939 Di-

1911 3976 2045 4020 cunt
2070 3967 2272 4037 quippe
2297 3968 2427 4040 quia
2458 3970 2904 4040 concupiscentia
2938 3973 3123 4028 carnis
3157 3974 3261 4045 legi
3305 3975 3509 4032 mentis

1913 4070 2180 4132 repugnet
2231 4059 2409 4133 (Rom.
2444 4077 2555 4130 vn,
2598 4062 2712 4133 25).
2761 4063 2869 4119 Sed
2901 4064 2992 4134 qui
3016 4063 3121 4120 hoc
3149 4066 3269 4134 ait,
3298 4074 3506 4123 tantum

1911 4153 2066 4210 abest
2107 4164 2163 4209 ut
2209 4153 2484 4211 Christum
2519 4157 2795 4226 putaverit
2823 4157 2943 4228 lege
2973 4159 3154 4215 carnis
3199 4160 3252 4215 in
3297 4161 3510 4232 peccati

1911 4247 2128 4303 vincula
2160 4247 2326 4303 fuisse
2355 4247 2736 4305 deducendum
2764 4267 2778 4316 ;
2809 4258 2869 4305 ut
2901 4250 3016 4320 ipse
3040 4249 3094 4306 in
3122 4261 3258 4307 testu
3288 4252 3505 4324 positus

1911 4337 2220 4410 fragilitatis
2278 4340 2550 4410 humanae,
2605 4357 2704 4413 per
2750 4342 3028 4400 Christum
3076 4345 3182 4400 sibi
3228 4346 3506 4403 subveniri

1909 4443 2072 4500 posse
2100 4428 2399 4485 crediderit
2420 4429 2611 4486 dicens
2642 4448 2655 4484 :
2691 4429 2889 4502 Infelix
2919 4449 3013 4504 ego
3038 4431 3192 4488 homo
3222 4433 3244 4486 !
3289 4434 3401 4504 quis
3426 4450 3508 4490 me

1911 4522 2148 4578 liberabit
2179 4523 2244 4579 de
2267 4540 2482 4595 corpore
2507 4525 2692 4580 mortis
2724 4526 2880 4600 hujus
2901 4528 2927 4581 ?
2955 4525 3137 4582 Gratia
3165 4526 3265 4584 Dei
3294 4545 3386 4599 per
3414 4528 3508 4585 le-

164 4618 244 4673 ris
273 4626 560 4673 naturam
600 4630 724 4672 esse
757 4624 1022 4671 mutatam
1053 4631 1066 4680 ;
1101 4629 1171 4671 ne
1199 4615 1316 4686 pari
1349 4614 1804 4685 interpretatione
1828 4608 1884 4669 D
1909 4632 2025 4669 sum
2041 4614 2307 4670 Christum
2334 4615 2618 4671 Dominum
2637 4626 2871 4672 nostrum
2889 4615 3056 4690 (Ibid.
3082 4633 3242 4686 xxrv,
3262 4617 3382 4689 25).
3401 4618 3505 4687 Qui

161 4711 438 4768 videatur
501 4720 698 4766 natura
747 4708 913 4765 Verbi
959 4709 1010 4764 in
1056 4709 1369 4778 contagium
1413 4718 1621 4763 mutata
1679 4722 1806 4778 pec-

163 4807 311 4862 cati.
348 4804 542 4862 Aliud
559 4813 642 4860 est
673 4804 821 4860 enim
865 4803 1012 4875 quod
1039 4803 1374 4873 assumpsit,
1398 4810 1455 4859 ει
1480 4802 1626 4858 aliud
1658 4800 1805 4873 quod

156 4911 551 4976 assumptum
589 4909 693 4957 est.
729 4899 915 4956 Virtus
953 4898 1104 4954 venit
1139 4898 1195 4952 in
1229 4895 1508 4968 Virginem
1535 4937 1550 4961 ,
1583 4897 1726 4952 sicut
1753 4905 1807 4952 et

155 4998 428 5069 Angelus
476 4992 554 5049 ad
605 5009 726 5049 eam
775 4992 914 5047 dixit
955 4991 1082 5063 quia
1127 4991 1285 5054 virtus
1326 4989 1580 5044 Altissimi
1625 4989 1808 5052 obum-

152 5091 342 5147 brabit
379 5098 436 5144 te
465 5085 628 5159 (Luc.
661 5101 679 5140 ι
703 5127 718 5151 ,
760 5085 872 5156 55).
899 5083 1006 5140 Sed
1030 5091 1216 5138 natum
1241 5090 1327 5138 est
1353 5096 1554 5152 corpus
1581 5096 1646 5136 ex
1678 5081 1795 5136 Vir-

147 5187 330 5259 gine;
365 5192 434 5240 et
466 5181 600 5237 ideo
619 5179 862 5237 ctelestis
882 5178 1102 5250 quidem
1129 5176 1435 5244 descensio,
1453 5175 1546 5232 sed
1566 5175 1799 5230 humana

145 5277 484 5349 conceptio
537 5283 643 5330 est.
688 5273 803 5329 Non
833 5287 965 5344 ergo
997 5271 1188 5328 eadem
1235 5271 1418 5327 carnis
1449 5269 1624 5340 potuit
1649 5283 1798 5333 esse,

144 5372 618 5441 divinitatisque
640 5377 854 5426 natura.

223 5569 252 5598 τι
271 5559 450 5615 Hanc
502 5553 871 5631 objectiouem
890 5553 959 5609 ab
984 5551 1385 5631 Apollinaristis
1411 5547 1695 5631 magni-tice
1721 5546 1817 5631 ad-

138 5631 400 5691 modum
422 5619 768 5682 nstentatam
792 5624 958 5679 fuisse
972 5619 1080 5679 non
1102 5624 1276 5678 solum
1299 5638 1366 5678 ex
1383 5636 1451 5676 eo
1475 5621 1735 5691 colligere
1751 5619 1816 5674 li-

136 5715 239 5763 cet
259 5746 276 5769 ,
309 5699 486 5771 quod
519 5696 672 5771 illam
691 5703 944 5771 accurate
965 5695 1211 5771 conlutat
1242 5692 1590 5771 Ambrosius;
1621 5706 1810 5771 verum

134 5762 557 5842 etiam'quod
579 5766 651 5842 ab
682 5766 980 5842 Athanasio
1005 5765 1063 5820 in
1104 5765 1299 5842 surad
1335 5764 1647 5832 Epictetum
1694 5762 1814 5842 cpi-

126 5831 302 5908 'stola
341 5831 474 5902 nbn
543 5837 991 5894 iuleriorestudio
1038 5835 1341 5900 refellitur;
1387 5831 1720 5906 quamquam
1757 5832 1810 5887 in

1906 4722 2038 4777 ergo
2060 4707 2198 4763 alios
2228 4723 2257 4762 a
2285 4709 2467 4763 carnis
2495 4708 2706 4765 lubrico
2737 4708 3073 4778 vindicabat,
3103 4710 3362 4782 numquid
3390 4710 3504 4766 for-

1908 4799 2117 4854 midare
2145 4807 2382 4870 poterat,
2413 4815 2482 4854 ne
2504 4801 2668 4856 etiam
2697 4801 2814 4872 ipse
2827 4801 3108 4860 dominatu
3124 4803 3360 4875 quodam
3383 4817 3505 4859 car-

1909 4890 1994 4946 nis
2015 4890 2171 4947 istius
2193 4891 2540 4948 vinceretur?

1982 4983 2074 5040 65.
2099 4984 2205 5039 Sed
2251 4985 2440 5040 carnis
2478 4984 2654 5050 istius,
2705 4985 2849 5043 sicut
2877 4986 3106 5053 jvolunt,
3155 4986 3508 5058 formidabat,

1908 5073 2217 5131 illecebras.
2269 5074 2416 5147 Ergo
2457 5086 2510 5132 et
2549 5076 2734 5132 carnis
2774 5079 3184 5149 susceptionem
3229 5079 3510 5138 declinare

1908 5171 2201 5235 debuerat;
2247 5184 2316 5225 ne
2353 5168 2422 5224 ad
2471 5169 2738 5226 lubricum
2777 5169 3085 5228 traheretur
3125 5172 3350 5228 erroris.
3401 5169 3510 5229 Sed

1908 5261 2182 5335 quomodo
2210 5259 2478 5317 lubricum
2513 5269 2726 5332 poterat
2757 5261 2950 5318 timere
2983 5260 3223 5330 peccati,
3262 5260 3351 5330 qui
3377 5274 3510 5330 pec-

1908 5366 2088 5416 catum
2114 5355 2448 5412 remissurus
2467 5354 2811 5412 advenerat?
2850 5354 2920 5411 Et
2949 5352 3074 5410 ideo
3097 5366 3223 5407 cum
3254 5367 3512 5426 suscepe-

1919 5543 2023 5600 boc
2045 5538 2313 5596 rationem
2345 5536 2596 5594 nonnihil
2623 5537 2899 5591 diversam
2924 5543 3155 5601 uterque
3169 5532 3242 5590 sit
3270 5548 3516 5599 secutus.
3549 5555 3558 5564 '

1987 5614 2017 5653 ι)
2049 5612 2234 5666 Arium
2266 5611 2318 5665 in
2348 5625 2412 5664 ea
2443 5607 2713 5666 sententia
2738 5606 2905 5660 fuisse
2931 5602 3134 5660 litteris
3154 5607 3520 5673 prodiderunt

1915 5681 2265 5756 August._d_e
2308 5682 2552 5756 _H:eres._
2577 5690 2697 5756 cap.
2736 5673 2844 5756 “SS.
2894 5673 3278 5734 Theodoretus
3317 5680 3412 5740 lib.
3464 5699 3518 5744 tv

1915 5744 2118 5814 unici.
2153 5750 2342 5806 Fabul.
2375 5765 2496 5819 cap.
2531 5748 2584 5812 ι,
2618 5753 2674 5799 ει
2700 5744 2814 5799 alii.
