4014 6290
213 266 311 322 εὸἶ

809 261 899 318 DE
939 261 1477 323 INCARNATIONIS
1516 261 1868 330 DOMINICE
1905 270 2373 334 SACRAMENTO
2411 279 2620 338 LIBER
2662 279 2864 341 UNUS.

3397 293 3501 353 838

209 377 278 433 Et
305 377 456 432 Iesus
484 374 952 445 preﬁciebatmtate
971 390 1018 436 et
1039 383 1295 452 sapientia
1323 393 1370 442 et
1391 385 1561 456 gratia
1593 394 1616 421 δι
1649 387 1792 455 apud
1822 390 1869 450 Α
1899 390 2138 457 ejusdem
2170 394 2323 462 cujus
2351 397 2528 452 animo
2557 408 2740 454 nostra
2782 411 3018 472 atroque
3045 403 3363 464 substantias
3391 422 3493 466 est.

208 468 371 526 Deum
399 481 444 526 et
469 471 702 528 homines
726 472 874 544 (Luc.
904 492 965 542 tt,
999 476 1113 548 52).

275 564 360 620 72.
389 564 669 630 Quomodo
717 569 1032 636 proﬁciebat
1078 569 1358 641 Sapientia
1413 572 1552 629 Dei?
1592 575 1796 630 Doceat

206 661 257 710 te
303 652 434 712 ordo
476 654 790 714 verborum.
844 658 1124 718 Proiectus
1163 672 1251 723 est
1295 665 1492 726 multis.
1526 665 1690 737 730
1739 675 1796 722 et

205 743 469 816 protectus
511 748 813 816 sapientiae,
859 751 954 809 sed
992 751 1244 810 humanae
1271 763 1375 810 est.
1407 754 1534 810 Ideo
1580 765 1793 813 artatem

201 847 325 894 ante
351 842 632 908 praemisit,
676 852 730 897 ut
771 843 1070 902 secundum
1105 846 1382 904 hominem
1423 848 1677 906 crederes
1713 850 1794 905 dio

203 940 342 988 ctum
367 971 382 996 ,
411 942 544 988 aetas
590 934 733 990 enim
769 952 875 992 non
919 936 1241 1000 divinitatis.
1279 939 1373 996 sed
1412 941 1660 1009 corporis
1686 951 1788 997 est.

199 1023 338 1093 Ergo
384 1025 427 1078 si
479 1024 800 1093 proﬁciebat
848 1037 1007 1085 relate
1054 1030 1312 1096 hominis,
1354 1033 1668 1102 proﬁciebat
1707 1048 1794 1090 sa-

199 1115 393 1186 pientia
439 1115 673 1173 hominis
723 1137 736 1174 :
789 1122 1051 1189 sapientia
1097 1132 1276 1182 autem
1333 1140 1496 1184 sensu
1549 1126 1790 1196 proﬁcit,

198 1211 317 1280 quia
348 1225 379 1268 a
408 1226 571 1268 sensu
597 1213 885 1283 sapientia.
914 1215 1072 1272 Jesus
1091 1227 1272 1274 autem
1297 1217 1793 1287 proﬁciebatanate

197 1311 249 1358 et
289 1304 574 1373 sapientia.
626 1305 761 1373 Quis
804 1322 997 1363 sensus
1021 1309 1386 1378 proﬁciebat?
1413 1309 1471 1369 Si
1503 1309 1791 1376 humanus,

195 1409 320 1464 ergo
343 1404 400 1450 et
425 1395 541 1466 ipse
565 1407 852 1466 susceptus
875 1411 955 1454 est
989 1419 1002 1454 :
1027 1403 1069 1455 si
1097 1401 1334 1466 divinus,
1362 1417 1494 1474 ergo
1517 1404 1792 1460 mutabilis

195 1501 287 1557 per
313 1486 638 1556 profectum.
665 1488 816 1556 Quod
859 1492 1005 1546 enim
1051 1494 1283 1562 prolicit,
1317 1495 1504 1563 utique
1554 1505 1794 1549 mutatur

192 1581 245 1636 in
275 1579 471 1636 melius
497 1599 509 1633 :
537 1581 635 1638 sed
666 1583 807 1652 quod
829 1584 1074 1642 divinum
1095 1596 1202 1652 est,
1224 1602 1329 1644 nun
1348 1597 1585 1648 tnutatur
1611 1606 1623 1642 :
1648 1589 1790 1659 quod

193 1687 319 1744 ergo
342 1684 600 1744 mutatur,
619 1693 726 1734 non
749 1680 934 1750 utique
954 1680 1219 1739 divinum.
1245 1681 1451 1739 Sensus
1477 1682 1643 1752 igitur
1665 1696 1790 1751 pro-

1970 484 2058 538 77.
2091 485 2200 541 Nec
2245 488 2411 542 timeo
2440 487 2468 526 ά
2502 507 2568 545 ne
2598 491 2802 545 tetrada
2845 493 3033 548 videar
3083 497 3360 562 inducere.
3399 519 3496 557 nos

1897 576 2042 632 enim
2077 595 2201 634 vere
2240 582 2432 649 solam,
2467 584 2557 654 qui
2604 583 2704 640 hoc
2748 589 3065 656 assorimus,
3109 591 3339 648 colimus
3378 595 3496 650 Tri-

1896 668 2140 724 nitatem.
2165 669 2282 727 Non
2309 676 2453 729 enim
2480 675 2750 732 Christum
2783 680 2990 745 divido,
3022 696 3144 736 cum
3166 687 3348 740 curuis
3373 686 3492 755 ejus

1895 760 2314 833 divinitatisque
2369 765 2642 840 distinguo
2697 772 3096 840 substantiam;
3171 777 3265 832 sed
3328 796 3490 833 uumn

1895 850 2171 909 Christum
2203 872 2324 911 cum
2350 858 2509 914 Patre
2535 871 2587 916 et
2618 862 2824 931 Spiritu
2866 865 2957 920 Dei
2990 867 3246 936 pra-dico,
3284 882 3336 926 et
3369 871 3493 927 illos

1895 949 2066 1019 magis
2094 951 2184 1013 qui
2215 965 2433 1006 carnem
2473 954 2674 1008 Christi
2706 957 2863 1009 unius
2895 973 3018 1011 cum
3052 959 3332 1018 divinitate
3371 964 3489 1033 ejus

1894 1039 2082 1094 dicunt
2133 1056 2255 1097 esse
2301 1044 2658 1113 substantias,
2708 1049 2913 1102 tetrada
2961 1051 3217 1108 inducere
3268 1055 3491 1112 demon—

1893 1132 2106 1188 strabo.
2159 1133 2275 1189 Non
2321 1138 2465 1192 enim
2512 1139 2655 1204 quod
2714 1140 2956 1208 ejusdem
3013 1146 3326 1202 substantiae
3385 1159 3490 1217 est,

1895 1239 2057 1289 unus,
2110 1227 2204 1280 sed
2260 1242 2422 1283 unum
2455 1239 2558 1296 est,
2609 1245 2732 1285 nam
2785 1234 2973 1303 utique
3010 1234 3204 1291 Filium
3246 1239 3488 1308 ejusdem

1895 1332 2016 1370 cum
2051 1317 2207 1374 Patre
2229 1320 2546 1376 substantiae
2579 1325 2904 1380 conﬁtentes
2931 1328 2984 1381 in
3019 1337 3250 1385 tractatu
3275 1334 3491 1389 concilii

1857 1451 1861 1458 .
1895 1407 2125 1474 Nicaeni,
2160 1426 2264 1463 non
2297 1427 2458 1465 uuam
2491 1429 2804 1483 personam,
2837 1420 2930 1474 sed
2965 1435 3123 1475 unam
3156 1422 3490 1481 divinitatem

1895 1497 1948 1557 in
1977 1500 2135 1554 Patre
2171 1513 2226 1556 et
2255 1501 2392 1557 Filio
2417 1505 2784 1561 crediderunt.

1967 1591 2056 1646 78.
2093 1593 2231 1663 Ergo
2251 1609 2375 1648 cum
2397 1596 2587 1651 dicunt
2607 1597 2850 1668 ejusdem
2885 1617 3122 1666 carnem,
3152 1606 3310 1675 cujus
3329 1619 3380 1662 et
3406 1608 3494 1663 Fi-

1897 1684 2002 1739 lius
2035 1687 2125 1740 Dei
2152 1699 2290 1750 erat,
2321 1689 2487 1745 fuisse
2505 1692 2845 1762 substantite,
2871 1695 2971 1766 ipsi
2999 1698 3140 1768 quod
3171 1700 3325 1754 nobis
3355 1702 3493 1773 obji-

190 1769 399 1824 llciebat
437 1771 736 1837 bunanus;
785 1787 1003 1830 sensum
1033 1787 1164 1844 ergo
1207 1776 1444 1844 suscepit
1475 1775 1788 1835 humanum.
1822 1771 1871 1836 Β
1897 1777 2049 1836 ciunt
2079 1780 2296 1850 ineptiis
2320 1798 2475 1838 vana
2493 1788 2818 1844 assertionis
2845 1790 3146 1859 incurrunt,
3174 1803 3229 1847 ut
3248 1769 3493 1850 dividant

257 1860 343 1914 75.
374 1861 439 1916 Et
463 1871 523 1916 ut
550 1863 787 1922 sciamus
807 1864 932 1933 quia
961 1865 1262 1922 secundum
1295 1867 1570 1924 huininem
1601 1868 1791 1937 loque-

186 1953 361 2019 batur,
394 1956 666 2024 praemisit
691 1970 855 2025 supra
895 1955 1085 2012 dicens
1113 1974 1126 2011 :
1161 1955 1300 2014 Puer
1326 1967 1498 2016 autent
1537 1959 1791 2016 crescebat

188 2057 232 2101 et
269 2049 664 2107 confortabatur
687 2059 735 2108 et
757 2050 1067 2117 implebatttr
1091 2052 1383 2122 sapientia;
1409 2063 1458 2110 et
1481 2056 1654 2124 gratia
1694 2053 1793 2110 Dei

187 2147 292 2192 erat
315 2155 434 2196 cura
476 2139 575 2194 illo
620 2139 818 2209 (Ibid.,
867 2139 985 2211 ιο).
1037 2140 1105 2196 Et
1139 2159 1288 2212 puer,
1339 2152 1542 2202 nostra:
1592 2159 1787 2200 nomen

188 2230 363 2288 tutetis
391 2241 476 2288 est
521 2247 534 2284 :
587 2246 686 2290 nec
711 2230 1014 2292 cotifortari
1050 2232 1218 2287 virtus
1263 2241 1474 2302 poterat
1527 2235 1644 2299 Dei.
1690 2251 1790 2288 nec

188 2337 437 2380 crescere
462 2323 639 2390 Deus,
671 2339 772 2383 nec
799 2324 1035 2383 altitudo
1067 2324 1352 2392 sapientiae
1380 2326 1503 2390 Dei.
1536 2341 1636 2382 nec
1677 2327 1792 2396 ple-

187 2416 373 2473 nitudo
393 2416 700 2476 divinitatis
727 2417 961 2485 impleri.
983 2417 1118 2484 Qum
1140 2419 1300 2487 igitur
1317 2420 1657 2492 implebatur.
1672 2430 1791 2478 erat

187 2522 290 2562 non
307 2508 422 2574 Dei,
439 2508 542 2563 sed
572 2519 756 2565 nostra
771 2510 1057 2576 sapientia.
1073 2507 1204 2564 Nam
1229 2499 1502 2578 quomodo
1523 2511 1788 2579 impleba-

188 2608 293 2667 tnr,
307 2601 399 2671 qui
417 2610 478 2656 ut
506 2600 688 2656 omnia
716 2600 744 2640 δ
771 2601 1022 2672 impleret
1038 2600 1554 2672 descendit(Epltes.
1571 2617 1644 2668 tv,
1662 2601 1790 2671 I0)?

136 2717 149 2731 κ
257 2695 343 2750 74.
380 2695 488 2751 Per
523 2709 683 2765 quem
705 2706 887 2752 autem
929 2709 1151 2751 sensum
1183 2696 1375 2752 Esaias
1395 2695 1552 2762 dixit,
1580 2705 1789 2765 patrem

188 2801 318 2856 puer
371 2788 659 2844 nesciebat
707 2794 804 2840 aut
851 2786 1125 2844 matrem?
1158 2785 1436 2856 Scriptum
1467 2795 1553 2842 est
1595 2787 1738 2842 enim
1772 2802 1788 2838 :

191 2878 506 2948 Priusquam
534 2879 662 2936 sciat
687 2894 813 2948 prter
835 2890 1033 2950 patrem
1054 2889 1139 2932 aut
1165 2887 1402 2945 matrem,
1434 2878 1650 2948 accipiet
1687 2878 1791 2932 vir-

184 2980 340 3027 tutem
371 2969 629 3026 Damasci
669 2981 716 3026 et
746 2972 914 3040 spolia
937 2969 1195 3026 Samaria:
1224 2968 1396 3038 (Esai.
1429 2984 1543 3033 vttt,
1576 2967 1654 3037 4).
1685 2968 1789 3026 Sa-

188 3066 446 3136 pientiam
477 3066 630 3121 enim
677 3064 771 3122 Dei
803 3064 982 3120 futura
1027 3072 1086 3120 et
1136 3062 1347 3120 occulta
1392 3077 1500 3116 non
1547 3061 1787 3118 fallunt:

1897 1869 2191 1927 Christum.
2207 1872 2392 1944 Itaque
2406 1885 2652 1944 quartum
2677 1878 2998 1948 increatum,
3024 1885 3166 1954 quod
3181 1887 3490 1951 adoremus,

1894 1963 2190 2034 inducunt,
2217 1983 2340 2023 cum
2377 1971 2490 2025 sola
2529 1973 2763 2028 increata
2794 1977 2864 2029 sit
2903 1975 3155 2033 divinitas
3189 1979 3490 2036 Trinitatis.

2488 2108 2719 2168 CAPUT
2762 2111 2894 2166 VIII.

1893 2217 2085 2272 Contra
2115 2221 2424 2275 catholicam
2449 2224 2583 2278 hanc
2611 2229 2942 2297 sententiam,
2972 2229 3170 2290 Filium
3211 2235 3300 2301 qui
3333 2250 3491 2306 gene-

1966 2321 2112 2365 ratus
2143 2323 2238 2380 est,
2273 2313 2422 2367 Patri
2451 2317 2542 2386 qui
2577 2320 2857 2386 generavit,
2889 2325 3140 2389 (squalent
3170 2341 3299 2393 esse,
3330 2343 3492 2398 oppo-

1967 2403 2200 2458 nentibus
2235 2404 2548 2462 aduersariis
2593 2412 2820 2481 genitum
2849 2430 2968 2472 cum
3006 2416 3232 2486 ingenito
3263 2419 3496 2490 ejusdem

1963 2507 2167 2551 natura:
2195 2514 2303 2553 esse
2338 2515 2445 2556 non
2471 2517 2657 2572 posse;
2696 2506 3040 2571 respondetur
3068 2525 3212 2570 uoces
3251 2513 3492 2582 genitum

1965 2599 2115 2658 atque
2144 2589 2444 2660 ingenitum
2468 2609 2582 2662 qua:
2603 2595 2656 2648 in
2689 2595 2978 2668 Scripturis
2999 2618 3100 2657 non
3126 2604 3388 2674 leguntur,
3431 2605 3495 2659 ab

1963 2682 2030 2736 iis
2069 2681 2151 2736 hic
2179 2684 2376 2751 induci,
2413 2703 2528 2744 cum
2575 2689 2694 2744 illas
2743 2700 2990 2746 naturam
3037 2705 3084 2747 et
3135 2697 3493 2756 snhstautittnt

1966 2771 2082 2830 ideo
2111 2775 2402 2843 repudient,
2435 2779 2574 2846 quod
2605 2796 2690 2834 eus
2713 2782 2766 2834 in
2791 2782 2977 2838 iisdem
3002 2783 3287 2856 Scripturis
3309 2798 3497 2859 negent

1967 2876 2188 2922 restare.
2224 2867 2355 2926 Tum
2376 2871 2530 2927 etiam
2560 2873 2614 2926 iu
2650 2871 2762 2928 Deo
2783 2885 3025 2930 naturam
3063 2893 3123 2934 ac
3152 2880 3494 2940 substantiam

1966 2975 2077 3014 esse
2105 2977 2167 3014 ea:
2197 2963 2359 3018 sacris
2387 2964 2648 3020 codicibus
2675 2968 2948 3026 euincitur.

1967 3072 2060 3127 79.
2091 3074 2480 3131 Concluseratn
2515 3078 2712 3134 librum
2747 3099 2762 3134 :
2789 3083 2886 3138 sed
2915 3085 3195 3156 religionis
3232 3087 3336 3145 fuit
3369 3101 3392 3128 ο
3424 3107 3493 3149 ne

186 3174 382 3230 expers
409 3171 604 3216 autem
631 3159 924 3229 agnitionis
950 3158 1198 3222 infantia,
1229 3175 1324 3227 per
1361 3158 1654 3216 humanam
1684 3160 1791 3214 uli-
1819 3159 1865 3222 C
1900 3168 2238 3233 praetervecti
2285 3169 2620 3235 videremur,
2667 3174 2810 3241 quod
2859 3177 3074 3234 solvere
3121 3182 3492 3251 nequiremus.

187 3255 738 3325 queimprudeutiam
757 3295 771 3320 ,
791 3254 938 3325 quod
972 3255 1153 3308 adhuc
1185 3267 1290 3308 non
1317 3253 1528 3319 didicit,
1557 3254 1788 3322 ignorat.

256 3354 346 3407 75.
375 3352 493 3409 Sed
525 3352 820 3408 verendum
847 3360 953 3416 est,
999 3350 1200 3420 inquis,
1233 3365 1301 3406 ne
1326 3349 1373 3405 si
1403 3349 1543 3404 duos
1589 3348 1793 3431 princi-

187 3447 339 3517 pales
380 3462 586 3504 sensus
631 3457 723 3500 aut
769 3447 1039 3514 geminam
1086 3441 1414 3512 sapientiam
1441 3440 1662 3498 Christo
1692 3443 1790 3500 tri-

184 3538 421 3604 buimus,
457 3538 738 3596 Christum
768 3537 1093 3593 dividamus.
1123 3535 1395 3606 Numquid
1423 3545 1625 3592 cumet
1654 3535 1794 3590 divi—

182 3632 408 3687 nitatem
443 3632 570 3703 ejtts
599 3630 891 3686 adoramus
917 3639 973 3684 et
997 3644 1247 3695 carnem.
1284 3627 1566 3688 Christum
1595 3629 1794 3687 dividi-

181 3725 338 3779 mus?
365 3723 645 3793 Numquid
675 3737 798 3778 eum
830 3723 883 3776 in
903 3737 969 3776 eo
999 3721 1290 3791 imaginem
1315 3721 1431 3787 Dei,
1464 3735 1795 3790 crucemque

180 3827 539 3878 veneramur,
571 3813 863 3867 dividimus
894 3813 1057 3866 eum?
1086 3811 1381 3880 Apostolus
1414 3821 1586 3880 certe,
1609 3813 1704 3882 qui
1725 3812 1796 3870 de

181 3919 249 3960 eo
281 3907 423 3962 dixit
465 3923 480 3962 :
535 3906 792 3971 Quoniam
817 3905 912 3958 etsi
960 3904 1239 3970 cruciﬁxus
1284 3914 1358 3958 est
1394 3921 1457 3959 ea:
1497 3906 1796 3974 inﬁrmitate

180 4009 386 4064 nostra,
411 3999 542 4053 vivit
567 4005 735 4052 tamen
753 4013 816 4052 ea:
841 3998 1026 4050 virtute
1051 3996 1145 4050 Dei
1172 3995 1243 4066 (ll
1264 3995 1383 4051 Cor.
1413 4011 1532 4064 xtu,
1560 3995 1652 4066 4);
1679 3998 1795 4065 ipse

182 4090 321 4148 dixit
361 4092 496 4163 quia
528 4106 633 4148 non
660 4090 868 4147 divisus
911 4099 996 4146 est
1024 4087 1294 4146 Christus.
1325 4088 1596 4159 Numquid
1629 4089 1794 4146 etiam

181 4200 305 4240 cum
331 4185 574 4239 dicimus
597 4184 718 4254 quia
747 4185 982 4238 animam
1008 4181 1389 4236 rationabilem
1414 4193 1470 4236 et
1492 4180 1797 4240 intellectus

183 4276 362 4332 nostri
390 4276 637 4344 suscepit
657 4290 934 4344 capacem,
955 4273 1250 4332 dividimus
1265 4289 1393 4330 eum
1410 4273 1451 4344 (l
1469 4272 1589 4332 Cor.
1614 4290 1654 4343 ι,
1670 4273 1799 4344 I5)?

255 4370 349 4425 76.
384 4369 510 4425 Non
542 4369 686 4424 enim
715 4349 832 4437 ipse
859 4367 1267 4428 DeusVerbum
1296 4383 1396 4438 pro
1418 4367 1599 4422 anima
1632 4368 1799 4424 ratio~

183 4461 354 4516 nubili
379 4471 437 4516 et
463 4460 773 4516 intellectas
801 4460 984 4529 capaci
1006 4458 1060 4514 in
1083 4474 1247 4516 carne
1269 4475 1364 4516 sua
1393 4458 1518 4527 iuit,
1552 4460 1650 4518 sed
1679 4461 1798 4516 ani-

1897 3255 2031 3312 Nam
2058 3275 2178 3314 cum
2197 3260 2398 3315 dudum
2423 3262 2696 3319 audierint
2716 3266 2954 3335 quidam,
2982 3270 3288 3328 dicentibus
3311 3277 3492 3341 nobis.

1899 3347 2096 3406 Filium
2126 3351 2244 3416 Dei,
2270 3353 2362 3420 qui
2413 3365 2707 3422 generatus
2736 3357 2830 3421 sit,
2862 3358 3006 3414 Patri
3057 3364 3144 3430 qui
3184 3368 3495 3434 generavit,

1899 3441 2218 3510 iumqualem
2253 3458 2377 3500 esse
2417 3461 2525 3502 non
2574 3462 2753 3514 posse,
2785 3453 3034 3519 quamvis
3081 3454 3176 3510 ille
3203 3469 3496 3526 generatus

1898 3535 1991 3601 sit,
2025 3538 2127 3592 iste
2157 3540 2538 3607 generaverit,
2580 3543 2702 3612 quia
2753 3545 3036 3612 generatio
3076 3563 3182 3603 non
3215 3555 3497 3619 potestatis

1897 3639 2006 3695 est,
2035 3631 2130 3687 sed
2161 3643 2405 3688 natune:
2433 3633 2696 3692 adversus
2722 3637 2868 3693 illam
2894 3639 3110 3709 quidem
3143 3646 3495 3712 quastionem

1897 3737 2088 3778 vocem
2135 3723 2239 3779 sibi
2282 3725 2616 3784 arbitrantur
2645 3731 2918 3786 occlusam
2965 3750 2978 3786 :
3027 3735 3122 3792 sed
3167 3740 3497 3810 tergiversa-

1901 3818 2047 3874 tione
2073 3817 2368 3876 damnabili
2399 3820 2453 3876 in
2499 3822 2692 3878 eodem
2741 3825 2865 3880 loco
2905 3829 3190 3898 vestigium
3239 3846 3495 3902 vertunt;

1901 3918 1956 3963 ut
1985 3918 2175 3978 putent
2193 3911 2549 3969 mutationem
2573 3914 2691 3969 tieri
2714 3918 3052 3985 quaestionis,
3067 3924 3368 3980 mutatione
3383 3942 3502 3982 ser-

1901 4001 2102 4065 monis,
2154 4001 2404 4060 dicentes
2450 4021 2463 4055 :
2519 4003 2804 4072 Quomodo
2833 4022 3062 4078 possunt
3118 4015 3389 4084 ingenitus
3445 4030 3498 4075 et

1899 4095 2116 4162 genitus
2160 4109 2285 4152 esse
2314 4096 2471 4152 unius
2501 4109 2711 4156 natura:
2739 4108 2904 4172 atque
2933 4105 3289 4163 substantiae?

1969 4185 2060 4242 80.
2095 4185 2239 4258 Ergo
2267 4197 2321 4247 ut
2367 4191 2751 4260 restiondeam,
2783 4195 3212 4255 clementissime
3257 4201 3495 4272 Impera-

1903 4286 2006 4342 tor,
2065 4295 2161 4348 per
2213 4289 2267 4338 te
2323 4281 2455 4338 mihi
2517 4287 2808 4356 proposita:
2861 4293 3199 4358 quaestioni;
3265 4296 3497 4365 primum

1901 4371 2144 4427 omnium
2198 4373 2499 4444 ingenitum
2556 4377 2608 4431 itt
2647 4376 2946 4449 Scripturis
2976 4383 3175 4440 divinis
3230 4402 3496 4459 nusquam

1903 4465 2121 4522 invenio
2153 4483 2167 4520 :
2203 4482 2311 4524 non
2342 4467 2470 4540 legi,
2497 4486 2606 4526 non
2634 4474 2840 4530 audivi.
2883 4476 3049 4546 Cujus
3076 4480 3239 4549 igitur
3263 4486 3501 4540 mutabi-

180 4569 330 4610 mam
366 4551 758 4609 rationabilem
796 4562 848 4606 et
880 4552 1189 4607 intellectus
1230 4567 1507 4622 captiuum,
1537 4563 1591 4608 et
1624 4554 1794 4623 ipsam
1824 4545 1879 4612 Ι)
1906 4559 2073 4616 litatis
2117 4569 2244 4620 sunt
2289 4562 2539 4624 homines
2587 4566 2914 4636 istiusmodi,
2951 4545 3010 4626 ut
3053 4545 3153 4627 nos
3195 4575 3385 4634 dicunt
3435 4595 3500 4635 ea

181 4645 520 4713 humanam,
548 4655 604 4704 et
623 4643 864 4714 ejusdem
893 4644 1230 4710 substantim,
1259 4645 1414 4714 cujus
1444 4653 1643 4702 nostra:
1669 4655 1800 4703 sunt

179 4740 411 4804 animae,
440 4748 502 4796 et
521 4752 740 4794 carnem
766 4744 964 4793 nostra:
987 4735 1146 4808 721
1170 4737 1428 4800 similem,
1445 4739 1798 4810 ejusdemque

181 4831 346 4899 cujus
399 4845 536 4884 caro
570 4840 655 4884 est
699 4836 884 4882 nostra
928 4827 1270 4892 substantim,
1320 4829 1621 4898 suscipiens
1659 4830 1798 4886 Deus

179 4923 468 4988 Verbum,
503 4921 776 4994 perfectus
798 4921 961 4976 etiam
992 4919 1153 4975 homo
1183 4919 1304 4986 fuit,
1337 4922 1459 4978 sine
1489 4922 1594 4982 ulla
1622 4932 1800 4980 tamen

179 5015 310 5071 labe
339 5015 599 5085 peccati;
628 5015 752 5086 quia
781 5023 1064 5084 peccatum
1100 5014 1215 5088 ipse
1256 5030 1363 5072 non
1394 5014 1544 5084 iecit,
1579 5017 1674 5075 sed
1708 5033 1804 5087 pro

178 5109 350 5164 nobis
388 5119 680 5178 peccatum
708 5106 885 5163 lactus
911 5116 1024 5173 est;
1057 5117 1115 5162 ut
1155 5122 1257 5163 nos
1305 5122 1553 5168 essemus
1592 5111 1806 5180 justitia

179 5200 278 5256 Dei
307 5212 330 5240 ο
369 5203 430 5255 in
458 5201 575 5269 ipso
595 5200 663 5264 (Il
689 5200 810 5254 Cor.
836 5215 888 5266 v,
911 5198 1185 5270 2|)._Caro
1206 5216 1336 5272 ergo
1365 5201 1534 5271 ipsius
1548 5212 1601 5256 et
1625 5205 1806 5260 anima

255 5369 285 5398 ⁸
324 5361 508 5416 Pauci
541 5376 696 5429 mss.,
746 5360 887 5428 apud
929 5359 1087 5414 Deum
1116 5370 1163 5415 et
1210 5362 1350 5430 apud
1378 5363 1629 5420 homines.
1664 5365 1800 5424 Pro-

178 5435 356 5502 fectus
380 5432 582 5496 Matio,
611 5442 660 5484 et
698 5435 954 5502 profectus
988 5433 1278 5502 sapientia,
1319 5436 1411 5488 sed
1440 5435 1684 5492 humane
1711 5449 1805 5494 est.

180 5503 485 5573 Quomodo
516 5503 808 5570 proﬁciebat
838 5503 1092 5573 sapientia
1126 5503 1239 5571 Dei,
1259 5503 1444 5562 doceat
1469 5517 1518 5560 te
1543 5507 1669 5561 ordo
1701 5524 1813 5564 ser-

177 5572 402 5626 borstm.
442 5570 575 5626 Ideo
598 5582 794 5637 autem,
826 5570 937 5628 etc.
970 5627 977 5635 ,

254 5643 286 5682 ι’
331 5645 466 5698 Duo
493 5657 622 5699 mss.
639 5685 652 5708 ,
680 5643 912 5713 impleret
937 5684 951 5711 ,
976 5645 1212 5699 ascendit
1241 5647 1491 5704 :absono
1508 5657 1809 5706 etcontra-

178 5727 272 5769 1⁵10
293 5728 507 5768 senm.

258 5791 284 5822 ο
331 5780 577 5850 Quidam
607 5797 720 5840 mus
755 5824 769 5848 ,
801 5785 854 5839 in
881 5785 1016 5854 ipso.
1051 5783 1188 5854 Ergo
1217 5802 1421 5842 carnem
1461 5787 1641 5844 dicunt
1672 5791 1813 5861 ejus-

1905 4666 2192 4720 usurpare,
2216 4668 2341 4725 qua:
2381 4671 2488 4712 non
2539 4667 2667 4712 sunt
2704 4661 2945 4731 scripta;
2973 4677 3096 4719 cum
3125 4681 3190 4722 ea
3221 4685 3342 4738 quae
3371 4682 3499 4728 sunt

1905 4747 2126 4814 scripta.
2169 4746 2417 4805 dicamus
2447 4767 2459 4803 :
2489 4759 2544 4806 et
2588 4751 2690 4820 ipsi
2736 4753 2996 4824 objiciunt
3043 4762 3190 4828 quod
3229 4764 3496 4833 scriptum

1908 4851 2013 4892 non
2047 4838 2156 4894 sit?
2176 4837 2367 4898 Nonne
2398 4842 2498 4911 ipsi
2529 4845 2628 4900 sibi
2647 4845 3099 4916 adversantur,et
3116 4856 3496 4913 auctoritatem

1903 4930 2194 4988 calumnias
2221 4946 2338 4988 sum
2364 4934 2661 5005 derogant?

1905 5022 2137 5096 722
2167 5023 2256 5079 8i.
2305 5025 2500 5082 Dicunt
2539 5032 2740 5088 etenim
2785 5050 2893 5091 non
2923 5051 3046 5094 esse
3093 5041 3354 5109 scriptum
3403 5045 3500 5100 Dei

1906 5129 2028 5171 esse
2056 5117 2413 5174 substantiam
2434 5130 2598 5191 atque
2630 5133 2876 5184 naturam
2898 5146 2913 5192 ;
2939 5145 3062 5186 cum
3089 5133 3275 5202 utique
3300 5134 3496 5192 Filium

1909 5207 2006 5263 Dei
2038 5208 2211 5264 Patris
2237 5224 2359 5266 esse
2400 5213 2745 5281 splendorem
2796 5219 3007 5288 gloriae,
3041 5233 3091 5276 et
3125 5224 3495 5283 characterem

1911 5371 2224 5458 τηρηθείη
2272 5369 2448 5425 anima
2475 5383 2651 5458 nostra
2695 5391 2915 5458 caroque
2964 5377 3275 5458 substantiis
3315 5387 3497 5455 fuisse.

1983 5437 2012 5478 ει
2053 5437 2416 5518 “aequoque
2449 5443 2729 5518 objeetuin
2755 5437 2943 5518 fuisse
2981 5449 3050 5501 ab
3102 5437 3504 5518 APOIIIIIIITISIID

1918 5512 2487 5588 testttturZAthauasius
2501 5516 2731 5582 epist.ad
2750 5516 3035 5588 EpiclJam
3047 5512 3247 5588 sapius
3263 5512 3496 5582 laudata;

1987 5591 2012 5620 ε
2054 5581 2181 5636 Mss.
2213 5583 2442 5653 aliquot,
2495 5581 2560 5638 ne
2600 5581 3298 5652 prietes-secti'dt‘ulderemus
3327 5613 3346 5652 :
3377 5581 3503 5653 reli.

1916 5667 2146 5743 quorum
2207 5663 2388 5743 autem
2441 5654 2709 5743 nonnulli;
2751 5670 2815 5710 ac
2873 5656 3003 5743 edit:
3058 5661 3280 5720 Amerb.
3344 5681 3504 5743 atque

1915 5721 2076 5778 Erus.
2103 5763 2117 5786 .
2147 5739 2211 5808 ne
2251 5723 2582 5808 praegredi
2611 5723 3136 5808 Δνριιιιιηιιιχτ.ρων-(ξε
3167 5747 3232 5791 ac
3265 5721 3504 5808 patinis—3;

1917 5803 1970 5850 et
1998 5805 2120 5849 cum
2147 5792 2233 5848 bis
2254 5789 2388 5846 edit.
2421 5789 2547 5848 Gill.
2573 5799 2630 5846 et
2649 5792 2815 5848 item.
2846 5805 2903 5850 ut
2929 5789 2980 5853 in
3009 5789 3290 5866 contextu:
