4014 6290
509 259 612 316 859

1867 257 2116 317 SANCTI
2153 258 2475 319 AMBROSII

3697 265 3789 323 ιω

508 380 840 437 substantias
885 379 1007 452 ejus
1037 380 1325 455 Scriptura
1365 386 1589 438 testetur
1632 375 1824 447 (Hebr.
1859 391 1897 442 ι,
1949 375 2028 444 3),
2061 383 2114 430 et
2141 375 2194 436 Α
2217 377 2387 433 Deum
2419 379 2586 436 esse?
2621 379 2763 437 sicut
2798 379 2866 436 ad
2896 378 3412 438 Thessalonicenses
3454 379 3629 436 dixit:
3667 381 3797 448 Quo-

512 473 714 528 mnltos
743 472 879 528 alios
905 471 974 528 de
999 472 1181 529 divina
1204 474 1406 530 dixisse
1435 467 1734 526 substantia
1760 466 1812 520 in
1839 465 1949 520 alio
1973 465 2114 520 libro

512 563 835 633 plenissime
865 564 1268 622 ostenderimus
1295 562 1434 637 (Lib.
1467 577 1524 617 ιιι
1547 559 1610 614 de
1628 555 1784 624 Fide,
1808 574 1927 628 cap.
1957 555 2039 629 4).

585 656 677 712 82.
716 655 973 714 Naturam
1021 674 1237 731 quoque
1280 656 1519 714 divinam
1551 653 1674 726 quis
1712 653 1948 718 abnuat;
1989 667 2114 708 cum

515 748 718 806 Petrus
748 750 1028 820 apostolus
1074 750 1130 805 in
1171 749 1404 821 epistola
1425 761 1530 802 sua
1562 743 1866 816 scripserit,
1895 743 1946 798 id
1978 758 2114 813 ope-

511 851 686 899 ratam
716 843 930 898 Domini
976 841 1402 899 misericordiam
1441 855 1539 911 per
1579 838 1888 910 passionem
1911 835 2110 902 crucis,

515 943 574 990 ut
596 950 718 1001 nos,
739 935 913 1004 inquit
942 933 1016 1007 (ll
1037 933 1181 988 Petr.
1201 951 1239 1000 ι,
1265 933 1343 1002 4),
1377 932 1578 988 faceret
1609 932 1807 986 divina:
1832 938 2114 986 consortes

516 1026 761 1082 naturas?
807 1023 915 1083 Sed
955 1025 1119 1080 etiam
1163 1024 1292 1080 alibi
1339 1023 1540 1080 Paulus
1574 1023 1827 1093 scripsit:
1861 1021 1967 1077 Sed
1995 1031 2115 1076 tunc

513 1116 722 1188 quidem
748 1117 1047 1189 ignorantes
1077 1113 1268 1182 Deum,
1297 1114 1379 1170 Itis
1407 1114 1499 1186 qui
1526 1123 1714 1168 natura
1743 1129 1844 1168 non
1872 1122 1990 1168 sunt
2014 1113 2112 1179 dii,

514 1211 740 1266 servistis
770 1208 913 1280 (Gal.
945 1223 1022 1272 tv,
1048 1208 1127 1278 8).
1161 1207 1238 1263 lta
1267 1206 1413 1264 enim
1445 1218 1501 1263 et
1528 1207 1582 1262 in
1605 1206 1812 1263 Graecis
1833 1205 2114 1262 codicibus

513 1301 839 1366 invenimus,
867 1315 1099 1372 quorum
1129 1300 1309 1372 potior
1339 1299 1637 1354 auctoritas
1664 1299 1791 1359 esti;

582 1397 673 1452 85.
705 1395 844 1464 Quid
889 1394 1056 1466 igitur
1082 1402 1268 1465 agunt,
1324 1393 1417 1465 qui
1462 1403 1662 1462 negant
1699 1400 1947 1447 naturam
1990 1404 2113 1447 esse

511 1488 772 1552 divinam,
806 1487 909 1543 nisi
934 1497 994 1543 ut
1019 1487 1130 1558 jam
1159 1502 1266 1542 non
1307 1485 1483 1541 solum
1513 1484 1650 1540 Filio
1685 1484 2110 1552 calumnientur,

508 1580 605 1639 sed
635 1580 801 1637 etiam
832 1579 1020 1636 Patri?
1050 1579 1106 1636 Si
1138 1578 1284 1634 enim
1316 1586 1542 1649 negatur
1575 1587 1766 1633 natura
1800 1577 1942 1632 Deus
1966 1590 2110 1642 esse,

511 1690 643 1755 ergo
681 1689 780 1746 per
811 1674 1042 1746 gratiam
1073 1681 1176 1740 est,
1221 1681 1281 1728 ut
1324 1671 1617 1728 homines:
1649 1678 1742 1725 aut
1781 1680 1933 1725 certe
1975 1668 2112 1724 falso

509 1767 775 1834 creditur,
804 1775 865 1823 ut
889 1767 1191 1834 daemones,
1221 1780 1451 1836 quorum
1476 1763 1770 1820 simulacra
1800 1764 1896 1820 Dei
1922 1763 2110 1835 appel-
2139 1771 2189 1833 B

510 1860 718 1917 latione
738 1859 1034 1916 donantur.
1071 1857 1181 1914 Sed
1219 1857 1588 1929 Apostolicam
1619 1857 1997 1913 auctoritatem
2022 1870 2108 1912 se-

508 1966 764 2024 quamnr,
791 1959 851 2006 ut
879 1948 1128 2006 dicamus
1153 1949 1210 2005 in
1236 1948 1546 2005 simulacris
1573 1957 1820 2004 naturam
1852 1962 1960 2003 non
1987 1961 2110 2003 esse

507 2042 771 2099 divinam.
827 2040 884 2099 Si
915 2057 1048 2113 ergo
1072 2041 1128 2096 in
1179 2039 1488 2097 simulacris
1515 2055 1624 2096 non
1657 2051 1764 2108 est,
1802 2055 1912 2096 non
1941 2049 2025 2096 est
2051 2039 2106 2094 in

507 2134 798 2192 daemoniis
819 2142 1104 2206 :suporest
1129 2143 1186 2190 ut
1217 2133 1270 2190 in
1295 2133 1408 2189 Deo
1436 2133 1620 2188 divina
1643 2131 1717 2188 sit
1738 2143 1930 2189 natura
1945 2141 2108 2203 atque

507 2228 811 2286 substantia
839 2227 885 2300 (ι
907 2226 1028 2284 Cor.
1053 2227 1135 2299 x).

579 2323 670 2380 8t.
708 2320 1006 2379 Docuimus
1039 2321 1203 2392 igitur
1246 2320 1546 2391 apostolica
1577 2319 1900 2376 auctoritate
1955 2327 2106 2374 recte

505 2415 576 2473 de
595 2416 709 2472 Deo
721 2416 882 2472 Patre
896 2414 1001 2472 dici
1016 2414 1158 2486 quod
1173 2422 1364 2470 natura
1389 2415 1459 2469 sit
1483 2414 1647 2479 Deus;
1671 2411 1944 2482 accipiant
1965 2426 2107 2467 nunc

505 2509 652 2582 quod
670 2508 862 2566 eadem
884 2507 982 2564 Dei
1009 2507 1186 2563 Patris
1206 2506 1279 2562 sit
1303 2515 1493 2561 natura
1512 2521 1630 2576 qua:
1643 2505 1764 2560 Ἐιιὶἱ
1788 2513 1894 2572 est,
1917 2503 2104 2559 eadem

504 2601 580 2657 sit
601 2610 658 2657 et
678 2601 914 2672 Spiritus
936 2600 1139 2665 sancti;
1173 2613 1244 2654 ne
1283 2597 1421 2653 forte
1456 2597 1647 2652 itidem
1678 2595 1862 2651 dicant
1890 2613 1905 2651 :
1936 2595 2104 2650 Natu-

503 2709 620 2750 ram
652 2692 871 2765 quidem
913 2691 1147 2764 legimus
1190 2704 1315 2746 esse
1356 2688 1619 2754 divinam,
1670 2697 1882 2744 natura:
1926 2696 2105 2741 autem

505 2787 706 2844 diVinaB
736 2801 841 2843 non
875 2786 1107 2858 legimus
1151 2784 1441 2839 unitatem.
1482 2781 1592 2839 Sed
1627 2797 1751 2837 cum
1798 2781 1912 2852 ipse
1936 2779 2107 2836 Filius

503 2879 709 2936 dixerit
745 2897 758 2934 :
815 2878 930 2953 Ego
963 2887 1011 2934 et
1053 2874 1214 2932 Pater
1257 2892 1418 2931 unum
1447 2891 1622 2931 sumus
1668 2872 1854 2946 (Joan.
1887 2889 1942 2938 x,
1969 2872 2103 2940 30);

506 2973 786 3030 unitatem.
812 2970 1116 3026 divinitatis
1146 2969 1418 3041 probavit.
1466 2967 1602 3023 Cum
1643 2966 1883 3023 dixerit:
1920 2965 2108 3020 Omnia

504 3084 620 3141 qua:
645 3067 804 3122 Pater
827 3065 978 3121 habet
1008 3081 1122 3120 mea
1147 3074 1265 3119 sunt
1301 3061 1486 3136 (Joan.
1515 3078 1627 3129 xvr,
1660 3062 1786 3130 l5);
1826 3068 1886 3116 et
1921 3059 2058 3115 infra
2090 3078 2104 3112 :

2218 471 2373 527 modo
2398 474 2628 528 conversi
2654 474 2776 529 estis
2806 473 2876 528 ad
2904 473 3072 529 Deum
3098 493 3130 529 a
3158 473 3454 529 simulacris
3488 475 3674 528 seruire
3698 472 3798 528 Deo

2216 563 2329 618 rivo
2353 573 2402 618 et
2432 581 2550 619 vero
2572 563 2618 636 (Ι
2637 563 2822 620 Thess.
2851 581 2888 633 ι,
2915 564 3118 636 9)?l|li
3141 565 3288 621 enim
3306 564 3382 620 dii
3398 579 3522 620 esse
3550 564 3799 620 simulan-

2219 663 2325 723 tur,
2347 666 2541 712 natura
2557 667 2738 714 autem
2761 658 2906 714 Deus
2929 658 3084 714 vivus
3103 667 3332 714 etverus
3346 665 3450 713 est.
3476 657 3636 730 723
3675 656 3799 713 Nam

2218 755 2276 802 et
2302 747 2355 802 in
2404 749 2523 818 ipso
2551 764 2653 804 usu
2692 757 2880 804 nostro
2907 758 2992 804 est
3017 749 3306 820 adoptivus
3338 749 3528 814 Filius,
3565 759 3621 804 et
3649 763 3802 806 verus

2218 836 2412 894 Filius.
2447 839 2779 910 Adoptivum
2832 839 3027 895 Filium
3057 855 3165 896 non
3192 839 3431 896 dicimus
3459 837 3652 895 Filium
3687 854 3804 896 esse

2219 941 2414 986 natura
2447 947 2462 984 :
2495 930 2592 988 sed
2615 947 2736 987 cum
2769 931 3000 988 dicimus
3027 945 3218 988 natura
3247 947 3396 999 esse,
3421 933 3514 1004 qui
3541 946 3700 989 verus
3724 941 3805 990 est

2216 1022 2405 1079 Filius.

2286 1117 2376 1174 88.
2420 1117 2568 1189 Ergo
2599 1128 2654 1176 et
2680 1128 2928 1175 naturam
2958 1129 3012 1177 et
3043 1119 3404 1176 substantiam
3431 1133 3553 1176 esse
3577 1118 3805 1175 divinam

2214 1211 2568 1282 probavimus
2597 1203 2833 1270 lectione
2859 1232 2872 1268 :
2914 1215 3176 1270 unitatem
3204 1227 3420 1286 quoque
3451 1227 3559 1268 non
3584 1212 3806 1284 plurali-

2217 1312 2384 1360 tatem
2417 1305 2622 1362 divina:
2653 1321 2778 1364 esse
2804 1315 3014 1363 natura:
3053 1305 3358 1378 apostolica
3385 1307 3679 1362 auctoritas
3715 1305 3807 1361 dc-

2215 1400 2555 1456 monstravit.

2843 1492 3072 1550 CAPUT
3111 1493 3205 1549 IX.

2217 1583 2357 1640 Dum
2399 1587 2685 1659 ingenitum
2712 1585 2945 1654 Patrem,
2977 1587 3114 1656 quod
3139 1587 3193 1641 in
3234 1585 3513 1657 Scriptura
3549 1601 3650 1640 non
3677 1585 3809 1655 lege-

2287 1690 2410 1735 runt
2441 1681 2700 1748 haeretici,
2735 1680 2830 1734 sibi
2873 1679 3088 1735 concedi
3111 1679 3325 1745 volunt,
3353 1695 3439 1734 eos
3476 1678 3810 1732 contentionis

2284 1772 2517 1826 studium
2556 1776 2864 1844 patefacere.
2920 1769 3216 1826 Fatendum
3259 1781 3429 1824 tamen
3469 1770 3526 1823 id
3565 1771 3812 1838 scriptum

2284 1880 2415 1929 esse,
2447 1865 2536 1919 sed
2560 1865 2702 1936 apud
2733 1865 2932 1930 Arium,
2971 1864 3054 1917 cui
3075 1863 3359 1935 :opponitur
3383 1862 3678 1934 Apostolus.
3709 1861 3812 1916 Re-

2286 1965 2552 2025 torquetur
2572 1972 2753 2010 eorum
2780 1956 2996 2026 objectio
3026 1965 3207 2009 contra
3227 1956 3393 2025 ipsos,
3422 1963 3468 2008 et
3488 1970 3584 2013 no.1:
3604 1953 3811 2025 ingeni-

2285 2055 2374 2102 tus
2400 2048 2557 2102 etiam
2583 2058 2833 2102 creatura:
2868 2047 3153 2100 communis
3187 2045 3454 2102 asseritur.
3481 2043 3610 2098 Mox
3642 2045 3811 2115 emptio

2287 2147 2400 2193 cato
2450 2139 2869 2194 adversariorum
2918 2138 3216 2203 ratiocinio,
3261 2137 3464 2210 reponit
3515 2135 3810 2190 Ambrosius

2283 2233 2488 2288 vocibus
2521 2233 2678 2306 geniti
2699 2241 2851 2303 atque
2867 2232 3084 2304 ingeniti
3104 2247 3207 2285 non
3234 2239 3474 2285 naturam
3505 2228 3806 2301 signiﬁcari,

2283 2326 2374 2380 sed
2411 2325 2733 2397 qualitatem.
2775 2323 3028 2377 Adductis
3063 2321 3312 2393 exemplis
3337 2320 3436 2374 hoc
3463 2323 3571 2391 fuse
3603 2318 3804 2389 probat,

2283 2417 2375 2472 sed
2411 2417 2465 2470 in
2494 2433 2554 2471 eo
2600 2416 2890 2486 praesertim
2925 2414 3127 2486 longior
3157 2423 3254 2480 est,
3288 2423 3344 2467 ut
3374 2428 3437 2468 ea:
3461 2411 3806 2486 ὀίεαι-εἰξΔίίρ-

2285 2511 2368 2564 (iis
2405 2480 2636 2564 eamdem
2661 2480 3224 2563 substantiam'exoriri
3249 2519 3399 2574 posse
3431 2480 3803 2572 palamm.

2281 2600 2371 2658 89.
2404 2601 2554 2656 Nunc
2587 2599 2668 2655 illi
2692 2611 2940 2655 asserant
2971 2599 3062 2655 ubi
3092 2599 3396 2668 ingenitum
3421 2596 3634 2652 Patrem
3660 2595 3806 2666 lege-

2209 2695 2336 2752 rint.
2355 2694 2465 2752 Sed
2478 2696 2524 2750 si
2541 2694 2829 2750 dialectico
2845 2707 2998 2749 more
3012 2692 3242 2748 concedi
3259 2690 3360 2747 sibi
3377 2691 3426 2746 id
3446 2688 3736 2761 postulant,
3751 2697 3806 2742 ut

2208 2790 2353 2862 quod
2371 2789 2566 2845 lectum
2581 2803 2688 2844 non
2701 2788 2772 2843 sit
2789 2802 2886 2856 pro
2903 2786 3043 2842 lecto
3058 2792 3342 2854 usurpent,
3365 2783 3805 2854 produntsecon-

2209 2883 2467 2939 tentionis
2481 2880 2511 2920 δ
2525 2880 2706 2936 studio
2718 2879 2952 2947 dill‘erri,
2971 2895 3077 2934 non
3089 2877 3452 2949 cognitionem
3469 2890 3711 2948 quaerere
3722 2890 3802 2930 νεα

2209 2975 2404 3031 ritatis.
2431 2973 2673 3044 Namque
2706 2975 2760 3028 in
2791 2975 2906 3044 ipsa
2934 2971 3214 3027 dialectica
3243 2972 3288 3026 si
3319 2986 3426 3026 non
3453 2969 3796 3035 concedatur,

2208 3067 2352 3138 quod
2378 3066 2604 3122 cortcedi
2636 3066 2735 3121 sibi
2766 3065 3061 3138 postulant,
3085 3079 3197 3136 quo
3217 3063 3424 3119 aditum
3442 3062 3796 3119 contentionis

504 3161 688 3231 Pater,
728 3162 904 3218 omnia
937 3177 1054 3216 mea
1080 3169 1169 3214 tua
1203 3166 1344 3224 sunt,
1392 3167 1439 3212 et
1483 3167 1569 3211 tua
1598 3172 1710 3210 mea
1747 3153 1928 3223 (Joan.
1971 3169 2101 3219 xvtt,

2231 3162 2451 3218 nvenire
2461 3161 2794 3228 desiderant,
2810 3160 3131 3231 principium
3146 3159 3389 3216 invenire
3404 3167 3672 3230 nequeunt
3689 3158 3794 3213 dis-

505 3256 597 3329 10)
623 3273 637 3322 ;
669 3256 909 3314 asseruit
934 3255 1226 3310 unitatem.
1252 3252 1389 3308 Cum
1421 3251 1557 3308 dixit
1585 3267 1601 3305 :
1647 3250 1806 3306 Pater
1839 3251 1927 3321 qui
1951 3250 2110 3304 inme

508 3360 702 3418 manet,
728 3360 752 3387 ιι
782 3350 896 3422 ipse
923 3358 968 3404 et
991 3364 1148 3419 opera
1163 3361 1279 3418 quat
1305 3361 1400 3416 ego
1439 3345 1600 3416 facio,
1636 3345 1746 3416 ipse
1773 3343 1896 3413 facit
1922 3342 2104 3416 (Joan.

505 3459 620 3508 xtv,
651 3440 777 3514 i0);
807 3442 1074 3496 unitatem
1105 3438 1516 3496 evidentissitne
1543 3435 1857 3492 declaravit.

507 3533 509 3535 ’
572 3535 664 3591 85.
711 3533 913 3590 Deinde
938 3533 1135 3588 Petrus
1155 3546 1317 3586 unam
1341 3540 1590 3585 naturam
1615 3527 1855 3585 ostendit
1883 3541 2007 3585 esse
2028 3526 2108 3582 di-

505 3629 685 3684 vinam
705 3645 718 3682 :
742 3626 813 3694 Ut
836 3643 950 3691 nos,
982 3625 1176 3696 inquit,
1203 3625 1392 3694 faceret
1418 3624 1604 3678 divina:
1623 3630 1884 3677 consortes
1910 3631 2108 3674 natura:

505 3721 527 3793 (
552 3719 598 3776 ll
624 3717 771 3776 Petr.
800 3733 839 3785 ι,
871 3717 907 3774 4
931 3716 972 3790 ).
1001 3717 1184 3773 Potuit
1211 3716 1356 3773 enim
1379 3715 1459 3772 sic
1481 3715 1687 3783 dicere,
1711 3715 1756 3770 si
1785 3715 1942 3769 aliter
1962 3715 2106 3768 aesti-

506 3824 752 3882 masset;
803 3814 999 3885 potuit,
1030 3813 1275 3885 inquam,
1304 3813 1383 3868 sic
1412 3813 1595 3869 dicere
1626 3831 1641 3869 :
1673 3811 1744 3868 Ut
1778 3826 1880 3867 nos
1907 3810 2109 3866 laceret

498 3910 1108 3978 divinarumconsortes
1124 3916 1470 3973 naturarum;
1489 3907 1725 3962 maxime
1747 3920 1873 3962 cum
1893 3919 1992 3975 per
2013 3903 2104 3958 Fi-

501 4002 636 4060 lium
670 4003 723 4059 in
752 4012 962 4058 natura:
983 4001 1185 4057 divinae
1209 3998 1544 4056 consortium
1563 4007 1926 4054 transeamus.
1948 3995 2107 4052 Num-

501 4096 630 4168 quid
653 4103 835 4167 potest
863 4095 1094 4162 donare,
1123 4092 1269 4166 quod
1299 4107 1407 4148 non
1453 4092 1655 4148 habet?
1697 4091 1841 4163 Ergo
1890 4105 1998 4147 non
2022 4098 2107 4147 est

501 4189 730 4246 dubium
759 4189 887 4260 quia
913 4187 984 4245 de
1023 4203 1113 4258 eo,
1143 4186 1288 4258 quod
1321 4185 1505 4253 habet,
1542 4186 1741 4251 donat;
1774 4193 1832 4242 et
1861 4183 1984 4241 ideo
2010 4184 2107 4238 ha-

501 4283 596 4339 bet
615 4290 864 4339 naturam
901 4280 1162 4347 divinam,
1188 4279 1280 4350 qui
1301 4278 1578 4336 consortia
1599 4278 1798 4334 divinae
1823 4278 1991 4334 donat
2011 4292 2106 4332 na-

504 4383 665 4522 me:
705 4464 1004 4538 Apostolus
1042 4479 1258 4535 quoque
1316 4463 1517 4520 Paulus
1564 4462 1836 4520 dicendo:
1870 4463 1974 4530 Qui
2007 4479 2102 4518 na-

2209 3256 2454 3328 putandi.
2489 3253 2557 3310 Et
2585 3255 2690 3310 hoc
2729 3253 2826 3318 ibi.
2859 3253 2948 3308 ubi
2973 3253 3256 3309 contentio
3281 3263 3366 3308 est
3405 3254 3574 3325 magis
3607 3252 3673 3307 de
3687 3253 3792 3306 dis-

2209 3349 2506 3420 putationis
2535 3347 2784 3418 argntiis,
2817 3361 2980 3417 quam
3011 3345 3081 3402 de
3101 3345 3352 3402 examine
3377 3345 3643 3402 veritatis.
3674 3343 3791 3400 Haec

2215 3450 2302 3498 est
2325 3441 2470 3497 enim
2507 3440 2926 3497 dialeCticorutn
2956 3439 3129 3512 gloria
3150 3481 3165 3505 ,
3191 3440 3238 3495 si
3290 3438 3578 3495 videantur
3629 3453 3787 3508 expu-

2189 3549 2308 3606 ,gna
2317 3550 2375 3590 re
2394 3533 2575 3590 verbis
2591 3543 2646 3589 et
2667 3531 2922 3589 refellere
2935 3531 3221 3588 veritatem
3241 3541 3326 3588 :et
3346 3540 3538 3586 contra
3559 3529 3787 3587 deﬁnitio

2208 3625 2332 3681 ﬁdei
2369 3633 2474 3693 εει,
2508 3634 2566 3680 ut
2595 3625 2817 3693 veritas,
2852 3639 2960 3681 non
3001 3623 3165 3679 verba
3205 3623 3535 3695 pendantur.
3564 3623 3786 3693 Denique

2207 3720 2376 3775 verba
2417 3717 2870 3791 philosophorum
2911 3717 3152 3775 excludit
3189 3718 3423 3790 simplex
3472 3719 3671 3775 veritas
3709 3719 3780 3787 pi-

2209 3823 2506 3868 scatorum.

2279 3903 2368 3959 90.
2395 3904 2526 3971 Qua:
2562 3903 2726 3974 igitur
2752 3902 2855 3958 ista
2889 3903 3129 3959 assertio
3155 3911 3262 3968 est,
3303 3903 3397 3959 ubi
3423 3901 3469 3958 si
3498 3917 3603 3958 non
3630 3901 3776 3956 dona-

2209 4014 2337 4054 vero
2359 3998 2442 4054 eis
2473 3997 2700 4054 verbum
2733 3997 2986 4069 ingeniti,
3017 3997 3339 4053 assertionis
3370 3995 3682 4067 principium
3707 3994 3776 4048 in-

2209 4091 2398 4148 venire
2456 4106 2565 4148 non
2619 4091 2886 4164 possunt?
2938 4089 3036 4147 Ubi
3079 4105 3214 4163 ergo
3265 4090 3528 4162 legerint,
3579 4089 3776 4146 demon-

2208 4197 2407 4244 strent.

2279 4281 2368 4338 91.
2399 4280 2694 4338 Exciderat
2728 4279 2952 4336 animo:
2989 4294 3132 4336 nunc
3173 4278 3344 4335 redeo
3374 4278 3430 4335 in
3461 4275 3768 4334 memoriam.

2208 4378 2434 4434 Lectum
2474 4384 2580 4442 est,
2623 4373 2904 4446 inquiunt;
2947 4388 3071 4428 nam
3117 4371 3285 4429 Arius
3325 4371 3472 4427 dixit
3512 4369 3767 4441 ingenitum

2207 4469 2447 4534 Patrem,
2488 4477 2545 4524 et
2587 4467 2827 4539 genitum
2868 4475 2925 4522 et
2960 4473 3204 4522 creatum
3251 4452 3273 4504 έ
3318 4463 3533 4520 Filium.
3575 4463 3643 4517 En
3679 4473 3767 4528 quo

504 4567 620 4613 tura
651 4573 755 4614 non
772 4567 892 4613 sunt
928 4557 1004 4611 dii
1027 4557 1046 4630 (
1070 4557 1247 4613 Galat.
1280 4573 1356 4624 ιν,
1390 4557 1497 4629 8);
1529 4553 1770 4612 ostendit
1790 4571 1955 4612 unam
1983 4556 2100 4612 veri

2229 4574 2430 4620 mctore
2466 4569 2659 4618 contra
2692 4560 2991 4633 apostolica
3033 4559 3234 4629 scripta
3261 4558 3592 4615 contendant
3618 4575 3632 4611 :
3658 4567 3767 4608 con-

505 4651 602 4708 Dei
632 4667 756 4708 esse
783 4662 1054 4708 naturam.
1100 4651 1347 4722 Namque
1390 4661 1445 4707 et
1489 4651 1607 4722 ipse
1653 4653 1827 4721 potuit
1869 4650 2053 4707 dicere
2088 4667 2100 4704 :

503 4743 607 4814 Qui
636 4744 844 4800 naturis
866 4758 976 4800 non
1003 4752 1134 4800 sunt
1155 4742 1254 4809 dii,
1277 4743 1324 4798 si
1340 4741 1506 4798 sciret
1523 4742 1884 4814 pluralitatem
1909 4741 2105 4798 divina:

501 4851 625 4896 esse
655 4847 886 4906 naturae,
917 4845 976 4892 ut
1006 4837 1110 4892 alia
1133 4843 1284 4892 esset
1303 4837 1357 4890 in
1381 4835 1562 4900 Patre,
1591 4836 1695 4890 alia
1727 4835 1778 4889 in
1806 4834 1967 4902 Filio,
2000 4834 2102 4889 alia

502 4931 556 4987 in
584 4931 792 5002 Spiritu
819 4939 1029 4986 sancto.
1059 4927 1305 4986 Dicendo
1327 4942 1487 4999 ergo:
1517 4926 1724 4982 Natura
1741 4943 1842 4983 non
1864 4936 1980 4982 sunt
1997 4928 2099 4992 dii;

502 5025 767 5082 unitatem
785 5031 992 5080 natura:
1013 5022 1289 5093 expressit
1313 5019 1534 5076 divinae.

573 5118 664 5175 81.
695 5116 836 5186 Quid
863 5125 950 5173 est
977 5126 1158 5173 autem
1191 5123 1382 5171 natura
1414 5115 1578 5171 Deum
1603 5129 1747 5185 esse,
1773 5117 1877 5174 nisi
1905 5131 2094 5174 verum

575 5290 602 5320 α
641 5281 801 5337 Rom.
831 5279 964 5336 edit.
990 5279 1128 5350 sola,
1157 5279 1270 5350 ipse
1296 5278 1419 5350 facit
1437 5293 1618 5350 cpera.
1649 5277 1740 5346 Et,
1775 5279 1925 5336 Sicut
1945 5297 2097 5350 man-

507 5352 685 5407 datum
712 5351 854 5407 dedit
879 5350 1006 5405 mihi
1027 5347 1208 5413 Pater,
1239 5347 1315 5402 sic
1343 5347 1500 5417 facio.
1945 5347 1951 5353 ’

574 5421 604 5461 ι’
628 5421 759 5478 Mss.
787 5436 897 5477 non
929 5421 1108 5491 pauci.
1147 5419 1320 5491 studio
1345 5418 1653 5491 defendere;
1687 5420 1778 5474 alii
1820 5437 1928 5477 non
1959 5436 2096 5490 pau-

502 5493 706 5555 ciores,
747 5489 1187 5559 studio'deferre;
1217 5489 1358 5545 haud
1397 5489 1564 5552 male,
1605 5492 1652 5544 si
1694 5491 1858 5546 modo
1900 5489 2102 5559 deferre

505 5563 800 5632 accipiatur
820 5576 919 5632 pro
943 5560 1119 5632 cedere
1143 5561 1228 5617 vel
1259 5560 1497 5632 obsequi;
1538 5561 1746 5630 aliquot
1768 5563 1857 5617 alii
1885 5574 1940 5619 et
1965 5563 2098 5619 edit.

507 5630 694 5699 Boni..
718 5630 891 5685 studia
916 5630 1129 5698 aﬁ'erre.
1154 5632 1353 5687 Planus
1375 5631 1593 5699 quidem
1617 5646 1809 5687 sensus
1839 5651 1850 5686 :
1883 5644 1939 5689 at
1967 5649 2090 5688 cum

508 5697 718 5780 legatur
742 5697 1147 5780 inhtonss.’longe_
1174 5697 1448 5780 plurimis,
1477 5703 1887 5780 etantiqaedit.
1921 5703 2094 5758 studio

511 5763 745 5834 diﬂ'erre,
758 5769 944 5825 vitium
955 5763 1364 5829 emeﬁda'vimus
1383 5787 1416 5830 e
1433 5763 1567 5831 'cod.
1592 5763 1805 5847 Remig.
1828 5789 2098 5848 reponen-

2207 4658 2436 4714 tendant
2466 4665 2670 4723 tamen,
2706 4656 2751 4712 si
2777 4654 2943 4711 modo
2978 4668 3039 4710 se
3073 4654 3190 4710 Arii
3225 4653 3520 4724 discipulos
3561 4664 3670 4706 esse
3704 4645 3766 4700 ls-

2209 4758 2444 4807 teantur.
2473 4748 2607 4805 Nam
2637 4746 2912 4820 quomodo
2939 4754 3143 4818 negant
3173 4745 3516 4818 magistrum,
3541 4741 3678 4811 cujus
3698 4737 3764 4791 iu-

2208 4855 2428 4900 ventum
2455 4845 2790 4914 sequuntur?

2279 4935 2374 4991 92.
2413 4934 2521 4992 Sed
2563 4934 2610 4990 si
2639 4933 2720 4989 illi
2747 4929 2774 4970 ἀ
2816 4932 2924 4988 hoc
2957 4931 3172 4998 dicunt,
3211 4929 3359 5003 quod
3383 4931 3574 4988 Arius:
3598 4925 3761 4998 justius

2201 5042 2304 5099 ego
2333 5026 2508 5083 debeo
2546 5025 2754 5094 dicere,
2782 5025 2926 5096 quod
2969 5012 3267 5095 Apostolus
3296 5023 3432 5078 dixit
3471 5019 3664 5094 (Ephes.
3693 5031 3759 5077 ιιι.

2203 5119 2317 5192 14).
2360 5117 2576 5175 Patrem
2606 5119 2755 5174 enim
2787 5117 2947 5184 dixit,
2972 5131 3082 5172 non
3130 5116 3431 5188 ingenitum
3458 5109 3755 5171 nominavit:

2203 5289 2305 5363 tes,
2321 5279 2490 5363 studio
2513 5277 2859 5347 di/ferri,hoc
2889 5287 2995 5347 est,
3020 5277 3220 5335 allecto
3249 5275 3497 5345 distrahi,
3523 5271 3693 5345 jactari
3710 5276 3755 5323 et

2202 5361 2722 5506 ῗέζωὲέξῃθιίίιιιρι.
2747 5420 2972 5506 filium.
3009 5420 3126 5488 Quo
3159 5430 3372 5476 auctore
3396 5425 3561 5475 contra
3581 5419 3753 5482 aposto-

2205 5495 2304 5563 lica
2326 5493 2519 5563 scripta
2539 5493 2872 5547 contendunt.

2275 5560 2303 5600 ἀ
2342 5559 2478 5623 Tres
2498 5578 2664 5644 _mss.,
2683 5563 2785 5644 [ioc
2813 5563 3022 5644 dicunt,
3210 5559 3751 5644 Ariusjststiusseftf

2200 5635 2267 5707 rit
2295 5651 2312 5688 :
2355 5621 2446 5707 ego
2475 5621 2742 5707 debeo.'_ld
2766 5643 2950 5707 autem
2972 5621 3067 5707 hic
3077 5633 3269 5707 obiter
3299 5621 3608 5707 adjiciemus.
3634 5621 3746 5704 ᾼῐιι·

2201 5701 2444 5761 ιιτοείυἲιι
2492 5722 2615 5776 qua:
2655 5705 2722 5760 de
2763 5705 3029 5776 vocabulo
3071 5705 3342 5776 ingenitus
3371 5701 3617 5776 disputat,
3643 5701 3745 5746 inn-

2205 5784 2376 5833 tatum
2407 5773 2579 5834 videri
2607 5791 2673 5834 ex
2702 5775 2888 5834 Basilii
2905 5774 3056 5833 Orat.
3079 5773 3291 5833 2'cont.
3317 5775 3557 5831 Arianos.
