4014 6290
201 307 298 364 8H

831 308 920 366 DE
959 308 1495 368 INCARNATIONIS
1533 307 1884 367 DOMINICA‘I
1927 310 2398 370 SACRAMENTO
2437 313 2645 372 LIBER
2685 315 2889 376 UNUS.

3403 328 3509 387 842

202 423 399 479 Filium
441 423 602 491 dixit,
635 432 692 481 et
730 426 972 497 genitum
1022 428 1221 484 Filium
1266 429 1421 484 dixit.
1467 429 1623 498 Quod
1669 430 1797 501 legi,
1828 431 1878 490 A
1907 440 2103 501 potest,
2129 433 2256 504 quia
2289 432 2467 488 omnia
2509 449 2573 489 ex
2613 434 2772 492 Patre
2808 437 2922 493 Deo
2955 436 3158 497 habent
3187 443 3519 506 subsistendi

203 535 305 575 non
337 535 520 592 nego;
552 521 723 576 immo
750 520 976 577 libenter
1016 537 1221 594 usurpo
1255 541 1267 576 :
1322 523 1468 595 quod
1518 539 1626 579 non
1677 524 1801 594 legi,

202 626 472 684 usurpare
509 628 618 669 non
647 611 844 669 debeo.
878 613 987 670 Sed
1028 623 1236 682 tamen,
1265 615 1409 687 quod
1437 615 1490 672 in
1521 615 1805 672 dialectica

202 721 306 763 non
338 705 670 775 faceremus,
695 716 986 778 usurpent;
1016 709 1062 765 si
1091 725 1198 766 non
1227 720 1283 767 et
1308 710 1451 767 forte
1472 711 1804 784 dicantquia

198 803 441 876 genitum
484 818 591 859 non
628 803 856 875 legimus
883 805 1102 863 Patrem
1141 808 1287 865 sicut
1315 809 1536 876 Filium,
1567 808 1689 866 ideo
1718 809 1802 865 in-

200 895 441 968 genitum
468 896 750 954 aestimare
774 897 1062 957 debemus.

268 992 360 1048 95.
393 990 723 1064 lntelligitur
751 992 886 1060 hoc,
919 1009 1053 1067 ergo
1092 1011 1200 1052 non
1243 997 1462 1067 legitur.
1505 998 1614 1056 Sed
1645 1001 1691 1056 si
1723 1000 1804 1057 in-

199 1087 484 1158 telligitur,
508 1104 611 1145 nec
632 1088 900 1161 Spiritum
928 1097 1177 1146 sanctum
1199 1089 1446 1162 genitum
1473 1090 1578 1163 legi
1603 1110 1617 1149 :
1641 1093 1807 1167 724

198 1196 332 1252 ergo
360 1195 419 1237 et
439 1180 699 1254 Spiritus,
734 1181 862 1254 quia
888 1183 1107 1254 genitus
1124 1197 1233 1240 non
1258 1192 1366 1250 est,
1398 1184 1669 1258 ingenitus
1698 1187 1805 1241 uti-

197 1290 305 1344 qne
333 1275 640 1331 secundum
670 1284 911 1332 vestram
942 1277 1270 1334 sententiam
1302 1278 1668 1335 nominandus
1697 1289 1803 1336 est.

201 1369 254 1425 Si
310 1369 475 1440 igitur
527 1371 828 1443 ingenitum
880 1371 1064 1429 dicitis
1105 1382 1160 1428 et
1198 1373 1439 1444 genitum
1483 1388 1591 1429 non
1644 1390 1806 1444 posse

197 1461 363 1518 unius
405 1478 528 1520 esse
557 1464 908 1530 substantia;
937 1474 1188 1536 superest
1217 1475 1275 1520 ut
1313 1465 1382 1522 de
1409 1466 1570 1522 Patre
1597 1476 1654 1523 et
1683 1466 1804 1538 Spi—

197 1555 303 1610 ritu
340 1566 551 1625 sancto,
575 1557 701 1628 quia
738 1573 842 1613 nec
873 1557 1090 1614 Patrem
1128 1559 1374 1630 genitum
1419 1560 1676 1632 legimus,
1705 1577 1807 1619 nec

198 1647 467 1720 Spiritum
509 1660 787 1718 sanctum,
817 1651 1079 1707 unitatem
1115 1651 1317 1707 divina:
1343 1661 1555 1710 natura;
1583 1663 1638 1710 et
1674 1654 1808 1711 sub-

197 1746 418 1802 stantize
460 1761 569 1802 non
610 1747 840 1819 negetis.
893 1747 952 1804 Si
997 1750 1143 1804 enim
1186 1749 1240 1805 in
1283 1765 1350 1806 eo
1387 1760 1470 1808 est
1506 1753 1589 1808 vis
1629 1753 1808 1810 omnis

1907 539 2144 580 causam.
2190 525 2344 582 Unde
2373 542 2479 581 non
2507 542 2629 585 esse
2649 530 2951 588 verisimile
2992 532 3203 603 dicunt,
3245 546 3304 593 ut
3344 539 3518 598 Filius

1907 620 2032 690 quia
2056 635 2123 676 ex
2141 620 2301 676 Patre
2315 630 2422 690 est,
2438 630 2494 678 et
2510 637 2575 679 ex
2591 638 2650 680 se
2661 638 2880 684 causam
2900 641 3010 683 non
3024 627 3222 686 habeat
3235 634 3390 700 utsit,
3415 637 3513 691 sed

1908 727 1974 768 ex
2001 711 2183 781 Patre,
2211 713 2408 770 similis
2433 715 2508 771 sit
2533 715 2679 773 Patri
2702 736 2718 774 :
2741 734 2864 776 cum
2892 720 3054 778 Pater
3077 738 3142 779 ex
3166 725 3276 782 alio
3291 742 3512 785 causam

1909 821 2016 860 non
2033 805 2244 873 habeat,
2262 807 2435 864 Filius
2446 819 2648 878 autem,
2667 822 2724 867 ut
2739 813 2842 883 ipsi
2858 814 3118 887 allegant,
3146 833 3271 876 esse
3287 836 3396 878 non
3414 837 3514 895 po-

1911 902 2098 967 tuerit,
2120 902 2221 958 nisi
2241 903 2343 960 hoc
2358 904 2534 976 ipsum
2548 921 2617 963 ex
2635 906 2795 965 Patre
2816 917 3037 967 utesset
3059 955 3075 980 ,
3106 919 3402 986 acceperit.

1985 993 2076 1049 97.
2109 993 2346 1067 Ideoque
2374 997 2676 1070 ingenitum
2701 1010 2756 1056 et
2783 1003 3026 1073 genitum
3051 1004 3236 1064 dicunt
3261 1024 3385 1068 esse
3405 1012 3514 1070 dis-

1909 1088 2174 1155 similem;
2208 1091 2365 1162 quasi
2397 1108 2565 1161 vero,
2595 1097 2742 1166 quod
2770 1097 2903 1153 alibi
2933 1114 3079 1171 saepe
3101 1103 3214 1171 jam
3257 1105 3392 1174 dixi,
3415 1123 3516 1179 ge-

1911 1183 2121 1238 neratio
2158 1187 2443 1254 potestatis
2473 1188 2575 1255 sit,
2619 1204 2726 1244 non
2771 1199 2999 1248 natura}.
3047 1195 3182 1252 Cum
3213 1199 3360 1254 enim
3393 1201 3518 1258 dico

1907 1274 2172 1344 genitum,
2205 1292 2316 1332 non
2357 1279 2750 1350 proprietatem
2778 1295 3007 1352 naturae,
3038 1288 3134 1343 sed
3165 1290 3522 1361 signiﬁcatio-

1912 1383 2034 1423 nem
2065 1373 2438 1440 generationis
2468 1376 2750 1445 expressi;
2776 1387 2833 1434 et
2858 1379 2963 1436 hoc
2992 1385 3265 1456 exemplis
3297 1389 3520 1445 eviden—

1913 1461 2141 1520 tioribus
2191 1467 2529 1536 approbabo.
2563 1469 2698 1526 Nam
2744 1473 2788 1528 si
2833 1477 3166 1546 generaliter
3213 1481 3390 1538 dicam
3429 1485 3520 1540 Fi-

1911 1553 2066 1622 lium,
2094 1571 2196 1613 nec
2223 1558 2386 1633 725
2413 1559 2608 1616 addam
2637 1563 2818 1634 cujus,
2854 1577 3034 1638 potest
3053 1570 3283 1644 intelligi
3304 1583 3360 1631 et
3380 1575 3521 1634 ﬁlius

1913 1646 2173 1714 hominis,
2204 1660 2260 1706 et
2291 1653 2437 1709 illius
2468 1654 2791 1726 iniquitatis,
2821 1667 2878 1715 et
2915 1659 3060 1718 ﬁlius
3090 1666 3438 1735 pestilentia},
3467 1680 3524 1728 et

1913 1743 2060 1800 ﬁlius
2107 1745 2336 1814 diaboli,
2389 1749 2534 1806 sicut
2578 1751 2648 1808 de
2699 1753 2905 1812 Judznis
2953 1758 3240 1831 Scriptura
3289 1775 3522 1826 testatur

196 1849 397 1895 vestrae
431 1838 836 1910 disputationis,
868 1840 1012 1911 quod
1046 1841 1318 1913 ingenitus
1346 1852 1402 1898 et
1433 1845 1654 1915 genitus
1694 1861 1804 1901 non
1831 1837 1880 1898 B
1910 1835 2094 1932 (ξοαη.
2123 1855 2238 1908 vm,
2266 1840 2360 1914 44)
2387 1863 2400 1899 :
2437 1853 2492 1900 et
2521 1846 2666 1916 quod
2703 1848 2757 1904 in
2788 1864 2889 1906 usu
2916 1861 3036 1919 est,
3063 1865 3116 1910 et
3156 1855 3317 1916 fastus
3356 1877 3522 1932 pecu-

198 1942 432 2004 possunt
450 1949 571 1992 esse
595 1935 754 1991 unius
776 1943 987 1992 naturae
1011 1947 1027 1989 ξ
1050 1951 1183 2009 ergo
1209 1939 1300 2009 qui
1327 1953 1436 1994 non
1463 1948 1549 1996 est
1569 1940 1803 2011 genitus,

195 2043 320 2082 cum
355 2043 423 2084 eo
447 2029 539 2100 qui
566 2045 674 2086 non
702 2029 776 2084 sit
794 2029 1037 2101 genitus,
1062 2032 1224 2086 unius
1255 2041 1464 2088 natura:
1487 2041 1648 2104 atque
1677 2033 1806 2090 sub-

197 2122 419 2177 stantiae
468 2130 572 2178 est.
623 2132 647 2159 ι
696 2121 826 2178 Etsi
866 2123 989 2178 ideo
1033 2124 1231 2194 putatis
1279 2125 1500 2182 Patrem
1537 2127 1806 2196 majorem

196 2215 530 2286 essc,quia'
556 2217 775 2286 genitus
833 2232 945 2272 non
982 2227 1103 2284 est;
1146 2219 1412 2291 numquid
1461 2229 1516 2276 et
1569 2220 1810 2292 Spiritus

196 2317 426 2364 sanctus
453 2309 628 2380 major
656 2321 736 2367 est
767 2309 951 2368 Filio?

267 2403 366 2460 94.
415 2403 582 2464 Multa
622 2414 854 2476 possunt
895 2414 951 2463 et
990 2406 1281 2465 innumera
1321 2411 1573 2482 exempla
1610 2426 1812 2482 suppe-

198 2502 342 2561 tere,
378 2505 438 2551 ut
470 2495 541 2552 de
570 2511 638 2552 eo
661 2498 808 2568 quod
838 2499 1084 2570 genitum
1129 2514 1238 2556 non
1281 2502 1376 2566 sit,
1412 2500 1627 2559 dicatur
1656 2503 1812 2574 inge-

199 2589 402 2644 nitum.
445 2587 580 2644 Nam
605 2597 662 2646 et
685 2588 945 2646 mundum
979 2591 1007 2630 ιι
1037 2591 1291 2664 plerique
1342 2593 1648 2665 ingenitum
1688 2609 1812 2652 esse

195 2681 524 2749 dixerunt,
567 2690 624 2738 et
689 2686 977 2740 materiam
1036 2699 1223 2742 rerum
1290 2687 1534 2743 omnium
1570 2730 1587 2756 ,
1648 2703 1810 2760 quam

197 2774 383 2832 Graeci
417 2775 580 2849 hylen
607 2776 835 2844 dicunt,
863 2777 1022 2849 quasi
1057 2779 1248 2835 silvam
1277 2781 1641 2848 materialem,
1664 2781 1814 2854 inge-

195 2869 373 2924 nitam
407 2884 532 2926 esse
555 2879 950 2927 memorarunt.
985 2871 1187 2929 Vident
1221 2873 1385 2945 igitur
1421 2874 1477 2930 in
1509 2875 1614 2932 hoc
1640 2876 1814 2933 verbo

194 2965 626 3036 praerogativam
669 2966 961 3036 quamdam
990 2969 1280 3039 potestatis
1311 2984 1435 3026 esse
1477 2985 1586 3028 non
1629 2986 1812 3043 posse,

195 3057 301 3112 nisi
344 3056 485 3113 forte
523 3059 627 3114 hoc
663 3059 834 3116 verbo
871 3059 980 3116 sibi
1019 3060 1293 3120 honorare
1335 3063 1508 3120 Deum
1535 3064 1814 3134 videntur,

198 3165 314 3218 quo
343 3149 659 3222 philosophi
683 3152 945 3210 mundum
973 3164 1309 3226 putaverunt
1331 3172 1454 3215 esse
1479 3159 1812 3216 donandum.

193 3241 480 3315 Numquid
529 3259 660 3316 ergo
703 3247 784 3302 sic
825 3247 1102 3320 ingenitus
1130 3249 1325 3317 Pater,
1355 3251 1497 3308 sicut
1540 3252 1815 3309 mundus?
1843 3233 1888 3298 (ἶ

195 3337 383 3392 Absit.
420 3340 529 3392 Aut
552 3337 642 3394 hic
680 3339 831 3396 solus
866 3341 1040 3398 Deum
1077 3341 1237 3399 decet
1271 3358 1478 3412 sermo,
1512 3358 1636 3402 cum
1671 3346 1818 3404 Deus

193 3427 348 3484 ultra
390 3443 708 3487 sermonum
749 3433 990 3489 omnium
1031 3434 1106 3491 sit
1141 3435 1432 3494 ambitum.
1474 3435 1615 3492 Nihil
1656 3438 1820 3510 igitur

193 3521 509 3593 pretiosum
541 3524 656 3580 Deo
691 3524 749 3582 in
779 3540 847 3582 eo
880 3541 1158 3594 sermone,
1183 3528 1276 3600 qui
1310 3529 1620 3586 communis
1648 3529 1819 3602 possit

191 3632 323 3674 esse
353 3633 481 3676 cum
513 3619 754 3676 caeteris.

268 3710 368 3766 95.
400 3711 510 3768 Sed
542 3720 726 3769 tamen
750 3714 1217 3784 quemadmodum
1258 3717 1423 3773 vultis
1449 3760 1464 3784 ,
1510 3718 1820 3776 iuaastima-

194 3804 334 3862 bilis
359 3805 435 3860 sit
475 3803 638 3876 hujus
662 3808 1026 3880 praerogativa
1045 3811 1467 3882 sermonis,qute
1484 3827 1593 3868 non
1631 3822 1823 3869 aucto-

189 3898 369 3955 ritate
397 3897 579 3970 aliqua
614 3897 955 3970 designatur,
989 3901 1086 3959 sed
1124 3911 1310 3959 vestro
1339 3906 1643 3960 aestimatur
1676 3905 1822 3961 arbi-

188 3991 329 4046 trio.
361 3990 486 4058 Quo
515 3991 681 4062 igitur
712 3991 816 4049 hoc
843 3992 1083 4064 proﬁcit,
1117 4003 1178 4050 ut
1219 4011 1291 4052 ex
1327 3997 1498 4054 verbo
1523 3998 1708 4055 velitis
1743 3997 1823 4054 fa-

184 4098 324 4139 cere
385 4084 528 4140 inter
578 4083 796 4141 Patrem
849 4095 904 4141 et
963 4087 1164 4144 Filium
1216 4088 1538 4147 distantiam
1585 4102 1819 4161 naturae,

183 4174 522 4234 distantiam
565 4178 890 4248 potestatis?
920 4179 1229 4252 lngenitus,
1252 4182 1482 4255 inquit,
1520 4194 1573 4240 et
1607 4168 1825 4257 genitus

185 4286 307 4328 non
329 4278 564 4344 possunt
585 4271 748 4328 unius
769 4287 892 4330 esse
913 4281 1123 4330 naturae
1144 4285 1308 4348 atque
1331 4277 1682 4346 substantiae;
1707 4288 1820 4349 aut,

182 4367 670 4442 quemadmodum
699 4368 977 4425 interdum
1005 4370 1215 4439 dicunt,
1239 4371 1554 4445 inoperatus
1574 4384 1630 4432 et
1648 4375 1826 4434 factus

183 4481 304 4521 non
344 4474 478 4522 sunt
502 4465 662 4520 unius
689 4472 917 4521 naturae.
945 4465 1129 4538 Neque
1159 4467 1304 4524 enim
1331 4468 1718 4528 discretionem
1745 4473 1828 4528 fa-

180 4561 353 4616 ciunt
373 4562 595 4633 ingeniti
610 4561 970 4635 etjinoperati,
987 4578 1163 4635 neque
1179 4563 1488 4622 distantiam
1503 4567 1691 4623 volunt
1704 4583 1827 4625 esse

182 4653 344 4710 inter
362 4627 608 4724 genitum
627 4627 712 4711 vel
727 4627 999 4724 creatum,
1026 4627 1191 4713 modo
1212 4665 1271 4714 ut
1298 4667 1605 4716 creaturam
1625 4658 1821 4717 Filium
1849 4627 1905 4688 Β

179 4745 412 4803 dicant.
1117 4795 1126 4804 .

262 4840 368 4896 96.
401 4839 598 4897 Dicunt
615 4856 747 4914 ergo
759 4842 886 4914 quia
901 4842 1066 4901 Pater
1087 4859 1305 4900 omnem
1328 4859 1570 4915 causam,
1603 4847 1708 4904 hoc
1736 4857 1824 4906 est

183 4936 404 5002 αἰτίαν,
429 4933 571 4990 sicut
593 4934 771 4992 Grazci
794 4936 1006 5004 dicunt,
1030 4952 1445 5010 supergressus,
1473 4953 1596 4996 cum
1626 4956 1693 4997 ex
1714 4942 1822 4999 alio

181 5039 428 5086 creatus
458 5045 563 5085 non
592 5031 680 5096 sit,
711 5047 818 5086 nou
848 5033 920 5089 sit
949 5031 1129 5100 ﬁlius;
1153 5048 1280 5090 cum
1308 5035 1496 5106 utique
1516 5034 1822 5094 substantia

179 5124 285 5192 sit,
309 5140 430 5181 non
451 5125 671 5181 aliunde
688 5125 1016 5198 principium
1039 5128 1246 5185 habens
1262 5129 1349 5186 vel
1366 5144 1611 5200 causam,
1631 5147 1700 5190 ex
1715 5148 1824 5206 qua

180 5220 263 5277 sit
293 5237 308 5274 :
349 5229 412 5276 et
443 5217 590 5287 ideo,
620 5218 900 5290 inquiunt,
933 5219 1036 5277 alia
1066 5221 1190 5276 talis
1221 5221 1529 5278 substantia
1558 5239 1682 5282 esse
1715 5240 1824 5283 non

267 5393 296 5458 ξι
327 5380 782 5458 Nonnullbmss.)
814 5378 885 5436 Et
907 5383 958 5458 si
975 5383 1092 5437 ideo
1121 5392 1364 5455 putamus
1385 5393 1602 5458 patrem,
1638 5394 1744 5442 etc.

181 5527 232 5584 ﬂ
265 5453 297 5491 ιι
327 5453 563 5520 Quinam
605 5453 713 5516 hoc
735 5453 1047 5524 docuerint,
1070 5453 1372 5527 cognosces
1385 5453 1463 5515 ἐι
1494 5458 1652 5515 initio
1675 5459 1771 5516 lib.
1801 5474 1819 5514 ι

239 5539 475 5580 exaem.

239 5539 475 5580 exaem.

269 5608 297 5635 ο
338 5593 433 5668 Ex
473 5593 540 5649 iis
583 5611 704 5665 quae
754 5597 1012 5654 dicuntur
1054 5599 1158 5656 hoc
1195 5601 1319 5656 loco
1367 5601 1436 5658 de
1476 5617 1613 5659 voce
1641 5606 1818 5668 οὐσία,

175 5665 563 5727 manifestum
598 5675 696 5723 .est
744 5684 843 5723 nos
893 5669 962 5724 ab
1007 5670 1298 5728 Ambrosio
1343 5688 1454 5729 non
1499 5677 1707 5732 remitti
1753 5665 1821 5730 ad

175 5739 358 5815 aliud
392 5737 562 5815 qus,
577 5752 757 5815 quam
783 5739 850 5795 ad
883 5741 976 5815 lib.
1011 5757 1068 5815 ut
1112 5743 1183 5815 de
1210 5742 1367 5807 Fide,
1390 5759 1516 5815 cap.
1545 5747 1638 5812 t5,
1666 5763 1817 5802 num.

177 5811 331 5878 187,
371 5809 465 5864 ubi
492 5816 549 5890 et
577 5809 842 5890 Dallaeum
873 5811 945 5866 ob
974 5809 1223 5890 ejusdem
1244 5817 1397 5872 vocis
1433 5809 1821 5890 etymologiam

172 5897 322 5942 cum
363 5889 562 5937 sancto
595 5881 827 5938 Doctore
851 5884 1102 5952 asperius
1141 5885 1322 5958 egisse
1351 5881 1717 5946 ostendimus.

501 5973 788 6037 Parnm"
865 5974 1041 6038 XVI.

1909 1929 2018 1998 dis,
2045 1941 2102 1988 et
2125 1934 2259 2004 pulli
2289 1935 2692 1998 columbarum.
2719 1942 2788 1998 Et
2819 1941 2944 2001 ideo
2977 1947 3031 2002 in
3063 1929 3436 2022 appellatione
3462 1958 3527 2012 ﬁ-

1910 2025 2109 2082 liorum
2134 2043 2242 2084 non
2266 2039 2352 2087 est
2379 2035 2666 2100 expressio
2694 2037 3000 2108 signiﬁcata
3030 2052 3262 2101 naturae.
3291 2046 3363 2103 At
3390 2065 3525 2107 vero

1909 2121 1954 2176 si
1990 2130 2241 2178 naturam
2282 2124 2570 2198 designare
2595 2129 2886 2201 desidero,
2927 2145 3023 2191 aut
3062 2136 3341 2198 hominem
3384 2159 3527 2200 nun-

1910 2214 2157 2284 cupabo,
2201 2226 2295 2272 aut
2325 2232 2526 2290 equum
2557 2223 2870 2291 nominabo,
2903 2236 2996 2283 aut
3021 2243 3180 2286 avem
3218 2232 3429 2304 dicam,
3465 2244 3526 2291 ut

1911 2316 2103 2364 natura
2133 2311 2304 2381 possit
2336 2313 2589 2386 intelligi.

1983 2403 2070 2461 98.
2113 2404 2190 2462 lta
2220 2421 2354 2478 ergo
2382 2409 2427 2463 si
2452 2419 2704 2467 naturam
2730 2415 2898 2484 cupio
2923 2415 3213 2490 designare
3241 2420 3481 2480 divinam
3505 2467 3519 2493 ,

1913 2499 2086 2555 Deum
2118 2516 2307 2557 verum
2350 2501 2527 2560 debeo
2557 2507 2870 2565 nominare.
2919 2510 3055 2566 Cum
3088 2522 3272 2570 autem
3323 2515 3521 2575 Filium

1912 2593 2078 2661 dico,
2128 2606 2451 2668 generatum
2505 2599 2758 2671 signiﬁco
2801 2619 2815 2656 :
2864 2619 2989 2661 cum
3039 2607 3260 2665 Patrem
3309 2628 3530 2684 quoque

1914 2689 2061 2759 dico,
2088 2706 2385 2764 generasse
2412 2694 2660 2754 declaro.
2690 2696 2805 2754 Non
2839 2715 2972 2770 ergo
3002 2701 3131 2757 hinc
3167 2713 3377 2762 naturae
3405 2706 3524 2763 dis-

1914 2787 2220 2845 cretionem
2253 2787 2444 2856 facias,
2477 2805 2602 2845 cum
2633 2790 2705 2846 sit
2735 2792 2839 2849 hoc
2868 2795 3322 2866 signiﬁcatorium
3355 2816 3524 2872 gene-

1916 2880 2089 2935 rantis
2124 2891 2178 2936 et
2205 2883 2375 2951 geniti
2403 2900 2415 2936 :
2443 2883 2829 2955 signiﬁcatoria
2863 2898 3044 2944 autem
3087 2890 3401 2963 hujusmodi
3428 2913 3524 2953 ex-

1918 2973 2160 3042 primunt
2194 2975 2515 3032 substantia:
2540 2979 2894 3048 qualitatem;
2925 2985 3080 3039 multi
3109 2991 3279 3054 enim,
3311 2990 3524 3059 utdixi,

1917 3064 2040 3133 ﬁlii,
2059 3065 2155 3122 sed
2177 3066 2471 3124 diversitas
2495 3068 2768 3128 ﬁliorum:
2793 3073 2934 3130 alius
2959 3090 3062 3146 per
3083 3088 3360 3146 naturam,
3385 3082 3527 3139 alius

1919 3174 2018 3230 per
2039 3161 2292 3232 gratiam.
2737 3179 2747 3184 ·

1989 3255 2080 3312 99.
2123 3256 2304 3312 Multa
2332 3267 2601 3316 creatura:
2633 3261 2940 3320 invisibiles
2983 3275 3039 3322 et
3078 3269 3529 3329 visibileszinvi-

1919 3347 2134 3417 sibiles,
2179 3358 2239 3405 ut
2267 3349 2617 3423 Principatus
2643 3365 2695 3411 et
2727 3355 3063 3427 Potestates,
3097 3360 3306 3420 Throni
3338 3375 3393 3421 et
3423 3369 3530 3423 Do-

1919 3441 2252 3499 minationes
2284 3461 2296 3496 :
2326 3443 2598 3512 visibiles,
2627 3455 2686 3502 ut
2732 3449 2853 3516 sol,
2899 3450 3048 3521 luna,
3095 3455 3292 3524 stellze,
3327 3458 3525 3529 homo,

1919 3544 2088 3590 terra.
2118 3534 2262 3608 Ergo
2284 3536 2518 3595 diversae
2545 3543 2782 3611 species,
2812 3551 2868 3598 et
2893 3544 3125 3604 diversm
3148 3561 3528 3613 creaturarum

1918 3625 2245 3686 substantia:
2286 3640 2434 3687 sunt.
2484 3631 2675 3704 Itaque
2706 3635 2754 3692 si
2779 3637 2921 3694 velis
2951 3641 3346 3713 proprietatem
3373 3663 3531 3704 crea-

1920 3728 2056 3778 tura:
2104 3722 2337 3794 alicujus
2385 3727 2740 3798 exprimere,
2793 3741 2890 3786 aut
2939 3733 3113 3791 solem
3141 3779 3158 3805 ,
3200 3748 3294 3795 aut
3343 3741 3526 3800 lttnam

1923 3815 2236 3873 nominabis
2261 3859 2275 3884 ,
2305 3824 2402 3873 aut
2426 3819 2614 3876 stellas
2641 3839 2654 3876 :
2697 3830 2753 3878 et
2786 3824 2866 3880 sic
2903 3824 3229 3901 intelligitur
3255 3834 3386 3905 quid
3426 3839 3520 3905 sit,

1923 3907 2069 3978 quod
2098 3907 2514 3980 signiﬁcandum
2546 3917 2847 3983 putaveris.

1999 3999 2122 4056 l00.
2161 4000 2434 4058 Caeterum
2461 4003 2508 4072 si
2537 4005 2739 4063 tactum
2775 4007 2930 4067 dicas
2950 4021 3045 4069 aut
3069 4025 3312 4074 creatum
3335 4061 3350 4089 ,
3384 4024 3530 4092 quod

1926 4094 2199 4150 interdum
2228 4094 2428 4152 Filium
2458 4096 2679 4166 dicunt;
2712 4101 2840 4173 quia
2870 4105 3042 4161 multa
3087 4108 3229 4166 facta
3261 4120 3317 4167 et
3343 4126 3529 4172 creata

1925 4196 2085 4256 sunt,
2115 4202 2222 4243 non
2268 4190 2660 4260 proprietatem
2708 4194 3028 4253 substantiae
3073 4200 3281 4260 videris
3326 4205 3533 4278 signiti-

1927 4295 2102 4348 casse,
2128 4282 2226 4339 sed
2251 4282 2492 4356 speciem
2513 4285 2815 4356 qualitatis.
2845 4290 3008 4348 Aliud
3031 4294 3176 4350 enim
3199 4297 3533 4372 substantia,

1929 4375 2075 4432 aliud
2107 4375 2340 4448 qualitas
2367 4385 2472 4433 est.
2505 4377 2749 4450 Denique
2785 4391 2807 4420 ο
2837 4381 3079 4440 diximus
3108 4394 3164 4443 et
3192 4388 3342 4458 alibi,
3363 4396 3536 4452 οὐσίαν

1927 4472 2002 4526 ita
2045 4469 2437 4540 interpretatos
2465 4469 2691 4528 Latinos
2714 4513 2730 4540 ,
2759 4482 2820 4529 ut
2857 4475 3217 4536 substantiam
3262 4482 3532 4543 dicereut.

1930 4566 2100 4622 οὐσὶα
2120 4573 2303 4620 autem
2333 4563 2428 4620 Dei
2451 4579 2573 4621 cum
2598 4565 2967 4640 dieitur,quid
2992 4571 3139 4629 aliud
3169 4576 3536 4657 signiﬁcatur,

1930 4655 2039 4712 nisi
2084 4657 2254 4712 Deum
2302 4672 2522 4728 semper
2568 4660 2736 4715 esse?
2766 4661 2922 4727 Quod
2965 4663 3165 4721 litterae
3192 4667 3325 4739 ipsae
3356 4655 3543 4745 expri-

1930 4757 2105 4817 munt,
2132 4750 2395 4822 quoniam
2416 4750 2500 4806 vis
2527 4749 2878 4811 divina’ot'ma
2907 4758 2988 4812 ἀεὶ
3007 4797 3021 4822 ,
3052 4757 3158 4815 hoc
3183 4771 3288 4827 est,
3315 4779 3436 4820 cum
3465 4771 3539 4822 sit

1921 4860 2144 4917 semper
2165 4888 2180 4913 ,
2221 4848 2372 4903 οὖσὶα
2410 4845 2611 4902 dicitur
2638 4889 2652 4915 ,
2684 4848 2848 4904 unius
2879 4850 3081 4908 littera:
3109 4864 3319 4912 mutato
3342 4857 3538 4916 ordine

1921 4950 2148 5013 propter
2176 4955 2374 4997 sonum
2401 4949 2457 4998 et
2483 4941 2870 5012 compendium
2917 4945 3285 5021 decoremque
3324 4965 3534 5008 sermo-

1924 5037 2030 5093 nis.
2073 5035 2219 5106 Ergo
2249 5037 2400 5092 οὐσία
2423 5077 2439 5103 ,
2472 5034 2617 5106 quod
2649 5051 2870 5107 semper
2899 5037 2971 5094 sit
3000 5039 3143 5096 Deus
3166 5082 3182 5108 ,
3213 5043 3486 5112 signiﬁcat
3515 5063 3528 5097 :

1923 5131 2150 5203 ingeniti
2175 5139 2381 5198 autem,
2415 5138 2475 5186 ut
2499 5139 2557 5187 tu
2585 5132 2693 5201 vis,
2714 5133 2801 5189 vel
2827 5134 2999 5206 geniti
3027 5135 3322 5206 appellatio
3352 5136 3378 5176 ἀ
3400 5155 3537 5211 quo-

1926 5223 2091 5282 modo
2132 5223 2237 5291 sit,
2266 5221 2544 5292 declarat,
2577 5223 2683 5280 hoc
2719 5233 2836 5294 est,
2882 5225 3029 5295 quod
3068 5241 3179 5282 non
3226 5243 3294 5284 ex
3321 5230 3432 5286 alio
3461 5233 3535 5288 sit

1997 5387 2024 5425 ἀ
2063 5385 2237 5459 Edit.,
2260 5386 2388 5459 quid
2415 5386 2774 5459 sitidectarat;
2798 5400 2958 5459 mss._,
2981 5387 3243 5454 quomodo
3269 5391 3336 5445 sit
3361 5393 3535 5452 decla—

1919 5467 2001 5532 rat
2021 5500 2040 5532 ,_
2069 5458 2122 5513 id
2149 5469 2255 5523 est,
2275 5457 2398 5532 nou
2424 5458 2823 5532 substantiam,
2853 5457 2952 5513 sed
2979 5459 3198 5514 modum
3219 5461 3528 5532 signiﬁcat.

1922 5529 2137 5599 Optime
2167 5544 2334 5595 sane;
2379 5531 2484 5586 hoc
2509 5530 2656 5584 enim
2687 5530 2913 5599 petitum
2958 5537 3044 5583 est
3067 5571 3083 5594 ,
3121 5545 3187 5585 ex
3215 5529 3323 5589 illis
3348 5535 3533 5595 Basilii

1923 5600 2240 5686 verbis,lib.
2272 5616 2326 5686 tv
2353 5610 2508 5686 cont.
2537 5599 2794 5686 Eurum"
2818 5599 3069 5686 inimico
3088 5603 3282 5686 τρόπος
3323 5610 3382 5664 τὸ
3407 5612 3530 5686 avg.

1927 5693 2106 5737 νητον,
2131 5674 2351 5751 mimus:
2393 5673 2574 5732 οὐσίας
2610 5667 2785 5751 avorsa.
2833 5667 3078 5751 Adverte
3121 5667 3534 5751 autentpau'cis

1928 5752 2072 5822 post_
2093 5743 2279 5822 verbis
2310 5755 2500 5796 vocem
2545 5741 2746 5804 species
2791 5741 3032 5822 positam
3079 5758 3180 5822 pro
3220 5741 3535 5822 individuo,

1929 5809 2076 5886 quod
2105 5815 2488 5891 insolensnon
2533 5824 2656 5891 esse
2696 5809 2840 5881 apud
2888 5809 3239 5874 Ambrosium
3282 5821 3412 5880 alibi
3446 5809 3544 5882 obl

1929 5880 2205 5942 servatum
2234 5898 2266 5938 a
2287 5880 2449 5936 nobis
2479 5880 2740 5950 reperies.

2976 5978 3058 6042 27
