4014 6290
208 294 317 396 sis

827 332 918 395 DE
956 328 1489 407 iNCARNA'HONIS
1527 316 1880 389 DOMINICE
1922 323 2392 390 SACBAMENTO
2429 333 2637 394 LIBER
2675 331 2887 398 UNUS.

3409 343 3517 400 816

209 451 636 510 similitudinem
683 458 886 520 servet,
936 452 1114 524 imago
1166 452 1283 524 ejus
1324 464 1393 507 ex
1426 458 1582 522 parte
1623 449 1818 506 similis
1845 446 1898 506 Α
1921 457 2139 504 creatus
2171 448 2354 518 Pater,
2386 451 2663 511 increatus
2717 462 2773 511 et
2820 455 3025 524 Filius;
3053 458 3181 528 quia
3205 470 3312 513 non
3345 459 3523 515 minor

210 557 335 600 esse
362 560 477 600 non
528 545 720 616 possit.

285 638 412 696 110.
455 638 565 697 Sed
615 639 705 711 qui
756 638 988 695 similem
1056 638 1357 695 secundum
1405 635 1670 694 unitatem
1725 651 1820 692 na-

213 740 353 787 tura:
386 741 619 804 negant,
653 730 891 788 similem
943 731 1163 789 caeteris
1208 731 1572 789 arbitrantur.
1626 728 1823 788 Solent

213 826 361 882 enim
394 824 587 882 dicere
613 843 624 880 :
657 824 768 881 Cur
798 825 1006 895 putatis
1030 825 1155 896 quia
1185 824 1419 879 multum
1451 822 1605 879 dedit
1633 821 1820 894 Scripa

214 931 334 976 tura
368 919 537 986 Filio,
594 920 721 991 quia
773 918 1066 991 imaginem
1111 919 1291 987 dixit;
1342 933 1464 974 cum
1507 915 1645 989 ipse
1674 918 1819 974 Deus

213 996 417 1073 dixerit
476 1016 836 1071 hominibus:
869 1013 1048 1069 Estote
1095 1014 1286 1077 sancti,
1338 1013 1583 1082 quoniam
1628 1022 1677 1067 et
1725 1028 1821 1085 ego

211 1117 421 1166 sanctus
442 1126 560 1164 sum
583 1108 602 1180 (
625 1107 746 1163 Leu.
778 1123 897 1174 xIx,
923 1108 957 1161 2
979 1107 998 1178 )
1020 1107 1046 1160 ‘i
1073 1107 1143 1163 Et
1174 1106 1348 1162 Filius
1368 1106 1572 1162 dixerit
1594 1103 1822 1162 :‘Estote

213 1202 454 1275 perfecti,
484 1204 618 1258 sicut
640 1212 689 1257 et
711 1200 870 1257 Pater
890 1210 1055 1256 vester
1085 1201 1174 1272 qui
1203 1201 1257 1255 in
1278 1200 1421 1256 caelis
1440 1209 1537 1266 est,
1563 1199 1820 1271 perfectus

211 1307 289 1352 est
321 1296 341 1369 (
370 1295 556 1350 Matth.
589 1312 681 1351 xvr
703 1338 718 1362 ,
750 1295 819 1351 48
843 1293 909 1364 )i
949 1293 1059 1351 Nec
1109 1294 1423 1365 intelligunt
1470 1310 1536 1348 eo
1583 1293 1700 1365 ipso
1730 1309 1818 1348 as-

210 1391 319 1447 trui
337 1390 524 1467 .728
549 1391 675 1462 quia
699 1405 804 1447 nou
823 1390 1122 1447 secundum
1138 1400 1374 1461 partem,
1403 1388 1499 1445 sed
1516 1388 1814 1445 secundum

211 1483 611 1554 plenitudinem
643 1482 951 1540 divinitatis
979 1493 1035 1540 et
1066 1482 1461 1555 perfectionem
1493 1482 1692 1539 similis
1747 1482 1823 1539 sit

208 1575 389 1635 Filius
414 1577 585 1634 Patri.
626 1577 871 1649 Denique
925 1578 972 1633 si
1028 1575 1192 1633 multi
1239 1576 1469 1644 similes,
1520 1590 1621 1632 cur
1668 1576 1818 1632 solus

212 1669 389 1725 Filius
451 1669 633 1743 imago
670 1669 967 1727 invisibilis
1018 1669 1116 1726 Dei
1164 1668 1392 1736 dicitur,
1433 1676 1491 1725 et
1534 1668 1822 1725 character

209 1763 538 1820 substantiae
568 1764 723 1834 ejus;
758 1763 862 1819 nisi
895 1771 921 1800 ἰ
952 1762 1077 1833 quia
1109 1762 1163 1819 in
1208 1777 1277 1818 eo
1320 1771 1532 1818 natura:
1562 1760 1815 1834 ejusdem

212 1857 418 1923 unitas,
449 1863 506 1912 et
527 1855 647 1927 ejus
672 1854 974 1927 maiestatis
998 1854 1283 1925 expressio
1307 1864 1389 1910 est
1410 1854 1434 1910 ?

1918 537 2102 607 Pater,
2158 555 2268 597 non
2309 541 2491 600 minor
2520 544 2728 613 Filius;
2776 547 2900 618 quia
2940 547 3286 621 omnipotens
3336 548 3520 620 Pater,

1918 629 2266 702 omnipotens
2294 631 2489 692 Filius.

1995 726 2118 783 H3.
2145 727 2360 787 Dictum
2386 739 2473 788 est
2496 731 2678 804 igitur,
2706 732 2919 792 etiamsi
2944 745 3213 809 usurpent
3237 738 3382 811 quod
3411 754 3521 796 non

1919 820 2130 893 legunt,
2163 832 2221 879 ut
2247 824 2549 897 ingenitum
2581 828 2799 897 dicant;
2830 846 2898 888 eo
2939 832 3108 889 verbo
3153 842 3335 891 tamen
3388 835 3523 892 nihil

1920 914 2172 984 impediri
2203 918 2497 989 quominus
2545 923 2709 979 unius
2754 934 2963 982 natura:
3010 936 3174 999 atque
3202 929 3525 987 substantia:

1919 1008 2197 1066 Christum
2225 1027 2351 1069 cum
2382 1015 2543 1071 Patre
2573 1031 2697 1073 esse
2724 1019 3028 1077 credamus.
3061 1021 3218 1092 Quod
3271 1024 3317 1080 si
3357 1024 3521 1081 unius

1923 1112 2150 1173 natum,
2205 1107 2389 1179 utique
2416 1110 2578 1166 unius
2622 1113 2899 1180 potentia.

1995 1197 2119 1254 114.
2170 1200 2273 1270 Qui
2325 1200 2546 1273 quidem
2594 1205 2746 1264 locus
2785 1205 2935 1264 haud
2986 1208 3266 1267 difﬁcilior
3316 1218 3401 1268 est
3446 1211 3515 1270 ad

1919 1291 2222 1351 refellenda
2253 1298 2430 1353 studia
2459 1299 2816 1370 perﬁdorum.
2843 1300 3129 1369 Quomodo
3152 1303 3296 1359 enim
3325 1313 3525 1377 negant

1921 1388 2355 1459 omnipotentem
2393 1389 2699 1463 Christum,
2760 1396 2907 1465 quod
2957 1396 3221 1467 scriptum
3271 1407 3382 1464 est,
3434 1400 3529 1471 qui

1920 1481 2117 1536 volunt
2140 1498 2427 1555 usurpare,
2450 1486 2598 1557 quod
2624 1502 2735 1543 non
2761 1488 2964 1545 docent
2991 1491 3258 1562 scriptum
3281 1491 3305 1545 i
3330 1494 3522 1549 Omni-

1920 1583 2201 1646 potentetn
2227 1579 2431 1634 etenim
2451 1578 2732 1637 Christum
2760 1597 2924 1653 supra
2951 1582 3245 1640 docuimus
3288 1585 3312 1657 (
3335 1585 3451 1640 Lib.
3486 1604 3523 1643 ιι

1921 1669 1986 1723 de
2031 1668 2167 1725 Fide
2204 1688 2253 1726 c.
2277 1672 2314 1728 3
2338 1671 2382 1744 ),
2435 1682 2492 1730 et
2540 1675 2596 1731 in
2635 1674 2867 1735 Joannis
2920 1677 3276 1749 evangelista
3300 1680 3519 1753 Apoca-

1922 1762 2090 1834 lypsi,
2127 1776 2149 1804 ε
2195 1765 2337 1822 etin
2366 1766 2646 1826 Zacharia
2688 1770 3001 1843 prophetia,
3028 1781 3089 1829 et
3132 1772 3188 1828 in
3220 1772 3523 1847 Evangelia

1921 1858 2312 1930 signiﬁcatum.
2342 1862 2477 1932 Qum
2512 1862 2559 1920 si
2589 1866 2718 1936 quis
2760 1867 3102 1924 rese-senda
3148 1874 3329 1940 putat,
3360 1883 3526 1942 supec

290 1952 416 2009 111.
471 1951 498 1990 ιι
528 1951 650 2008 Alia
693 1953 842 2008 enim
893 1950 1197 2010 secundum
1260 1949 1624 2007 imitationem
1665 1948 1816 2006 simi-
1850 1953 2071 2017 Briora
2120 1956 2370 2013 revolvat
2419 1965 2477 2014 et
2497 1968 2732 2031 repetat.

211 2046 414 2116 iitudo,
445 2046 556 2102 alia
579 2045 881 2104 secundum
908 2054 1160 2102 naturam
1188 2062 1201 2100 :
1232 2045 1377 2117 quod
1410 2045 1817 2117 propositorum

215 2140 600 2212 exemplorum
676 2139 840 2197 eti-tm
901 2139 1068 2196 verba
1120 2138 1410 2206 indicant;
1467 2138 1604 2195 dicit
1674 2138 1818 2194 enim

217 2232 508 2306 Scriptura
531 2250 544 2287 :
567 2232 745 2289 Estote
764 2233 962 2300 sancti;
983 2241 1044 2288 ut
1064 2231 1117 2289 id
1143 2230 1275 2287 iiqu
1303 2246 1403 2303 per
1430 2231 1816 2287 imitationem.

216 2324 555 2382 Hominibus
582 2341 713 2398 ergo
745 2325 989 2381 dicitur:
1023 2324 1220 2392 Estote,
1248 2324 1375 2395 quia
1404 2339 1511 2381 nou
1542 2333 1675 2379 sunt
1704 2342 1717 2376 :
1749 2323 1819 2379 de

218 2434 283 2475 se
330 2429 514 2475 autem
565 2417 699 2475 dicit
746 2417 922 2485 Deus,
973 2418 1094 2490 quia
1129 2427 1340 2474 sanctus
1375 2433 1531 2484 sunt;
1560 2431 1667 2473 non
1718 2416 1823 2472 uti-

219 2526 332 2583 que
399 2510 725 2583 proliciente
775 2525 1076 2583 processu,
1141 2510 1239 2567 sed
1288 2520 1544 2566 manente
1602 2519 1818 2566 natura.

223 2605 435 2662 Deinde
484 2604 562 2661 ait
612 2604 891 2677 Sapientia
949 2622 964 2659 :
1020 2601 1202 2659 Estote
1259 2602 1514 2674 perfecti;
1578 2610 1639 2657 ut
1687 2602 1822 2657 inci-

220 2700 382 2772 piant
410 2698 638 2767 habere,
686 2696 833 2768 quod
883 2710 992 2752 non
1041 2695 1264 2753 habent.
1312 2696 1387 2752 De
1429 2693 1595 2752 Patre
1642 2704 1823 2750 autem

221 2794 404 2850 dicit:
438 2792 591 2849 Sicut
622 2790 782 2863 Pater
806 2799 994 2857 vester,
1017 2790 1106 2861 qui
1138 2791 1193 2845 in
1241 2789 1383 2844 coriis
1428 2797 1520 2854 est,
1569 2788 1827 2859 perfectus

221 2896 319 2943 est.
355 2884 455 2942 Est
483 2900 615 2957 ergo
655 2882 931 2957 perfectus
959 2882 1143 2949 Pater,
1174 2882 1266 2955 qui
1306 2897 1522 2952 semper
1560 2891 1667 2938 est.
1698 2880 1826 2938 ideo

221 2979 347 3052 ejus
376 2980 463 3038 vel
495 2982 645 3038 οὐσία
674 2979 889 3044 Graece,
915 2977 1061 3050 quod
1089 2976 1162 3033 sit
1208 2991 1462 3047 semper;
1492 2975 1578 3032 vel
1605 2974 1821 3043 Latine,

221 3072 373 3144 quod
406 3072 461 3128 in
489 3088 590 3130 suo
611 3082 855 3137 maneat,
890 3085 993 3127 nec
1041 3085 1147 3142 ope
1175 3069 1440 3126 subsistat
1482 3068 1687 3135 aliena,
1727 3082 1827 3139 apo

221 3166 470 3239 pellatur
499 3166 827 3222 substantia.

298 3260 427 3317 112.
482 3260 718 3317 Sanctus
764 3272 896 3329 ergo
946 3255 1145 3324 Pater,
1200 3265 1257 3313 et
1310 3255 1587 3325 perfectus
1638 3255 1825 3321 Pater,

1995 2048 2144 2107 iiii.
2180 2050 2386 2108 Tamen
2411 2054 2555 2124 quod
2596 2054 2674 2112 ibi
2704 2066 2930 2129 propter
2952 2061 3364 2131 congestionem
3402 2070 3519 2118 tes-

1924 2139 2279 2199 timoninrnm
2328 2160 2473 2216 pene
2514 2148 2771 2218 praeterii,
2822 2150 3010 2207 dicant
3064 2152 3136 2209 de
3178 2168 3292 2226 que
3329 2164 3520 2223 putent

1920 2230 2153 2301 dictum,
2180 2236 2327 2306 quod
2361 2239 2527 2294 Amos
2557 2240 2900 2313 prophetarit
2925 2260 2940 2310 ;
2970 2244 3054 2300 sic
3076 2245 3222 2301 enim
3247 2245 3519 2318 scriptum

1922 2338 2011 2387 est
2036 2347 2050 2384 :
2082 2330 2339 2388 Dominus
2358 2333 2448 2403 qui
2472 2335 2642 2406 attigit
2682 2344 2896 2402 terram,
2919 2336 3086 2413 ⁷29
3111 2349 3160 2395 et
3198 2349 3363 2395 movet
3384 2357 3523 2405 eum,
3628 2326 3633 2331 ’

1923 2432 1976 2478 et
1998 2423 2245 2494 iugcbunt
2272 2441 2449 2482 annm
2475 2439 2852 2485 commoratum
2903 2431 2959 2485 in
3006 2449 3086 2486 ea.
3134 2432 3250 2488 Ει*
3281 2440 3521 2490 ascendet

1923 2518 2059 2572 sicut
2083 2519 2278 2588 ﬁumen
2304 2518 2550 2593 κεραμί,
2583 2520 2706 2593 quia
2751 2522 2987 2593 mdiﬁcat
3026 2542 3188 2597 super
3230 2531 3412 2583 minus
3442 2546 3525 2584 us-

1920 2611 2217 2666 censioncm
2237 2628 2408 2679 mm,
2436 2625 2485 2668 et
2512 2615 2962 2686 reprouuissionem
2985 2635 3134 2673 suum
3159 2636 3317 2691 super
3340 2630 3531 2677 terram

1926 2707 2204 2777 conﬁrmat
2227 2722 2246 2761 :
2284 2708 2372 2778 qui
2412 2708 2634 2789 aduocat
2670 2724 2859 2779 nquam
2883 2712 3070 2778 maris,
3099 2722 3147 2766 ct
3166 2710 3391 2780 claudit
3419 2731 3533 2769 eam

1924 2815 2083 2870 super
2104 2801 2291 2872 faciem
2318 2812 2489 2869 terra,
2515 2800 2769 2878 Derpinus
2789 2805 3116 2875 curuipotcns
3146 2822 3334 2862 nomen
3362 2817 3439 2863 est
3459 2808 3528 2866 ei.

1928 2891 2122 2950 Nonne
2148 2894 2267 2953 inec
2279 2895 2463 2951 omnia
2482 2896 2534 2950 in
2552 2895 2751 2953 Filium
2767 2897 3402 2970 inteﬂigunteonvenire,
3438 2903 3530 2972 qui

1926 2997 2132 3045 terram
2158 2989 2502 3047 descendens
2523 2992 2721 3063 tetigit,
2748 2992 2800 3047 in
2830 2993 3088 3063 passione
3111 2996 3434 3064 commovit,
3464 2997 3537 3054 de

1926 3084 2095 3140 terris
2123 3086 2371 3142 ascendit
2398 3087 2452 3141 in
2480 3086 2703 3154 ctutum,
2730 3095 2789 3142 et
2810 3102 2980 3159 super
3009 3099 3210 3145 terram
3249 3088 3540 3148 descendit

1928 3190 1959 3231 e
1984 3176 2147 3240 casto,
2178 3178 2319 3233 sicut
2340 3179 2457 3249 ipse
2487 3180 2859 3248 promiserat?

2001 3269 2127 3325 116.
2160 3269 2267 3326 Sed
2285 3270 2412 3342 quid
2438 3270 2504 3326 de
2528 3270 2671 3327 Filio
2694 3271 2907 3341 laboro,
2928 3287 3054 3329 cum
3076 3274 3242 3330 etiam
3261 3274 3526 3347 Spiritum

220 3362 451 3409 sanctus
479 3351 644 3409 etiam
683 3358 739 3407 et
778 3349 1056 3422 perlectus
1084 3346 1277 3413 Filius,
1311 3348 1467 3420 quasi
1497 3346 1679 3419 imago
1706 3346 1824 3402 Dei.
1856 3347 1903 3410 C.
1932 3363 2369 3433 mammam“
2419 3365 2698 3435 smmum
2758 3373 2991 3421 κειοηη.
3024 3367 3050 3421 ς
3122 3346 3401 3441 scripula
3447 3381 3533 3428 es,

218 3449 408 3519 imago
436 3456 617 3504 autem
642 3446 764 3513 Dei,
797 3446 924 3517 quia
956 3442 1141 3500 omnia
1173 3460 1296 3514 qua:
1327 3450 1457 3498 sunt
1482 3443 1603 3508 Dei,
1637 3441 1833 3498 viden-

220 3551 314 3599 tur
339 3544 394 3599 in
421 3542 583 3607 Filio,
618 3541 669 3597 id
696 3551 803 3608 est,
827 3540 1153 3611 sempiterna
1180 3539 1461 3605 divinitas,
1484 3538 1833 3608 omnipoten—

216 3638 295 3695 tia
327 3647 495 3709 atque
522 3636 803 3709 majestas.
834 3634 984 3692 Talis
1022 3649 1155 3705 ergo
1189 3633 1366 3706 qualis
1400 3640 1489 3690 est
1516 3633 1660 3689 Deus
1690 3676 1706 3701 ,
1733 3648 1831 3689 sua

214 3733 444 3790 videtur
470 3733 524 3790 in
576 3733 834 3804 imagine.
862 3730 1018 3789 Unde
1045 3740 1266 3801 oportet
1298 3738 1358 3787 ut
1389 3730 1684 3802 imaginem
1713 3729 1834 3800 ejus

211 3826 388 3883 talem
419 3826 636 3892 credas,
663 3824 842 3897 qualis
871 3834 957 3881 est
1016 3824 1181 3880 Deus.
1215 3822 1350 3879 Nam
1390 3823 1442 3878 si
1473 3821 1696 3893 imagini
1734 3820 1831 3878 de-

213 3919 435 3987 trahas,
470 3928 524 3977 et
574 3918 760 3990 utique
800 3916 883 3985 ei,
934 3919 1092 3989 cujus
1147 3918 1325 3989 imago
1385 3927 1506 3985 est,
1555 3916 1829 3973 videbitur

210 4028 345 4073 esse
375 4012 687 4069 detractum
722 4028 736 4066 :
786 4010 831 4066 si
862 4010 1130 4067 minorem
1164 4009 1455 4079 imaginem
1477 4007 1672 4065 crcdas
1695 4009 1830 4076 ,mi-

209 4121 323 4164 nor
368 4106 513 4163 Deus
536 4104 823 4178 apparebit
864 4103 920 4160 in
945 4103 1203 4174 imagine.
1228 4101 1454 4171 Qualem
1486 4103 1633 4159 enim
1679 4102 1829 4159 testi-

210 4199 465 4263 maveris
506 4200 825 4272 imaginem,
858 4197 982 4255 talis
1030 4197 1127 4252 tibi
1156 4196 1428 4254 videbitur
1458 4197 1528 4265 is,
1561 4196 1718 4266 cujus
1747 4196 1829 4252 in-

208 4295 460 4355 visibilis
501 4305 588 4354 est
614 4295 816 4367 imago.
847 4293 995 4350 Dixit
1016 4292 1193 4365 imago
1218 4310 1231 4347 :
1256 4292 1361 4360 Qui
1387 4307 1469 4348 me
1505 4292 1663 4359 uidet,
1692 4286 1826 4349 uidet

210 4401 265 4451 et
305 4391 527 4448 Patrem
563 4387 765 4464 (Joan.
792 4405 907 4456 xlv,
935 4389 1034 4461 9).
1068 4388 1141 4446 Et
1180 4390 1402 4462 qualem
1456 4388 1841 4447 aestimaveris‘

207 4501 376 4555 eum,
404 4484 560 4557 cujus
593 4484 887 4557 imaginem
917 4496 1039 4539 esse
1064 4482 1262 4540 Filium
1292 4482 1518 4552 credis;
1567 4484 1688 4541 talis
1721 4484 1819 4541 tibi

205 4576 538 4636 necessario
585 4572 759 4633 Filius
805 4573 1162 4632 aestimandus
1210 4583 1314 4633 est.
1380 4573 1544 4633 Unde
1583 4575 1709 4649 quia
1738 4576 1819 4634 iu-

1934 3458 2081 3514 enim
2111 3476 2127 3514 ι
2154 3458 2324 3532 730
2360 3456 2521 3514 Verbo
2550 3457 2763 3514 Domini
2788 3461 2905 3516 ccli
2932 3460 3126 3532 ﬁrmati
3160 3472 3298 3530 sunt,
3333 3474 3381 3519 et
3404 3464 3529 3536 Spi-

1933 3557 2040 3611 ritu
2063 3555 2169 3611 oris
2194 3557 2306 3621 ejus
2332 3555 2501 3610 «nnis
2524 3555 2684 3611 uirtus
2708 3570 2885 3609 eorum
2910 3557 2929 3627 (
2957 3555 3104 3612 Paul.
3136 3572 3306 3629 xsxn,
3334 3559 3370 3617 σ
3392 3560 3432 3632 ).
3464 3560 3532 3618 Et

1935 3648 2007 3705 de
2032 3648 2316 3718 Sapientia
2347 3648 2611 3720 scriptun:
2634 3655 2720 3704 est
2736 3650 2865 3719 quia
2893 3648 3087 3706 habent
3113 3651 3166 3706 in
3197 3666 3258 3708 se
3280 3654 3530 3725 omnipo-

1938 3753 2150 3800 tentem
2175 3743 2475 3813 Spiritum;
2514 3743 2646 3798 dicit
2698 3744 2845 3798 enim
2875 3743 3178 3800 Salomon:
3232 3747 3369 3814 Quia
3421 3765 3533 3803 om-

1930 3840 2078 3894 nium
2099 3839 2294 3911 artifex
2318 3838 2595 3892 densitate
2620 3837 2935 3909 Sapientia(
2961 3838 3090 3911 Sulp.
3127 3853 3217 3901 vit,
3252 3841 3320 3896 12
3348 3842 3391 3910 ).
3432 3841 3530 3899 Est

1928 3930 2076 3989 enim
2121 3932 2179 3987 in
2228 3946 2293 3987 es
2333 3929 2571 4000 Spiritus
2608 3931 3000 4001 intelligentiae,
3030 3940 3274 3999 sanctus,
3309 3936 3523 4004 unicus,

1930 4019 2291 4096 multiplex,"
2313 4024 2550 4094 subtilis,
2586 4023 2724 4079 bene
2751 4023 2995 4093 mobilis,
3026 4023 3265 4082 disertus
3287 4068 3302 4094 ,
3340 4028 3533 4085 imma-

1927 4117 2167 4184 culatus,
2224 4116 2571 4183 manifestus,
2628 4117 2979 4185 inviolabilis,
3039 4117 3261 4174 bonum
3318 4132 3530 4189 amans,

1929 4218 2145 4274 acutus,
2175 4209 2493 4281 providens.
2529 4209 2828 4280 mibiiis,
2880 4210 3193 4279 amittens,
3236 4211 3527 4287 benignus,

1928 4302 2165 4371 stabilis,
2190 4304 2425 4374 integer,
2449 4302 2570 4359 sine
2597 4300 2968 4360 sollicitudine
2988 4344 3003 4371 ,
3052 4305 3143 4376 qui
3194 4308 3381 4363 omnia
3412 4291 3518 4379 'po-

1928 4404 2061 4462 teat.
2090 4397 2274 4453 omnia
2320 4405 2597 4467 spectans,
2626 4403 2682 4453 et
2716 4410 2817 4468 per
2857 4397 3043 4454 usunia
3074 4409 3369 4470 penetrans
3413 4403 3527 4476 api-

1912 4490 2132 4548 rituum
2187 4487 2632 4561 intelligibilium.

282 4749 314 4780 ι
344 4739 480 4796 Iiss.
512 4746 647 4815 tres,
678 4737 741 4815 in
763 4751 822 4792 eo
845 4746 1035 4815 natura
1074 4736 1564 4815 ejusdemunitatis,
1596 4750 1648 4815 et
1677 4741 1819 4812 ejus-
1842 4752 1896 4813 ι)
1923 4739 2135 4815 sionem
2181 4739 2508 4815 Arianorum
2546 4739 2608 4815 in_
2633 4734 2818 4815 plures
2842 4739 3014 4815 tjvos,
3059 4739 3202 4815 illam
3237 4740 3350 4814 jam
3404 4760 3528 4815 per.

198 4816 356 4878 dera.
388 4823 495 4867 etc.
522 4828 538 4877 ;
561 4811 691 4879 duo,
724 4810 780 4863 in
807 4810 919 4881 ejus
958 4818 1148 4881 natura
1174 4809 1408 4878 ejusdem
1435 4810 1672 4877 unitatis,
1699 4809 1814 4867 etc.

199 4884 435 4943 Reliqui
465 4898 595 4939 vero
623 4895 678 4938 et
707 4879 898 4937 munus
927 4879 1059 4937 edit.
1087 4889 1145 4934 ut
1179 4896 1280 4935 nos
1317 4882 1368 4935 in
1402 4888 1574 4939 textu.

276 4901 332 4942 :n
384 4902 435 4939 ιιι
465 4901 595 4939 vero
623 4901 678 4938 et
707 4901 898 4937 onincs
927 4901 1059 4937 eun.
1087 4901 1145 4934 υι
1179 4901 1280 4935 nos
1317 4901 1368 4935 Ili
1403 4901 1574 4939 textu.

276 4956 310 4997 1)
340 4901 628 5011 ἳίωίιιθιηιε
676 4952 974 5024 disputavit
1027 4950 1353 5024 Ambrosius
1409 4963 1600 5007 contra
1648 4968 1816 5021 puros

197 5044 268 5085 ac
296 5028 513 5099 rigidos
539 5022 790 5099 Arianos,
817 5025 1009 5093 quales
1029 5031 1190 5079 erant
1211 5022 1445 5099 Aetiani,
1470 5024 1813 5099 Eunomiani,

197 5110 261 5157 et
295 5095 579 5157 suam.
599 5111 737 5167 quos
767 5110 960 5167 attines
982 5095 1259 5150 communi
1293 5098 1513 5151 nomine
1539 5095 1817 5163 Trnglltas

195 5187 306 5229 seu
341 5169 728 5241 Troglodytas.
774 5166 920 5236 quod
971 5168 1024 5222 in
1079 5166 1357 5241 speluncis
1404 5179 1710 5241 conventus
1750 5183 1817 5241 ac

194 5238 606 5302 svnaxes'suas
631 5238 912 5302 haberent,
944 5239 1129 5294 vocari
1168 5242 1360 5293 solitos
1390 5254 1454 5293 ex
1485 5238 1817 5294 Theodoreti

193 5308 301 5373 lib.
364 5330 417 5368 ιν
468 5312 669 5368 Ιιίιξτιιι.
722 5308 910 5365 Fabnl.
967 5324 1088 5375 cap.
1132 5308 1172 5364 ὃ
1236 5308 1588 5380 intelligimus
1639 5332 1653 5364 :
1700 5309 1809 5378 jam

190 5402 342 5443 vero
374 5386 443 5440 ad
491 5384 838 5439 reuiuissiores
867 5381 1097 5445 accedit,
1132 5394 1228 5435 eos
1259 5383 1515 5436 nimirum
1563 5398 1590 5435 a
1615 5383 1814 5453 quibus

190 5460 383 5518 dictio
399 5457 698 5531 ὁμοὺσὶος,
722 5456 924 5531 quain
950 5453 1168 5531 llic-run
1192 5453 1405 5531 synodo
1431 5454 1675 5531 instituta
1699 5462 1812 5531 est,

188 5524 571 5599 rejicieliatur
590 5535 696 5600 ;__ut
720 5525 768 5579 ei
793 5524 1319 5600 antistitttereturvox
1350 5525 1662 5600 ὁμοιοήσιος.
1699 5524 1810 5600 iios

188 5594 578 5676 Epiphanius,
604 5597 811 5676 Haeres:
855 5594 947 5663 73,
978 5595 1349 5676 Setitia_ijztnos
1378 5594 1651 5676 appellat,
1671 5597 1813 5676 sicut

185 5666 264 5735 α’
283 5666 637 5744 Ᾰυευειὶπιιθ
663 5668 734 5725 de
763 5666 966 5724 lieres.
989 5681 1111 5738 cap.
1137 5668 1226 5725 58.
1246 5670 1406 5738 Quod
1430 5666 1560 5726 vero
1585 5669 1653 5726 ad
1671 5667 1809 5725 divi-

1924 4813 2221 4867 strinxerst
2242 4812 2568 4866 Ambrosius
2592 4810 2687 4866 lib.
2718 4826 2736 4865 ι
2760 4811 2829 4867 de
2852 4811 2987 4867 Fide
3014 4825 3133 4881 esp.
3158 4813 3215 4879 6,
3239 4810 3518 4873 numf45.

1999 4895 2020 4922 ε
2053 4883 2181 4938 Mss.
2229 4882 2455 4951 aliquot,
2498 4882 2648 4953 etiis:
2692 4882 2953 4937 lacuaria
2984 4886 3256 4953 prapheta.

1989 4953 2015 4991 ά
2049 4956 2207 5010 llmu.
2225 4953 2358 5008 cdit.
2387 4954 2524 5026 sola.
2552 4952 2872 5026 Etascendet
2894 4957 3028 5009 sicut
3060 4952 3258 5026 ﬂumen
3279 4972 3526 5011 consum-

1921 5028 2077 5109 muti?
2106 5028 2247 5109 ejus,
2269 5033 2316 5078 et
2364 5025 2638 5081 descendet
2693 5027 2824 5081 sicut
2871 5022 3074 5100 ﬂumen
3107 5022 3348 5100 Egypti.
3386 5027 3523 5096 Quia

1919 5097 2357 5251 ωάέιῗῗεξῖἷέὲἶι.
2388 5179 2452 5251 ne
2482 5182 2613 5223 mss.
2661 5168 3277 5251 non_punci,nsubtiiis,
3337 5168 3520 5251 bonus,

1918 5239 2124 5296 mobilis
2147 5257 2165 5306 ,'
2191 5239 2350 5295 Rom.
2376 5249 2433 5294 et
2462 5256 2590 5295 mss.
2622 5238 2833 5307 caeteri,
2861 5240 3086 5297 subtilis.
3119 5238 3245 5292 bene
3295 5240 3518 5296 mobilis.

1920 5313 2129 5368 Rursus
2172 5327 2307 5367 vero
2359 5312 2450 5367 ubi
2486 5324 2678 5367 omnes
2727 5313 2862 5369 edit.
2911 5320 2960 5364 ut
3019 5324 3148 5364 mss.
3191 5310 3350 5380 longe
3402 5311 3521 5380 pitt-

1920 5325 2129 5368 uursus
2172 5327 2307 5367 vero
2359 5325 2450 5367 unt
2486 5325 2678 5367 onmes
2727 5325 2862 5369 ead.
2911 5325 2960 5364 ut
3019 5325 3148 5364 mss.
3192 5325 3350 5431 longe
3402 5325 3519 5380 ptu-

1917 5386 2066 5451 rimi,
2114 5396 2319 5445 acutus,
2370 5383 2676 5456 providens,
2750 5380 3519 5456 possibitis_;-nnnnnl_imss”

1917 5469 2101 5532 acutus
2129 5456 2483 5532 imperabitis.
2510 5451 2760 5532 Denique
2792 5468 2889 5532 pro
2912 5493 2927 5517 ,
3284 5452 3519 5509 nivisibi-

1918 5527 2068 5595 lt'um,
2119 5524 2260 5598 quod
2292 5538 2379 5584 est
2424 5526 2483 5581 ist
2516 5524 2749 5598 cunctis
2792 5524 2930 5598 edit2
2970 5524 3518 5598 etqugyipmero

1916 5590 2075 5670 mss.,
2099 5590 2297 5673 legitur
2332 5603 2382 5655 in
2416 5593 2766 5668 quibusdam,
2799 5592 3017 5664 spiritus
3045 5590 3399 5651 itwisibiiiuns.

1552 5861 2168 5913 ω
