4014 6290
396 250 401 253 Δ
497 299 601 357 8-H

558 431 3590 465 *α’-...ΨΜ

1585 285 1828 347 SANCTl
1866 285 2191 347 AMBROSII
2226 285 2734 350 FRAGMENTUI.
3659 298 3749 357 8l8

3612 443 3727 459 --

1254 534 2107 631 FRAGMENTUM
2184 538 3060 630 AMBROSIANUM

1143 706 1301 779 EX
1377 701 2258 775 THEODORETO
2333 702 3108 783 DESUMPTUM
3140 765 3163 809 ,

1610 858 2137 923 POLYMORPHI
2180 859 2545 927 DIALOGO
2586 865 2670 928 Il.

1920 1016 2323 1034 ψ

488 1166 589 1217 Τοῦ
618 1158 764 1233 ἁγίου
807 1151 1111 1230 ’Λμϐροσίου
1133 1148 1417 1207 ἱπισκόπου
1447 1143 1750 1205 Μιδιολάνου
1781 1144 1832 1198 ἰν
1858 1138 2080 1197 Ἐκθίσει

2259 1138 2423 1219 730
2446 1147 2635 1207 Sancti
2656 1153 2914 1212 Ambrosii
2950 1158 3181 1231 episcopi
3221 1159 3619 1222 Mediolaneusis
3652 1167 3701 1222 in

1161 1244 1408 1303 πίστεωςο

562 1386 931 1461 Ὀμολογοῦμεν
968 1383 1054 1439 τὸν
1076 1381 1258 1459 Κύριον
1305 1381 1446 1453 ἡμῶν
1492 1379 1693 1437 Ἰησοῦν
1732 1373 1956 1477 ξριστὸν
1999 1372 2085 1477 τὸν

489 1476 601 1532 Ϊίὸν
621 1478 717 1531 τοῦ
748 1478 901 1539 Θεοῦ,
918 1471 1005 1526 τὸν
1043 1476 1285 1542 μονογενῆ
1305 1507 1321 1533 ,
1351 1467 1453 1543 πρὸ
1477 1467 1682 1521 πάντων
1720 1464 1810 1535 μέν
1832 1468 1934 1518 τῶν
1960 1461 2086 1515 αίώ·

486 1588 583 1622 νων
611 1566 860 1642 ἀνάρχως
888 1565 943 1618 ἐκ
990 1561 1185 1637 Ιιατρὸς
1212 1560 1512 1633 γεννηθέντα
1546 1558 1679 1613 κατά
1702 1560 1795 1615 τήν
1816 1554 2033 1613 θεὸτητα
2068 1570 2081 1605 :

486 1658 569 1714 ἄπ’
581 1658 826 1729 ἐσχάτων
848 1652 902 1710 δέ
928 1661 1029 1710 τῶν
1048 1654 1247 1730 ἡμερῶν
1269 1654 1325 1707 ix
1341 1660 1433 1713 τῆς
1455 1650 1605 1724 ἁγίας
1621 1649 1872 1727 παρθένου
1886 1650 2085 1721 Μαρίας

485 1753 573 1808 τὸν
595 1748 751 1807 αὐτὸν
779 1747 1124 1826 σαρκωθέντα,
1152 1747 1243 1801 καὶ
1269 1744 1457 1800 τέλειον
1494 1744 1582 1799 τὸν
1622 1740 1890 1817 ἄνθρωπον
1911 1741 1967 1795 ἐκ
1984 1738 2088 1811 ψυ-

484 1851 588 1917 χῆς
613 1844 818 1917 λογικῆς
843 1843 929 1896 καί
953 1841 1194 1911 σώματος
1222 1835 1543 1911 ἀνειληφότα,
1589 1835 1857 1909 ὸμοούσιον
1882 1840 1956 1904 τῷ
1985 1842 2087 1888 Πα-

483 1940 566 2014 τρί
593 1937 723 1992 κατὰ
744 1939 835 1995 τήν
856 1933 1089 1999 θεὸτητα,
1126 1934 1215 1987 καί
1244 1929 1517 2003 ὸμοούσιον
1554 1931 1678 2001 ἡμῖν
1720 1928 1851 1983 κατά
1870 1931 1962 1986 τήν
1994 1926 2084 1980 άν-

477 2028 799 2109 θρωπότητα.
839 2029 939 2084 Δὺο
981 2029 1084 2102 γὰρ
1112 2027 1315 2100 φύσεων
1357 2025 1559 2082 τελείων
1603 2025 1783 2085 ἓνωσις
1822 2023 2084 2098 γεγένηται

479 2125 776 2201 ἀφράστως.
821 2122 907 2177 Διὸ
952 2121 1041 2176 ἕνα
1084 2119 1325 2196 Χριστὸν,
1374 2118 1461 2174 ἕνα
1483 2118 1602 2173 Υίὸν
1627 2118 1717 2173 τὸν
1741 2118 1920 2193 κὺριον
1963 2118 2086 2188 ἡμῖν

482 2218 679 2278 Ἰησοῦν
700 2218 925 2292 Χριστὸν
942 2258 956 2280 ,
986 2216 1072 2272 τὸν
1089 2215 1205 2270 Υίὸν
1233 2219 1326 2270 τοῦ
1354 2219 1485 2269 Θεοῦ
1518 2213 1954 2286 καθομολογοῦμεν
1971 2252 1986 2274 ,
2015 2213 2086 2266 εί-

483 2311 629 2373 ὂὸτες
653 2309 734 2367 ὅτι
759 2330 856 2386 περ
886 2306 1142 2370 συναΐδιος
1168 2308 1429 2385 ὑπάρχων
1460 2316 1534 2381 τῷ
1558 2307 1749 2363 ἑαυτοῦ
1769 2309 1929 2382 Πατρί
1949 2306 2085 2362 κατά

483 2410 572 2466 τήν
608 2406 821 2465 θεὸτητα
839 2445 853 2469 ,
884 2404 993 2460 καθ’
1020 2404 1079 2463 ἣν
1105 2406 1191 2459 καί
1223 2405 1426 2459 πάντων
1468 2402 1704 2479 ὑπάρχει
1727 2400 2038 2479 δημιουργὸς
2063 2439 2081 2467 ,

2728 1248 3076 1322 Expositione
3102 1255 3253 1325 ﬁdei.

2260 1378 2597 1441 Conﬁtemur
2645 1386 2936 1447 Dominum
2963 1400 3210 1451 nostrum
3256 1395 3445 1455 Jesum
3490 1397 3763 1467 Christum.

2187 1469 2386 1531 Filium
2444 1476 2557 1535 Dei
2591 1481 2953 1552 unigenitum,
3009 1497 3139 1545 ante
3185 1492 3366 1547 omnia
3425 1494 3619 1551 saecula
3662 1497 3767 1554 sine

2189 1570 2459 1643 principio
2505 1590 2572 1631 ex
2601 1574 2767 1635 Patre
2792 1581 3035 1651 genitum
3066 1585 3367 1644 secundum
3412 1588 3767 1648 divinitatem:

2189 1663 2241 1718 in
2287 1665 2606 1725 novissimis
2659 1686 2793 1728 vero
2819 1673 3013 1733 diebus
3039 1692 3109 1734 ex
3137 1689 3339 1738 sancta
3387 1682 3596 1754 virgine
3621 1683 3771 1742 laris

2188 1759 2442 1817 eumdem
2477 1761 2818 1823 incarnatum
2846 1763 2992 1838 esse,
3044 1775 3459 1847 perfectumque
3515 1777 3773 1837 hominem

2186 1865 2253 1907 ex
2297 1854 2480 1911 anima
2526 1858 2779 1916 rationali
2845 1871 2902 1918 et
2947 1878 3181 1937 corpore
3207 1871 3618 1942 assumpsisse,
3660 1888 3777 1931 con-

2187 1947 2602 2009 substantialem
2635 1954 2780 2012 Patri
2815 1960 3116 2017 secundum
3140 1961 3488 2022 divinitatem
3516 2007 3532 2034 ,
3569 1976 3626 2024 et
3655 1983 3779 2025 con-

2187 2040 2604 2101 substantialem
2620 2047 2778 2103 nobis
2793 2051 3095 2108 secundum
3116 2053 3536 2114 humanitatem.
3559 2058 3779 2117 Duarum

2188 2133 2333 2189 enim
2361 2135 2728 2205 perfectarum
2769 2151 3087 2201 naturarum
3115 2147 3247 2202 unio
3280 2148 3419 2206 facta
3476 2161 3559 2207 est
3607 2151 3781 2208 inclia-

2187 2226 2389 2285 biliter.
2422 2230 2550 2287 ldeo
2571 2249 2738 2291 unum
2761 2236 3063 2305 Christum,
3082 2256 3248 2296 unum
3272 2242 3469 2299 Filium
3499 2245 3775 2303 Dominum

2187 2332 2435 2380 nostrum
2487 2325 2675 2383 Jesum
2725 2328 3009 2388 Christum
3059 2333 3256 2390 Filium
3299 2335 3399 2393 Dei
3441 2339 3775 2409 conﬁtemur,

2188 2415 2426 2473 scientes
2450 2420 2594 2490 quod
2628 2421 2773 2478 Patri
2805 2440 2908 2481 suo
2929 2429 3233 2486 secundum
3259 2429 3604 2490 divinitatem
3649 2450 3779 2492 coae-

485 2501 669 2566 ἠξίωσε
695 2500 827 2571 μετά
846 2504 938 2558 την
958 2499 1329 2573 συγκατάθεσιν
1358 2505 1451 2559 τῆς
1471 2495 1623 2572 άγίας
1639 2497 1912 2573 Παρθένου,
1940 2496 2080 2555 ἡνίκα

507 2591 534 2606 ..
763 2587 1097 2606 ...ι
1259 2588 1777 2606 .-...η,,α,
1935 2589 1948 2605 ι
2068 2588 2080 2606 .

2190 2518 2376 2567 ternus
2406 2514 2670 2586 existens,
2703 2520 3002 2578 secundum
3029 2539 3191 2595 quam
3220 2526 3468 2582 omnium
3518 2527 3676 2584 etiam
3700 2536 3780 2586 est

482 2591 649 2670 εἴρηκε
679 2593 811 2668 πρὸς
837 2592 925 2646 τὸν
952 2587 1161 2666 ἄγγελον
1186 2608 1198 2643 :
1222 2608 1240 2642 ι
1259 2588 1385 2647 ἰδού
1412 2591 1443 2648 ἠ
1472 2590 1633 2662 βοὺλη
1654 2591 1840 2668 Κυρίου
1859 2629 1874 2653 ,
1890 2588 2085 2661 γένοιτό

482 2708 571 2760 μοι
595 2687 729 2742 κατά
920 2705 1038 2748 σου,
1061 2702 1080 2736 ι
1098 2683 1410 2758 ἀπορῤἡτως
1435 2683 1603 2756 ἑαυτῷ
1630 2683 1683 2747 ἐξ
1712 2682 1870 2742 αὐτῆς
1896 2678 2086 2737 οἰκοδο-

482 2789 650 2852 μῆσαι
672 2780 807 2845 ναὸν,
838 2782 925 2835 καί
946 2786 1129 2837 τοῦτον
1155 2778 1344 2834 ένῶσαι
1372 2778 1538 2850 ἑαυτῷ
1567 2778 1619 2842 ἐξ
1649 2778 1811 2841 αὐτῆς
1833 2785 1926 2839 τῆς
1954 2777 2081 2832 συλ-

480 2873 704 2945 λήψεως,
721 2874 779 2928 οὐ
802 2870 1065 2945 σνναΐδιον
1088 2874 1144 2927 ἐκ
1162 2880 1254 2933 τῆς
1280 2871 1465 2928 ἑαυτοῦ
1490 2872 1664 2931 οὐσίας
1686 2865 1952 2948 οὐρανόθεν
1972 2870 2084 2925 ίπι-

477 2968 750 3043 φερόμενον
776 2973 931 3039 σῶμα
953 3007 969 3034 ,
999 2964 1105 3022 ἀλλ’
1130 2966 1185 3020 ἐκ
1230 2971 1322 3022 τοῦ
1377 2966 1680 3042 φυράματος
1712 2978 1805 3026 τῆς
1826 2965 2083 3040 ἡμετέρας

380 3090 383 3093 -
476 3061 686 3127 οὐσίας,
715 3061 988 3117 τουτέστιν
1015 3059 1068 3113 ἐκ
1110 3067 1203 3122 τῆς
1246 3059 1526 3135 Παρθένου,
1556 3064 1710 3114 τοῦτο
1745 3057 1956 3129 εἰληφὼς
1996 3058 2083 3111 καὶ

477 3156 649 3229 ἑαυτῷ
675 3154 892 3217 ένὼσας.

550 3341 660 3395 Οὐκ
689 3339 716 3396 ὸ
745 3342 872 3405 Θεὸς
898 3342 1060 3417 Λόγος
1090 3341 1162 3404 είς
1192 3346 1363 3419 σάρκα
1405 3344 1644 3419 τραπεὶς,
1692 3336 1810 3397 οὔτε
1840 3340 1938 3416 μὴν
1963 3343 2084 3412 φάν-

479 3454 658 3506 τασμα
682 3437 855 3507 φανείς
886 3452 899 3464 ·
928 3436 1035 3490 ἀλλ’
1062 3437 1330 3513 ἀτρέπτως
1358 3439 1445 3490 καί
1473 3434 1823 3498 ἀναλλοιώτως
1841 3442 1933 3498 τήν
1961 3437 2078 3493 έαυ·

479 3531 571 3580 τοῦ
595 3523 847 3601 διατηρῶν
870 3528 1069 3595 οὐσίαν,
1100 3533 1190 3588 τήν
1219 3530 1474 3603 ἀπάρχην
1502 3536 1596 3591 τῆς
1619 3531 1822 3603 φύσεως
1842 3539 1935 3594 τῆς
1959 3534 2083 3606 ἡμι-

480 3619 634 3693 τέρας
659 3618 887 3691 εἰληφὼς,
914 3619 1088 3695 ἑαυτῷ
1115 3624 1326 3680 ἥνωσεν.
1353 3625 1454 3679 Οὐκ
1478 3626 1653 3700 ἀρχὴν
1697 3624 1723 3680 ὁ
1763 3628 1888 3687 Θεὸς
1917 3626 2083 3701 Λόγος

481 3715 536 3766 ἐκ
565 3718 659 3774 τῆς
679 3714 929 3789 Παρθένου
965 3716 1193 3790 εἰληφὼς,
1222 3718 1348 3775 ἀλλὰ
1376 3718 1637 3782 συναΐδιος
1664 3729 1738 3795 τῷ
1767 3721 1954 3777 ἑαυτοῦ
1979 3731 2084 3776 Πα-

480 3807 567 3880 τρί
618 3804 898 3881 ὑπάρχων,
930 3812 1021 3868 τὴν
1046 3817 1139 3870 τῆς
1173 3812 1377 3882 φύσεως
1417 3821 1509 3874 τῆς
1546 3815 1799 3891 ἡμετέρας
1830 3815 2081 3888 ἀπαρχήν

2188 2604 2464 2673 conditor,
2496 2607 2753 2681 dignatus
2796 2621 2914 2681 est,
2948 2626 3071 2686 post
3099 2627 3305 2675 sanctae
3339 2618 3580 2692 Virginis
3606 2636 3779 2679 asseno

2188 2712 2309 2753 sum
2328 2740 2342 2767 ,
2372 2703 2591 2772 quando
2620 2703 2767 2760 dixit
2788 2707 2997 2779 Angelo
3027 2726 3040 2763 :
3065 2708 3204 2766 Ecce
3229 2713 3423 2768 ancilla
3446 2711 3672 2779 Domini,
3694 2715 3780 2785 ﬁat

2188 2795 2319 2850 milii
2338 2799 2621 2854 secundum
2641 2800 2853 2857 verbum
2877 2812 3022 2858 tuum
3051 2806 3072 2877 (
3091 2804 3225 2863 Luc.
3251 2823 3289 2874 ι,
3307 2808 3425 2879 '58),
3441 2808 3779 2866 ineﬂabililer

2187 2888 2291 2944 sibi
2321 2904 2390 2946 ex
2420 2906 2484 2946 ca
2519 2893 2776 2965 templum
2801 2896 3096 2966 aediﬁcare,
3114 2900 3297 2957 ethoc
3312 2900 3415 2958 sibi
3433 2902 3505 2958 ab
3524 2903 3634 2973 ipsa
3651 2916 3777 2958 cono

2187 2984 2439 3052 ceptione
2460 2986 2638 3055 uuire,
2657 3004 2763 3044 non
2778 2999 3113 3049 coscternum
3132 3009 3200 3051 ex
3230 3009 3325 3051 sua
3350 2996 3650 3053 substantia
3665 3012 3774 3055 εω-

2186 3073 2315 3131 litus
2330 3075 2568 3134 delatum
2586 3094 2807 3152 corpus,
2823 3082 2921 3139 sed
2939 3099 3008 3141 ex
3030 3086 3351 3144 substantia:
3368 3097 3571 3146 nostra:
3583 3104 3771 3156 massa,

2188 3164 2294 3224 hoc
2319 3178 2404 3224 est
2424 3211 2439 3236 ,
2464 3186 2530 3227 ex
2565 3169 2788 3245 Virgine
2813 3174 2868 3231 id
2897 3188 3279 3246 assumens,ct
3298 3181 3404 3238 sibi
3436 3182 3538 3254 ipsi
3565 3183 3767 3239 uuiens.

2258 3259 2376 3317 Non
2406 3262 2459 3318 in
2492 3278 2712 3322 carnem
2744 3277 2984 3326 mutatus
3005 3269 3151 3328 Deus
3193 3269 3463 3340 Verbum,
3503 3290 3671 3347 neque
3715 3284 3775 3330 ut

2187 3365 2464 3426 spcctrum
2492 3372 2783 3431 apparens,
2816 3363 2912 3419 sed
2935 3365 3052 3422 sine
3066 3365 3365 3424 mutatione
3390 3376 3450 3424 et
3468 3367 3774 3425 alterations

2187 3463 2339 3504 suam
2393 3466 2725 3510 conservans
2780 3456 3159 3527 substantiam,
3214 3471 3526 3534 assumptas
3577 3471 3772 3520 natura:

2186 3550 2389 3599 nostra:
2417 3546 2687 3617 primitias
2716 3549 2821 3606 sibi
2849 3551 3007 3609 uniit.
3037 3552 3155 3610 Non
3207 3554 3537 3627 principium
3564 3570 3771 3615 sumens

2189 3637 2334 3695 Deus
2359 3638 2597 3698 Verbum
2625 3658 2691 3700 ex
2722 3643 2970 3717 Virgine,
2999 3647 3096 3705 sed
3140 3648 3288 3706 Patri
3341 3667 3446 3709 suo
3484 3662 3771 3711 comteruus

2187 3731 2451 3802 existens,
2471 3745 2681 3792 natura:
2698 3748 2901 3794 nostra:
2919 3740 3190 3812 primitias
3218 3759 3318 3816 per
3338 3745 3650 3805 immensam
3672 3748 3768 3805 hoc

2187 3825 2414 3882 nitatem
2428 3826 2533 3885 sibi
2547 3830 2704 3886 unire
2715 3830 2972 3903 dignatus
2989 3843 3096 3902 est,
3117 3850 3226 3892 non
3245 3840 3769 3909 commixtus,sedin

479 3897 647 3971 ἑαυτῷ
672 3895 759 3955 διὰ
785 3900 972 3960 πολλὴν
994 3900 1283 3976 άγαθότητα
1309 3904 1490 3961 ένῶσαι
1516 3908 1845 3974 κατηξίωσεν,
1873 3909 1932 3963 οὑ
1955 3929 2080 3985 κρα-

2188 3928 2419 3994 utraque
2431 3922 2738 3980 substantia
2763 3895 2903 3982 unus
2924 3937 2977 3984 et
2992 3928 3140 3986 idem
3162 3945 3437 4003 apparens
3454 3977 3470 4002 ,
3485 3935 3619 3992 sicut
3639 3936 3769 3993 seri-

477 3989 601 4056 θείς,
620 3990 726 4045 ἀλλ’
741 3991 790 4045 έν
811 3990 1078 4070 ἑκατέραις
1101 4002 1218 4056 ταῖς
1243 3997 1441 4059 οὐσίαις
1457 3993 1528 4060 εἷς
1553 4003 1641 4054 καί
1667 3998 1867 4061 ὸαύτὸς
1888 4004 2077 4074 φανείς,

478 4082 609 4137 κατά
634 4084 694 4138 τὸ
720 4086 1070 4161 γεγραμμένον
1100 4102 1115 4139 :
1152 4104 1172 4137 ι
1193 4089 1398 4145 Λύσατε
1428 4092 1516 4145 τὸν
1550 4092 1664 4146 ναὸν
1699 4097 1900 4160 τοῦτον,
1919 4094 2003 4148 καί
2030 4092 2082 4149 ἐν

480 4181 648 4252 τρισὶν
675 4179 891 4255 ἡμέραις
917 4182 1079 4257 ίγερῶ
1098 4182 1272 4240 αὐτόν.
1287 4202 1306 4235 ε
1325 4184 1518 4240 Λὺεται
1536 4188 1637 4264 γάρ
1660 4185 1686 4241 ὁ
1704 4188 1929 4262 Χριστὸς
1954 4187 2082 4249 Θεὸς

478 4271 612 4324 κατά
645 4276 737 4331 τήν
762 4273 886 4345 ἐμὴν
925 4276 1130 4342 οὐσίαν,
1148 4277 1221 4335 ἢν
1241 4277 1482 4343 ἀνέλαϐε,
1508 4281 1596 4335 καί
1618 4279 1885 4356 λελυμένον

480 4369 665 4442 ἐγείρει
686 4368 771 4424 τὸν
796 4372 914 4426 ναὸν
943 4371 969 4428 ὁ
997 4375 1151 4436 αὐτὸς
1175 4377 1308 4432 κατά
1326 4377 1563 4437 τῆνθείαν
1591 4379 1790 4447 οὐσίαν,
1807 4376 1971 4437 καθ’ἥν
1993 4380 2079 4433 καί

485 4459 694 4515 πάντων
720 4459 965 4536 ὑπάρχει
991 4460 1322 4542 δημιουργὸς.

552 4667 801 4728 Οὐδέποτε
830 4674 962 4745 μετά
982 4679 1073 4735 την
1094 4675 1295 4746 ἕνωσιν,
1319 4678 1377 4739 ἣν
1405 4681 1456 4745 ἐξ
1481 4681 1637 4746 αὐτῆς
1657 4690 1749 4744 τῆς
1780 4681 2079 4756 συλλήψεως

480 4759 649 4835 ἔαυτῷ
679 4764 862 4824 ένῶσαι
889 4769 1234 4842 κατηξίωσεν,
1268 4770 1299 4831 ἦ
1330 4774 1565 4837 ἀποστὰς
1594 4784 1686 4833 τοῦ
1719 4778 1902 4835 οἰκείου
1930 4786 2074 4846 ναοῦ,

478 4856 508 4915 ἦ
533 4859 826 4919 ἀποστῆναι
864 4858 949 4917 διὰ
990 4867 1081 4922 τήν
1123 4860 1317 4938 ἄφατην
1354 4867 1728 4940 φιλανθρωπίαν
1764 4869 2075 4942 δυνάμενος⁶

478 4951 580 5006 ἀλλ’
604 4950 745 5009 ἔστιν
776 4953 803 5010 ὁ
839 4957 997 5020 αὐτὸς
1025 4960 1285 5027 παθητὸς,
1312 4964 1398 5017 καί
1418 4962 1620 5023 emas;
1647 4978 1661 4993 '
1692 4964 1916 5025 παθητὸς
1944 4968 2079 5022 κατὰ

479 5048 567 5103 τὴν
582 5046 970 5123 ἀνθρωπότητα,
990 5052 1189 5114 ἀπαθής
1210 5056 1347 5109 κατά
1371 5060 1460 5115 τήν
1479 5057 1692 5115 θεότητα
1706 5071 1719 5087 ⁸
1740 5074 1759 5108 t
1780 5054 1936 5114 Ἴδετε
1955 5059 2074 5136 γάρ,

476 5133 608 5194 ἴδετέ
622 5159 708 5211 με,
724 5138 804 5196 ὅτι
819 5143 917 5215 ίγώ
941 5145 1066 5215 εἰμι,
1082 5148 1167 5200 καί
1187 5148 1273 5201 οὐκ
1288 5147 1581 5221 ἠλλοίωμαι.
1606 5149 1856 5227 »Ἐγείρας
1875 5133 2077 5231 τοιγαρ-

475 5236 560 5285 οῦν
584 5233 671 5287 τὸν
712 5234 898 5292 ἑαυτοῦ
927 5238 1042 5291 ναὸν
1073 5237 1099 5293 ὸ
1125 5240 1248 5301 Θεὸς
1282 5240 1460 5315 Λόγος,
1491 5246 1580 5300 καί
1619 5245 1667 5300 ἐν
1693 5249 1834 5303 αὐτῶ
1859 5258 1953 5311 ra";
1981 5253 2076 5323 φύ-

2186 4024 2337 4086 ptum
2357 4025 2473 4073 est:
2494 4017 2692 4074 Solvite
2717 4020 2967 4092 templum
2990 4023 3141 4091 hoc,e
3185 4026 3242 4081 in
3264 4027 3431 4083 tribus
3450 4029 3623 4085 diebus
3637 4031 3772 4086 exci-

2186 4109 2302 4164 tabo
2326 4109 2461 4172 illud
2490 4110 2670 4182 (Joan.
2689 4128 2750 4181 tt,
2769 4114 2883 4186 i9).
2915 4115 3161 4175 Solvitur
3186 4121 3335 4177 enim
3362 4120 3610 4181 Christus
3636 4123 3768 4180 Deus

2185 4202 2484 4259 secundum
2504 4219 2679 4261 meam
2694 4206 3058 4265 substantiam
3069 4251 3083 4275 ,
3097 4225 3259 4282 quam
3286 4215 3609 4286 assumpsit:
3623 4224 3769 4274 etsoo

2183 4296 2355 4352 lutum
2375 4298 2637 4369 templum
2652 4299 2796 4356 idem
2810 4301 3013 4358 excitat
3034 4304 3340 4363 secundum
3366 4307 3766 4382 732divinam

2184 4389 2569 4459 substantiam,
2585 4392 2884 4450 secundum
2900 4405 3129 4468 quamet
3143 4399 3388 4455 omnium
3411 4401 3767 4458 estconditor.

2252 4503 2560 4577 Numquam
2605 4513 2731 4574 post
2769 4507 3026 4567 unionem
3045 4553 3060 4577 ,
3091 4527 3253 4584 quam
3283 4514 3390 4571 sibi
3409 4530 3476 4573 ex
3504 4516 3618 4588 ipsa
3643 4531 3771 4574 eou-

2182 4597 2438 4669 ceptione
2479 4599 2639 4656 unire
2668 4599 2921 4673 dignatus
2949 4613 3033 4661 est
3052 4645 3069 4672 ,
3099 4604 3184 4663 vel
3211 4621 3243 4662 a
3270 4621 3373 4664 suo
3401 4609 3600 4681 templo
3624 4624 3772 4667 rece-

2182 4690 2347 4759 dens,
2391 4692 2477 4748 vel
2518 4694 3121 4765 propterinen‘abilem
3163 4696 3556 4772 benignitatem
3598 4702 3773 4760 valeas

2179 4785 2459 4843 recedere.
2490 4786 2598 4844 Sed
2630 4787 2771 4845 idem
2797 4797 2883 4846 est
2912 4791 3152 4862 patibilis
3180 4802 3236 4849 et
3264 4793 3612 4867 impatibilis;
3640 4797 3772 4869 pati-

2181 4878 2307 4937 bilis
2331 4880 2631 4937 secundum
2668 4881 3095 4952 humanitatem,
3139 4884 3463 4958 impatibilis
3488 4888 3772 4946 secundum

2181 4972 2547 5032 divinitatem.
2591 4972 2769 5031 Videte
2797 4961 2964 5044 enim,
2994 4979 3163 5035 uidete
3199 4997 3315 5048 me,
3354 4983 3479 5054 quia
3505 4999 3598 5056 ego
3622 4999 3731 5038 sua
3751 5023 3769 5049 ,

2182 5075 2237 5141 et?
2279 5084 2382 5124 non
2436 5077 2609 5124 mutor
2654 5069 2923 5141 (Malach.
2971 5087 3052 5139 ut,
3085 5071 3172 5144 6).
3228 5072 3572 5142 Resnscitato
3618 5076 3773 5147 igitur

2182 5159 2391 5231 templo
2426 5174 2526 5217 suo
2557 5160 2700 5217 Deus
2727 5160 2965 5219 Verbum
2988 5204 3004 5230 ,
3035 5170 3094 5220 et
3117 5163 3172 5219 in
3200 5162 3318 5235 ipso
3346 5174 3556 5223 natura
3579 5175 3772 5223 nostra

2180 5254 2583 5311 resurrectione
2606 5269 2672 5311 ac
2697 5255 3053 5314 renovatione
3072 5257 3315 5330 perfecta
3336 5302 3351 5329 ,
3383 5260 3770 5334 hanetdiscipu-

477 5343 611 5387 σεως
638 5326 778 5397 ἡμῶν
812 5328 1093 5386 ἀνάστασιν
1119 5335 1207 5386 καί
1248 5335 1530 5390 ἀνανέωσιν
1571 5339 1953 5413 ἐργασάμενος,
1991 5345 2075 5400 καί

2188 5347 2248 5403 lis
2293 5348 2411 5404 suis
2456 5349 2752 5407 ostendens
2793 5349 3045 5408 dicebat:
3072 5326 3303 5425 Palpate
3337 5326 3451 5422 me,
3485 5366 3535 5412 et
3579 5326 3764 5419 ridete,

471 5419 664 5477 ταύτην
683 5427 792 5482 τοῖς
818 5419 1006 5478 ἑαυτοῦ
1021 5425 1276 5497 μαθηταῖς
1292 5424 1481 5495 δείξας,
1500 5427 1646 5502 ἔλεγε
1666 5447 1679 5483 :
1701 5448 1719 5482 t
1736 5433 2073 5506 Ψηλαφησατέ

473 5529 557 5577 με,
588 5515 673 5566 καί
695 5510 831 5569 ἴδετε
860 5513 938 5572 ὅτι
963 5526 1168 5593 πνεῦμα
1196 5522 1366 5599 σάρκα
1391 5525 1478 5577 καί
1506 5524 1666 5581 ὀστέα
1687 5528 1778 5581 οὐκ
1807 5527 1947 5602 ἔχει,
1984 5553 2072 5588 κα-

472 5601 568 5662 θώς
593 5605 681 5675 ἔμέ
708 5604 944 5681 θεωρεῖτε
963 5608 1074 5680 (οὐκ
1103 5609 1226 5668 ὄντα
1244 5655 1259 5680 ,
1287 5612 1438 5686 ἀλλὰ)
1468 5612 1692 5686 ἔχοντα’
1723 5636 1742 5670 ε
1773 5601 1960 5678 ’ίναγκαί
1985 5625 2071 5681 τὸν

470 5692 689 5766 ἔχοντα,
715 5703 801 5756 καί
829 5702 916 5757 τὸν
946 5706 1191 5781 ἐχόμενον
1210 5716 1557 5776 κατανοήσας.
1578 5714 1636 5766 οὐ
1654 5719 1858 5787 κρᾶσιν,
1876 5719 1934 5772 οὐ
1955 5740 2073 5797 τρο-

470 5794 594 5859 πήιν,
624 5795 712 5850 οὐκ
741 5793 1032 5868 ἀλλοίωσιν,
1062 5802 1169 5859 ἀλλ’
1199 5804 1372 5864 ἕνωσιν
1399 5808 1733 5887 γεγενημένην
1762 5809 1971 5876 ἐπίδοις.

2176 5440 2315 5511 quod
2341 5440 2558 5512 spiritus
2595 5458 2803 5498 carnem
2820 5452 2873 5499 et
2903 5459 3021 5500 ossa
3060 5460 3165 5501 non
3205 5444 3391 5515 habet,
3432 5448 3565 5504 sicut
3594 5447 3765 5503 videtis

2177 5551 2292 5603 me,
2335 5550 2444 5592 non
2478 5551 2636 5605 esse,
2668 5537 2763 5594 sed
2794 5538 2981 5594 habere
3023 5538 3188 5611 (Luc.
3242 5556 3400 5610 χειν,
3429 5541 3555 5614 39);
3598 5550 3654 5597 ut
3677 5540 3766 5596 ha-

2176 5629 2395 5688 bentem
2425 5640 2483 5688 et
2511 5632 2565 5689 id
2588 5632 2733 5704 quod
2757 5632 2989 5691 habetur
3007 5634 3407 5705 considerans,
3434 5653 3544 5695 non
3568 5635 3771 5693 mixtio-

2179 5738 2342 5793 nem,
2393 5741 2502 5782 non
2571 5730 3027 5798 conversionem,
3061 5744 3165 5786 nec
3220 5729 3637 5803 alterationem,
3679 5728 3767 5787 sed

2177 5817 2437 5876 unionem
2468 5819 2665 5877 iactam
2690 5820 2981 5894 intelligas.
