4014 6290
216 356 320 416 849

967 358 1324 427 EPISTOLAE
1363 355 1550 414 NOVO
1587 354 1813 411 ORDINI

1918 353 2347 415 ilSTRlBUTA'I.
2391 354 2794 415 ADMONITIO.

3419 361 3526 418 850

287 475 376 530 Διά
403 481 564 531 τοῦτο
608 481 695 532 καί
722 480 841 538 τοὺς
877 475 1077 538 τύπους
1115 482 1216 530 τῶν
1240 473 1369 532 ἥλων
1398 476 1482 528 καί
1505 481 1596 532 τῆς
1623 471 1813 542 λόγχης

1932 446 1962 472 “
1996 471 2124 527 ldeo
2151 482 2206 529 et
2235 471 2435 530 ﬁxuras
2463 473 2745 530 clavorum
2789 483 2844 530 et
2873 475 3074 532 lancea:
3105 477 3272 533 ictum
3302 477 3530 534 demon-

217 573 306 628 τήν
334 571 473 635 νύξιν
513 569 766 637 ἐπέδειξε,
797 575 880 626 καί
907 570 1188 647 ἔμπροσθεν
1223 576 1322 624 τῶν
1349 568 1583 639 μαθητῶν
1620 565 1820 641 ἔφαγεν,

215 661 299 716 ἵνα
328 659 416 718 διὰ
442 665 654 718 πάντων
682 669 773 724 τήν
803 665 1084 718 ἀνάστασιν
1120 676 1212 722 τίς
1251 662 1504 735 ἡμετέρας
1531 661 1734 731 φύσεως
1773 662 1823 714 ἐν

216 754 354 825 αὐτῷ
379 756 754 811 ἀνανεωθεῖσαν
779 758 1104 812 πιστώσηται
1127 755 1336 814 αὐτοὺς.
1362 755 1453 808 Καὶ
1474 750 1551 808 ὃτι
1580 754 1712 808 κατὰ
1732 759 1821 812 την

214 860 473 926 μακαρίαν
504 858 600 912 τῆς
629 850 861 912 θεότητος
897 853 1068 906 οὐσίαν
1117 846 1368 925 ἄτρεπτος
1389 891 1405 912 ,
1450 848 1817 915 ἀναλλοίωτος,

214 943 448 1004 ἀπαθὴς.
488 944 770 1011 ἀθάνατος,
803 942 1030 1006 ἀνενδεὴς
1058 941 1330 1006 διατελῶν,
1364 944 1536 1000 πάντα
1575 944 1640 998 τά
1683 945 1816 1001 πάθη

213 1032 350 1091 εἴασε
380 1038 515 1093 κατά
541 1043 887 1117 συγχώρησιν
912 1048 986 1114 τῷ
1015 1042 1178 1111 οἰκείῳ
1211 1040 1549 1112 ἐπενεχθῆναι
1573 1049 1698 1111 ναῷ,
1735 1048 1818 1098 καί

214 1135 400 1184 τοῦτον
420 1139 483 1203 τῇ
505 1133 663 1207 οἰκείᾳ
676 1133 924 1191 ἀνέστησε
940 1129 1176 1205 δυνάμει,
1201 1129 1284 1186 διά
1306 1153 1359 1187 τε
1382 1138 1474 1188 τοῦ
1491 1134 1670 1186 οἰκείου
1693 1139 1817 1187 ναοῦ

211 1222 403 1278 τελείαν
431 1230 523 1284 τήν
549 1227 829 1284 ἀνανέωσιν
851 1235 943 1288 τῆς
964 1227 1213 1300 ἡμετέρας
1242 1227 1572 1304 ἐξειργάσατο
1593 1229 1812 1298 φύσεως.

277 1317 409 1376 Τοὺς
437 1313 491 1370 δὲ
516 1315 759 1389 λέγοντας
787 1317 931 1390 ψιλὸν
959 1314 1223 1397 ἄνθρωπον
1249 1320 1334 1372 τὸν
1359 1321 1597 1394 Χριστὸν,
1640 1318 1670 1379 ἦ
1714 1342 1814 1375 πα-

209 1407 357 1465 θητὸν
376 1410 462 1465 τὸν
483 1411 605 1465 Θεὸν
628 1411 806 1485 Λόγον,
832 1412 862 1472 ἢ
885 1415 956 1474 εἰς·
979 1411 1150 1488 σάρκα
1179 1416 1452 1490 τραπέντα,
1480 1421 1507 1474 ἦ
1529 1437 1812 1471 συνουσιω⁴

207 1501 351 1569 μένον
380 1501 662 1572 ἐσχηκέναι
680 1506 740 1560 τὸ
761 1512 936 1577 σῶμα,
955 1504 985 1564 ἦ
1011 1503 1278 1583 οὐρανόθεν
1299 1514 1453 1563 τοῦτο
1477 1509 1809 1582 κεκομικέναι,

207 1594 236 1654 ἢ
273 1597 546 1668 φάντασμα
575 1593 718 1665 εἶναι,
745 1598 776 1659 ἦ
807 1601 980 1658 θνητὸν
1008 1601 1247 1676 λέγοντας
1277 1603 1361 1658 τὸν
1389 1602 1513 1658 Θεὸν
1543 1603 1704 1676 Δὸγον
1731 1601 1812 1658 δι-

206 1685 418 1750 ὂεῆσθαι
443 1700 537 1752 τῆς
559 1694 703 1769 παρά
729 1700 820 1750 τοῦ
851 1697 1048 1771 Πατρὸς
1076 1698 1434 1762 ἀναστάσεως,
1458 1696 1488 1757 ἦ
1515 1694 1731 1770 ἄψυχον
1751 1701 1810 1753 τὸ

211 1789 365 1854 σῶμα
393 1784 725 1858 ἀνειληφέναι,
759 1785 790 1846 ἧ
823 1783 977 1842 ἄνουν
1003 1785 1270 1864 ἄνθρωπον
1289 1833 1299 1852 ,
1329 1790 1359 1850 ἦ
1388 1791 1479 1851 τὰς
1512 1788 1605 1845 δύο
1633 1793 1810 1863 φύσεις

1926 567 2117 622 stravit
2137 609 2151 632 ,
2176 576 2228 623 et
2250 582 2434 623 coram
2465 567 2744 638 discipulis
2770 568 3038 634 comedit;
3070 569 3285 625 utomni
3313 569 3526 625 ratione

1926 668 2132 714 naturae
2157 671 2360 716 nostra:
2389 661 2848 717 resurrectionem
2889 662 2940 716 iu
2973 677 3032 717 se
3059 672 3372 718 renovatum
3401 677 3527 732 per-

1923 751 2198 808 suaderet.
2231 753 2295 807 Et
2323 769 2444 809 cum
2478 754 2774 810 secundum
2804 755 3016 810 beatam
3058 754 3352 810 divinitatis
3391 755 3524 809 sub-

1923 845 2177 900 stantiam
2229 848 2547 902 mutationis
2592 857 2646 903 et
2675 846 3013 903 alteratiouis
3043 862 3270 916 expers,
3304 846 3523 916 impati-

1922 939 2077 1005 bilis,
2108 940 2462 1005 immortalis,
2498 941 2645 996 nulla
2677 955 2735 997 re
2763 941 3010 1012 indigens
3038 951 3216 1006 esset,
3242 940 3524 1010 passiones

1921 1048 2112 1090 omnes
2153 1035 2356 1106 templo
2387 1049 2485 1090 suo
2528 1033 2717 1091 inferri
2756 1035 3031 1106 permisit,
3064 1044 3118 1089 et
3155 1033 3258 1089 hoc
3302 1034 3520 1104 propria

1919 1129 2158 1198 potentia
2195 1112 2487 1194 excitavit,
2521 1137 2575 1184 et
2605 1144 2698 1199 per
2725 1128 2984 1199 templum
3028 1143 3183 1183 suum
3224 1125 3518 1198 perfectam

1919 1231 2124 1277 naturae
2160 1234 2360 1277 nostrae
2390 1222 2800 1278 renovationem
2845 1221 3048 1279 eﬁ‘ecit.

1992 1315 2098 1371 Eos
2127 1330 2258 1370 vero
2286 1316 2377 1386 qui
2409 1315 2601 1371 dicunt
2631 1314 2833 1370 nudum
2881 1313 3160 1370 hominem
3193 1327 3318 1370 esse
3362 1311 3519 1368 Chri-

1916 1419 2090 1475 stum,
2123 1410 2208 1466 vel
2244 1409 2481 1479 passioni
2512 1409 2808 1465 obnoxium
2841 1409 3009 1464 Deum
3042 1407 3280 1464 Verbum
3305 1449 3318 1472 ,
3346 1416 3438 1461 aut
3465 1405 3518 1460 in

1915 1518 2134 1559 carnem
2182 1518 2544 1569 conversum,
2591 1503 2672 1558 vel
2742 1502 3272 1582 consubstantiatum
3324 1514 3522 1569 corpus

1915 1595 2200 1662 habuisse,
2232 1596 2318 1652 vel
2349 1596 2416 1651 de
2461 1596 2605 1651 οωιο
2636 1595 2688 1650 id
2731 1594 2996 1651 detulisse
3024 1638 3037 1661 ,
3071 1603 3167 1649 aut
3201 1592 3520 1661 phantasma

1914 1705 2069 1746 esse:
2099 1691 2184 1746 vel
2231 1691 2324 1762 qui
2356 1691 2648 1746 mortalem
2697 1689 2885 1745 dicunt
2917 1689 3084 1745 Deum
3115 1686 3356 1743 Verbum
3386 1700 3522 1754 Opus

1913 1783 2202 1850 habuisse,
2235 1794 2348 1840 uta
2398 1783 2562 1840 Patre
2607 1784 2996 1848 suscitaretur,
3029 1781 3114 1837 vel
3163 1781 3518 1836 inanimatum

205 1882 297 1930 τοῦ
325 1883 556 1951 Χριστοῦ
579 1880 706 1933 κατὰ
734 1880 1017 1957 ἀνάκρασιν
1046 1882 1409 1952 συγχυθείσας
1429 1883 1548 1953 μίαν
1572 1889 1808 1955 γεγενῆσ-

1918 1892 2112 1948 corpus
2138 1878 2440 1945 sumpsisse
2458 1918 2472 1942 ,
2498 1877 2583 1933 vel
2611 1877 2727 1933 sine
2750 1885 2930 1931 mente
2953 1875 3254 1940 hominem,
3279 1873 3366 1928 vel
3388 1871 3523 1927 duas

205 1972 286 2027 θαι
309 1975 462 2046 φύσιν
480 2015 494 2036 .
527 1977 609 2029 καί
637 1981 706 2049 μὴ
733 1975 1105 2048 ὁμολογοῦντας
1132 1979 1203 2038 εἰς
1243 1978 1420 2051 κύριον
1449 1980 1588 2050 ἡμῶν
1612 1979 1810 2036 Ἰησοῦν

204 2065 419 2140 Χριστόν
445 2064 536 2122 δύο
560 2065 741 2140 φύσεις
771 2064 898 2123 εἶναι
925 2071 1296 2145 ἀσυγχύτους,
1335 2069 1386 2124 ἓν
1414 2069 1468 2126 δὲ
1497 2071 1804 2147 πρόσωπον,

205 2155 305 2210 καθ’
327 2153 353 2210 ὃ
376 2153 446 2219 εἷς
462 2161 698 2236 Χριστὸς,
729 2158 800 2222 εἷς
828 2163 944 2224 ria;
969 2179 983 2193 '
1013 2166 1232 2225 τούτους
1269 2165 1624 2238 ἀναθεματίζει
1654 2165 1683 2222 ἠ
1714 2185 1806 2219 κα-

1910 1969 2115 2024 Christi
2165 1979 2387 2025 naturas
2426 1984 2522 2040 per
2551 1969 3002 2024 commixtiouem
3052 1964 3307 2022 confusas
3355 1978 3518 2019 unam

1911 2071 2161 2118 naturam
2194 2063 2364 2118 factas
2414 2076 2572 2118 esse:
2607 2071 2661 2117 et
2689 2062 2780 2132 qui
2825 2077 2931 2116 non
2963 2059 3298 2116 conﬁtentur
3323 2057 3378 2112 in
3408 2055 3519 2110 Do-

1909 2157 2059 2211 mino
2091 2166 2280 2211 nostro
2323 2154 2456 2211 Jesu
2496 2154 2716 2209 Christo
2743 2153 2879 2210 duas
2908 2167 3030 2208 esse
3061 2160 3284 2206 naturas
3327 2150 3521 2204 incon-

1911 2251 2090 2314 fusus,
2143 2265 2306 2304 unam
2356 2259 2538 2304 autem
2582 2262 2897 2316 personam,
2940 2254 3209 2315 quatenus
3252 2257 3392 2298 unus
3437 2250 3521 2295 est

1861 2363 1868 2372 ·
1909 2342 2193 2410 Christus,
2243 2358 2383 2398 unus
2413 2341 2582 2396 Filius
2605 2383 2618 2406 ,
2652 2355 2749 2396 eos
2794 2336 3219 2394 anathematizat
3248 2332 3517 2391 catholica

1909 2446 1964 2492 et
1992 2436 2297 2508 apostolica
2344 2433 2616 2490 Ecclesia.

204 2248 366 2310 θολικη
393 2255 478 2307 καί
503 2253 813 2316 ἀποστολικὴ
841 2254 1127 2316 Ἐκκλησία.

277 2555 523 2644 [litsi'hoc
554 2559 608 2644 i_u
622 2561 942 2644 fragmento
971 2573 1077 2644 tam
1105 2575 1293 2644 aperta
1325 2567 1578 2644 legantur
1599 2583 1790 2629 contra
1822 2575 2062 2631 brereses
2084 2574 2324 2630 Nestorii
2354 2581 2516 2643 atque
2543 2570 2960 2644 EutychetisLut
2986 2567 3118 2624 illud
3146 2565 3381 2644 auctoris
3402 2577 3525 2619 esse

206 2625 485 2716 Ephesino
534 2642 590 2716 e_t
618 2625 1334 2716 gltavlcedonenshconcilio
1379 2625 2799 2716 Basternaeaitigﬁiﬁ'iéii'sih'é'QéFtiétEEﬁééié
2841 2625 3327 2716 sibipersuadeat;
3354 2650 3520 2706 quum

205 2704 577 2790 Pﬂffﬂgapnd
623 2705 1041 2790 Thquoretum
1073 2709 1194 2790 loco
1240 2704 1405 2766 citato
1433 2713 1719 2790 integrum
1737 2704 1770 2783 ,’
1787 2704 2014 2790 et'apud
2051 2720 2287 2790 Leonem
2320 2704 2675 2790 Byzantinum
2708 2717 2804 2770 lib.
2838 2732 2852 2770 t
2899 2704 3163 2767 adversus
3195 2704 3523 2789 memoratos

205 2769 494 2861 haereticos
517 2790 646 2861 pars
670 2777 860 2861 ultima
888 2779 1445 2861 ejusdem_l'ragmenti
1463 2828 1478 2851 ,
1497 2769 1697 2861 abvhis
1720 2769 1937 2844 scilicet
1953 2769 2780 2861 verbis—,ons—rerodicunt
2801 2769 2987 2861 ,gietc.,
3019 2791 3280 2861 exaret"?
3303 2820 3318 2842 ν
3343 2780 3521 2861 illa?!"

200 2845 492 2932 ex‘alitjua'
503 2847 781 2932 Ambrosii
811 2845 1272 2932 commentatione
1299 2845 1695 2932 quam'invidia
1743 2862 2002 2931 temporis
2029 2845 2378 2932 interceperit
2407 2904 2421 2926 ,
2452 2845 2766 2932 excerptum
2800 2845 3074 2932 libentiori
3117 2856 3298 2932 animo
3327 2845 3520 2932 existi-

203 2928 437 3002 [ηέἔηυδο
471 2915 657 2989 “aque
703 2931 924 3002 l‘_|_‘0lllel'
958 2923 1104 3002 ίΙΙὶμε
1143 2939 1266 3002 cum
1301 2915 1459 3002 libris
1485 2931 1559 3002 de
1588 2927 1749 2996 Fide,
1783 2915 2350 3002 ac'potissiuiuin'de
2377 2915 2592 2986 theam.
2621 2915 3176 3002 'DomaSacramenlo
3199 2919 3519 2975 affinitatem

204 2986 305 3073 ηβὲ
339 2986 827 3073 ηυειψεηῂηιςὲιξυὲ
849 3009 1010 3064 quam
1039 2995 1141 3050 hoc
1164 2997 1286 3052 loco
1316 2999 1565 3055 exhiberi
1597 2986 1789 3073 posse,
1837 2986 1927 3060 hic
1959 2986 2262 3061 mestitiae
2289 3002 2623 3059 Theodoreti
2672 3000 2856 3058 verbis
2886 3014 3010 3055 cum
3041 2997 3290 3051 versione
3328 3006 3424 3045 sua
3457 3004 3520 3042 ex

204 3056 389 3113 ultima
421 3056 556 3117 edit.
586 3061 784 3119 Parisi.
813 3056 1290 3136 re'praesentamus.

245 3175 3494 3214 ___.________________________________________.

848 3313 971 3398 IN
1045 3314 1674 3404 EPISTOLAS
1749 3320 2166 3407 SANCTI
2245 3315 2812 3403 AMBROSII

1284 3480 1509 3543 Νονο
1551 3483 1854 3546 ORDINE
1897 3483 2422 3548 DISTRIBUTAS

1535 3622 1914 3696 ADMON
1920 3624 2036 3697 IT
2046 3622 2188 3701 ΙΟ.

269 3895 474 3954 Omnes
499 3898 720 3970 quidem
746 3901 1039 3973 scriptores
1065 3919 1186 3960 cum
1219 3907 1270 3961 in
1303 3907 1572 3964 universis
1602 3908 1718 3963 suis
1739 3907 2040 3978 Operibus,
2075 3918 2186 3963 tum
2218 3909 2301 3964 vel
2331 3908 2567 3964 maxime
2600 3908 2653 3962 in
2682 3906 2928 3978 epistolis
2958 3904 3194 3976 efﬁgiem
3229 3903 3310 3958 sui
3342 3903 3522 3956 consi-

199 4003 368 4061 gnare
397 4001 556 4047 extra
583 3992 805 4049 dubium
829 4004 947 4050 est:
978 4011 1088 4066 pra:
1117 3999 1332 4054 ueteris
1362 4015 1492 4056 vero
1522 4009 1767 4055 sanctum
1799 3999 2148 4055 Ambrosium
2191 4011 2246 4055 et
2279 4000 2480 4071 passim
2521 3999 2572 4054 in
2618 3997 2871 4052 omnibus
2906 3996 3022 4051 suis
3060 3992 3523 4050 lucubrationibus

199 4085 470 4156 quosdam
509 4089 663 4159 quasi
691 4088 885 4144 ductus
916 4105 980 4145 ac
1006 4090 1347 4147 characteres
1374 4093 1631 4148 virtutum
1672 4108 1891 4148 suarum
1916 4093 2226 4164 appiuxisse
2247 4135 2260 4158 ,
2305 4102 2359 4147 et
2391 4091 2733 4162 petissimum
2780 4089 2832 4143 in
2865 4087 2965 4143 hoc
2992 4085 3347 4157 epistolarum
3385 4100 3518 4156 syn-

201 4188 439 4250 tagmate
467 4197 779 4252 expressam
808 4185 1210 4258 spirantemque
1237 4188 1318 4242 sui
1348 4187 1636 4257 imaginem
1667 4187 1953 4258 reliquisse
1985 4186 2202 4257 negabit
2233 4200 2413 4242 nemo.
2445 4184 2662 4240 Etenim
2696 4182 2800 4238 hoc
2833 4182 2884 4236 in
2916 4180 3092 4250 Opere
3113 4221 3128 4246 ,
3154 4193 3275 4234 nam
3310 4177 3377 4234 de
3399 4177 3523 4233 aliis

201 4273 422 4328 interim
453 4273 542 4329 hic
570 4276 878 4342 silebimus,
910 4279 1148 4334 emicant
1171 4282 1284 4334 suis
1317 4297 1547 4352 quaeque
1580 4281 1712 4335 locis
1739 4282 1970 4351 egregiae
1999 4281 2105 4335 illm
2146 4280 2408 4344 virtutes,
2439 4279 2669 4349 quibus,
2701 4285 2760 4331 ut
2797 4277 3110 4333 absolutum
3139 4273 3522 4345 episcoporum

151 4365 162 4370 “
201 4365 486 4435 exemplar
515 4367 837 4423 Ambrosius
862 4369 1153 4438 habeatur,
1182 4371 1431 4429 eﬁ‘ectum
1463 4385 1568 4430 est.
1597 4377 1810 4443 Quanto
1836 4390 2026 4431 amore
2059 4374 2124 4429 ad
2157 4372 2603 4445 propugnandatu
2637 4372 2950 4427 christiana!
2987 4368 3265 4441 religionis
3292 4367 3526 4440 dignita-

201 4467 312 4512 tem
341 4459 742 4530 impelleretur,
776 4463 940 4517 oblati
976 4462 1353 4522 Valentiniano
1379 4466 1543 4521 libelli
1572 4482 1669 4523 seu
1711 4467 1957 4538 epistolae
1979 4465 2360 4523 testiﬁcantur.
2393 4467 2608 4533 Quanto
2654 4464 2850 4519 ardore
2896 4463 3152 4534 ﬁagraret
3197 4459 3525 4517 defendendi

202 4550 456 4608 catholici
488 4552 789 4622 dogmatis,
822 4570 884 4608 ac
915 4556 1192 4626 sanguinis
1221 4574 1318 4626 pro
1347 4557 1490 4613 illius
1519 4559 1832 4629 integritate
1861 4557 2224 4628 profundettdi
2243 4600 2256 4624 ,
2289 4574 2409 4627 qua:
2439 4559 2492 4611 in
2525 4571 2688 4611 causa
2713 4555 3061 4611 basilicarum
3089 4552 3348 4623 scripsit,
3377 4560 3531 4622 pate-

203 4646 432 4702 faciunt.
466 4646 606 4702 Alibi
635 4649 897 4704 miramur
923 4652 1042 4719 ejus
1070 4651 1122 4705 in
1151 4651 1526 4706 condonandis
1555 4652 1798 4722 injuriis,
1828 4651 2218 4723 beneficiisque
2249 4650 2302 4704 in
2332 4650 2431 4705 sibi
2464 4649 2878 4704 inimicissimos
2922 4644 3278 4701 conferendis
3308 4639 3532 4714 magna-

208 4736 515 4792 nimitatem
542 4755 554 4792 :
583 4739 714 4794 alibi
743 4741 860 4811 ejus
889 4742 1149 4798 adversus
1178 4743 1534 4813 imperatores
1559 4752 1724 4814 atque
1763 4753 2022 4814 tyrannos
2049 4742 2414 4798 couSIantiam
2448 4739 2911 4809 obstupescimus.
2941 4736 3247 4792 Occurrunt
3275 4735 3524 4805 epistolae

205 4829 261 4884 in
293 4830 491 4901 quibus
519 4833 810 4902 pastoralis
835 4834 955 4904 ejus
976 4835 1320 4903 sollicitudo,
1345 4852 1447 4906 qua
1479 4851 1588 4890 non
1617 4836 1792 4891 solum
1815 4834 2094 4890 dioecesim
2124 4832 2583 4890 Mediolanensem
2606 4873 2620 4894 ,
2647 4833 2746 4887 sed
2773 4842 2825 4888 et
2856 4831 2992 4886 alias
3020 4844 3235 4901 quoque
3262 4829 3387 4884 licet
3414 4828 3524 4884 dis-

203 4923 343 4977 sitas
364 4925 861 4994 complectebatur,
895 4928 1108 4982 elucet:
1139 4937 1263 4982 sunt
1291 4927 1446 4993 alize,
1472 4927 1524 4982 in
1552 4926 1744 4997 quibus
1771 4927 2011 4997 erumpit
2039 4925 2286 4982 doctrina
2317 4925 2456 4995 ejus,
2492 4923 2809 4994 prudentia,
2841 4922 3104 4977 sanctitas
3124 4963 3138 4987 ,
3170 4930 3223 4976 et
3249 4919 3320 4974 ab
3343 4919 3522 4973 omnis

202 5013 452 5069 avaritiae
486 5014 739 5070 sordibus
767 5015 1129 5082 abalienatio;
1158 5017 1357 5088 quibus
1385 5017 1603 5073 dotibus
1634 5015 1854 5072 adducti
1895 5032 2022 5072 eum
2071 5025 2352 5086 tamquam
2395 5029 2687 5070 commune
2729 5014 2916 5070 s:eculi
2945 5013 3028 5068 sui
3065 5011 3374 5074 oraculum,
3405 5010 3521 5064 dia-

203 5108 370 5174 coni,
409 5107 746 5180 presbyteri,
780 5120 940 5181 atque
979 5111 1220 5181 episcopi
1260 5111 1617 5166 consulebant
1641 5128 1655 5165 :
1679 5125 1743 5164 ac
1774 5125 1882 5164 non
1911 5109 2074 5165 modo
2104 5108 2323 5180 privati,
2355 5123 2544 5163 verum
2571 5109 2736 5163 etiam
2763 5107 3036 5178 principes
3074 5106 3175 5160 viri
3197 5103 3518 5173 gravissima

200 5203 424 5274 negotia
457 5203 576 5273 ejus
602 5203 726 5259 ﬁdei
755 5205 1170 5261 committebant
1189 5216 1351 5276 atque
1377 5205 1634 5261 solertiae.
1661 5204 1946 5260 Postremo
1968 5204 2027 5259 in
2058 5204 2143 5259 his
2168 5203 2418 5273 epistolis
2449 5203 2651 5273 ubique
2668 5203 2844 5258 sancti
2875 5199 3131 5256 Praesulis
3163 5197 3360 5268 pietas,
3392 5197 3523 5252 cha-

204 5299 373 5360 ritas,
408 5295 784 5351 misericordia
804 5337 819 5360 ,
849 5296 1118 5352 modestia
1139 5339 1154 5363 ,
1186 5297 1444 5367 aequitas,
1471 5306 1634 5367 atque
1663 5295 1934 5353 indefessa
1971 5296 2024 5352 iu
2055 5296 2257 5368 vigiliis
2283 5295 2495 5366 piisque
2527 5295 2806 5350 laboribus
2828 5290 3236 5364 perseverantia
3271 5305 3378 5344 non
3408 5291 3524 5345 sine

205 5389 576 5446 admiratione
614 5387 981 5459 conspicitur;
1023 5400 1083 5444 ut
1128 5404 1234 5446 non
1282 5390 1460 5445 levem
1505 5403 1570 5445 ac
1615 5404 2080 5460 monogrammam
2113 5387 2389 5446 Ambrosii
2432 5389 2735 5459 picturam,
2783 5385 2878 5442 sed
2909 5383 3152 5438 efﬁctum
3189 5390 3246 5437 et
3289 5381 3522 5438 solidum

205 5485 425 5554 signum
449 5524 464 5547 ,
495 5481 666 5537 immo
696 5497 826 5536 vero
852 5483 1195 5538 Ambrosium
1221 5482 1396 5553 ipsum
1421 5483 1721 5538 redivivum
1747 5496 1976 5540 cernere
2000 5481 2304 5537 videamur.

282 5576 613 5632 Persuasum
646 5573 870 5629 omnino
901 5576 1163 5630 habemus
1188 5591 1254 5631 ex
1284 5575 1666 5646 pulcherrimis
1691 5573 1777 5629 his
1817 5573 2063 5642 epistolis
2093 5574 2160 5626 ad
2194 5573 2455 5628 lectorem
2489 5569 2671 5625 redire
2716 5579 2967 5635 magnam
2999 5562 3295 5618 utilitatem
3317 5605 3332 5631 ,
3361 5572 3530 5634 utque

207 5673 474 5731 reddatur
502 5672 697 5728 eadem
735 5671 954 5728 uberior
975 5715 990 5737 ,
1023 5687 1131 5728 non
1173 5673 1348 5728 solum
1395 5671 1746 5727 illustrationi
1777 5669 2021 5725 locorum
2043 5711 2056 5732 ,
2090 5683 2228 5740 quos
2271 5667 2486 5723 vindice
2529 5662 2774 5730 indigere
2805 5659 3092 5723 duximus,
3124 5672 3317 5715 verum
3359 5657 3522 5715 etiam

203 5780 372 5822 novae
420 5765 586 5820 tetius
633 5765 814 5833 operis
843 5765 1215 5820 distributioui
1255 5779 1479 5836 operam
1521 5765 1904 5835 impendimus.
1955 5761 2101 5818 Sane
2139 5775 2398 5831 perquam
2428 5765 2672 5826 optatum
2716 5753 2873 5807 nobis
2911 5752 3104 5809 fuisset
3146 5753 3214 5808 ab
3263 5754 3525 5810 alterutro

210 5855 570 5930 vhlgatorum
605 5855 857 5912 ordinum
889 5874 995 5914 non
1029 5858 1347 5926 discedere,
1379 5859 1547 5916 certis
1569 5858 1822 5915 nimirum
1853 5857 1906 5912 in
1937 5872 2004 5913 eo
2042 5871 2244 5926 genere
2292 5853 2424 5910 nihil
2474 5848 2671 5906 mutari
2702 5849 2822 5903 sine
2865 5849 3046 5921 aliquo
3074 5856 3265 5906 eorum
3319 5851 3524 5906 intonv-
