4014 6290
201 295 313 352 853

562 296 752 355 0RDO
788 295 1270 356 EPISTOLARUM
1308 294 1459 352 SEG.
1498 291 1886 357 NIMDI
1924 290 2280 355 RATIONZM
2318 288 2711 355 DlSTRlBUT.
2752 289 3169 353 ASSERITUR.

3410 296 3518 355 854

202 414 288 469 lus
324 424 477 477 tomo
501 414 544 475 ll
577 414 705 471 Ital.
737 430 917 471 sacra.
952 413 1010 471 Si
1042 428 1206 484 porro
1232 412 1421 469 isthaec
1447 410 1654 481 epoclia
1684 409 1813 482 legi-
1838 418 1892 482 Α
1915 408 2265 480 dituruinque
2315 411 2534 469 scriniis
2583 420 3018 475 contest-ventur,
3068 409 3264 468 falsum
3312 412 3525 469 soluti.-

204 508 337 559 tima
368 506 462 571 sit,
488 507 596 563 erit
621 507 789 565 etiam
820 505 1178 577 adjiciendum
1205 503 1345 562 hanc
1391 502 1563 573 ipsam
1608 502 1814 572 episto-

205 599 315 655 lam
349 598 529 670 pridie
556 597 671 656 kal.
714 598 971 655 novemb.
1005 598 1189 657 datam
1219 596 1419 661 fuisse;
1450 594 1658 667 quippe
1690 607 1814 664 qum

205 692 464 751 eumdem
489 692 635 748 diem
665 702 852 763 aperte
876 690 1092 761 prodat.
1256 749 1262 759 ,

277 784 355 841 ν*
393 793 452 840 et
506 784 605 842 για
657 783 885 857 Syagrio
927 782 1229 841 Veronensi
1279 783 1546 853 episcopo
1589 777 1814 851 scriptae

209 889 359 934 sunt.
414 877 512 937 llis
559 878 886 936 Ambrosius
934 878 1013 935 illi
1061 878 1280 935 nuntiat
1322 876 1587 949 judicium
1631 875 1703 932 ab
1746 889 1815 931 eo

204 976 401 1028 contra
424 969 684 1027 indiciam
710 970 976 1042 virginem
1005 970 1196 1039 latum,
1219 985 1249 1024 a
1270 985 1332 1026 se
1356 970 1413 1027 in
1431 967 1815 1039 episcoporum

204 1072 481 1119 conventu
512 1064 809 1119 rescissum
837 1076 982 1118 esse.
1011 1060 1271 1131 Quamvis
1298 1071 1481 1117 autem
1506 1059 1599 1131 qui
1627 1058 1817 1117 volunt

206 1157 259 1213 id
289 1159 592 1228 contigisse
627 1172 774 1213 anno
800 1156 909 1215 380
936 1156 1140 1213 nullam
1182 1155 1457 1225 opinionis
1484 1171 1599 1219 suat
1644 1155 1810 1219 ratio-

203 1266 331 1307 nem
362 1250 630 1319 reddam;
664 1252 824 1307 nobis
865 1262 1042 1306 tamen
1088 1266 1185 1309 cur
1226 1251 1296 1307 ab
1333 1249 1415 1307 eis
1456 1266 1562 1307 non
1592 1248 1817 1308 receda-

201 1361 349 1412 mus,
383 1360 565 1403 causa:
600 1360 710 1402 non
751 1344 971 1401 desunt.
1006 1344 1140 1400 Nam
1180 1344 1360 1416 primo
1392 1345 1513 1403 loco
1540 1343 1677 1402 satis
1705 1345 1813 1400 cla-

202 1455 327 1497 rum
355 1450 444 1496 est
472 1441 593 1511 ipso
618 1439 965 1511 episcopatus
992 1438 1239 1509 ejusdem
1273 1438 1485 1510 Syagrii
1512 1434 1667 1494 initio
1698 1436 1816 1493 hac

204 1530 348 1589 facta
404 1546 574 1596 esse,
627 1545 751 1595 cum
798 1529 1001 1587 indicia
1051 1546 1176 1599 quat
1227 1529 1295 1587 ab
1349 1531 1468 1600 ejus
1519 1529 1814 1589 decessore

202 1625 432 1685 Zenone
453 1635 579 1681 ante
605 1626 806 1685 multos
826 1639 1001 1681 annos
1028 1624 1206 1680 velum
1235 1632 1544 1694 acceperat.
1568 1622 1816 1685 criminis

200 1726 594 1801 accusareer
646 1715 989 1787 potissimum
1035 1714 1090 1771 in
1135 1716 1388 1791 juniores
1434 1732 1646 1784 annos,
1698 1715 1816 1773 anis

1917 514 2091 561 tuere.
2133 503 2378 561 Primum
2412 503 2545 560 illud
2583 520 2693 559 non
2731 505 2807 560 ita
2851 502 3095 561 insolens
3131 514 3250 574 est,
3280 521 3383 562 nec
3408 519 3520 562 tam

1914 594 2073 655 facile
2096 596 2547 665 deprehenditur.
2574 596 2811 653 maxime
2830 595 2877 652 si
2899 601 3094 652 auctor
3112 599 3207 667 qui
3236 597 3525 669 peregrine

1914 688 2175 745 idimuate
2195 689 2503 760 scripserit,
2524 688 2811 758 adoptetur
2834 706 2849 744 :
2872 690 3175 747 secundum
3199 706 3330 747 vero
3353 706 3524 762 prope

1914 781 2216 837 inauditum
2253 790 2359 846 est,
2404 797 2507 839 nec
2546 780 2720 844 ferme
2768 781 2871 839 nisi
2917 782 2987 841 ab
3033 791 3253 847 sini-tite
3298 782 3522 839 immitte

1917 875 2113 929 tentari
2142 882 2327 944 qut-at.
2356 873 2492 944 Quis
2520 874 2685 944 igitur
2722 874 2827 930 sibi
2874 875 3199 945 persuadeat
3229 875 3518 946 ιιι-κεύθω

1914 965 2215 1029 eruditum,
2258 967 2456 1021 latitant
2490 967 2801 1037 propriam,
2837 977 2998 1036 atque
3034 965 3294 1025 Ecclesiae
3331 965 3519 1023 catho-

1912 1056 2030 1112 lica:
2074 1072 2292 1113 causam
2340 1058 2664 1119 Arianorum
2710 1058 2926 1129 probris
2965 1072 3030 1114 ac
3056 1059 3305 1115 ludibriis
3348 1075 3519 1131 usque

1914 1150 2054 1205 adeo
2107 1150 2491 1221 prostituisse?
2540 1151 2675 1207 Nam
2730 1166 2856 1217 cum
2906 1150 3051 1211 idem
3100 1150 3194 1211 ille
3247 1153 3518 1223 integrum

1914 1239 2221 1301 Concilium
2266 1257 2433 1313 penes
2470 1258 2531 1299 se
2559 1242 2815 1307 haberet,
2848 1244 3003 1315 cujus
3030 1246 3196 1301 etiam
3226 1247 3512 1316 epoeltam,

1915 1334 2369 1409 subscriptiones,
2394 1337 2521 1397 licet
2541 1338 2740 1396 alicubi
2766 1350 3074 1410 corruptas,
3097 1354 3201 1399 nec
3223 1355 3331 1397 non
3351 1356 3520 1413 syno—

1914 1430 2115 1487 dalium
2166 1416 2527 1503 epistularum
2578 1446 2793 1505 partem
2841 1438 3166 1505 retinuerit,
3221 1450 3279 1495 ut
3330 1439 3523 1497 scribit

1912 1523 2145 1596 ipsemet
2183 1524 2519 1594 Chillletins;
2564 1544 2673 1598 quo
2714 1538 2870 1600 pacto
2912 1530 3017 1587 sibi
3060 1540 3266 1588 tantum
3308 1533 3519 1589 adulari

1916 1622 2111 1692 potuit,
2141 1630 2201 1681 ut
2228 1620 2481 1679 crederet
2506 1622 2647 1681 hanc
2667 1625 2915 1682 eatiidem
2938 1626 3205 1698 synodum
3232 1625 3373 1695 apud
3405 1627 3526 1681 nul—

1916 1713 2027 1771 lum
2064 1716 2231 1777 alium
2267 1732 2444 1789 neque
2489 1718 2545 1777 in
2586 1715 2796 1786 Africa,
2827 1731 3003 1788 neque
3031 1719 3083 1774 iu
3109 1718 3310 1785 Gallia,
3339 1734 3519 1789 neque

201 1826 464 1887 tuumque
507 1809 689 1867 minus
736 1822 1007 1867 maturum
1055 1810 1325 1882 quadrare
1370 1810 1520 1867 soliti
1563 1828 1576 1865 :
1617 1809 1815 1867 deinde
1846 1817 1894 1877 Β
1920 1810 1974 1866 in
2022 1809 2170 1869 Italia
2217 1810 2333 1882 ipsa
2379 1827 2609 1883 usquam
2654 1812 2903 1870 servari?
2944 1813 3085 1882 Quin
3133 1815 3304 1871 imaue
3348 1830 3520 1884 quare

200 1905 426 1962 Nicetus
452 1905 566 1973 ille,
598 1905 758 1973 cujus
787 1904 994 1961 mentio
1029 1901 1091 1965 lit
1133 1904 1186 1959 in
1234 1904 1337 1959 bac
1375 1904 1628 1974 epistola,
1665 1903 1809 1961 idem

199 2014 327 2055 esse
355 1998 701 2055 existimatur
736 2005 901 2068 atque
943 1994 991 2051 is
1036 1994 1281 2065 Nicetus,
1309 2011 1469 2067 quem
1507 1995 1594 2051 lex
1633 1996 1690 2052 ll
1732 1995 1815 2051 Ne

199 2102 441 2147 sanctum
467 2090 745 2159 baptisma,
771 2098 906 2153 etc.,
935 2102 1079 2145 anno
1103 2088 1208 2143 577
1235 2087 1361 2144 data
1388 2097 1675 2145 memorat.

280 2183 400 2239 γιιι
431 2192 487 2238 et
527 2178 684 2238 νιιιτ
711 2180 867 2239 Justo
912 2180 1056 2237 inter
1106 2178 1498 2252 Lugdunenses
1548 2180 1812 2251 prtesules

202 2277 369 2333 tertio
408 2274 623 2335 decimo
651 2273 830 2335 missae
872 2271 1190 2341 creduntur.
1219 2272 1405 2349 Itaque
1449 2286 1572 2331 cum
1614 2272 1663 2328 is
1691 2281 1813 2344 post

200 2369 501 2426 concilium
555 2366 939 2439 Aquileiense,
995 2366 1082 2423 cui
1133 2365 1299 2421 simul
1349 2380 1473 2427 cum
1522 2364 1813 2425 Ambrosio

199 2481 348 2522 anno
392 2463 493 2521 58l
545 2461 896 2526 interfuerat.
947 2461 1159 2523 dicatur
1210 2475 1504 2532 numquam
1553 2459 1812 2535 deinceps

199 2558 533 2630 Lugdunum
584 2556 913 2626 revertisse,
957 2556 1053 2613 sed
1101 2557 1151 2613 in
1198 2553 1419 2630 Egypti
1448 2571 1509 2612 se
1538 2556 1813 2629 recepisse

198 2649 566 2716 solitudines;
600 2648 728 2715 hinc
756 2647 990 2709 efﬁcitur
1020 2657 1304 2721 utramque
1341 2648 1630 2723 epistolam
1664 2649 1810 2707 dicta

200 2744 418 2819 synodo
442 2745 678 2816 priorem
702 2757 847 2801 esse.

275 2836 446 2912 [Attin
479 2835 632 2910 581.]
665 2836 792 2905 IX“,
826 2835 925 2901 Χδ,
956 2834 1058 2897 X1"
1085 2846 1140 2892 et
1165 2834 1289 2892 XIIal
1326 2851 1406 2893 ea:
1443 2844 1593 2906 sunt,
1616 2836 1812 2909 quibus

200 2932 560 3003 Aquileiense
579 2930 872 2989 concilium
896 2932 948 2991 in
972 2944 1136 2987 causa
1149 2929 1376 2989 Palladii
1400 2943 1465 2985 ac
1484 2928 1812 2987 Secundiatti

203 3026 454 3085 habitum
480 3026 821 3083 occasionem
848 3023 1020 3081 dedit.
1061 3024 1186 3080 illas
1216 3039 1321 3085 una
1348 3038 1473 3081 cum
1504 3024 1644 3081 actis
1670 3022 1813 3095 ejus-

202 3118 331 3175 dem
356 3118 573 3175 concilii
601 3118 742 3177 hanc
768 3118 822 3173 in
848 3115 1145 3181 editionem
1169 3133 1278 3177 non
1306 3117 1482 3171 solum
1513 3114 1640 3175 ideo
1663 3129 1813 3175 rece-

1916 1918 2042 1959 vet-a
2089 1903 2178 1961 illa
2226 1912 2581 1967 monumenta
2629 1920 2737 1963 non
2787 1906 2904 1976 ipse
2952 1905 3217 1977 vulgavit,
3260 1907 3521 1977 majorem

1917 1997 2057 2052 ltaud
2103 1998 2266 2057 dubie
2304 1998 2569 2055 adversus
2599 1998 2888 2057 hieretieos
2918 2000 3027 2055 vim
3055 1998 3327 2064 habitura,
3356 2017 3521 2073 quani

1914 2092 2331 2148 commentitial
2362 2092 2481 2153 Hue
2508 2094 2649 2151 adde
2677 2093 2810 2151 nihil
2842 2093 2896 2148 in
2926 2094 3118 2150 iisdem
3155 2096 3306 2151 Actis
3334 2109 3529 2151 occur-

1915 2200 2058 2253 rere,
2086 2186 2230 2257 quod
2260 2202 2368 2243 non
2391 2197 2717 2258 argumento
2734 2195 2794 2243 et
2814 2188 3064 2258 personis
3086 2202 3155 2243 ex
3187 2199 3437 2258 tempore
3458 2201 3527 2243 ne

1913 2279 2095 2341 subito
2123 2280 2360 2349 quodam
2395 2280 2580 2335 calore
2606 2279 3018 2348 disputantibus
3054 2290 3183 2349 apte
3228 2289 3518 2351 congruat.

1986 2368 2155 2427 Instat
2176 2380 2358 2427 tamen
2379 2371 2560 2429 adhuc
2580 2370 2912 2438 Cltiflletius,
2936 2379 2996 2425 et
3020 2370 3167 2441 quod
3196 2370 3518 2429 Valerianus

1915 2460 2028 2516 illic
2054 2460 2353 2523 Ambrosio
2379 2473 2571 2525 contra
2600 2464 2769 2525 decus
2809 2478 2873 2521 ac
2910 2463 3060 2523 sedis
3100 2463 3526 2525 mediolanensis

1915 2554 2233 2624 dignitatem
2281 2572 2502 2627 semper
2550 2568 2922 2627 pra-ponetur,
2970 2572 3072 2615 nec
3102 2574 3213 2615 non
3259 2557 3526 2617 Anemius

1913 2642 2116 2719 lllyrici
2150 2648 2448 2718 primatum
2491 2648 2597 2703 sibi
2639 2649 2989 2711 vindicando,
3014 2667 3082 2711 es
3128 2667 3289 2723 atquo
3330 2663 3525 2709 contra

1914 2739 2241 2796 modestiam
2272 2756 2338 2798 ac
2366 2742 2653 2803 veritatem
2681 2753 2902 2814 peccet,
2948 2745 3325 2815 reprehendit.
3359 2746 3522 2817 Atqui

1915 2835 1959 2886 si
1992 2847 2120 2887 vera
2167 2833 2397 2888 Coneilii
2437 2832 2599 2902 Acta,
2633 2846 2691 2889 ut
2736 2833 3045 2890 Chlfﬂetius
3096 2835 3281 2904 tradit,
3333 2836 3526 2892 habuit

1921 2924 2169 2997 Vigilius,
2209 2941 2306 2982 cur
2341 2928 2395 2989 in
2423 2929 2509 2983 eis
2558 2928 2649 2987 illa
2697 2929 3046 2998 potissimum
3077 2938 3282 2989 mutata
3326 2930 3526 2997 voluit,

1918 3018 2061 3074 unde
2106 3018 2336 3077 minimo
2388 3020 2608 3090 negotio
2662 3019 2811 3079 fraus
2839 3022 2961 3089 ejus
3004 3030 3170 3091 atque
3217 3022 3522 3090 intposturs

1917 3112 2301 3184 detegeretur?
2324 3112 2433 3170 Sed
2466 3112 2604 3170 nihil
2633 3113 2757 3169 istic
2776 3153 2794 3181 ,
2822 3100 2967 3183 quod
2992 3113 3191 3173 merito
3217 3114 3522 3185 reprehen-

206 3212 426 3281 pimus,
468 3208 593 3278 quia
640 3209 696 3267 in
738 3207 983 3267 Romana
1013 3206 1230 3264 fuerant
1273 3208 1557 3278 evulgatus,
1588 3216 1644 3265 et
1671 3205 1812 3264 inter
1839 3212 1887 3277 ο
1918 3205 2100 3277 datur,
2144 3206 2441 3267 admissum
2469 3220 2596 3265 esse
2627 3220 2659 3265 a
2686 3204 2849 3269 nobis
2888 3204 3360 3269 demonstrabitur
3394 3220 3524 3276 pre-

205 3299 572 3356 Ainbrnsiana
602 3315 767 3371 opera
799 3300 852 3355 in
881 3300 1267 3371 manuscriptis
1296 3300 1622 3372 quibusdam
1650 3316 1808 3374 repe-

203 3393 459 3459 riuntur;
491 3393 585 3449 sed
629 3393 798 3453 multo
830 3395 1006 3463 magis
1038 3394 1186 3465 quod
1225 3394 1472 3455 l’atribus
1499 3393 1814 3467 Aquileien-

202 3486 360 3542 sibus
387 3496 443 3541 et
463 3486 662 3557 linguae
688 3485 743 3547 in
770 3486 1121 3558 disputando,
1146 3495 1202 3542 et
1227 3501 1416 3545 manus
1444 3486 1497 3544 in
1524 3486 1815 3545 scribendo

180 3579 451 3639 .oUicium
483 3578 808 3649 praestitisse
852 3588 1110 3635 noscatur
1157 3588 1377 3639 sanctus
1420 3578 1648 3637 Praesul.
1695 3578 1813 3641 lant

202 3687 342 3729 vero
385 3684 600 3745 tempus
643 3673 861 3731 concilii
910 3674 1058 3731 clare
1102 3673 1385 3749 delinitur,
1413 3690 1537 3735 cum
1567 3675 1812 3748 ejusdem

202 3776 329 3823 aeta
373 3764 588 3841 Syagrii
636 3778 800 3840 atque
842 3767 1098 3831 Eucherii
1125 3783 1269 3825 coss.
1302 3770 1521 3829 nomina
1554 3771 1606 3827 in
1633 3768 1845 3833 fronte

205 3861 542 3935 praeferant,
573 3879 806 3936 quorum
840 3864 1183 3925 consulatum
1214 3864 1267 3921 in
1297 3879 1497 3921 annum
1539 3864 1639 3922 581
1681 3865 1818 3921 inci-

204 3959 361 4017 disse
386 3968 547 4015 extra
573 3958 795 4015 dubium
823 3968 930 4015 est.

283 4051 549 4113 Attamen
576 4052 708 4125 quid
753 4050 1015 4111 faciemus
1045 4052 1106 4108 P.
1147 4051 1345 4113 Franc.
1374 4048 1679 4122 Cliillletio,
1724 4053 1815 4125 qui

207 4143 408 4199 eadem
455 4146 585 4203 Acta
627 4144 933 4205 adulterina
980 4159 1125 4213 esse,
1156 4156 1211 4201 et
1250 4160 1281 4199 a
1316 4144 1514 4217 Vigilio
1553 4145 1819 4216 Tapsettsi

206 4238 307 4307 qui
359 4245 606 4297 vertente
649 4239 843 4311 quinto
886 4238 1090 4294 saeculo
1132 4238 1510 4309 scriptitabat,
1553 4236 1816 4303 fabricata

208 4329 532 4396 contendit;
579 4345 755 4403 eoque
800 4346 910 4386 non
948 4332 1126 4391 solum
1156 4333 1250 4388 illa
1289 4332 1378 4395 edi
1424 4332 1636 4393 curavit
1674 4334 1819 4391 inter

212 4424 461 4495 legitima
486 4423 661 4495 Vigilii
693 4440 878 4496 opera,
911 4425 1007 4483 sed
1034 4435 1089 4483 et
1110 4426 1372 4498 judicium
1409 4441 1567 4485 suum
1598 4426 1819 4499 propria

209 4520 607 4576 dissertatione
656 4519 934 4577 defendit?
978 4518 1088 4581 Nos
1135 4536 1263 4577 vero
1314 4531 1371 4577 ut
1418 4529 1681 4592 appareat
1719 4535 1818 4579 cur

1919 3297 2051 3368 priis
2078 3295 2235 3355 locis.

1987 3390 2111 3449 Alia
2141 3389 2401 3455 nonnulla
2431 3389 2627 3461 objicit
2656 3387 2800 3459 idem
2831 3398 3027 3453 auctor
3061 3388 3152 3457 iis,
3179 3404 3302 3462 quae
3327 3390 3524 3455 retulie

1914 3498 2036 3541 mus
2057 3483 2236 3545 adhuc
2262 3482 2557 3549 debiliora,
2590 3496 2645 3545 et
2672 3499 2909 3555 quorum
2935 3483 3116 3556 aliqua
3140 3499 3250 3547 non
3276 3483 3444 3547 modo
3464 3485 3521 3549 in

1916 3592 2030 3633 rem
2067 3577 2184 3648 ejus
2213 3575 2350 3641 nihil
2383 3576 2624 3645 faciant,
2659 3577 2756 3645 sed
2802 3589 2856 3633 et
2888 3579 2942 3637 in
2969 3576 3150 3648 ipsum
3188 3576 3405 3655 possint
3434 3590 3522 3641 ra-

1917 3672 2160 3742 torqueri
2209 3670 2419 3743 majore
2464 3670 2598 3726 ictu.
2650 3669 2995 3745 Quapropter
3041 3684 3152 3733 non
3207 3669 3525 3739 dubitamus

1916 3777 2179 3833 germana
2209 3778 2332 3820 esse
2358 3762 2474 3825 haec
2498 3762 2691 3821 eadem
2715 3775 2857 3833 acta,
2889 3764 3131 3837 illudque
3157 3781 3325 3829 unum
3347 3782 3524 3835 exop:

1921 3868 2184 3924 tareutus,
2216 3873 2413 3928 nempe
2444 3866 2502 3913 ut
2527 3858 2738 3931 integra
2766 3860 2833 3925 ad
2867 3867 3112 3925 nostram
3144 3869 3363 3923 aetatem
3407 3862 3524 3931 ipsa

1922 3953 2321 4021 pervenissent.
2372 3948 2507 4011 Nam
2560 3950 2706 4023 quod
2760 3950 3070 4020 Cbifﬂetius
3128 3969 3228 4022 pro
3274 3952 3524 4024 corripies-

1922 4053 2109 4103 mettto
2133 4044 2295 4115 hujus
2318 4046 2502 4117 operis
2526 4045 2773 4113 libellum
2798 4046 2865 4111 de
2891 4043 3021 4113 Filii
3041 4043 3311 4111 divinitate
3332 4047 3525 4113 obtruv

1922 4141 2055 4201 dere
2093 4139 2256 4203 nobis
2303 4140 2513 4205 voluit,
2554 4140 2608 4199 id
2653 4141 2724 4198 ab
2752 4142 2899 4201 omni
2926 4142 3115 4211 specie
3149 4139 3397 4205 veritatis
3423 4155 3527 4205 suo

1922 4235 2045 4295 loco
2098 4244 2209 4297 tam
2273 4231 2577 4301 abhorrere
2635 4234 3080 4303 declarabimus,
3137 4250 3302 4307 quam
3372 4236 3521 4306 quod

1922 4346 2181 4395 mustine.

1992 4423 2160 4500 [Αιιη.
2192 4421 2294 4491 581
2341 4431 2399 4487 et
2422 4420 2583 4495 δελ]
2625 4421 2772 4489 Χηιι
2803 4432 2858 4485 et
2886 4423 3037 4481 χιι·
3066 4424 3319 4497 epistolis
3342 4465 3357 4491 ι
3386 4439 3528 4497 quas

1922 4534 2021 4576 cur
2048 4517 2430 4583 Ambrosianis
2457 4516 2894 4589 adjunxerimus,
2934 4517 3052 4579 illic
3075 4533 3107 4575 ι
3148 4518 3310 4583 niihis
3352 4520 3530 4590 capti,

209 4611 474 4669 assentiri
523 4612 703 4668 eidem
744 4628 849 4670 non
898 4614 1266 4684 potuerimus,
1314 4614 1589 4686 praecipua
1645 4612 1816 4684 ipsius
1844 4607 2163 4677 Dcabitur,
2221 4614 2444 4679 nomine
2488 4611 2748 4675 Italorum
2812 4612 3199 4682 episcoporum
3245 4612 3529 4683 inscripta)

210 4706 606 4776 dispiciemus,
650 4720 812 4776 quam
857 4705 1179 4765 brevissime
1218 4706 1376 4763 nobis
1407 4707 1624 4771 licebit,
1662 4721 1823 4777 argu-

215 4806 432 4857 menta.

286 4890 490 4951 Narrat
529 4891 690 4963 igitur
719 4891 976 4963 Vigilium
1004 4891 1073 4948 ad
1104 4889 1505 4963 procudendam
1553 4888 1825 4962 synodum

213 4990 371 5047 illam
409 5002 475 5045 ea
514 5004 576 5045 re
614 4988 857 5052 ductum,
884 4986 1027 5058 quod
1058 4987 1310 5045 Arianos.
1338 4998 1479 5055 quos
1510 4986 1826 5054 impugnare

214 5083 473 5153 professo
498 5081 719 5137 nomine
747 5081 1062 5150 neutiquam
1091 5078 1349 5144 audebat,
1372 5077 1584 5137 facilius
1612 5076 1825 5147 objecta

212 5176 443 5235 concilii
492 5176 819 5232 auctoritate
864 5175 1225 5233 arbitraretur
1268 5187 1389 5231 esse
1435 5170 1822 5229 confutandns.

216 5269 369 5327 Illud
389 5276 574 5327 autem
596 5268 721 5323 inde
750 5266 1061 5330 conlirmat,
1085 5265 1228 5335 quod
1259 5266 1401 5329 alios
1424 5280 1639 5336 quoque
1665 5263 1830 5323 libros

213 5366 321 5418 abs
352 5377 411 5416 se
437 5360 773 5429 compositos
795 5358 1095 5414 Athanasio
1120 5367 1284 5429 atque
1315 5359 1601 5417 Ambrosio
1629 5372 1834 5429 suppo-

215 5456 399 5512 suerit
421 5452 565 5508 idem
599 5451 850 5521 Vigilius.
885 5450 1083 5507 Verum
1129 5460 1187 5507 ut
1226 5453 1463 5511 maxime
1491 5459 1644 5509 certa
1687 5462 1833 5509 esset

217 5547 418 5605 ultima
455 5545 555 5599 ista
583 5543 905 5613 suppositio,
945 5541 1235 5613 plurimum
1278 5543 1423 5599 inter
1457 5556 1517 5597 se
1554 5540 1643 5599 illa
1671 5540 1831 5607 dilfev

218 5649 380 5703 runt,
404 5636 591 5692 libello
613 5635 848 5706 cuipiam
874 5650 1064 5691 recens
1083 5634 1401 5691 elucubrato
1423 5634 1627 5690 veteris
1649 5643 1836 5691 aucto-

1920 4715 2068 4763 sunt.
2101 4705 2281 4763 Prima
2309 4714 2558 4763 versatur
2586 4714 2695 4761 tam
2722 4704 2776 4766 in
2802 4718 2968 4769 causa
2992 4704 3307 4769 sebisntatis
3333 4704 3531 4771 Antio.

1923 4801 2124 4866 cheni,
2174 4813 2337 4870 quam
2388 4797 2797 4855 ordinationum
2852 4796 3071 4855 Maximi
3123 4797 3314 4871 Cynici
3364 4809 3533 4866 atque

1922 4891 2163 4949 Nectarii
2197 4910 2210 4945 :
2239 4906 2471 4960 quorum
2501 4891 2728 4949 ultimus
2759 4890 2827 4945 ad
2856 4890 3045 4951 sedem
3069 4890 3534 4960 Constantinopo-
3592 4911 3604 4923 -

1927 4986 2146 5040 litanant
2174 4985 2227 5040 in
2252 4981 2464 5055 synodo
2492 4983 2788 5039 universali
2810 4997 2957 5039 anno
2980 4994 3187 5045 tantum
3213 4984 3311 5047 ‘58l
3341 4996 3532 5043 mensis

1928 5079 2129 5135 ntartio
2172 5076 2286 5133 illic
2335 5077 2541 5141 habita.
2591 5077 2682 5133 vel
2729 5086 2790 5131 ut
2834 5076 3025 5141 volunt
3069 5077 3188 5141 alii,
3237 5091 3385 5132 anno
3427 5075 3537 5138 583

1929 5184 2121 5227 rursus
2149 5176 2363 5235 coacta,
2405 5168 2508 5227 fuit
2533 5168 2798 5231 adscitus.
2830 5168 3021 5239 Itaque
3050 5173 3095 5227 si
3121 5168 3209 5229 cui
3242 5167 3540 5231 allulinem

1931 5263 2103 5334 prima
2157 5260 2428 5317 sententia
2456 5301 2471 5324 ,
2514 5259 2811 5330 quominus
2858 5261 3108 5317 eamdem
3155 5259 3443 5331 epistolam
3472 5260 3534 5321 in

1928 5353 2161 5410 concilio
2208 5351 2549 5423 Aquileiensi
2598 5352 2860 5422 scriptam
2906 5361 3157 5418 censeat,
3201 5351 3338 5411 nihil
3385 5362 3539 5413 vel»

1935 5449 2032 5511 bit.
2056 5448 2211 5517 Quod
2245 5464 2381 5507 vero
2422 5449 2490 5509 ad
2520 5448 2811 5519 epistolam
2842 5446 2989 5514 XIV,
3020 5462 3144 5503 cum
3176 5448 3231 5507 in
3267 5462 3330 5511 ea
3358 5446 3540 5515 Theo-

1934 5541 2090 5607 dosio
2112 5552 2339 5613 propter
2363 5541 2548 5601 datam
2570 5537 2845 5610 superiori
2870 5538 3285 5607 responsionem
3308 5552 3541 5611 agantur

1936 5636 2149 5707 gratiae,
2193 5636 2366 5705 ipsam
2393 5650 2424 5697 a
2451 5633 2687 5693 concilio
2710 5640 2839 5691 ante
2869 5642 3072 5693 sonum
3100 5630 3209 5695 58%
3241 5644 3545 5697 convocate

221 5734 306 5788 ris
338 5744 541 5787 nomen
570 5728 868 5791 ascribere,
890 5737 946 5784 et
970 5742 1066 5798 pro
1087 5743 1217 5783 vero
1241 5727 1501 5792 concilio,
1527 5726 1681 5795 cujus
1700 5724 1837 5783 Acta
1941 5744 2048 5793 non
2079 5729 2245 5783 fuisse
2276 5727 2576 5797 profectam
2610 5719 2959 5781 manifestum
2989 5734 3098 5781 est.

220 5826 341 5897 jam
374 5821 589 5895 pridem
618 5821 670 5876 in
709 5821 901 5892 vulgus
939 5819 1194 5891 exierint,
1231 5829 1287 5877 et
1316 5819 1683 5887 Ecelesiarum
1714 5832 1838 5872 ern-

2023 5820 2189 5893 [Δηιι.
2220 5816 2376 5889 585.]
2424 5816 2553 5877 XV“
2586 5825 2642 5881 ut
2692 5812 2862 5884 XVI‘.
2912 5815 2966 5875 in
3016 5818 3218 5890 quibus
3259 5820 3330 5885 de
3374 5830 3553 5881 morte
