4014 6290
457 287 565 346 855

1604 278 1850 341 SANCTI
1889 280 2211 341 AMBROSII
2251 282 2634 343 EPISTOLIE.

3651 284 3742 342 εδδ

447 400 629 457 sancti
657 400 935 471 Ascholii,
961 402 1139 475 deque
1166 401 1359 473 Auysii
1400 401 1454 455 in
1497 397 1683 456 sedem
1728 397 1848 469 ejus
1872 398 2067 455 subro-
2092 402 2147 462 A
2171 410 2349 470 perat,
2400 401 2588 457 sedata
2640 411 2820 471 esset,
2865 402 3062 459 iterum
3108 402 3361 474 sequenti
3411 401 3746 459 recruduerit.

456 494 684 567 gatione
728 495 946 568 agitur,
993 510 1104 553 non
1145 494 1371 551 alterius
1416 493 1543 548 anni
1587 505 1749 564 quam
1796 491 1903 549 585
1947 505 2071 549 esse

456 585 743 643 videntur.
778 587 1077 645 Ascholius
1121 587 1264 645 enim
1310 585 1572 640 Romanae
1600 582 1813 656 synodo
1838 598 1929 640 an.
1960 583 2070 640 582

463 679 765 737 celebratae
789 681 1135 747 interfuerat,
1165 681 1322 750 eique
1366 677 1622 751 Anysius,
1656 678 1888 734 Damaso
1916 678 2071 749 cujus

466 789 622 831 mors
651 790 799 832 anno
831 776 938 833 584
968 775 1205 847 ponitur,
1240 772 1418 830 adhuc
1445 772 1772 845 superstite,
1801 772 1914 845 jam
1947 787 2073 827 suc-

469 867 722 925 cedebat.
785 868 1052 936 Quocirca
1097 867 1224 933 dum
1268 877 1326 922 et
1368 865 1818 922 Thessalonicam
1868 864 2075 922 rediret

464 959 780 1025 Ascholius,
814 971 870 1017 et
897 959 1244 1016 Ambrosium
1292 959 1364 1016 de
1410 959 1565 1016 obitu
1614 959 1735 1031 ejus
1779 960 2069 1015 certiorem

473 1053 708 1126 Anysius
737 1053 962 1120 faceret,
997 1063 1304 1124 postremos
1329 1054 1458 1109 anni
1487 1052 1594 1109 582
1615 1068 1855 1121 menses,
1878 1068 1941 1110 ac
1965 1054 2069 1124 pri-

471 1162 592 1205 mos
621 1148 728 1204 585
756 1148 976 1204 interim
1004 1146 1285 1204 efﬂuxisse
1312 1162 1600 1203 necessum
1630 1148 1749 1203 fuit.

543 1236 711 1312 [Ann.
745 1238 899 1309 58M
953 1236 1127 1293 XVIIﬂ
1178 1248 1235 1295 et
1279 1238 1476 1295 χνιιια
1527 1248 1720 1296 contra
1761 1240 2075 1313 Symmachi

473 1333 820 1389 Relationem
849 1332 990 1389 data:
1019 1342 1164 1388 sunt.
1216 1333 1418 1389 Earum
1451 1342 1667 1405 tempus
1699 1348 1808 1390 non
1839 1333 2079 1390 difficul—

475 1435 561 1483 ter
585 1427 846 1498 cognosci
869 1436 1065 1499 potest.
1096 1427 1230 1483 Nam
1257 1444 1381 1484 cum
1412 1428 1803 1501 Symmachus,
1836 1428 2079 1485 Valenti-

474 1520 640 1575 niano
664 1520 767 1576 sub
814 1521 1006 1576 matris
1050 1521 1328 1578 haeretica:
1368 1523 1538 1579 tutela
1586 1523 1765 1579 adhuc
1800 1522 1997 1593 posito,
2025 1533 2080 1578 et

474 1613 737 1669 Gratiano
764 1613 988 1670 Maximi
1017 1615 1208 1671 fraude
1238 1631 1301 1671 ac
1323 1616 1536 1673 scelere
1565 1620 1862 1685 exstincto,
1886 1632 2079 1688 perop-

475 1713 768 1779 portunam
814 1707 1144 1764 revocandis
1177 1707 1493 1765 flctitiorum
1532 1711 1813 1766 numinum
1859 1711 2081 1783 religio-

2170 495 2431 550 Autumat
2459 493 2731 549 Baronius
2771 494 3006 564 priorem
3039 493 3202 566 hujus
3238 494 3628 565 persecutionis
3662 511 3753 551 an-

2170 602 2298 643 num
2342 586 2601 643 incidisse
2636 588 2692 643 in
2732 587 2841 646 586
2866 598 3137 660 reparata:
3167 587 3387 655 salutis,
3415 603 3525 659 quo
3550 597 3753 643 sanctus

2169 689 2360 736 noster
2385 679 2624 752 primum
2656 693 2818 736 suum
2849 679 3101 737 libellum
3129 693 3228 736 seu
3251 678 3539 750 epistolam
3561 677 3676 735 XXI
3693 680 3754 736 ad

2171 769 2620 827 Valentinianum
2649 770 2947 828 destinavit
2976 790 2990 826 :
3020 772 3278 845 proxime
3316 781 3501 829 autem
3530 775 3758 844 sequenti

2172 880 2318 921 anno
2349 865 2673 922 Sermonem
2700 866 2771 922 de
2798 866 3051 923 Basilicis
3083 867 3331 923 habitum
3356 867 3624 922 dominica
3651 867 3764 922 Pal-

2173 974 2404 1026 marum,
2423 974 2487 1015 ac
2508 959 2773 1030 postridie
2801 962 3063 1033 scriptam
3094 962 3161 1018 ad
3179 962 3550 1018 Mareellinam
3569 962 3760 1033 episto-

2172 1053 2301 1109 lam.
2330 1051 2587 1109 Attamen
2617 1069 2731 1109 rem
2780 1068 2939 1111 secus
2984 1069 3044 1111 se
3092 1054 3299 1111 habere
3343 1053 3632 1110 obscurum
3662 1069 3763 1108 non

2174 1154 2279 1203 est.
2326 1145 2486 1202 Enim
2515 1161 2647 1203 vero
2690 1161 2802 1218 quo
2843 1156 3093 1216 tempore
3155 1146 3411 1203 eumdem
3458 1145 3766 1203 Sermonem

2177 1239 2602 1309 pronuntiabat,
2632 1239 2859 1295 basilica
2901 1240 3103 1295 multos
3143 1239 3258 1310 jam
3286 1239 3406 1296 dies
3446 1255 3479 1295 a
3522 1239 3769 1295 militibus

2176 1332 2400 1387 obsessa
2427 1338 2569 1397 erat,
2593 1340 2650 1388 et
2678 1330 3023 1397 Ambrosius,
3058 1346 3129 1388 ne
3154 1343 3465 1403 raperetur,
3492 1330 3600 1387 illic
3625 1346 3652 1386 a
3680 1347 3773 1402 po-

2179 1425 2306 1496 pqu
2355 1425 2448 1481 diu
2502 1435 2779 1498 noctuque
2821 1426 3240 1495 asservabatur;
3284 1442 3409 1484 cum
3455 1427 3773 1484 econtrario

2181 1518 2521 1591 intelligatur
2568 1536 2634 1576 ex
2680 1521 2912 1591 epistola
2951 1520 3023 1576 ad
3073 1520 3448 1577 Mareellinam
3499 1522 3669 1592 ipsum
3710 1521 3774 1575 ad

2181 1612 2328 1668 aedes
2352 1613 2605 1684 pr0prias
2652 1614 2752 1670 hac
2781 1615 2898 1685 ipsa
2944 1614 3218 1670 dominica
3265 1614 3509 1670 cubitum
3534 1614 3774 1681 rediisse,

2184 1719 2459 1781 paratum,
2488 1710 2535 1765 si
2557 1709 2870 1781 iuberetur,
2892 1709 2948 1764 in
2980 1709 3231 1766 exsilium
3255 1709 3555 1781 proficisci.
3578 1708 3777 1764 Exinde

476 1799 639 1857 nibus
665 1800 1015 1857 occasionem
1063 1801 1456 1870 existimasset,
1488 1803 1670 1859 eidem
1698 1802 2079 1861 Valentiniano
2108 1796 2157 1856 B
2184 1804 2346 1860 etiam
2377 1819 2674 1875 cognoscas
2713 1804 2969 1861 eumdem
3015 1815 3268 1861 sanctum
3302 1804 3440 1860 feria
3468 1820 3551 1871 γι,
3586 1813 3642 1860 et
3659 1804 3780 1860 sab-

477 1891 821 1948 Relationem
868 1893 1066 1948 obtulit
1093 1909 1270 1950 suam.
1306 1894 1446 1951 Huic
1477 1896 1570 1952 ubi
1621 1896 1854 1967 primum
1906 1896 2081 1964 licuit,

481 1985 764 2055 respondit
792 1985 1115 2043 Ambrosius
1136 2030 1151 2054 ,
1184 1989 1442 2043 nimirum
1482 1990 1602 2060 ipso
1631 2004 1776 2045 anno
1802 1989 1943 2058 584,
1976 2005 2086 2061 quo

481 2090 537 2135 et
560 2078 680 2150 ipse
708 2095 740 2136 a
763 2080 936 2150 prima
961 2097 1059 2138 sua
1085 2082 1153 2138 ad
1177 2082 1472 2138 Maximum
1498 2095 1789 2156 tyrannum
1817 2085 2087 2157 legatione

482 2174 538 2230 in
568 2174 784 2231 Italiam
815 2176 1019 2244 rediit,
1053 2186 1112 2233 et
1137 2176 1497 2250 Symmachus
1520 2177 1683 2235 Urbis
1707 2178 2088 2250 praefecturam

484 2268 921 2327 administrabat.
947 2271 1215 2328 Caeterum
1236 2272 1291 2328 in
1316 2272 1419 2327 hoc
1439 2272 1739 2328 certamine
1759 2282 1944 2328 orator
1964 2287 2091 2344 pro—

488 2360 649 2418 fanus
697 2364 1000 2420 christiano
1031 2381 1210 2435 usque
1255 2364 1395 2422 adeo
1431 2365 1658 2421 inferior
1699 2365 1837 2430 fuit,
1886 2375 1945 2421 ut
1993 2380 2094 2421 nec

488 2469 600 2509 arae
624 2452 904 2525 Victoria),
936 2471 1040 2514 nec
1065 2456 1299 2513 aliarum
1328 2458 1767 2514 ceremoniarum
1794 2458 2098 2514 restitutio-

488 2550 615 2604 tiem
662 2548 960 2608 obtineret.
995 2550 1154 2608 Unde
1199 2551 1345 2607 haud
1376 2550 1601 2623 illepide
1643 2550 1846 2607 cecinit
1892 2551 1962 2609 de
1990 2551 2094 2608 hoc

488 2651 692 2700 eventu
722 2644 1043 2701 Ennodius:

708 2737 921 2802 Dicendi
947 2738 1150 2802 palmam
1172 2737 1389 2790 Victoria
1413 2739 1541 2790 tollit
1562 2741 1717 2792 amico
1741 2756 1755 2792 :

715 2800 912 2852 Transit
934 2800 994 2851 ad
1016 2801 1351 2865 Ambrosium,
1376 2802 1485 2867 plus
1504 2801 1640 2855 favet
1661 2805 1732 2854 ira
1751 2803 1893 2855 Deae.

573 2926 740 3000 [Ann.
767 2925 920 3000 385.]
951 2925 1105 2982 ΧΙΧει
1141 2926 1335 2998 Vigilio
1364 2926 1431 2983 ad
1459 2926 1843 2984 Tridentinum
1874 2927 2102 3000 episco-

495 3029 687 3092 patum
739 3029 867 3078 ante
910 3036 1117 3093 paucos
1158 3036 1376 3078 menses
1421 3031 1612 3078 evecto
1642 3037 1831 3078 eorum
1882 3038 2003 3094 qua:
2032 3023 2100 3079 ad

495 3115 807 3185 episcopale
850 3130 1050 3170 munus
1093 3116 1399 3186 pertinent,
1431 3124 1701 3186 praecepta
1735 3116 1922 3173 tradit.
1953 3116 2103 3188 Vigi-

2188 1900 2315 1955 bato
2335 1900 2583 1971 proxime
2603 1899 2874 1970 superiori
2896 1914 3106 1955 summa
3134 1915 3262 1955 cum
3288 1899 3539 1956 libertate
3552 1900 3708 1955 domo
3728 1898 3778 1952 in

2191 1993 2492 2050 Ecclesiam
2512 2002 2675 2065 atque
2691 2009 2757 2049 ex
2778 1992 3017 2049 Ecclesia
3037 1992 3264 2049 domum
3279 1993 3521 2048 itavisse.
3541 1991 3690 2047 Adde
3703 1990 3783 2046 bis

2190 2085 2445 2157 plurima,
2475 2101 2598 2157 qua:
2626 2087 2682 2141 in
2721 2085 2990 2143 Sermone
3012 2094 3420 2153 memorantur,
3465 2086 3524 2141 in
3554 2085 3640 2140 illa
3667 2086 3782 2155 epi-

2191 2181 2329 2237 stola
2357 2181 2577 2236 reticeri
2606 2197 2619 2235 :
2649 2180 2831 2252 qualia
2850 2189 2980 2237 sunt
3009 2179 3353 2252 promulgata
3372 2180 3459 2236 lex
3480 2192 3579 2251 pro
3595 2177 3784 2233 Arimi-

2193 2278 2346 2332 nensi
2370 2275 2627 2341 concilio,
2652 2275 2829 2344 jussio
2854 2274 3111 2331 veniendi
3133 2274 3199 2329 ad
3221 2272 3576 2337 Comitatum,
3597 2281 3781 2327 etcum

2193 2371 2244 2426 ei
2272 2381 2493 2427 sanctus
2521 2369 2725 2426 Prtesul
2755 2385 2861 2425 non
2896 2369 3203 2442 paruisset,
3245 2367 3547 2424 excedendi
3595 2364 3785 2421 Medio~

2196 2466 2343 2533 lano,
2377 2464 2561 2536 hymni
2608 2462 2846 2534 denique
2875 2463 2943 2518 ab
2988 2477 3054 2517 eo
3082 2461 3393 2531 compositi.
3438 2458 3624 2531 Neque
3659 2474 3783 2515 sane

2195 2558 2396 2630 opponi
2444 2565 2627 2628 potest
2654 2554 2837 2611 omnia
2880 2554 2972 2611 illa
3016 2554 3196 2611 sorori
3236 2554 3307 2609 ab
3351 2568 3421 2609 eo
3447 2552 3572 2607 aliis
3601 2551 3785 2607 litteris

2196 2666 2321 2709 esse
2346 2649 2683 2722 signiﬁcata;
2707 2663 2835 2705 nam
2865 2648 3081 2704 etiamsi
3108 2662 3181 2702 ex
3209 2644 3404 2702 eodem
3433 2644 3661 2700 Baronio
3684 2659 3784 2699 non

2197 2746 2443 2818 ejusdem
2466 2746 2592 2801 anni
2623 2744 2735 2800 sint
2765 2742 2995 2813 epistola
3025 2739 3147 2807 XX,
3173 2749 3228 2797 et
3259 2750 3558 2796 memorata
3580 2738 3783 2803 concio,

2200 2840 2255 2896 in
2286 2850 2516 2911 utraque
2565 2847 2746 2894 tamen
2794 2836 3065 2892 acerrime
3116 2836 3169 2890 in
3219 2831 3608 2890 exsecrandam
3645 2829 3785 2884 illam

2201 2934 2378 3005 legem
2407 2930 2710 2988 invehitur.
2745 2930 3034 2986 Postremo
3082 2943 3206 2985 cum
3235 2925 3524 2999 epistolam
3565 2921 3708 2978 illam
3736 2929 3785 2975 et

2202 3027 2523 3083 concionem
2575 3024 2914 3096 synchronas
2960 3036 3087 3079 esse
3133 3020 3419 3077 ambarum
3467 3016 3786 3073 demonstret

2203 3117 2563 3190 comparatio,
2610 3133 2676 3173 ex
2729 3131 2796 3173 eo
2843 3116 2963 3185 ipso
3004 3113 3149 3186 quod
3194 3127 3289 3169 eas
3332 3108 3602 3183 separavit
3651 3105 3781 3162 idem

490 3205 601 3262 lius
620 3222 794 3264 annos
813 3208 907 3275 ‘20,
932 3216 990 3262 ut
1013 3207 1185 3278 ipsius
1209 3215 1484 3264 testantur
1506 3213 1661 3275 Acta,
1683 3209 1897 3279 praefuit
1920 3210 2098 3267 eidem
2127 3195 2172 3258 C
2204 3211 2530 3278 Cardinalis,
2560 3226 2721 3282 quam
2749 3224 2939 3281 parum
2967 3208 3123 3264 firma
3151 3206 3271 3278 ejus
3294 3204 3482 3277 opinio
3508 3202 3611 3267 sit,
3639 3200 3783 3256 intel-

494 3300 757 3360 Ecclesia:
795 3323 807 3357 :
854 3304 974 3374 ejus
1014 3317 1154 3358 vero
1200 3303 1521 3375 martyrium
1571 3304 1867 3373 contigisse
1904 3304 2104 3361 dicitur

494 3396 600 3453 sub
628 3397 917 3452 consulatu
946 3396 1249 3461 Stiliconis,
1281 3411 1443 3468 quem
1473 3412 1620 3452 anno
1642 3395 1751 3452 400
1774 3406 1831 3453 et
1850 3398 1956 3454 405
1979 3414 2099 3453 eam

494 3489 816 3561 dignitatem
841 3490 1079 3560 gessisse
1099 3491 1488 3561 comperimus.
1522 3488 1710 3561 Itaque
1734 3492 2099 3560 pontificatum

497 3596 656 3637 suum
689 3596 798 3636 non
830 3580 1009 3652 potuit
1047 3582 1151 3637 nisi
1177 3598 1322 3638 anno
1362 3583 1468 3640 580
1495 3584 1579 3638 vel
1611 3582 1717 3639 585
1745 3583 1883 3639 inire
1928 3599 2100 3641 novus

497 3672 740 3744 praesul;
768 3673 915 3727 unde
944 3688 1067 3729 cum
1096 3688 1241 3730 anno
1270 3675 1396 3743 580,
1431 3691 1540 3746 quo
1570 3685 1624 3730 et
1653 3676 1904 3746 sequenti
1935 3677 2098 3731 etiam

497 3766 909 3823 Abundantium
933 3768 1079 3824 illius
1106 3768 1452 3826 decessorem
1481 3770 1535 3825 in
1565 3769 1702 3825 vivis
1729 3771 1905 3840 egisse
1935 3769 2104 3841 Aqui-

495 3862 722 3921 leiensis
743 3863 968 3920 concilii
993 3862 1130 3921 Acta
1162 3872 1455 3932 testantur,
1476 3863 1529 3919 id
1551 3878 1660 3919 non
1677 3864 1975 3934 contigisse
1998 3877 2104 3918 ma-

496 3956 759 4015 nifestum
783 3958 874 4025 sit,
908 3957 1236 4030 relinquitur
1262 3966 1324 4014 ut
1345 3958 1642 4030 contigerit
1663 3973 1809 4014 anno
1830 3956 1957 4014 585.
1982 3956 2102 4013 Non

494 4063 681 4108 tamen
718 4065 907 4107 sumus
938 4050 1111 4107 nescii
1134 4050 1502 4107 Mabillonium
1528 4060 1775 4105 nostrum
1803 4050 1855 4103 in
1878 4046 2101 4119 Praefat.

494 4146 680 4203 saeculi
733 4145 902 4213 quinti
953 4142 1301 4210 Benedictini,
1360 4145 1501 4200 Acta
1556 4142 1803 4213 quaedam
1854 4142 2100 4212 ejusdem

496 4239 684 4312 Vigilii
714 4240 813 4295 abs
848 4253 908 4295 se
951 4247 1245 4308 conspecta
1276 4244 1537 4293 testatum
1563 4250 1685 4292 esse
1710 4278 1725 4303 ,
1758 4235 1957 4307 quibus
2001 4236 2103 4307 ipsi

497 4349 610 4390 non
636 4334 765 4389 anni
807 4332 879 4389 20
904 4332 1284 4403 episcopatus,
1316 4331 1412 4386 sed
1449 4339 1659 4386 tantum
1692 4329 1763 4386 12
1800 4328 2107 4385 attribuan-

496 4438 605 4483 tur.
630 4424 838 4482 Verum
857 4441 928 4482 ne
948 4425 1103 4481 hisce
1125 4426 1276 4481 Actis
1298 4423 1697 4494 posterioribus
1720 4422 1884 4480 fidem
1908 4423 2105 4480 habea-

498 4532 648 4586 mus,
674 4517 809 4574 illud
835 4517 1136 4584 dissuadet,
1165 4517 1310 4589 quod
1334 4518 1387 4573 in
1412 4518 1515 4573 hac
1544 4516 1832 4589 hypotltesi
1857 4517 2099 4588 ejusdem

2201 3306 2403 3378 ligitur.

2273 3399 2381 3456 Sed
2411 3413 2511 3454 nec
2535 3397 2755 3454 levioris
2782 3397 2987 3468 negotii
3004 3405 3089 3452 est
3112 3393 3482 3465 persecutioni
3510 3389 3780 3463 posteriori

2202 3512 2403 3552 annum
2431 3495 2498 3551 ab
2527 3495 2808 3552 incarnato
2834 3492 2948 3550 Deo
2977 3492 3082 3549 587
3114 3490 3415 3546 ascribere.
3452 3486 3583 3544 Nam
3628 3485 3784 3556 potis-

2200 3589 2398 3644 simum
2428 3587 2575 3642 circa
2607 3584 2881 3657 paschalia
2913 3581 3356 3639 debacchabatur
3398 3581 3502 3636 ista
3539 3576 3780 3649 procella,

2202 3694 2434 3750 cumque
2474 3686 2666 3749 postea
2709 3675 3109 3742 deferbuisset,
3141 3674 3353 3744 legatus
3397 3672 3465 3727 ad
3511 3669 3783 3725 Maximum

2204 3773 2404 3829 missus
2431 3780 2517 3827 est
2544 3768 2888 3833 Ambrosius,
2920 3767 3078 3837 cujus
3118 3764 3450 3835 legationem
3492 3762 3650 3818 etiam
3690 3759 3783 3813 alia

2203 3864 2401 3936 legatio
2428 3862 2627 3919 deinde
2655 3868 2844 3918 secuta
2871 3869 2979 3926 est,
3009 3873 3075 3915 ac
3112 3858 3334 3914 demum
3368 3855 3556 3928 irrupit
3597 3856 3648 3909 in
3684 3853 3783 3907 lla-

2200 3960 2329 4015 liam
2359 3974 2483 4016 cum
2517 3957 2762 4014 exercitu
2795 3955 2939 4012 idem
2972 3963 3258 4027 tyrannus,
3281 3952 3430 4023 quod
3457 3954 3648 4006 factum
3670 3962 3784 4004 esse

2205 4064 2389 4107 mense
2435 4051 2679 4121 Augusto
2724 4047 2973 4105 nonnulli
3021 4045 3261 4103 tradunt.
3293 4045 3387 4100 His
3414 4051 3591 4099 atttem
3619 4040 3782 4096 omni-

2204 4144 2306 4200 bus
2346 4152 2453 4198 tam
2493 4143 2747 4214 exiguum
2784 4139 3050 4212 temporis
3079 4138 3314 4209 spatium
3346 4137 3481 4193 satis
3510 4134 3666 4191 fuisse
3702 4132 3780 4185 vix

2203 4238 2488 4306 quisquam
2519 4233 2726 4289 credat.
2755 4231 2836 4288 Ad
2868 4232 2987 4287 haec
3014 4231 3373 4303 Augustinus,
3399 4237 3459 4285 ut
3488 4225 3779 4299 peritiornm

2202 4327 2429 4383 calculis
2449 4326 2726 4392 delinitur,
2756 4340 2903 4380 anno
2926 4324 3032 4381 587
3062 4339 3158 4394 per
3181 4324 3315 4379 festa
3348 4320 3621 4378 Paschalis
3640 4318 3776 4390 geni-

2203 4426 2331 4481 talis
2376 4439 2534 4496 aquae
2581 4431 2928 4479 sacramento
2976 4429 3333 4492 regeneratus
3378 4428 3644 4487 estzqua:
3682 4425 3779 4465 non

2207 4522 2325 4591 ipso
2365 4527 2446 4575 tot
2492 4528 2873 4589 tantarumque
2910 4514 3190 4571 turbarum
3220 4527 3389 4578 anno,
3421 4509 3517 4567 sed
3556 4507 3780 4582 proxime

392 4638 401 4643 ν
496 4582 684 4686 Vigilii
714 4613 1065 4685 pontificatus
1088 4582 1216 4668 iniri
1242 4612 1527 4669 debuisset
1556 4582 1699 4668 anno
1727 4611 1833 4669 588
1861 4582 1942 4668 vel
1970 4613 2098 4679 505,
2128 4582 2182 4642 Ῐ)
2206 4582 2393 4670 secuto
2420 4610 2620 4667 factum
2648 4582 2948 4666 esse-idem
2982 4614 3230 4663 testatur.

496 4705 841 4778 proindeque
869 4706 1144 4762 alterutro
1174 4705 1453 4776 posterior
1478 4713 1627 4762 esset
1668 4704 1787 4760 haec
1832 4706 2057 4775 epistola
2085 4722 2099 4771 ;

496 4816 660 4874 quam
706 4808 891 4871 tamen
935 4808 1229 4870 antequam
1279 4798 1576 4856 Theodosii
1608 4800 1740 4870 lege
1785 4796 2100 4854 Judazorum

497 4907 622 4949 cum
668 4892 994 4949 Christianis
1040 4893 1296 4964 conjugis
1347 4892 1791 4964 prohiberentur,
1841 4891 1944 4947 hoc
1996 4903 2103 4959 est,

497 4996 625 5043 ante
668 5001 871 5042 annum
902 4985 1010 5044 588
1035 4986 1294 5055 scriptam
1324 4985 1692 5056 agnoscimus.
1725 4983 1940 5039 Etenim
1978 4999 2100 5039 cum

424 5066 430 5071 ’
494 5079 553 5134 in
581 5092 651 5135 ea
681 5077 1029 5149 putissimum
1059 5086 1253 5149 agatur
1281 5077 1350 5133 de
1376 5075 1692 5147 hujusmodi
1717 5076 2097 5142 matrimoniis,

496 5170 824 5227 Ambrosius
847 5172 938 5227 cui
966 5170 1159 5227 eadem
1191 5170 1280 5226 lex
1308 5171 1490 5243 ignota
1523 5185 1647 5227 esse
1675 5186 1783 5225 non
1817 5170 2103 5241 potuisset,

494 5262 648 5319 illius
690 5264 769 5319 uti
800 5263 1126 5320 auctoritate
1156 5262 1325 5319 dubio
1371 5263 1562 5334 procul
1589 5263 1693 5319 hac
1720 5263 1775 5319 in
1806 5278 1967 5320 causa
1997 5279 2103 5319 non

498 5354 796 5411 omisisset.

569 5445 742 5520 [Ann.
771 5447 877 5504 585
919 5458 976 5505 et
1023 5446 1175 5520 586.]
1206 5447 1339 5504 XX“
1369 5459 1426 5503 et
1474 5446 1630 5502 ΧΧΙα
1658 5462 1782 5504 cum
1834 5449 2104 5507 Sermone

498 5539 607 5596 illis
642 5541 904 5611 adjuncto
926 5557 959 5598 e
976 5542 1267 5599 vexatione
1282 5555 1448 5613 quam
1469 5555 1499 5594 a
1520 5539 1735 5596 Justina
1758 5541 2103 5612 imperatrice

497 5632 731 5704 aliisque
741 5632 964 5691 Arianis
982 5649 1176 5706 passus
1192 5643 1275 5691 est
1296 5632 1647 5700 Ambrosius,
1670 5640 1851 5687 ortum
1874 5634 2101 5689 duxere.

491 5723 558 5807 In
602 5726 858 5815 confesso
897 5739 983 5785 est
1013 5738 1261 5786 sanctum
1294 5726 1596 5785 Praesulem
1624 5724 1704 5810 sic
1737 5725 1908 5797 fuisse
1934 5728 2105 5808 agita-

496 5824 614 5878 tum
645 5819 751 5877 hac
780 5809 1135 5891 tempestate,
1166 5825 1225 5877 ut
1246 5810 1375 5878 cum
1398 5818 1589 5875 eodem
1622 5834 1766 5876 anno
1792 5824 1900 5891 quo
1934 5809 2104 5879 incoe-

2279 4703 2386 4763 Sed
2436 4703 2732 4758 Baronium
2779 4711 2945 4773 atque
2985 4698 3123 4755 alios
3163 4697 3216 4752 in
3261 4710 3507 4752 errorem
3544 4690 3666 4748 illud
3707 4689 3782 4744 in-

2205 4799 2389 4866 duxit,
2441 4796 2584 4868 quod
2631 4796 2805 4867 legem
2854 4808 2998 4848 anno
3046 4790 3152 4848 586
3202 4788 3395 4863 synodi
3444 4783 3783 4843 Ariminensis

2204 4891 2380 4962 gratia
2412 4889 2572 4944 latam
2591 4886 2838 4943 arbitrati
2870 4893 2998 4942 sunt
3027 4882 3256 4939 vexandi
3287 4879 3594 4937 Catholicos
3612 4890 3779 4932 ansam

2206 4983 2444 5040 dedisse.
2487 4980 2749 5037 Novimus
2790 4992 3008 5050 quoque
3034 4992 3063 5031 a
3091 4974 3430 5038 Mabillonio,
3459 4987 3528 5029 ex
3556 4984 3621 5026 eo
3650 4965 3780 5038 quod

2207 5074 2554 5146 Evangelium
2584 5073 2656 5129 de
2686 5073 2932 5143 ingressu
2979 5068 3182 5125 Christi
3212 5066 3640 5137 Hierosolymam
3665 5059 3780 5115 olim

2206 5168 2260 5224 in
2287 5167 2469 5224 multis
2500 5165 2758 5222 Ecclesiis
2799 5164 2972 5235 prima
3014 5161 3293 5218 Adventus
3318 5158 3584 5215 dominica
3609 5154 3783 5211 recita-

2205 5271 2380 5330 retur,
2418 5270 2471 5319 et
2502 5262 2666 5317 etiam
2713 5272 2857 5315 nunc
2902 5256 3193 5314 Mediolani
3239 5270 3360 5311 mos
3404 5255 3544 5311 idem
3572 5256 3777 5323 perstet.

2207 5358 2311 5413 hoc
2337 5356 2639 5420 observari,
2669 5354 2927 5409 nimirum
2966 5351 3145 5408 eidem
3175 5365 3322 5406 anno
3349 5351 3425 5405 ita
3455 5347 3609 5404 tribui
3638 5356 3781 5415 posse

2207 5450 2343 5506 duas
2368 5448 2488 5504 illas
2512 5447 2775 5519 epistolas
2799 5456 2962 5517 atque
2986 5444 3335 5508 Sermonem,
3367 5452 3428 5497 ut
3465 5455 3581 5512 qua:
3605 5436 3668 5492 ad
3694 5448 3775 5488 su-

2207 5560 2387 5601 rorem
2414 5551 2521 5608 est,
2551 5542 2603 5597 in
2630 5540 2899 5609 Paschate
2923 5538 3136 5594 dicatur
3159 5538 3381 5612 scripta,
3407 5534 3462 5590 in
3490 5528 3776 5603 sequentem

2206 5651 2340 5694 vero
2372 5635 2673 5691 Adventum
2705 5634 2808 5689 alia
2838 5642 2890 5689 et
2920 5629 3254 5687 memoratus
3281 5626 3476 5685 Sermo
3504 5624 3771 5704 rejieiatur.

2207 5728 2409 5785 Verum
2447 5735 2505 5783 ut
2534 5725 2791 5782 sileamus
2848 5722 2976 5780 tunc
3017 5720 3285 5798 temporis
3343 5734 3450 5800 non
3503 5725 3776 5800 eronsue-

2207 5813 2417 5892 tudine,
2445 5822 2538 5879 sed
2586 5836 2713 5878 casn
2743 5810 2976 5892 quodam
3008 5816 3207 5874 lectum
3240 5812 3363 5872 esse
3392 5808 3520 5869 illud
3549 5802 3770 5876 Evange-
