4014 6290
431 250 539 307 83)

1567 248 1819 309 usuri
1860 248 2184 308 attention
2227 249 2607 337 ceterum.
3616 259 3700 314 an

500 363 711 428 ΧΧΙΧι
740 377 1014 442 prmeepta
1047 366 1266 441 majoris
1301 366 1479 429 adhuc
1533 366 1888 439 perfectionis
1920 374 2032 429 trs.
2059 368 2114 433 Α
2136 367 2204 427 ad
2232 367 2644 439 Simpliclsuum
2677 369 2938 438 epistolas
2967 386 2996 426 ιι
3037 379 3232 429 saneto
3259 371 3499 435 Praescia
3534 375 3702 445 primis

432 457 509 517 dit
540 457 776 523 Irenmo.
821 461 1074 525 Ostendit
1119 463 1263 521 enim
1310 461 1375 525 ad
1419 469 1527 521 tam
1577 461 1874 532 perfectam
1912 476 2040 529 cum

434 565 651 615 summa
678 553 826 611 bono
854 555 1294 631 conjunctionem
1318 554 1564 626 aspirare
1595 555 1771 625 ipsqu
1801 554 2038 624 debere;

430 653 491 707 ut
534 644 602 703 ad
634 644 922 716 inferiora,
971 663 1091 721 quite
1131 650 1271 703 hanc
1307 646 1380 704 ob
1425 661 1645 707 causam
1684 646 2043 720 relinquenda

350 794 356 797 .
440 746 599 809 sunt,
628 755 926 813 numquam
963 741 1174 806 redeat.
1208 740 1358 803 Hane
1386 756 1519 813 ergo
1558 740 1852 812 epistolam
1882 756 2072 818 supev_

433 833 611 889 riores
647 831 788 891 duas
837 832 989 899 brevi
1028 842 1272 895 secutam
1313 832 1535 897 dubium
1577 848 1685 889 non
1727 840 1830 895 est.
1886 830 2045 901 Quod

442 936 707 1001 praeterea
749 927 996 995 Gratiani
1033 930 1283 991 luctuosa
1312 945 1493 998 mors,
1525 945 1648 1002 quas
1675 945 1782 988 non
1812 929 2049 991 obscure

448 1021 652 1080 ibidem
683 1021 978 1092 iudicatur,
1008 1023 1237 1087 multum
1270 1022 1583 1088 conﬁrmat.

520 1115 700 1181 ΧΧΧκ
731 1127 983 1177 versatur
1025 1118 1082 1176 in
1121 1120 1450 1191 exponendo
1477 1120 1659 1192 Aggei
1698 1120 1843 1177 loco.
1898 1116 2051 1183 Hs‘uc

445 1214 774 1273 Ambrosius
806 1215 992 1273 statim
1034 1223 1198 1286 atque
1240 1213 1417 1273 XXIX
1456 1215 1834 1288 obsignasset,
1882 1217 2053 1274 tradi,

447 1306 728 1380 dissetque
774 1307 1092 1377 tabellario,
1144 1309 1245 1370 abs
1273 1324 1334 1368 se
1378 1320 1658 1367 exaratam
1704 1313 1893 1383 primis
1934 1313 2055 1385 ejus

455 1402 638 1458 verbis
671 1401 1017 1463 testiﬁcatur.

520 1493 766 1564 XXXI',
804 1495 1030 1555 XXXII“
1078 1504 1136 1553 et
1206 1495 1458 1554 XXXIII“
1518 1496 1599 1554 sic
1662 1497 1765 1554 sibi
1822 1498 2055 1555 invicem

450 1599 902 1646 concatenanlur.
943 1589 1082 1648 Cum
1112 1602 1335 1653 sanctus
1381 1591 1586 1649 Prresul
1624 1592 1913 1664 quastioni
1955 1593 2057 1650 sibi

453 1685 522 1741 ab
548 1683 759 1745 Irenmo
787 1685 1085 1756 propositae
1111 1685 1341 1755 epistola
1383 1684 1559 1742 XXXI
1583 1686 1941 1743 satisfecisset
1962 1729 1978 1753 ,
2002 1687 2058 1743 in

2142 461 2261 517 initi
2291 462 2640 534 episcopatus
2659 464 2819 521 atlnis
2834 464 3073 535 scriptas
3101 467 3321 529 asserit,
3345 473 3404 519 ut
3425 480 3456 520 a
3483 466 3630 524 nobis
3650 468 3710 523 ad

2143 554 2433 623 epistolam
2460 553 2600 619 LXV
2629 556 3011 628 explicabitur.
3064 556 3198 624 Quae
3231 572 3361 614 tero
3387 557 3456 614 ab
3480 559 3715 629 opinione

2143 647 2444 709 doctissimi
2474 649 2781 709 Cardinslis
2810 651 2912 706 hoc
2940 652 3061 707 loco
3092 667 3193 707 nos
3214 662 3454 707 avocant
3478 668 3540 708 ea
3565 655 3721 724 potis-

2144 742 2343 799 simum
2370 753 2500 801 sunt
2524 783 2540 808 .
2596 745 2652 803 ι’
2688 744 2833 816 quod
2863 744 3205 816 intelligatur
3251 761 3320 801 es
3355 748 3474 818 ipso
3511 748 3724 805 exordio

2147 836 2392 908 epistola:
2420 837 2721 904 XXXVIII,
2752 839 3129 908 Ambrosium,
3159 855 3286 896 cum
3317 840 3471 896 illam
3494 843 3725 899 exaravit

2151 930 2205 988 in
2234 930 2416 989 medio
2440 931 2563 1002 ipso
2582 933 2913 995 concinnum
2937 948 3164 989 suarum
3188 948 3355 990 cursu
3371 933 3655 991 esstitisse:
3675 936 3726 992 ι’

2149 1027 2398 1085 ethnicos
2422 1029 2779 1101 philosophos
2802 1044 2835 1085 e
2850 1028 3024 1085 sacris
3053 1030 3260 1085 nostris
3276 1028 3606 1086 Auctoribus
3625 1033 3731 1101 pls-

2153 1122 2290 1178 rima
2321 1130 2596 1179 mutuatos
2621 1138 2729 1180 seu
2762 1125 2915 1194 quasi
2945 1123 3096 1179 aliud
3120 1122 3357 1194 agendo,
3378 1122 3475 1179 sed
3495 1138 3567 1179 es
3585 1124 3733 1179 insti-

2157 1223 2274 1272 tuto
2312 1215 2548 1288 probare
2574 1216 2922 1289 aggreditur,
2953 1215 3099 1288 quod
3150 1226 3533 1288 argumentum
3581 1217 3734 1273 etiam

2159 1310 2211 1365 in
2260 1309 2502 1382 Ezposit.
2537 1312 2671 1381 paul.
2718 1326 2882 1366 cxvtu
2928 1311 3063 1366 etin
3108 1310 3267 1367 libris
3312 1310 3380 1365 de
3434 1307 3740 1365 Patri-reb“

2160 1405 2398 1462 maxime
2426 1414 2643 1462 tractat.
2659 1404 2982 1477 Igiturhaud
3002 1420 3191 1477 parum
3207 1403 3507 1461 verisimile
3522 1414 3620 1468 est,
3632 1418 3740 1458 om-

2161 1515 2258 1557 nes
2278 1500 2402 1556 illas
2428 1500 2922 1557 cmunmentationes
2949 1498 3218 1555 adversus
3232 1497 3505 1569 superbos
3528 1498 3648 1552 illos
3672 1506 3747 1551 at-

2160 1612 2269 1668 que
2298 1596 2585 1667 imperitos
2610 1594 2858 1650 homines
2881 1635 2896 1661 ,
2922 1596 3016 1666 qui
3039 1608 3228 1650 sacros
3255 1593 3480 1648 eosdem
3508 1600 3747 1647 auctores

2162 1706 2194 1747 c
2214 1690 2562 1761 pedariorum
2587 1689 2829 1746 fontibus
2857 1688 3129 1757 hausisse,
3155 1690 3235 1742 uti
3262 1693 3501 1742 testatur
3536 1694 3748 1741 sanctus

452 1778 637 1837 citatis
682 1776 784 1834 sub
829 1777 950 1849 ejus
982 1777 1144 1836 tinem
1192 1780 1601 1837 Deuteronomii
1650 1782 1834 1838 verbis
1861 1797 2062 1854 prope.
2093 1774 2142 1836 Β
2166 1780 3176 1856 Augustinus,ineptejaetitubant,ad
3200 1779 3348 1835 idem
3373 1778 3750 1849 propemodum

455 1869 650 1927 nenda
675 1885 831 1928 novae
852 1872 1175 1943 quaestionis
1197 1873 1541 1931 occasionem
1563 1874 1772 1931 invenit
1803 1875 2061 1934 Irenaus.

456 1964 538 2022 Illi
572 1963 872 2037 respondet
893 1965 1036 2023 idem
1053 1966 1289 2024 Sanctus
1310 1983 1375 2025 ea
1397 1968 1653 2038 epistola,
1674 1986 1836 2042 quam
1865 1969 2063 2026 XXXII

461 2074 585 2115 esse
633 2058 944 2130 oportebat.
996 2058 1107 2119 Sed
1166 2076 1293 2118 cum
1340 2071 1631 2134 antequam
1680 2063 1900 2120 ultimas
1947 2064 2067 2121 illas

458 2152 651 2209 Irettsei
700 2152 911 2209 litteras
953 2152 1002 2208 is
1044 2154 1378 2225 accepisset,
1419 2154 1671 2226 epistolae
1699 2155 1873 2212 XXXI
1903 2156 2063 2215 aliam

459 2245 872 2315 subjunxisset,
919 2246 973 2309 in
1015 2246 1194 2303 locum
1236 2245 1462 2307 XXXIII
1491 2248 1585 2303 illa
1618 2247 1820 2321 rejects
1852 2248 1973 2306 fuit.
2006 2249 2065 2304 In

460 2338 825 2410 inscriptione
868 2339 1090 2411 quidem
1140 2338 1339 2397 XXXII
1381 2357 1411 2396 a
1454 2341 1717 2399 Romanis
1759 2342 2068 2400 editohbus

470 2429 611 2489 facta
640 2441 724 2491 est
754 2434 1015 2499 mutatio,
1049 2431 1146 2489 sed
1174 2449 1297 2503 qua:
1326 2433 1525 2491 melius
1552 2434 1698 2491 notis
1729 2435 1838 2492 illic
1864 2436 2070 2494 adden-

461 2524 548 2585 dis
585 2525 969 2597 explicabitur.
1000 2526 1190 2599 Itaque
1229 2536 1289 2584 ut
1324 2536 1541 2584 aetatem
1588 2529 1802 2586 illarum
1846 2530 2072 2588 investi-

466 2634 688 2689 gemus,
723 2619 1121 2678 advertendum
1164 2633 1249 2677 est
1290 2622 1344 2679 in
1388 2622 1611 2680 XXXIII
1648 2626 1977 2683 sententiam
2009 2627 2074 2685 il-

466 2713 573 2771 lam
591 2755 607 2780 ,
637 2715 803 2771 omnis
830 2727 1042 2772 sane!”
1070 2727 1147 2773 est
1174 2718 1583 2790 primogenitus,
1607 2719 1877 2792 disputari
1904 2723 2076 2779 multo

468 2806 646 2863 fusius
675 2823 835 2879 quam
864 2809 916 2863 in
948 2809 1045 2865 lib.
1074 2810 1138 2864 de
1156 2808 1308 2866 Cain.
1341 2811 1555 2867 etAbel.
1586 2812 1723 2869 IIittc
1750 2813 2075 2885 conjicimus

465 2901 522 2957 in
556 2900 695 2957 libro
720 2903 784 2957 de
802 2898 1073 2959 Beuedict.
1111 2902 1410 2961 Palrierclt.
1432 2920 1483 2961 c.
1516 2906 1605 2973 II,
1633 2921 1690 2962 ιι.
1720 2907 1812 2974 55,
1844 2908 1932 2964 ubi
1961 2909 2079 2981 agi-

469 3002 613 3053 tatur
639 2992 784 3053 idem
816 3005 1235 3067 argumentum,
1265 2996 1333 3052 ad
1372 2996 1516 3054 banc
1541 2998 1831 3069 epistolam
1870 3000 2077 3057 remitti

466 3088 703 3147 lectores
745 3086 829 3143 his
867 3088 989 3159 ejus
1019 3088 1235 3155 verbis;
1266 3090 1397 3146 sicut
1433 3090 1557 3149 alibi
1588 3090 2073 3151 demonstrabam.

2165 1887 2380 1948 tempus
2415 1891 2541 1933 esse
2571 1875 2912 1933 reierendas.
2961 1873 3247 1932 Postremo
3293 1881 3445 1926 tanta
3474 1881 3559 1926 est
3604 1869 3754 1940 hujus

2165 1971 2411 2029 XXXVII
2432 1971 2679 2042 epistolae
2699 1985 2825 2027 cum
2853 1969 2951 2025 lib.
2980 1971 3047 2025 de
3072 1966 3260 2025 Iacob.
3287 1976 3338 2022 et
3378 1966 3493 2022 Vite
3520 1966 3667 2020 beate
3702 1965 3752 2018 is

2166 2068 2478 2124 elocutione
2530 2077 2694 2136 atque
2723 2066 2777 2120 in
2826 2062 3120 2120 sententiis
3176 2076 3242 2117 ac
3288 2067 3407 2116 toto
3446 2069 3758 2130 argumento

2166 2162 2419 2231 cognatio
2440 2201 2455 2226 ,
2488 2171 2541 2214 ιιι
2574 2158 2735 2215 facile
2761 2158 2831 2213 ab
2846 2156 3102 2213 omnibus
3130 2155 3314 2212 eidem
3342 2151 3578 2225 tempori
3604 2153 3754 2221 adju-

2167 2254 2437 2310 diceutur.
2468 2251 2624 2322 Quod
2655 2266 2784 2308 vero
2811 2250 2878 2306 ad
2931 2248 3236 2316 XXXVIII,
3292 2262 3419 2307 cum
3468 2246 3758 2316 superioris

2168 2346 2508 2403 continuatio
2535 2346 2637 2409 sit,
2672 2345 2813 2401 inter
2843 2354 3134 2414 utramque
3170 2340 3516 2410 interjectnm
3555 2346 3761 2393 constat

2173 2457 2279 2497 non
2307 2454 2435 2497 esse
2465 2439 2684 2509 Iungunt
2713 2437 2974 2508 spatium.

2243 2532 2500 2590 XXXIX.
2548 2531 2809 2588 Faustino
2840 2538 3073 2585 mortem
3103 2526 3315 2582 sororis
3344 2522 3634 2580 immodice
3678 2522 3763 2574 Ιιιο

2170 2629 2317 2701 genti
2346 2626 2614 2682 destinata
2645 2633 2748 2680 est.
2792 2622 2877 2678 Ad
2904 2637 3028 2678 eum
3072 2618 3448 2675 communium
3494 2614 3765 2671 calamita-

2172 2728 2286 2777 tum
2313 2717 2563 2789 exemplo
2612 2713 3007 2773 consolandum
3038 2712 3111 2767 ibi
3142 2716 3515 2767 memorantur
3555 2706 3767 2761 unitu-

2176 2823 2346 2868 tcnnn
2374 2811 2580 2866 urbium
2603 2811 2879 2870 caducum
2914 2821 3048 2878 quos
3096 2803 3322 2874 quidem
3354 2802 3570 2856 urbium
3614 2812 3767 2853 ever-

2177 2907 2365 2961 siones
2392 2904 2543 2959 utad
2573 2902 2932 2975 irruptionem
2959 2899 3176 2954 Maximi
3209 2896 3430 2969 tyranni
3463 2896 3516 2950 in
3565 2892 3765 2947 italiam

2179 2999 2684 3065 rol'eratBaronius,
2700 2998 2884 3054 Paesti
2904 2996 3077 3051 utitur
3092 2993 3444 3049 auctoritate.
3469 2988 3663 3045 Verum
3693 2997 3768 3039 la-

2181 3110 2304 3151 meu
2322 3109 2429 3149 non
2458 3092 2526 3147 de
2544 3090 2721 3156 Italia,
2743 3088 2922 3145 sedda
2933 3086 3126 3147 Galliis
3137 3085 3316 3155 agitur
3338 3096 3407 3137 eo
3429 3079 3608 3136 Paesti
3630 3080 3761 3140 loco,

475 3179 569 3235 Est
599 3179 744 3234 enim
776 3178 907 3235 illud
945 3178 1236 3235 admodum
1278 3180 1560 3252 probabile
1598 3180 1910 3253 huiusmodi
1958 3185 2073 3255 epi~
2097 3173 2144 3238 C
2180 3201 2340 3259 quem
2373 3184 2617 3240 indicare
2638 3182 2706 3238 ad
2747 3182 2800 3238 id
2827 3181 3065 3236 videtur.
3092 3176 3201 3234 Sed
3228 3192 3352 3232 eum
3369 3174 3587 3229 easdem
3616 3171 3766 3226 nobi-

468 3271 640 3330 stoias
671 3287 779 3333 non
820 3287 882 3328 ea
914 3279 1097 3335 mente
1133 3273 1367 3342 scriptas
1393 3288 1518 3331 esse
1547 3276 1616 3333 ab
1656 3275 1969 3345 Atilbrosio,
2012 3286 2073 3337 ut

470 3364 788 3437 legerentur
808 3364 878 3423 ab
901 3365 967 3423 iis
991 3365 1148 3431 solis,
1179 3363 1249 3423 ad
1276 3365 1412 3436 quos
1443 3366 1804 3436 inscriptione
1830 3383 1927 3427 sua
1948 3368 2077 3425 des-

476 3460 811 3525 tiuabautur,
830 3458 926 3515 sed
946 3466 1006 3514 ut
1026 3460 1568 3519 communicarentur
1586 3462 1750 3520 etiam
1779 3476 1905 3521 cum
1933 3462 2075 3521 aliis.

481 3555 552 3609 At
578 3555 624 3611 si
651 3549 985 3615 admittaula
1008 3563 1094 3609 est
1119 3553 1235 3613 lucc
1273 3554 1613 3627 conjectura,
1658 3570 1944 3615 neceuum
1972 3558 2081 3614 erit

479 3648 655 3703 eidem
675 3647 834 3715 libro,
851 3662 1013 3719 quem
1040 3663 1183 3705 anno
1208 3649 1429 3705 circiter
1441 3648 1546 3705 387
1565 3647 1771 3707 editum
1789 3663 1911 3707 esse
1936 3649 2081 3708 exis-

477 3742 731 3795 timamus
746 3781 762 3808 ,
784 3742 1018 3811 priorem
1037 3741 1223 3798 haberi
1243 3741 1385 3798 hanc
1411 3741 1722 3812 epistolam.
1739 3742 1872 3800 Cum
1895 3752 2078 3799 autem

479 3833 593 3905 ipsa
629 3849 739 3897 non
768 3835 971 3907 scripta
1002 3834 1190 3903 fuerit,
1215 3836 1319 3892 nisi
1352 3846 1477 3908 post
1505 3833 1725 3901 XXVII,
1753 3850 1876 3906 quae
1906 3833 2079 3905 prima

476 3937 563 3984 est
603 3926 1025 3999 responsionum
1067 3928 1135 3985 ad
1181 3926 1488 3994 ireurcum;
1531 3928 1661 3987 hinc
1699 3924 1938 3991 eliicitur
1983 3926 2084 3984 bas

476 4024 741 4095 epistolas
768 4023 949 4081 eidem
981 4024 1215 4099 tempori
1255 4022 1577 4085 tribuendas
1613 4037 1766 4090 esse,
1804 4021 1891 4081 cui
1923 4037 2087 4092 supe-

395 4184 399 4189 _
483 4116 681 4175 riores.
713 4118 985 4177 Caeterum
1025 4133 1149 4191 qua
1194 4117 1286 4175 hic
1329 4114 1569 4177 diximus
1614 4115 1748 4174 satis
1788 4115 2086 4174 ostendunt

480 4210 757 4277 Ambrosii
806 4213 1095 4289 epistolam
1148 4211 1205 4268 in
1246 4211 1685 4284 Apollinarium,
1728 4212 1784 4271 in
1830 4226 1937 4283 qua
1985 4212 2088 4270 sub

2179 3282 2308 3337 lium
2336 3282 2552 3337 urbium
2589 3276 2899 3334 excisiones
2935 3274 3003 3330 ad
3052 3274 3260 3329 bellum
3295 3268 3521 3342 Eugenii
3571 3266 3767 3322 referre

2181 3374 2322 3431 haud
2347 3374 2525 3429 minus
2543 3372 2767 3428 dil‘lieile
2799 3371 2870 3424 sit
2894 3411 2910 3437 ,
2936 3383 3098 3440 quam
3129 3366 3197 3421 ad
3227 3364 3468 3427 Maximi,
3501 3378 3528 3415 a
3557 3359 3765 3417 Baronii

2180 3468 2454 3524 sententia
2478 3482 2586 3523 non
2618 3461 2946 3526 recedimus,
2982 3462 3231 3529 hancque
3254 3455 3547 3528 epistolam
3569 3468 3767 3509 exeun-

2184 3574 2237 3620 te
2258 3577 2402 3618 anno
2429 3561 2558 3629 387,
2585 3574 2709 3616 cum
2747 3554 3105 3638 verisimilius
3133 3558 3397 3609 occurrat
3418 3548 3583 3617 nihil,
3610 3548 3770 3615 scrip-

2184 3648 2293 3711 tam
2327 3662 2599 3727 putamus.

2253 3748 2421 3822 (Ann.
2449 3747 2557 3805 388
2582 3755 2674 3802 aut
2719 3743 2873 3818 389.]
2899 3743 3024 3800 Κίρ·
3052 3750 3165 3798 tota
3192 3751 3280 3797 est
3321 3740 3378 3795 in
3405 3734 3773 3809 persuadendo

2184 3843 2516 3908 Theodosio,
2539 3849 2600 3897 ut
2633 3840 2870 3895 edictum
2903 3838 2970 3893 de
2998 3849 3273 3906 synagoga
3310 3831 3544 3903 quadam
3565 3828 3771 3886 Judree-

2185 3952 2306 3996 rum
2329 3937 2400 3993 ab
2426 3935 2685 4006 episcopo
2713 3934 2878 3990 castri
2907 3928 3155 3988 Callinici
3182 3923 3586 3992 receditlcanda,
3609 3922 3775 3991 deque

2187 4031 2469 4089 monachis
2496 4030 2587 4101 qui
2618 4027 2803 4083 fanum
2844 4023 3356 4082 Valentinianorum
3398 4018 3770 4073 haereticorum

2188 4126 2258 4181 ab
2306 4125 2372 4180 iis
2413 4120 2751 4178 contumelia
2797 4116 3079 4190 provocati
3138 4113 3534 4177 incenderant,
3585 4108 3776 4178 δυρρξὶ-

2190 4220 2277 4274 cio
2318 4214 2622 4273 efﬁciendis
2672 4219 3045 4269 revocaretur.
3077 4205 3377 4264 Contendit
3423 4200 3777 4260 Gothofredus

482 4303 648 4363 ﬁnem
690 4305 898 4361 mentio
942 4303 1002 4363 ﬁt
1043 4304 1280 4376 perdicis
1325 4303 1688 4365 Hieremianm
1725 4314 1915 4363 contra
1948 4303 2086 4361 ﬂer-
2192 4327 2298 4367 non
2341 4309 2504 4366 aliam
2555 4307 2731 4379 legem
2775 4302 3001 4360 iudicari
3058 4300 3162 4355 hac
3213 4297 3489 4369 epistola,
3534 4293 3634 4350 nisi
3674 4293 3773 4360 leg.

483 4398 671 4457 manui
695 4398 1007 4469 opinionem
1038 4398 1215 4454 adimo
1241 4413 1551 4469 superesse.
2192 4409 2225 4463 t
2242 4407 2307 4462 de
2330 4403 2534 4460 Iudicis
2553 4396 3029 4468 Constantinopoli
3053 4410 3114 4451 ιιι
3145 4393 3258 4448 kal.
3288 4391 3506 4448 octobr.
3533 4386 3656 4443 anni
3680 4384 3779 4439 ωδ

554 4488 723 4562 [Anth
744 4491 899 4563 387-]
922 4489 1200 4560 XXXIV‘,
1229 4490 1459 4551 XXXV“
1481 4500 1537 4548 et
1560 4489 1816 4553 XXXVII"
1852 4489 2036 4549 statim
2057 4503 2088 4549 ι
2193 4501 2390 4566 latam;
2424 4509 2588 4570 atque
2614 4496 2753 4552 adeo
2778 4491 3026 4549 eamdem
3053 4488 3347 4562 epistolam
3378 4487 3505 4541 huic
3526 4484 3623 4555 ipsi
3643 4494 3780 4535 anno

485 4585 679 4657 Primi“
700 4586 882 4643 verbis
909 4587 1124 4643 “bunda
1155 4587 1416 4657 Ιποάυηῑυ
1442 4601 1606 4658 quam
1637 4586 2095 4658 comminantis
2119 4578 2174 4639 Ῑ)
2199 4589 2621 4651 attribuendam.
2675 4587 3078 4647 Conlirmaudie
3137 4598 3256 4639 suae
3309 4579 3553 4654 opinioni
3597 4576 3781 4630 addere

488 4681 666 4752 spatio
683 4681 904 4741 iuterse
929 4682 1152 4739 distent.
1171 4681 1249 4738 Ad
1272 4681 1983 4742 Horontisnidubitationes
2010 4679 2098 4736 bis
2200 4690 2423 4756 insuper
2452 4685 2498 4740 is
2531 4684 2795 4755 potuisset
2825 4681 2892 4736 ab
2913 4677 3209 4734 Ambrosio
3248 4686 3301 4731 et
3336 4675 3576 4730 incensa
3601 4668 3781 4722 dudm

491 4774 871 4847 respondetur.
904 4774 961 4831 in
993 4775 1152 4832 tertia
1183 4790 1314 4832 vero
1338 4775 1582 4847 queritur
1610 4783 1834 4831 sanctus
1857 4756 2102 4830 Antistes
2203 4777 2683 4847 Constantinopoli
2713 4776 2910 4830 domus
2940 4770 3297 4843 episcopalis,
3318 4782 3372 4823 et
3396 4760 3783 4838 ἰηῙιιι-ἱωλιιιίςιο

492 4868 743 4942 martyrii
773 4869 1123 4937 occasiones,
1150 4884 1273 4925 cum
1309 4883 1480 4939 prope
1505 4867 1574 4927 ad
1605 4856 1716 4926 voti
1744 4868 1951 4924 exitum
1986 4867 2066 4936 jar

2194 4876 2388 4932 cheuis
2414 4890 2443 4930 a
2465 4870 2777 4929 Theodosio
2817 4868 3141 4925 condonatte
3176 4863 3515 4920 mentionem
3534 4857 3666 4913 ﬂeri.
3703 4852 3785 4908 iii-

494 4964 855 5033 pervenisset,
888 4960 991 5017 sibi
1019 4972 1255 5032 ereptas.
1283 4959 1457 5017 Nemo
1479 4967 1661 5016 autem
1692 4976 1801 5015 non
1823 4958 1975 5019 videt
2000 4959 2066 5013 hu

2206 4968 2501 5025 hilominus
2529 4974 2709 5021 tamen
2742 4963 2860 5018 istis
2887 4959 3146 5015 erunibus
3166 4958 3354 5029 potior
3380 4954 3536 5010 nobis
3562 4958 3644 5007 est
3659 4949 3787 5004 Pas.

496 5072 604 5114 non
634 5072 795 5128 posse
821 5058 931 5117 alio
960 5057 1155 5115 referri
1187 5057 1359 5128 magis
1382 5070 1642 5126 congrue,
1674 5070 1836 5127 qtiam
1863 5054 1932 5113 sd
1971 5067 2066 5111 cru

2206 5062 2301 5118 lini
2323 5061 2655 5125 auctoritas,
2686 5057 2741 5114 in
2770 5053 3128 5128 praeceptoris
3155 5053 3241 5107 sui
3275 5051 3440 5107 rebus
3493 5048 3641 5104 testis
3665 5057 3787 5097 ocu-

499 5152 639 5210 delia
673 5152 907 5213 Iustinae
934 5152 1210 5239 saevientis
1259 5161 1506 5221 tempora
1538 5167 1552 5206 :
1594 5161 1645 5206 et
1675 5150 1926 5222 quantvis
1957 5147 2099 5205 deii-
2197 5158 2313 5214 lati.
2348 5159 2552 5227 Aperte
2575 5163 2755 5208 autem
2778 5150 2872 5206 hic
2894 5149 3205 5220 profitetur,
3228 5146 3484 5200 exstincto
3535 5140 3781 5239 Maxime,

502 5248 618 5309 nire
646 5260 755 5303 non
787 5226 1076 5313 faciiexsit,
1116 5261 1245 5301 num
1288 5245 1402 5301 hanc
1427 5260 1457 5300 a
1486 5246 1649 5315 longo
1666 5245 1853 5316 elapsa
1877 5251 2061 5300 essent

2202 5249 2497 5306 Theodosio
2532 5246 2808 5302 constituto
2857 5240 3182 5305 Mediolani;
3215 5237 3486 5293 Ambrosio
3522 5248 3635 5288 vero
3682 5226 3787 5297 cpi-

504 5345 684 5395 Iameu
713 5338 797 5394 his
824 5340 1007 5396 verbis
1043 5346 1263 5395 rant-tus
1293 5341 1375 5394 vir
1404 5338 1676 5408 loquitur,
1722 5354 1845 5408 qua:
1867 5337 2103 5393 vicinam
2205 5356 2365 5413 scapo
2395 5335 2935 5410 constuutoquuileirc
2954 5334 3220 5402 scriptam
3256 5328 3423 5384 luisse
3438 5327 3576 5381 hanc
3596 5322 3783 5392 episto-

508 5434 847 5490 occasionem
875 5424 1281 5506 quodammodo
1303 5435 1475 5505 magis
1500 5434 1801 5493 declarent.
2204 5436 2337 5492 iam.
2369 5434 2434 5489 Et
2455 5447 2514 5488 re
2534 5446 2661 5487 vera
2696 5431 2750 5484 iu
2774 5427 3011 5484 Maximo
3040 5420 3530 5480 commemorando
3568 5414 3784 5471 Αιιιιιτο·

580 5524 856 5591 XXXVIIll
874 5538 927 5584 et
944 5527 1244 5584 XXXVliis
1279 5527 1347 5584 ad
1367 5527 1784 5598 Simplicianum
1810 5528 1952 5586 datae
1980 5540 2112 5586 sunt
2210 5532 2327 5587 sius
2351 5530 2422 5584 ibi
2454 5525 2655 5583 multus
2682 5533 2789 5591 est,
2815 5523 3060 5592 satisque
3083 5518 3264 5574 innuit
3291 5517 3407 5587 ipsa
3437 5514 3643 5569 ratione
3685 5518 3781 5574 qui

479 5652 483 5657 α
517 5632 645 5673 eum
671 5660 685 5682 ,
722 5624 812 5689 qui
840 5622 1190 5679 Ambrosium
1239 5622 1459 5694 excepit
1489 5622 1544 5675 in
1574 5621 1915 5692 episcopatu.
1947 5620 2117 5676 Barc-
2217 5622 2288 5678 de
2307 5620 2404 5677 illo
2432 5621 2564 5691 agit,
2585 5632 2713 5672 eum
2744 5628 2850 5670 non
2884 5629 2915 5668 a
2942 5613 3107 5682 longo
3128 5619 3382 5680 tempore
3406 5601 3689 5661 Theodosii
3715 5611 3792 5650 Ir-

530 5712 658 5767 nius
681 5729 803 5772 cum
830 5719 884 5772 in
929 5718 1186 5777 Ambrosii
1209 5720 1335 5786 vita,
1389 5728 1503 5774 tum
1533 5716 1591 5771 in
1626 5714 1912 5770 Annalibus
1940 5712 2123 5769 Ercle—
2221 5715 2328 5773 mis
2345 5714 2622 5771 devictum
2649 5702 2792 5767 esse.
2824 5706 3238 5777 Constatigitur
3260 5703 3437 5775 legem
3460 5741 3475 5763 ,
3521 5710 3636 5769 qua!
3671 5705 3791 5786 calt:

539 5806 759 5891 nantes;
784 5814 848 5892 ad
876 5828 1080 5892 anntlm
1131 5815 1238 5870 5'75
1267 5781 1331 5891 ae
1358 5814 1467 5872 385
1523 5808 1713 5869 omnes
1742 5809 2127 5868 Ambrosianus
2232 5822 2348 5866 sam
2375 5807 2610 5881 praebuit
2633 5804 2759 5862 huic
2780 5800 3051 5874 epistolae,
3081 5812 3189 5853 non
3207 5788 3687 5894 constantinopoli.
3707 5781 3790 5839 sed
