4014 6290
210 313 313 369 SOI
538 313 730 373 ORDO
768 311 1254 373 EPISTOLARUM
1297 310 1442 370 SEC.
1487 306 1876 371 T‘BIPORUI
1914 306 2267 369 RATIONEM
2309 310 2692 371 OISTRIBUT.
2735 312 3151 373 ASSERI’I‘UR.
3406 311 3513 371 εθε

216 429 509 487 Mediolani
562 432 767 489 editam
821 432 1025 498 fuisse;
1055 446 1119 489 ac
1147 427 1378 502 proinde
1418 428 1487 483 ah
1536 441 1601 485 ea
1648 440 1813 497 quam
1842 428 1893 493 Α
1918 426 2049 481 satis
2082 427 2412 498 explicatum
2438 428 2676 495 viderat,
2708 444 2808 485 cur
2838 440 3146 500 postremus
3186 446 3364 487 rerum
3395 450 3513 486 om-

218 525 507 595 proposuit
530 526 673 583 idem
694 526 1058 593 Gotlofrcdus,
1079 525 1237 596 longe
1261 520 1723 590 diversattt.Quod
1742 519 1812 577 ad
1915 521 2066 578 nium
2117 524 2283 579 homo
2328 535 2551 583 creatus
2597 540 2628 579 a
2678 525 2791 583 Deo
2829 536 3009 593 esset,
3060 526 3193 582 illttd
3248 527 3352 582 sibi
3399 528 3515 599 pla-

212 617 435 674 veuiam
467 617 651 675 datam
677 619 1051 693 Antiochenis,
1076 632 1196 673 eam
1219 615 1555 675 Sozomcnus
1587 613 1680 673 lib.
1713 627 1809 677 vn.

211 728 335 784 cap.
367 711 459 779 23,
488 710 657 768 refert
688 711 755 767 ad
789 712 919 767 illud
951 720 1189 782 tempus,
1218 725 1328 779 quo
1361 707 1703 765 Theodosius
1742 707 1811 763 ad

211 806 417 865 bellum
452 806 696 874 Eugenio
725 803 1324 879 tyrannoinferendum
1370 818 1495 861 sese
1545 798 1812 873 parabat:

212 901 309 957 sed
340 902 516 972 ipsum
534 902 588 957 iu
604 901 708 957 hoc
720 915 939 963 ecrrare
959 916 1150 959 omnes
1176 897 1663 973 agnoscuntﬂuod
1681 911 1812 953 vero

212 995 282 1051 ad
305 997 553 1068 episcopi
578 993 1167 1066 Constantinopolitaui
1203 995 1456 1051 incensas
1478 992 1648 1058 aedes,
1672 1005 1813 1064 quos

211 1102 361 1142 anno
393 1087 499 1144 588
524 1086 787 1157 ﬂagrasse
807 1098 993 1143 narrat
1018 1089 1295 1153 Soerates,
1323 1101 1419 1142 eas
1457 1083 1706 1157 profecto
1729 1085 1815 1140 ni-

213 1176 859 1251 hilofiiccre,quominus
888 1179 940 1237 in
957 1177 1187 1249 epistola
1200 1176 1446 1249 ejusdem
1472 1178 1600 1234 anni
1622 1174 1817 1233 adverv

213 1270 366 1329 bium
393 1272 594 1329 dudum
616 1272 864 1331 adhiberi
884 1272 1009 1343 jure
1028 1284 1114 1345 pot
1124 1274 1284 1335 uerit,
1301 1273 1422 1329 loco
1439 1286 1541 1329 suo
1556 1272 1814 1329 demens»

214 1364 509 1421 trahimus.
554 1365 917 1423 Statucndum
946 1366 1135 1437 itaque
1177 1367 1317 1422 hanc
1344 1367 1632 1438 epistolam
1684 1375 1815 1421 tunc

1914 616 2037 673 nius
2062 618 2278 687 aperire
2308 634 2416 674 non
2442 627 2787 691 gravaretur.
2814 620 3010 677 Primis
3036 619 3156 692 ejus
3183 620 3366 677 dubiis
3388 636 3512 678 cum

1912 709 2269 768 satisfecisset
2292 724 2512 768 sanctus
2539 715 2801 780 Antistes,
2829 714 2991 769 aliam
3021 713 3398 771 difﬁcultatem
3443 731 3511 772 ex

1910 801 2155 872 ejusdem
2183 803 2379 874 Operis
2420 805 2657 861 lectione
2698 805 2803 861 sibi
2846 816 3097 862 exortam
3142 808 3335 863 iterum
3368 809 3510 865 idem

1910 893 1989 950 illi
2030 898 2332 967 proposuit.
2374 897 2528 955 Hane
2570 899 2824 955 similiter
2854 901 3179 957 Ambrosius
3213 902 3508 957 dissolvit:

1911 1004 1978 1045 ea
2009 990 2206 1060 quibus
2230 992 2508 1063 responsis
2534 1002 2788 1050 constant
2817 993 2901 1049 hm
2922 993 3043 1049 dote
3072 995 3339 1065 epistolae.
3368 993 3512 1051 Con-

1912 1089 2020 1139 stat
2038 1080 2201 1153 igitur
2220 1093 2507 1155 utramque
2536 1084 2872 1142 Hexaemero
2895 1087 3253 1157 posteriorem
3284 1101 3429 1156 esse,
3457 1086 3510 1142 id

1912 1183 1995 1231 est
2037 1189 2183 1233 anno
2226 1175 2365 1240 580.
2410 1177 2553 1233 circa
2592 1194 2752 1247 quem
2800 1178 2931 1235 illud
2975 1178 3168 1249 Operis
3214 1181 3268 1235 itt
3321 1180 3514 1251 vulgus

1912 1265 2122 1323 esiisse
2162 1266 2564 1327 declaravimus
2602 1288 2617 1325 :
2667 1270 2887 1326 easdem
2932 1280 3112 1326 tamen
3165 1270 3305 1327 haud
3338 1272 3514 1327 intcr-

1908 1357 2058 1428 iecto
2104 1359 2267 1432 longo
2316 1371 2563 1434 tempore
2610 1363 2743 1420 illud
2791 1374 3006 1421 secutas
3050 1364 3177 1421 hinc
3218 1366 3509 1433 evincitur,

212 1457 483 1527 temporis
521 1456 691 1515 fuisse
716 1457 971 1530 scriptam
998 1499 1013 1526 ,
1062 1473 1188 1515 cum
1219 1458 1508 1529 proﬂigato
1532 1458 1770 1517 Maximo
1792 1482 1835 1526 ,-
1913 1453 2056 1524 quod
2084 1468 2208 1511 eum
2238 1454 2608 1512 Horontiauus
2636 1456 2948 1526 Ambrosio,
2994 1460 3149 1528 cujus
3181 1458 3429 1517 manibus
3459 1462 3512 1516 in

211 1550 577 1609 Mediolanum
599 1550 759 1609 rediit
788 1551 1365 1624 imperator.Atqtiiex
1379 1553 1580 1610 Codice
1597 1552 1808 1611 Thood.
1914 1546 2200 1604 diaconum
2231 1558 2328 1605 aut
2356 1550 2731 1624 presbyterum
2765 1552 2940 1607 fuerat
2966 1560 3324 1609 consecratus
3344 1595 3360 1620 ,
3393 1568 3515 1609 arc-

209 1644 534 1716 intelligitur
572 1647 829 1703 eumdem
857 1662 933 1703 an
965 1645 1074 1703 kal.
1107 1647 1363 1705 octoiires
1393 1649 1520 1705 anni
1542 1648 1650 1705 588
1675 1663 1813 1706 non.
1912 1640 2122 1697 tissitna
2150 1643 2552 1701 necessitudine
2577 1646 3024 1718 conjungeretur,
3049 1647 3256 1705 nullum
3286 1646 3513 1703 dubium

207 1737 341 1794 dum
366 1738 662 1796 recessisse
688 1738 960 1811 Aquileia,
984 1755 1037 1795 vx
1069 1755 1200 1797 vero
1237 1739 1360 1797 iam
1385 1740 1633 1813 ejusdem
1658 1756 1812 1798 men.
1913 1742 2029 1802 est,
2057 1734 2188 1805 quin
2237 1734 2379 1793 idem
2423 1737 2511 1795 ille
2558 1737 2970 1806 Hexaemeron,
3003 1754 3129 1794 mox
3171 1740 3261 1796 ubi
3307 1741 3513 1796 editum

208 1832 289 1887 sis
312 1831 430 1904 jam
463 1833 682 1889 venisse
714 1833 1114 1904 Mediolanum,
1146 1850 1252 1907 qua
1279 1835 1334 1891 iu
1366 1837 1501 1893 urbe
1528 1853 1702 1908 usque
1742 1836 1809 1893 ad

1926 1826 2018 1883 fuit
2035 1866 2052 1894 ,
2085 1828 2154 1885 ah
2177 1843 2246 1884 eo
2270 1831 2543 1900 acceperit
2569 1831 2962 1901 evolveritque.

206 1923 414 1981 maium
445 1926 727 1999 sequentis
774 1929 900 1985 anni
931 1941 1300 1987 commoratus
1342 1939 1448 1987 est.
1490 1930 1569 1987 Ea
1612 1930 1813 2002 quibus

1987 1920 2156 1980 XLV“
2183 1938 2371 1983 earum
2399 1938 2519 1996 qua:
2560 1923 2629 1981 ad
2664 1923 2925 1980 Sabinum
2954 1927 3173 1996 scriptae
3225 1924 3517 1991 habentur,

207 2015 387 2089 liquet
414 2018 520 2077 hoc
574 2020 695 2091 ipso
735 2020 1027 2081 intervallo
1054 2035 1306 2081 sanctum
1336 2024 1631 2082 pusulam
1654 2065 1669 2092 ,
1717 2026 1812 2097 (μή
1913 2014 2161 2073 ordinem
2190 2016 2361 2074 ducit.
2398 2016 2523 2073 Fuit
2551 2029 2732 2074 autem
2760 2018 2997 2075 Sabinus
3044 2020 3138 2074 ille
3168 2019 3518 2076 Placentinus

206 2109 562 2183 negotiorum
590 2127 814 2171 suorum
844 2129 1008 2175 causa
1046 2116 1358 2187 Aquileiam
1388 2132 1449 2177 se
1480 2117 1812 2184 contulerat.
1913 2110 2225 2181 θρῖεουρηεν
2244 2111 2336 2180 τιυὶ
2366 2110 2696 2181 Αίιιιίιείθηεί
2730 2114 2964 2169 (“meum
2991 2113 3332 2185 ευῦδενίρεὶιν
3358 2114 3516 2185 cui“.

204 2220 379 2277 super
429 2208 720 2267 memorati
785 2209 951 2267 edicti
1003 2212 1352 2268 τθνοωιῇυιιε
1405 2212 1693 2282 scripsisse
1745 2212 1814 2269 ad
1916 2203 2235 2263 miraculum
2266 2205 2537 2277 quoddam
2564 2205 2801 2266 refertur
2831 2209 2924 2264 lib.
2951 2226 2981 2263 ν
3008 2209 3146 2264 Dial.
3174 2211 3346 2265 sancti
3375 2210 3514 2267 Gre-

205 2296 604 2357 Tbeodosium.
1913 2298 2055 2368 gorii
2096 2312 2217 2365 cap.
2263 2298 2353 2362 I0,
2393 2307 2451 2355 et
2495 2314 2696 2356 nomen
2743 2301 2796 2357 in
2840 2301 3227 2372 Martyrologio
3270 2300 3519 2357 Romano

280 2391 429 2453 XLII
460 2409 582 2450 eam
607 2393 680 2453 ob
730 2409 847 2457 rem
901 2405 1241 2457 summast
1271 2398 1343 2454 ab
1373 2399 1666 2459 Αηιιιιιοσίο
1692 2441 1707 2468 ,
1758 2409 1816 2459 ιη
1915 2389 1983 2447 ad
2025 2406 2082 2451 ιιι
2126 2390 2247 2447 idus
2293 2392 2604 2453 decembris
2649 2404 3134 2451 commemoratur.
3193 2396 3518 2452 Hexaemeri

206 2503 459 2543 sororem
505 2486 712 2544 faceret
747 2491 1037 2546 certiorem
1065 2531 1080 2557 ,
1114 2506 1223 2562 quo
1254 2500 1412 2561 pacto
1464 2492 1719 2564 Episcopi
1751 2507 1817 2549 ac

1926 2499 2132 2555 quoque
2171 2486 2336 2543 lectio
2379 2486 2485 2557 ipsi
2533 2498 2778 2543 moverat
2808 2488 3101 2558 quamdam
3149 2497 3374 2559 propter
3417 2492 3521 2546 hoc

205 2581 599 2641 Monacborum
630 2596 816 2652 causa,
851 2583 920 2645 de
940 2599 1045 2657 qua
1071 2585 1330 2657 agiturin
1373 2586 1608 2663 epistola
1653 2603 1818 2660 supc-

1926 2576 2326 2648 difticuitatem,
2351 2580 2499 2653 quod
2533 2581 2669 2639 nihil
2702 2581 2903 2638 ibidem
2928 2581 2998 2638 de
3040 2584 3293 2652 paradiso
3330 2582 3520 2655 dispuo

211 2673 352 2733 riori
375 2714 391 2742 ,
414 2671 633 2731 felicem
676 2676 885 2735 exitum
907 2686 1387 2737 essetconsecuta.
1412 2680 1599 2737 Eidem
1623 2681 1819 2752 adjon.
1918 2679 2148 2729 taretur.
2179 2672 2415 2745 Cognito
2452 2689 2519 2731 ex
2550 2676 2669 2745 ejus
2698 2674 2897 2731 litteris
2937 2675 3035 2731 illo
3061 2676 3249 2741 dubio,
3285 2676 3520 2733 Ambio-

209 2768 292 2824 xit
318 2776 375 2825 et
402 2783 528 2829 eum
560 2782 873 2831 sermonem
901 2812 916 2835 ,
948 2785 1108 2842 quem
1141 2786 1398 2829 reversus
1424 2772 1817 2843 Mediolanum,

1926 2765 2031 2821 sius
2068 2782 2168 2824 cur
2199 2768 2333 2825 illud
2376 2777 2541 2839 caput
2590 2771 3065 2840 praetermisisset,
3114 2771 3253 2827 hanc
3299 2786 3521 2828 causam

208 2862 408 2919 eadem
440 2860 509 2919 de
546 2878 605 2918 re
651 2877 837 2921 coram
881 2863 1191 2922 Theodosio
1240 2866 1634 2937 pronuntiavit.
1682 2866 1820 2923 Hinc
1917 2859 2118 2928 reddit.
2150 2860 2295 2930 quod
2326 2861 2577 2918 videlicet
2607 2863 2750 2921 idem
2781 2874 3160 2935 argumentum
3186 2875 3314 2920 ante
3343 2866 3527 2935 plures

209 2971 379 3013 nemo
402 2965 566 3027 neget
580 2957 717 3014 hanc
733 2958 1024 3029 epistolam
1046 2975 1210 3030 parvo
1226 2960 1512 3019 intervallo
1532 2972 1818 3032 postquam

209 3050 470 3121 superior
498 3048 704 3120 scripta
726 3048 915 3111 fuisset
940 3092 956 3117 ,
1001 3064 1245 3111 secutam
1268 3067 1414 3109 esse.
1449 3050 1645 3111 Nullus
1673 3054 1821 3109 enim

214 3144 373 3201 locus
400 3143 828 3212 estduhitandi,
863 3147 1213 3207 Ambrosium
1244 3146 1336 3203 tthi
1381 3149 1616 3216 primum
1656 3147 1705 3203 ei
1754 3147 1821 3205 li-

1920 2965 2092 3007 annos
2136 2951 2247 3023 jam
2297 2956 2660 3012 tractavisset.
2713 2957 2852 3012 Illuc
2902 2957 3177 3028 intelligas
3229 2958 3522 3029 epistolam

1923 3047 2064 3103 hanc
2104 3046 2303 3103 librum
2341 3047 2407 3103 de
2446 3048 2705 3105 Paradiao
2751 3067 2856 3106 non
2901 3051 3084 3120 paucis
3114 3051 3293 3118 annis,
3324 3051 3523 3107 librum

1924 3155 2054 3196 vero
2079 3139 2440 3199 Hexaemeron
2466 3144 2615 3201 brevi
2646 3145 2826 3214 spatio
2853 3154 3094 3200 secutam
3123 3160 3265 3200 esse.

212 3239 354 3305 cuit,
387 3238 455 3295 ad
485 3239 672 3295 sedem
700 3256 854 3297 suam
887 3256 1168 3299 reversum
1197 3257 1343 3310 esse,
1375 3252 1433 3299 ut
1466 3243 1534 3299 iis
1562 3259 1591 3301 a
1616 3242 1815 3313 quibus
1841 3228 1886 3291 C
1990 3233 2189 3293 XLVIll
2229 3244 2285 3291 et
2323 3235 2545 3291 XLVIIa
2577 3236 2781 3294 Sabino
2819 3253 3036 3308 quoque
3094 3252 3157 3293 se
3209 3237 3408 3291 missas
3449 3236 3529 3292 fe-

214 3332 399 3405 decipi
430 3334 700 3404 potuisset
749 3334 940 3406 religio
969 3334 1355 3406 imperatoris.
1385 3334 1566 3393 aditus
1587 3336 1816 3407 praeoluv

211 3425 395 3493 deret,
429 3437 482 3482 et
512 3428 628 3499 ipse
657 3443 847 3485 eorum
867 3445 989 3501 qua
1022 3429 1366 3500 peroptabat,
1390 3428 1548 3486 Iieret
1565 3443 1814 3500 compos.

292 3518 461 3577 Χωιη
492 3522 786 3594 respondet
807 3521 872 3597 Β)
886 3523 1041 3581 ricio.
1076 3523 1322 3594 Namque
1353 3523 1441 3583 hic
1479 3540 1614 3597 papa
1641 3565 1657 3591 ,
1689 3540 1815 3583 eum

217 3612 408 3669 Romae
436 3611 710 3673 Joviniani
732 3615 957 3677 haeresis
977 3616 1151 3686 palum
1174 3617 1468 3687 erupisset,
1501 3617 1687 3673 habito
1712 3616 1820 3672 Ro-

214 3708 367 3767 mani
426 3708 561 3786 cieri
619 3710 883 3777 concilio,
927 3707 1047 3787 ejus
1095 3720 1372 3773 auctorem
1418 3727 1481 3769 ac
1518 3720 1818 3769 sectatores

214 3802 591 3859 anatbetnatis
632 3819 806 3874 pmnae
857 3796 1109 3874 subjecit.
1158 3804 1294 3862 Tum
1345 3822 1477 3862 vero
1501 3806 1819 3878 synodicant

212 3893 515 3964 epistolam
543 3894 608 3950 ad
641 3893 1081 3955 IIetiioianenscs
1130 3894 1255 3952 ideo
1284 3898 1535 3965 scripsit;
1569 3907 1626 3953 ut
1672 3897 1818 3955 idem

215 3988 542 4056 hmreticus,
574 4003 737 4058 quem
763 4002 796 4042 e
824 3988 1161 4044 monasterio
1206 4003 1311 4045 non
1344 3988 1531 4058 procul
1577 4004 1608 4044 a
1647 3991 1821 4047 muris

216 4081 724 4139 Mcdiolanensibus
754 4081 932 4152 posito
962 4091 1018 4137 et
1038 4082 1308 4141 Ambrosii
1327 4081 1601 4154 vigilantia
1625 4084 1824 4156 gubern-

214 4185 351 4235 nato
382 4174 686 4247 profugisse
721 4184 980 4245 noverat,
1010 4177 1063 4233 in
1094 4177 1186 4233 illa
1215 4179 1351 4239 urbe
1391 4188 1666 4251 tamquam
1721 4195 1824 4237 an-

213 4271 346 4341 guis
381 4268 604 4341 quidam
633 4270 686 4326 in
712 4285 880 4341 specu
908 4285 1009 4327 suo
1033 4271 1415 4333 suﬂ'oearetur.
1442 4274 1696 4344 Acceptis
1719 4274 1824 4348 Sy-

216 4361 342 4417 ricii
370 4360 599 4429 litteris,
624 4362 872 4420 eamdem
900 4362 1155 4421 haeresim
1186 4364 1240 4421 in
1291 4367 1502 4438 synodo
1527 4364 1821 4425 Ilediolani

211 4462 412 4512 coacta
439 4452 683 4511 damnari
713 4457 925 4513 curavit
947 4456 1290 4526 Ambrosius,
1337 4471 1395 4517 et
1434 4462 1821 4533 episcoporum

1914 3338 2063 3385 runt.
2113 3327 2312 3385 Ilartttn
2373 3329 2541 3401 priori
2586 3331 2931 3385 occasionem
2984 3330 3135 3386 dedit
3184 3331 3369 3385 nescio
3411 3332 3535 3400 quis

1918 3422 2347 3490 Apollinztrista,
2403 3423 2499 3495 qui
2539 3424 2606 3480 ad
2654 3438 2807 3479 suam
2850 3425 3101 3481 haeresim
3153 3425 3533 3496 prosemiuan-

1916 3515 2039 3569 dam
2087 3523 2262 3572 terras
2308 3531 2371 3573 ac
2421 3517 2592 3573 maria
2643 3527 3043 3589 peragraverat.
3076 3517 3224 3574 Idem
3274 3534 3399 3574 cum
3431 3534 3536 3574 ve-

1917 3609 2091 3667 nisset
2119 3610 2517 3678 Mediolanum,
2553 3612 2803 3683 quedam
2836 3614 2888 3668 in
2921 3614 3197 3671 Ambrosii
3228 3614 3381 3669 libris
3406 3629 3530 3670 car-

1920 3718 2051 3774 perc
2098 3706 2309 3775 coepit:
2359 3721 2520 3775 quem
2578 3705 2794 3776 publice
2845 3723 2874 3762 a
2922 3724 2984 3764 se
3032 3710 3372 3765 coniutatutn
3427 3709 3528 3765 Itac

1920 3796 2153 3866 epistola
2194 3796 2404 3853 nuntiat
2444 3808 2667 3855 sanctus
2695 3799 2915 3857 Doctor.
2958 3800 3013 3856 ltt
3050 3802 3301 3873 sequenti
3340 3810 3524 3857 autem

1922 3891 2013 3947 uhi
2044 3892 2113 3948 de
2141 3890 2281 3951 libro
2303 3908 2468 3966 quem
2504 3892 2816 3949 distinctius
2844 3910 3005 3966 qum
3050 3905 3205 3950 antea
3236 3896 3526 3965 scriptum,

1920 3985 1990 4041 ad
2015 3983 2280 4047 Sabinum
2316 3984 2520 4045 deferri
2554 3998 2871 4051 curaverat,
2906 4003 3074 4059 pauca
3119 3988 3417 4058 prmmiait,
3461 3988 3532 4044 de

1924 4081 2098 4139 mutui
2121 4083 2436 4139 commercii
2466 4083 2848 4153 epistolarum,
2872 4084 2927 4139 in
2956 4085 3156 4156 quibus
3184 4085 3525 4155 potissimum

1922 4175 2125 4248 aliquid
2145 4191 2177 4232 e
2196 4175 2496 4246 Seripturis
2523 4175 2868 4243 discutiatur,
2903 4178 3142 4231 utilitate
3176 4176 3347 4231 fusius
3384 4176 3518 4245 agit.

1923 4267 2096 4323 Porro
2131 4284 2255 4323 cum
2305 4283 2532 4340 prorsus
2579 4269 2877 4325 verisimile
2923 4269 2996 4325 sit
3038 4266 3533 4324 commentationes

1925 4362 2354 4431 Ambrosianas,
2405 4379 2542 4435 quas
2596 4363 2859 4419 arrodere
2908 4378 3072 4419 ausus
3128 4372 3383 4419 narratur
3437 4361 3530 4419 ille

1927 4458 2350 4529 Apollinarista,
2380 4474 2627 4530 quasque
2670 4457 2916 4530 peritiori
2948 4474 3111 4514 manu
3138 4457 3442 4527 descriptas
3472 4470 3533 4513 se

213 4548 576 4621 prmsentium
602 4550 821 4607 nomine
873 4551 927 4607 id
970 4553 1043 4613 ita
1084 4552 1412 4623 significavit
1452 4556 1715 4625 pontifici,
1763 4563 1823 4613 ut
1850 4619 1892 4625 Α
1930 4552 2297 4611 transmisisse
2336 4554 2661 4611 Ambrosius
2698 4565 2998 4621 memorat,
3043 4553 3262 4610 easdem
3305 4568 3429 4610 esse
3470 4567 3535 4610 ac

117 4676 129 4682 -
216 4619 392 4701 simul
420 4642 674 4700 hreresitn
703 4644 896 4703 validis
940 4619 1245 4707 rationibus
1273 4619 1710 4709 confut-aret.rlnr
1735 4619 1907 4705 co-D
1930 4647 2100 4707 libros
2137 4647 2204 4703 dc
2247 4645 2416 4715 Fide,
2457 4662 2522 4703 ac
2567 4648 2631 4702 dc
2670 4645 2889 4703 Incarn.
2915 4619 3076 4702 Dom.
3116 4663 3365 4712 sacram,
3410 4660 3532 4702 cum

216 4739 530 4813 gnitionem
557 4740 734 4797 teritis
763 4738 924 4810 hujus
954 4740 1204 4811 epistola)
1249 4740 1571 4799 deducimur
1598 4741 1684 4798 his
1706 4743 1827 4813 ejus

219 4831 453 4889 verbis:
480 4832 719 4903 impietas
752 4832 1182 4897 Manicltworum,
1210 4850 1368 4904 quam
1399 4835 1827 4893 clementissimus

220 4928 517 4999 imperator
537 4936 829 4985 exsecratus
870 4935 967 4983 est.
997 4926 1132 4995 Quae
1175 4926 1398 4998 quidem
1449 4929 1613 4983 verba
1641 4928 1707 4987 ad
1743 4930 1824 4985 le-

219 5037 353 5093 gem
382 5019 455 5081 20
483 5022 545 5076 de
572 5019 846 5076 Htcreticia
867 5037 995 5076 ann.
1022 5021 1123 5078 5M
1163 5021 1555 5092 promulgatam
1574 5024 1828 5081 referun-

223 5122 323 5170 tur
408 5111 717 5168 Godofredo
742 5129 760 5178 ;
788 5120 1026 5169 attamen
1058 5128 1181 5169 cum
1211 5113 1283 5170 ihi
1329 5114 1473 5170 nulla
1501 5113 1827 5172 Manicbmoo

223 5221 357 5263 rum
387 5207 594 5261 mentio
621 5204 716 5260 [int
739 5247 754 5272 ,
780 5206 888 5261 illis
915 5206 982 5260 ad
1014 5205 1185 5276 legem
1215 5207 1283 5263 18
1307 5207 1373 5262 de
1398 5205 1672 5264 Hcrcticis
1689 5208 1831 5265 allu-

219 5315 355 5356 sum
387 5312 508 5354 esse
537 5313 658 5355 cum
689 5299 923 5355 Baronio
943 5300 1350 5357 existimamus.
1387 5299 1523 5357 Cum
1548 5316 1681 5373 ergo
1712 5302 1829 5359 hanc

227 5392 431 5449 ultima
471 5392 554 5447 lex
586 5406 728 5445 anno
770 5390 879 5448 389
903 5433 916 5455 .
950 5406 982 5445 v
1009 5391 1119 5449 Ital.
1144 5393 1312 5463 julias
1336 5434 1352 5460 ,
1390 5394 1497 5450 lata
1526 5394 1792 5460 prodatur
1812 5436 1831 5463 ,

227 5499 348 5543 non
381 5484 733 5554 incongruum
780 5494 1034 5555 putamus
1065 5485 1204 5553 fore,
1231 5488 1276 5543 si
1304 5487 1595 5543 concilium
1628 5502 1692 5543 ac
1711 5488 1834 5558 epi-

222 5578 436 5633 stolam
466 5575 641 5632 eidem
669 5592 814 5632 anno
841 5578 927 5633 vel
956 5579 1136 5647 potius
1181 5581 1290 5637 590
1313 5579 1713 5652 adjudiccmns.

311 5668 506 5742 [Αηιι.
545 5668 698 5742 389.]
747 5668 944 5729 XLIII'
986 5681 1042 5733 et
1106 5672 1301 5735 XLIVl|
1353 5675 1697 5733 Horuntiano
1753 5675 1840 5731 ine

229 5763 583 5824 scribuntur.
638 5765 738 5825 Ilic
787 5778 909 5839 post
954 5767 1157 5829 lectum
1211 5771 1588 5829 Hexaemeron
1626 5771 1847 5829 camob

238 5873 478 5945 causam
517 5862 810 5943 scripserat
839 5864 1161 5946 Ambrosio,
1214 5877 1273 5925 nt
1320 5869 1447 5941 quia
1488 5867 1688 5945 ibidem
1731 5882 1840 5945 non

1929 4748 2194 4811 praeterea
2222 4741 2268 4795 is
2295 4740 2366 4796 de
2394 4755 2456 4796 se
2481 4741 2636 4811 quasi
2666 4743 2775 4810 jam
2804 4756 2935 4796 sene
2966 4741 3299 4796 mentientem
3333 4739 3527 4803 faciat,

1927 4835 2010 4893 eis
2049 4833 2119 4891 tle
2159 4834 2340 4891 causis
2389 4848 2495 4889 non
2542 4835 2874 4888 arbitramur
2919 4843 3205 4902 utramque
3244 4832 3529 4901 epistolam

1930 4926 1998 4983 ad
2041 4929 2205 4983 alium
2256 4942 2461 4983 annum
2513 4927 2743 4996 melius,
2777 4942 2942 4998 quam
2990 4926 3057 4983 ad
3108 4926 3254 4981 hunc
3301 4923 3406 4979 389
3453 4920 3541 4977 vel

1930 5023 2151 5080 circiter
2174 5023 2368 5078 referri
2401 5036 2585 5092 posse.

1999 5114 2243 5172 XLVIII“
2273 5124 2331 5170 ut
2358 5121 2684 5183 argumento
2706 5116 2788 5171 sic
2825 5124 2884 5171 et
2930 5123 3093 5170 tetate
3128 5112 3413 5183 conjuncta
3451 5118 3537 5165 est

1928 5208 2322 5279 superioribus.
2372 5206 2613 5263 Libellos
2648 5208 2797 5264 enim
2839 5221 2976 5278 quos
3016 5206 3102 5261 hic
3147 5211 3377 5259 testatur
3405 5200 3537 5256 Am—

1934 5302 2149 5357 brosius
2179 5300 2284 5356 sibi
2332 5298 2609 5367 redditos,
2644 5315 2751 5355 non
2793 5298 2932 5353 alios
2969 5299 3037 5353 ab
3083 5297 3167 5351 his
3206 5308 3329 5350 esse
3357 5296 3537 5351 credi-

1937 5413 2078 5465 mus,
2110 5396 2201 5467 qui
2231 5397 2386 5450 missi
2433 5394 2637 5451 Sabino
2676 5408 2840 5463 supra
2871 5390 3146 5447 dicuntur.
3194 5388 3360 5459 quue
3416 5390 3543 5445 hinc

1937 5490 2102 5548 etiam
2146 5491 2315 5546 astrui
2359 5496 2574 5559 potest,
2616 5486 2759 5557 quod
2789 5484 2970 5539 aetatis
3012 5499 3124 5538 suae
3182 5483 3544 5553 provectioris

1939 5599 2042 5641 nec
2095 5586 2151 5640 in
2206 5583 2310 5645 hac
2369 5582 2601 5652 epistola
2662 5579 2998 5634 mentionem
3063 5578 3284 5633 omittat
3351 5576 3544 5634 beatus

1941 5677 2173 5734 Pmsul.

2016 5770 2213 5828 XLIX!
2239 5784 2271 5825 ο
2305 5764 2592 5837 superiore
2628 5761 2795 5817 etiam
2858 5758 3080 5832 pendet.
3133 5765 3346 5823 Etenim
3418 5779 3548 5822 cum

1947 5864 2199 5939 epistolis
2219 5903 2235 5929 ,
2263 5860 2500 5938 masime
2526 5870 2657 5914 vero
2682 5853 2878 5927 quibus
2903 5857 3108 5941 aliquid
3135 5875 3168 5919 c
3192 5864 3366 5944 sacris
3393 5863 3551 5939 libris
