4014 6290
452 279 563 343 865

1599 281 1848 343 SANC'I‘I
1884 280 2208 342 AMBROSII
2249 282 2633 345 EPISTOLE.
3628 292 3709 349 86$

451 404 837 474 examinetur,
867 419 1094 480 operam
1132 420 1194 463 se
1223 404 1472 462 daturum
1499 401 1927 475 frequentiorem
1959 400 2069 457 illic
2095 399 2149 461 A
2172 414 2288 456 sam
2312 401 2642 462 destinasset
2661 405 2729 463 ad
2756 405 3128 475 Ambrosium,
3169 420 3202 463 a
3232 403 3363 462 Viro
3402 414 3577 462 sancto
3621 410 3717 478 epiv

455 504 705 554 testetur
744 498 1071 555 Ambrosius
1114 507 1321 566 noster,
1372 496 1426 552 in
1472 494 1575 551 hac
1611 494 1886 566 epistola,
1946 509 2067 565 qua:

456 591 515 649 in
546 593 843 651 sententiis
890 594 1089 652 divinis
1134 608 1270 666 pene
1308 598 1420 649 tota
1462 598 1581 657 est,
1627 588 1788 646 fidem
1821 588 2072 661 profecto

461 683 673 742 liberat
699 703 885 756 suam;
916 687 1251 760 proindeque
1288 684 1359 741 ab
1386 685 1512 741 aliis
1541 698 1660 741 eam
1687 683 1933 741 abstrahi
1961 697 2068 740 non

463 786 726 851 oportere
752 780 973 852 negabit
1001 794 1186 837 nemo.

535 870 613 927 ιιι
638 873 939 941 Chromatii
979 874 1233 945 precibus
1273 887 1537 931 concessa
1586 884 1670 931 est
1699 874 2070 947 Aquileiensis

465 967 753 1039 episcopi,
796 968 884 1040 qui
916 968 1390 1035 Ambrosium,_ut
1429 967 1533 1023 sibi
1580 967 1785 1040 aliquid
1826 982 1857 1024 e
1901 967 2073 1025 sacris

466 1058 750 1117 codicibus
791 1061 1087 1131 :epistolari
1130 1058 1504 1117 familiaritate
1564 1061 1898 1133 disputatum
1947 1061 2073 1117 mit-

465 1162 643 1219 teret.
672 1154 1077 1210 obsecraverat.
1122 1152 1253 1224 Ejus
1298 1153 1503 1225 optatis
1531 1162 1593 1210 ut
1617 1152 1853 1211 Sanctus
1882 1163 2072 1211 noster

469 1244 834 1314 satisfaceret,
857 1262 889 1302 e
913 1245 1198 1318 prOphetia
1229 1246 1451 1302 Balaam
1476 1247 1644 1319 elegit
1668 1255 2067 1318 argumentum.

469 1337 769 1410 Propterea
797 1354 927 1396 vero
978 1342 1121 1396 hanc
1165 1340 1455 1411 epistolam
1496 1341 1840 1413 superiorum
1891 1339 2074 1396 ordini

466 1432 889 1501 accensuimus,
939 1432 1086 1504 quod
1129 1433 1184 1488 iu
1233 1446 1300 1490 ea
1347 1447 1562 1504 quoque
1611 1448 1727 1489 sua:
1773 1433 2104 1489 senectutis-

468 1522 804 1580 mentiouem
837 1523 1066 1595 injiciat.

537 1614 706 1690 [Anu.
743 1617 898 1691 390.]
937 1618 1035 1675 Ll‘
1062 1619 1377 1678 Theodosio
1447 1623 1765 1695 imperatori
1810 1622 2073 1679 Mediola-

463 1725 595 1767 num
646 1721 934 1784 postquam
976 1713 1384 1771 Thessalonica:
1437 1723 1651 1787 strages
1700 1714 1847 1772 edita
1889 1725 2069 1783 esset,

2172 496 2392 565 stolam,
2409 496 2478 554 de
2499 514 2602 571 qua
2634 498 2727 556 hic
2752 500 2948 571 agitur,
2976 499 3188 556 elicuit.
3223 498 3358 567 Quis
3373 497 3532 569 igitur
3554 508 3633 554 eat
3655 501 3723 555 iu-

2172 590 2323 648 Iicias
2375 594 2468 649 vix
2514 593 2663 651 illam
2710 604 2837 651 aute
2877 594 3006 651 anni
3051 593 3160 651 592
3210 594 3421 650 exitum
3465 592 3613 650 scribi
3646 609 3726 666 po-

2172 685 2344 743 tuisse
2360 686 2385 741 ?
2858 670 2865 677 ’

2240 781 2525 854 Superiori
2578 784 2834 853 epistolae.
2880 785 3044 841 aliam
3090 782 3426 854 subiecimus
3469 782 3521 837 in
3558 780 3730 837 Bonosi

2156 877 2448 934 haereseos
2477 878 2739 950 postulati
2783 894 2946 935 causa
2988 888 3323 935 versantem.
3355 876 3474 933 Jam
3515 885 3617 931 tcta
3660 891 3735 932 res

2173 968 2225 1049 in
2255 969 2517 1041 Capuauo
2543 987 2828 1039 consessu,
2859 972 2930 1029 de
2954 988 3064 1044 quo
3103 971 3355 1043 proxime
3384 977 3509 1026 ante
3537 968 3736 1025 diceba-

2174 1078 2317 1131 mus,
2351 1073 2577 1121 tractata
2612 1066 2815 1132 fuerat;
2862 1067 3091 1138 ejusque
3118 1064 3360 1137 cognitio
3388 1062 3579 1119 vicinis
3604 1061 3740 1117 istius

2173 1155 2417 1214 hteretici
2439 1159 2716 1232 episcopis
2738 1158 2804 1215 ad
2834 1160 3098 1215 maturius
3123 1166 3182 1215 et
3208 1156 3512 1212 accuratius
3537 1168 3740 1208 examen

2174 1248 2522 1306 demandata.
2555 1251 2689 1308 Cum
2720 1266 2852 1308 vero
2873 1251 3039 1308 iidem
3070 1251 3346 1307 antistites
3366 1246 3743 1305 consuluissent

2173 1350 2456 1398 auctorem
2488 1342 2653 1414 hujus
2694 1342 2973 1414 epistola,
3018 1357 3082 1398 ac
3108 1342 3159 1398 ei
3184 1339 3455 1413 judicium
3496 1337 3596 1393 hoc
3614 1335 3746 1392 vide-

2174 1444 2367 1491 rentur
2406 1438 2761 1507 permittere;
2807 1436 2895 1491 hic
2939 1450 3046 1491 non
3095 1434 3223 1500 sibi,
3267 1432 3364 1489 sed
3396 1431 3529 1502 ipsis
3561 1438 3746 1502 utpote

2174 1528 2374 1600 quibus
2393 1530 2746 1586 commissum
2772 1537 2947 1585 erata
2968 1526 3226 1591 concilio,
3264 1525 3318 1581 id
3341 1534 3648 1596 competere
3675 1538 3748 1579 rc-

2175 1637 2437 1693 sponsum
2454 1622 2606 1679 dedit
2629 1641 2642 1678 :
2662 1638 2725 1678 ac
2751 1622 2915 1677 simul
2937 1623 3105 1678 etiam
3132 1634 3381 1677 errorem
3405 1618 3744 1675 Bonosiauuta

2176 1717 2319 1773 circa
2349 1727 2672 1790 perpetuam
2703 1718 2951 1789 Deiparte
2977 1718 3346 1789 virginitatem
3376 1715 3557 1771 valide
3582 1716 3748 1771 confu-

466 1802 710 1861 venienti
760 1806 832 1861 ob
886 1806 938 1862 id
986 1808 1150 1863 missa
1196 1817 1315 1875 est,
1367 1820 1429 1865 ut
1453 1809 1776 1867 Ambrosius
1820 1825 1919 1866 cur
1965 1825 2073 1866 non
2105 1805 2154 1867 B
2181 1811 2454 1869 tavit.llla
2483 1812 2702 1884 quidem
2726 1813 2944 1884 planum
2978 1811 3182 1868 faciunt
3208 1811 3352 1866 hanc
3379 1808 3748 1881 epistolamsu-

462 1906 843 1970 exspectasset
863 1899 983 1971 ejus
1011 1899 1329 1969 adventum,
1355 1916 1550 1958 causas
1573 1911 1921 1974 proponeret.
1955 1901 2071 1959 Ca:-

468 1994 595 2051 dem
635 2004 817 2052 autem
860 1996 1006 2053 illam
1034 2011 1179 2053 anno
1205 1997 1313 2056 590
1354 2008 1623 2071 patratam
1661 1998 1828 2057 fuisse
1858 2000 1912 2056 in
1941 2013 2074 2056 con-

466 2087 617 2147 fesso
641 2099 746 2147 est.

542 2182 708 2258 [Anm
734 2184 887 2260 392.]
916 2171 1035 2243 LII‘
1054 2203 1123 2246 eo
1144 2197 1391 2260 tempore
1419 2188 1601 2245 datam
1625 2204 1686 2246 se
1714 2189 1933 2262 prodit,
1965 2203 2073 2261 quo

469 2278 704 2336 Rufinus
731 2295 800 2337 ex
836 2281 1096 2354 Magistro
1120 2281 1439 2340 Ofﬁciorum
1476 2283 1670 2340 consul
1700 2291 1757 2340 et
1782 2282 2074 2355 praefectus

473 2378 733 2447 praetorio
748 2388 968 2434 creatus
981 2378 1099 2435 fuit.
1118 2380 1255 2436 Cum
1272 2387 1451 2436 autem
1469 2395 1593 2437 eum
1608 2396 1753 2437 anno
1763 2380 1872 2437 392
1888 2380 1955 2437 ad
1979 2380 2075 2437 has

471 2465 771 2539 dignitates
793 2469 1020 2541 gradum
1047 2470 1243 2528 iecisse
1268 2487 1377 2528 non
1404 2472 1734 2545 ambigatur,
1767 2472 1910 2528 hanc
1961 2473 2076 2544 epi-
2110 2472 2121 2478 ’

475 2559 678 2617 stolam
702 2562 898 2618 eodem
922 2577 1067 2619 anno
1095 2564 1162 2621 ad
1190 2564 1467 2622 Titianum
1496 2568 1763 2637 perlatam
1789 2575 2030 2622 constat.

546 2653 692 2711 LIll'l
719 2655 1065 2711 immaturam
1115 2672 1179 2713 ac
1225 2657 1437 2715 tristem
1465 2658 1835 2715 Valentiniani
1906 2658 2080 2714 mino-

483 2751 563 2808 ris
588 2761 823 2808 mortem
854 2760 1102 2808 amanter
1125 2752 1294 2826 luget,
1325 2753 1394 2810 de
1420 2752 1578 2825 cujus
1606 2755 1768 2809 etiam
1800 2754 2076 2825 sepultura

478 2842 832 2900 accelerauda
865 2845 1178 2916 interpellat
1206 2846 1597 2902 Theodosium.
1631 2846 1856 2901 Certqu
1897 2856 2076 2901 autem

478 2946 567 2993 est
606 2951 752 2992 anno
778 2935 886 2993 592
924 2938 1176 2995 eumdem
1223 2939 1373 2994 illum
1420 2940 1856 2995 Valentinianum
1902 2938 2080 2994 idibus

478 3031 606 3087 maii
635 3031 964 3088 exstinctum
992 3046 1152 3098 esse;
1188 3033 1330 3089 unde
1370 3034 1509 3090 hanc
1538 3034 1827 3103 epistolam
1868 3048 1974 3090 non
2005 3033 2079 3088 ita

481 3124 654 3179 multo
681 3133 805 3195 post
830 3125 1056 3181 missam
1086 3124 1257 3181 fuisse
1287 3126 1666 3198 intelligimus.

551 3218 699 3274 LIV‘
721 3229 777 3276 et
808 3219 932 3276 LV‘l
960 3219 1217 3282 Eusebio.
1247 3222 1339 3292 qui
1381 3230 1550 3295 caput
1601 3229 1719 3278 erat
1756 3221 1957 3278 nobilis
2003 3220 2076 3277 fa.
2109 3197 2155 3260 (ἶ

483 3310 649 3367 milite
678 3311 1059 3376 Bononiensis,
1091 3311 1379 3368 destinatas
1405 3323 1553 3368 sunt.
1584 3314 1778 3384 Agitur
1807 3314 1862 3369 in
1893 3328 2082 3370 earum

485 3404 658 3460 altera
689 3404 759 3460 de
797 3404 1036 3476 quodam
1083 3405 1422 3476 apparitore,
1449 3406 1626 3478 deque
1670 3407 1805 3469 tussi
1837 3406 2086 3462 Faustini

482 3497 638 3568 pueri
674 3515 687 3550 :
716 3507 772 3552 at
809 3497 866 3552 in
908 3497 1080 3553 altera
1111 3498 1365 3556 eumdem
1396 3514 1621 3571 puerum
1667 3515 1792 3557 cum
1825 3500 2087 3557 Faustino

484 3589 658 3663 ipsius
690 3600 843 3661 patre
870 3590 938 3646 ad
963 3606 1086 3647 eum
1117 3592 1419 3650 Bononiam
1449 3594 1777 3665 profectum,
1797 3594 2087 3651 Mediolani

492 3692 678 3740 autem
709 3698 895 3740 secum
918 3688 1253 3744 remansisse
1283 3688 1637 3744 Ambrosium
1663 3698 1826 3761 atque
1852 3689 2087 3745 Ambro-

490 3778 630 3841 siam
642 3777 782 3834 scite
801 3780 1217 3836 nuntiatnoster
1242 3781 1585 3837 Ambrosius.
1614 3781 1784 3839 Porro
1800 3797 1922 3838 cum
1942 3797 2092 3838 eam-

487 3873 615 3931 dem
654 3872 796 3931 hanc
843 3874 1185 3930 Ambrosiam
1228 3892 1335 3931 non
1378 3875 1450 3931 ob
1487 3875 1633 3931 aliud
1671 3875 1960 3947 spiritalem
2003 3892 2084 3931 σου

482 3968 713 4023 lumbam
729 3977 910 4035 vocet,
941 3965 1044 4022 nisi
1073 3967 1199 4038 quia
1222 3968 1395 4038 ipsam
1417 3968 1671 4040 virginali
1690 3968 1831 4034 velo,
1859 3967 2003 4023 sicut
2023 3969 2088 4022 ad

483 4059 579 4117 lih.
621 4061 687 4117 de
712 4058 889 4134 quit.
928 4058 1072 4135 Virg.
1117 4071 1435 4118 annotatum
1467 4072 1574 4130 est,
1621 4073 2089 4120 consecraverat:

489 4154 620 4211 hinc
645 4153 925 4225 colligitur
951 4156 1131 4211 cidem
1160 4156 1324 4222 libro,
1356 4157 1443 4212 cui
1492 4172 1593 4214 nos
1631 4173 1835 4214 annum
1866 4157 1975 4214 592
2006 4166 2088 4214 at-

491 4246 806 4310 tribuimus,
840 4248 1178 4318 posteriores
1203 4263 1328 4305 esse
1350 4248 1451 4304 bas
1478 4249 1758 4321 epistolas.
1902 4234 1918 4245 ’

561 4334 709 4394 LVIll
739 4336 1034 4408 Theophili
1058 4338 1419 4397 Alexandrini
1465 4343 1766 4414 respondet
1813 4345 2088 4417 epistolas.

495 4429 725 4486 Materia
760 4430 1034 4487 scribendi
1068 4430 1246 4489 fuerat
1279 4433 1681 4493 Antiochenam
1724 4438 1984 4507 schisma,
2018 4439 2087 4496 de

493 4538 603 4595 quo
628 4523 783 4595 plura
804 4524 874 4580 ad
900 4524 1173 4582 Ambrosii
1194 4529 1485 4599 epistolam
1509 4529 1740 4587 dicenda
1768 4544 1948 4589 erunt.
1980 4533 2090 4591 0b-

495 4592 821 4671 servandum
866 4616 1084 4673 interim
1134 4618 1189 4675 in
1230 4592 1430 4677 eadem
1480 4623 1690 4694 culpari
1740 4624 2089 4696 Fl-tvianum,
2116 4592 2172 4653 D

453 4692 639 4777 'quod
671 4721 730 4762 se
759 4706 1023 4765 adversus
1047 4708 1321 4782 Capuam:
1357 4714 1550 4787 synodi
1575 4692 1963 4775 auctoritatem
2005 4692 2095 4777 re;

495 4799 722 4870 scriptis
746 4816 776 4855 a
805 4800 1138 4872 Theodosio,
1172 4805 1266 4876 qui
1293 4817 1424 4863 tunc
1451 4809 1504 4864 in
1530 4807 1811 4866 Orientem
1836 4802 2094 4869 reversus

492 4904 633 4959 erat,
653 4894 957 4965 impetratis
976 4899 1414 4956 communiisset.
1441 4901 1648 4959 Exacto
1670 4907 1724 4959 in
1749 4903 1901 4960 Italia
1922 4920 2096 4976 prope

502 4986 779 5054 triennio,
839 4987 1142 5059 imperator
1202 5006 1309 5047 non
1364 4993 1466 5049 uisi
1511 5010 1565 5051 vt
1608 4995 1723 5052 Ital.
1786 4997 2098 5056 decembris

497 5082 627 5136 anni
680 5081 782 5138 39I
829 5081 1071 5140 redierat
1129 5085 1702 5159 Constantinopolim;
1745 5092 2092 5164 proindeque

496 5175 766 5246 synodum
816 5176 964 5232 illam
1013 5179 1152 5235 intra
1184 5194 1309 5236 eum
1347 5180 1492 5237 diem
1543 5194 1710 5255 atque
1752 5184 1877 5241 idus
1921 5188 2094 5243 maias

498 5269 626 5324 anui
662 5274 964 5341 sequentis,
1010 5288 1120 5345 quo
1161 5273 1252 5331 die
1289 5284 1542 5331 necatum
1582 5276 1820 5334 diximus
1850 5279 2092 5337 Valenti-

500 5362 749 5430 nianum,
781 5361 1019 5420 habitam
1063 5364 1234 5427 fuisse
1284 5352 1507 5424 necesse
1552 5376 1659 5424 est.
1706 5355 1839 5425 Nam
1872 5381 1999 5439 post
2038 5373 2091 5428 id

499 5456 764 5525 temporis
787 5467 1092 5517 conventus
1132 5461 1474 5532 episcopales
1504 5464 1559 5519 in
1600 5462 1748 5519 Italia
1780 5464 1970 5522 haberi
2000 5481 2095 5536 per

499 5548 737 5605 excitata
766 5548 834 5606 ab
860 5550 1104 5622 Eugenio
1135 5563 1367 5624 tyranno
1393 5553 1533 5610 bella
1575 5555 1887 5626 neutiquam
1918 5559 2091 5614 licuit.

506 5635 686 5693 Finita
705 5640 939 5712 synodo,
968 5644 1114 5714 quod
1146 5645 1203 5701 in
1240 5660 1303 5701 ea
1345 5661 1509 5717 super
1539 5657 1843 5705 memorato
1871 5650 2099 5706 dissidio

499 5738 764 5799 statutum
809 5734 1006 5820 fuerat,
1053 5737 1364 5820 'I‘heophilo
1419 5740 1805 5814 significaruut
1853 5741 2097 5816 Capuani

506 5820 722 5879 Patres.
751 5826 821 5881 At
845 5820 962 5895 ipse
989 5817 1112 5884 cuin
1142 5836 1328 5898 postea
1357 5832 1571 5892 litteras
1601 5821 1850 5892 eamdem
1876 5834 1948 5893 o’h
1969 5820 2098 5893 cau-

2175 1905 2375 1978 periori
2400 1907 2766 1978 synehronam
2788 1920 2934 1973 esse,
2951 1912 3007 1961 et
3026 1904 3094 1960 ab
3115 1903 3311 1960 eadem
3336 1918 3441 1957 non
3468 1901 3639 1958 solum
3660 1899 3749 1955 hoc

2177 2002 2420 2068 nomine,
2447 2000 2544 2058 sed
2571 2000 2736 2057 etiam
2767 2000 2911 2071 quod
2951 1998 3226 2070 Capuana:
3262 1996 3461 2070 synodi
3491 2004 3746 2067 tamquam

2177 2112 2304 2169 pars
2331 2098 2502 2154 altera
2540 2097 2632 2164 sit,
2679 2097 2733 2152 in
2778 2097 3022 2153 editione
3049 2095 3295 2152 Romana
3343 2094 3486 2150 male
3520 2093 3745 2149 abstrac-

2177 2203 2309 2248 tam.
2341 2191 2479 2247 Illud
2510 2206 2642 2247 vero
2682 2189 2984 2258 difﬁcilius,
3024 2190 3245 2245 cuinam
3283 2186 3494 2244 auctori
3527 2186 3640 2240 haec
3666 2184 3743 2240 dc-

2177 2284 2389 2353 beatur,
2422 2283 2748 2356 patefacere.
2777 2283 2915 2340 Sunt
2954 2283 3194 2339 rationes
3230 2282 3285 2338 in
3326 2292 3613 2352 utramque
3641 2294 3748 2351 par-

2179 2387 2285 2434 tem
2331 2376 2751 2448 haudquaquam
2793 2376 2969 2445 leves,
3013 2391 3149 2449 quas
3184 2374 3309 2431 loco
3339 2373 3565 2447 proprio
3604 2387 3750 2429 excu-

2179 2473 2404 2531 tiemus.

2250 2565 2418 2639 [Ann.
2448 2565 2601 2638 593.]
2634 2564 2801 2621 LVIIa
2833 2564 3075 2636 Eugenio
3106 2571 3343 2636 tyranno
3363 2604 3378 2629 ,
3416 2576 3514 2619 cur
3547 2576 3612 2618 eo
3660 2560 3752 2617 Ile-

2179 2658 2454 2716 diolanum
2502 2658 2829 2727 accedente,
2881 2658 3199 2717 Ambrosius
3248 2657 3379 2713 hinc
3424 2656 3748 2717 recessisset,

2179 2767 2373 2810 causas
2398 2755 2593 2824 aperit.
2628 2752 2730 2808 Est
2753 2761 2939 2809 autem
2975 2767 3235 2824 perquam
3262 2750 3566 2807 verisimile
3592 2759 3758 2823 tyran-

2180 2862 2308 2901 num
2362 2845 2513 2900 illum
2565 2861 2671 2900 non
2715 2845 2898 2901 statim
2930 2854 3137 2915 atque,
3174 2843 3563 2899 Valentiniano
3598 2841 3760 2898 idibus

2181 2938 2308 2994 maii
2336 2954 2366 2994 e
2399 2937 2537 2994 vivis
2563 2938 2805 3003 sublato,
2834 2937 2888 2994 in
2933 2937 3129 2993 solium
3158 2937 3228 2993 ab
3264 2936 3573 3008 Arbogaste
3600 2936 3760 2992 collo-

2182 3042 2337 3088 catus
2360 3042 2466 3100 est,
2492 3034 2544 3088 in
2586 3021 2809 3088 Italiam
2834 3033 3099 3103 impetum
3130 3030 3354 3098 fecisse,
3384 3040 3442 3085 at
3467 3030 3621 3103 prius
3645 3031 3766 3087 alias

2182 3125 2440 3197 quasdam
2469 3125 2747 3182 absolutas
2777 3124 2845 3181 ab
2874 3139 2941 3181 eo
2986 3138 3109 3180 esse
3136 3122 3540 3196 expeditiones.
3576 3122 3633 3178 Id
3656 3123 3763 3194 qui-

2187 3219 2310 3277 dem
2352 3228 2463 3275 tum
2494 3233 2527 3275 e
2565 3219 2795 3275 Paulino
2850 3217 2904 3273 In
2958 3217 3219 3272 Ambrosii
3275 3216 3422 3283 Vita,
3480 3224 3539 3272 et
3579 3215 3768 3272 Severo

2187 3312 2500 3370 Alexandro
2519 3311 2663 3384 apud
2683 3311 3006 3383 Gregorium
3027 3310 3409 3367 Turonensem
3436 3309 3579 3365 Hist.
3608 3309 3704 3365 lib.
3718 3324 3768 3373 Il,

2186 3422 2238 3464 c.
2266 3407 2322 3474 9,
2355 3406 2734 3478 intelligimus,
2762 3415 2875 3461 tum
2898 3419 2965 3461 ex
2989 3403 3091 3460 hac
3112 3404 3229 3476 ipsa
3258 3404 3517 3475 epistola,
3546 3403 3637 3459 ubi
3659 3401 3772 3457 Am-

2188 3499 2411 3556 brosius
2436 3500 2692 3556 eumdem
2723 3498 3027 3569 Eugenium
3071 3498 3126 3551 in
3156 3496 3461 3569 primordiis
3489 3497 3697 3568 imperii
3717 3495 3773 3549 ad

2189 3609 2249 3651 se
2270 3594 2581 3663 scripsisse,
2613 3607 2677 3649 ac
2699 3607 2760 3649 se
2790 3600 2999 3663 postea,
3031 3591 3077 3648 si
3106 3591 3326 3663 quando
3346 3592 3668 3648 emersisset
3690 3590 3773 3642 ali-

2189 3705 2294 3760 qua
2327 3689 2650 3757 necessitas,
2679 3687 2745 3744 ad
2771 3702 2896 3743 eum
2926 3701 3146 3758 quoque
3174 3686 3391 3742 litteras
3429 3684 3651 3741 dedisse
3678 3692 3771 3739 tes-

2191 3782 2449 3839 tificatur.
2498 3782 2594 3837 His
2637 3796 2769 3853 ergo
2808 3779 2956 3837 ducti
2990 3794 3110 3836 eam
3161 3777 3380 3852 tyranni
3428 3777 3772 3849 irruptionetn

2193 3888 2302 3929 non
2344 3873 2452 3928 nisi
2492 3881 2725 3929 exeunte
2764 3886 2910 3928 anno
2935 3870 3042 3927 592
3070 3869 3160 3927 vel
3203 3869 3387 3941 potius
3437 3870 3661 3925 ineunte
3686 3866 3777 3923 395

2196 3965 2394 4023 factam
2419 3975 2703 4038 putamus;
2738 3974 2903 4036 atque
2930 3965 3070 4022 adeo
3102 3964 3243 4019 hanc
3286 3962 3580 4035 epistolam
3610 3960 3778 4017 eidem

2196 4064 2426 4132 tempori
2457 4060 2860 4117 attribuendam
2873 4098 2886 4112 .

2267 4153 2463 4211 LVIIIll
2496 4155 2547 4209 iu
2580 4160 2906 4225 argumento
2930 4161 3183 4208 versatur
3216 4152 3380 4221 plane
3401 4151 3628 4208 celebri.
3652 4150 3782 4207 Nihil

2194 4249 2341 4305 enim
2373 4263 2436 4303 ea
2466 4255 2789 4315 tempestate
2812 4245 3023 4301 Paulini
3052 4244 3213 4301 avitis
3234 4253 3406 4317 atque
3435 4245 3667 4316 propriis
3694 4244 3785 4299 Ito—

2197 4341 2423 4398 noribus
2449 4338 2773 4396 nobilissimi
2802 4335 3144 4393 abdicatione
3166 4350 3230 4392 ac
3258 4350 3486 4393 secessu
3510 4336 3781 4391 illustrius.

2194 4434 2313 4491 Non
2345 4445 2524 4491 tamen
2565 4432 2765 4502 scripta
2810 4437 2897 4486 est
2925 4428 3045 4485 haec
3082 4430 3339 4500 epismla,
3380 4437 3664 4500 postquam
3701 4426 3787 4484 ille

2194 4526 2386 4583 Nolam
2410 4527 2522 4598 jam
2542 4532 2873 4587 recesserat,
2906 4521 2961 4577 id
2991 4529 3096 4587 est,
3124 4536 3270 4576 anno
3296 4519 3430 4585 594,
3463 4532 3521 4576 ιιι
3550 4522 3789 4592 Opinatus

2196 4622 2412 4679 videtur
2438 4619 2725 4677 Baronius.
2753 4617 2888 4674 Nam
2919 4626 3285 4689 praeterquam
3323 4615 3471 4687 quod
3497 4631 3567 4671 ex
3595 4615 3793 4686 episto-

2194 4716 2263 4772 lis
2290 4713 2534 4782 ejusdem
2555 4711 2774 4769 Paulini
2818 4710 2896 4766 ad
2930 4709 3184 4784 Alypium
3223 4718 3391 4778 atque
3414 4708 3788 4780 Augustinum,

2200 4822 2297 4864 nec
2319 4823 2427 4862 non
2467 4807 2751 4876 utriusque
2775 4804 2843 4862 ad
2877 4803 3130 4860 eumdem
3163 4801 3452 4858 Paulinum
3486 4801 3627 4857 haud
3659 4802 3795 4856 male

2197 4902 2472 4974 colligitur
2515 4902 2696 4970 ipsum
2732 4900 2803 4953 ab
2846 4912 2991 4954 anno
3028 4897 3135 4955 595
3164 4896 3358 4953 Nolam
3406 4898 3652 4960 venisse;
3684 4897 3794 4952 base

2198 4996 2314 5066 ipsa
2371 4992 2604 5066 epistola
2651 4992 2785 5048 satis
2825 4991 3030 5047 indicat
3077 4991 3449 5058 Ambrosium,
3499 5005 3621 5046 cum
3680 5004 3795 5045 eam

2198 5086 2439 5157 scripsit,
2489 5084 2635 5140 illius
2683 5093 2981 5154 conspectu
3018 5097 3295 5154 nunquam
3346 5083 3600 5154 potitum.
3657 5082 3800 5139 Vidit

2196 5186 2379 5235 autem
2409 5185 2604 5248 postea
2637 5175 2892 5232 eumdem
2922 5175 3238 5240 Florentiae,
3272 5191 3391 5248 quo
3420 5185 3665 5247 tempore
3690 5174 3798 5231 Bo-

2199 5286 2342 5326 mam
2372 5270 2477 5327 iter
2499 5269 2754 5336 habebat,
2783 5269 2965 5325 statim
2995 5268 3124 5324 hinc
3156 5267 3346 5324 Nolam
3373 5284 3435 5325 se
3462 5278 3799 5338 recepturus.

2197 5362 2315 5420 Huc
2355 5364 2518 5418 etiam
2566 5361 2802 5429 accedit,
2831 5360 2974 5433 quod
3016 5360 3210 5433 primis
3265 5363 3451 5427 annis,
3501 5376 3639 5432 quos
3696 5362 3801 5430 egit

2200 5456 2506 5512 Barcinone
2530 5455 2674 5511 idem
2702 5455 2985 5522 Paulinus,
3014 5470 3123 5511 nou
3153 5471 3348 5511 omnes
3383 5456 3544 5510 simul
3574 5469 3704 5511 snas
3731 5453 3802 5509 fa-

2197 5551 2434 5607 cultates
2459 5548 2843 5622 publicaverit,
2872 5548 3306 5618 vendideritque,
3348 5547 3444 5604 sed
3470 5548 3591 5603 illas
3610 5547 3663 5601 in
3690 5550 3803 5617 plu-

2197 5657 2287 5700 res
2327 5651 2511 5714 partes
2553 5643 2759 5699 sensim
2794 5640 3130 5698 distraxerit.
3174 5640 3368 5714 Itaque
3403 5656 3524 5697 cum
3566 5638 3803 5695 venditis

2197 5738 2308 5817 illis
2330 5737 2607 5804 omnibus,
2630 5736 2919 5793 Paulinum
2944 5735 3120 5808 ipsum
3139 5736 3252 5808 jam
3278 5727 3480 5793 factum
3504 5730 3799 5806 panper-ent

2201 5814 2431 5897 testetur
2449 5829 2793 5897 Ambrosius,
2830 5830 2980 5886 illum
3005 5830 3058 5885 in
3090 5820 3373 5903 procinctu
3394 5826 3463 5887 ad
3490 5823 3595 5886 iter
3611 5834 3793 5885 suum.
