4014 6290
195 300 300 360 865

541 305 729 366 ΟΒΒο
767 303 1252 370 EPISTOLARUM
1293 305 1441 368 SEC.
1483 305 1865 372 TEMPORUM
1904 309 2263 378 RATIONEM
2304 319 2692 385 DISTRIBUT.
2737 324 3155 393 ASSERITUR.

3400 337 3507 399 866

193 434 309 474 cum
344 419 580 478 Sanctus
625 433 814 481 noster
857 425 958 482 ista
989 425 1274 492 scriberet,
1317 427 1430 496 jam
1478 437 1592 483 tum
1623 428 1790 485 fuisse
1817 432 1871 491 Α
1897 432 2062 499 tallis,
2104 433 2244 494 hanc
2269 454 2485 510 quoque
2512 441 2802 512 epistolam
2835 445 3014 502 eidem
3043 462 3189 504 anno
3218 451 3326 508 595
3348 455 3506 510 attri-

191 512 596 571 existimamus.
631 517 694 572 Et
724 516 850 574 hinc
877 517 1083 574 clarum
1115 518 1172 574 fit
1204 519 1344 574 hanc
1378 521 1550 591 ipsam
1591 521 1794 592 episto-

192 604 296 660 lam
325 606 634 677 adjudicari
674 625 781 667 non
805 625 968 683 posse
995 612 1210 678 melius,
1234 628 1395 683 quam
1419 623 1510 670 aut
1539 616 1666 671 anni
1689 615 1795 673 592

190 701 480 776 postremis
509 704 812 772 mensibus,
857 715 951 762 aut
981 707 1170 777 primis
1197 707 1324 764 595.

258 791 406 849 LIXa
435 793 571 851 illud
603 797 997 855 observatione
1044 799 1264 871 dignum
1285 816 1396 872 pra:
1419 817 1479 859 se
1500 802 1624 870 fert,
1647 805 1792 876 quod

188 901 387 955 nempe
427 899 598 959 quoto
630 892 809 947 aetatis
833 893 1108 950 Ambrosii
1135 909 1280 950 anno
1306 895 1430 952 data
1458 897 1641 966 fuerit,
1671 899 1790 970 pla-

186 997 313 1037 num
361 981 544 1039 faciat.
575 986 782 1057 Aperte
822 987 968 1042 enim
1012 997 1248 1045 testatur
1294 1001 1518 1049 sanctus
1546 992 1791 1052 Antistes

184 1090 376 1128 annum
402 1076 608 1130 tertium
643 1088 690 1133 et
721 1080 1199 1154 quinquagesimum
1236 1098 1296 1140 se
1329 1087 1628 1159 peregisse,
1661 1103 1787 1146 cum

186 1168 305 1225 h:rc
327 1169 613 1227 scriberet.
646 1173 842 1230 Verum
870 1191 990 1248 quae
1013 1177 1420 1248 prmmittuutur
1446 1183 1606 1253 paulo
1625 1197 1791 1256 supe-

183 1262 322 1327 rius,
353 1263 527 1319 multo
556 1265 675 1335 plus
718 1269 920 1338 negotii
953 1270 1117 1326 verba
1163 1271 1460 1329 facescunt.
1495 1275 1584 1332 Sic
1605 1264 1788 1334 autem

183 1354 390 1410 habent
424 1372 438 1412 ε
473 1356 696 1424 Objecti,
727 1359 805 1414 ait
844 1360 955 1428 ille,
985 1362 1264 1420 barbaricis
1285 1365 1526 1430 motibus,
1550 1377 1598 1422 et
1625 1369 1788 1424 bello-

181 1465 299 1502 rum
329 1450 593 1521 procellis,
616 1452 669 1505 in
697 1453 865 1508 medio
892 1469 1156 1510 versamur
1177 1457 1426 1513 bellorum
1449 1461 1600 1530 freto.
1635 1461 1789 1520 Hunc

184 1539 371 1596 lutum
414 1542 479 1596 ad
511 1543 725 1599 Maximi
779 1548 992 1617 tyranni
1046 1548 1188 1604 bella
1240 1549 1589 1608 referendum
1627 1563 1787 1610 autu-

180 1645 336 1692 mant
388 1637 655 1692 Baronius
705 1639 760 1693 in
805 1640 1062 1696 Ambrosii
1118 1641 1236 1698 Vita
1273 1654 1326 1700 et
1379 1646 1432 1700 in
1477 1648 1783 1714 Annalibus,

180 1728 446 1800 Ughellus
473 1730 527 1785 in
553 1729 716 1786 Italia
740 1749 912 1800 sacra,
962 1746 1015 1790 et
1055 1735 1410 1794 Bollandistze
1441 1739 1494 1794 in
1522 1740 1661 1795 Actis
1688 1740 1785 1795 htt-

163 1827 262 1896 jus
312 1825 478 1879 sancti
505 1824 702 1882 Severi.
753 1827 997 1900 Hincque
1023 1832 1286 1902 colligunt
1319 1842 1374 1890 et
1405 1833 1549 1890 hanc
1574 1835 1781 1905 episto-
1815 1834 1862 1894 Β

174 1917 286 1971 lam
342 1935 486 1973 anno
535 1919 639 1975 587
698 1936 823 1978 esse
878 1922 1255 1994 tribuendam,
1309 1935 1363 1983 et
1414 1943 1536 1984 cum
1587 1928 1780 1986 eodem

172 2013 526 2069 Cian'Ul'riSSC
543 2029 746 2070 annum
764 2015 1145 2075 Ambrosianus
1167 2022 1344 2076 aetatis
1359 2023 1448 2079 55.
1465 2023 1782 2081 Adduntin-

171 2119 346 2175 super
367 2116 612 2162 sanctum
643 2108 962 2178 Prmsulem,
995 2126 1120 2167 cum
1150 2113 1314 2169 vitam
1345 2115 1412 2169 ad
1444 2133 1614 2188 usque
1635 2134 1786 2174 men-

171 2215 293 2255 sem
322 2200 551 2271 aprilem
596 2203 722 2257 anni
765 2203 869 2260 587
898 2205 1238 2276 produxerit,
1269 2224 1443 2266 annos
1468 2212 1784 2282 implevisse

170 2303 414 2364 quatuor
461 2311 626 2366 supra
665 2299 968 2370 sexaginta.
1004 2299 1135 2356 Illud
1165 2311 1346 2381 autem
1387 2304 1630 2374 opinioni
1671 2321 1786 2362 sua:

171 2386 458 2458 impendio
503 2388 689 2446 favere
743 2401 950 2462 putant,
982 2393 1126 2464 quod
1180 2395 1234 2450 in
1266 2396 1595 2452 Maximiano
1635 2397 1785 2456 bello

173 2482 358 2535 fusum
404 2480 570 2537 fuerit
612 2483 783 2539 multo
812 2484 933 2554 plus
975 2487 1283 2558 sanguinis,
1321 2503 1482 2559 quam
1519 2491 1570 2545 in
1610 2491 1784 2563 Enge-

170 2576 366 2630 niano.
399 2575 506 2631 Sed
529 2585 707 2634 tamen
728 2577 843 2634 haec
865 2595 1052 2635 eorum
1075 2582 1213 2636 ratio
1232 2581 1368 2637 nihil
1395 2583 1594 2639 efficit:
1625 2600 1782 2640 nam-

171 2685 282 2739 que
315 2670 369 2724 in
393 2670 622 2741 epistola
655 2671 724 2728 de
746 2687 850 2743 qua
876 2673 1166 2744 loquimur,
1215 2675 1486 2732 barbarici
1513 2688 1692 2735 motus
1719 2695 1785 2736 ac

170 2765 449 2822 bellorum
480 2765 736 2836 procella:
775 2781 1302 2838 commemorantur,
1335 2787 1403 2826 an
1437 2787 1570 2828 vero
1594 2773 1783 2830 eadem

173 2858 316 2912 bella
364 2860 672 2914 exstiterint
708 2859 828 2915 aliis
879 2861 1204 2932 quibusdam
1253 2863 1582 2931 crudeliora,
1625 2881 1786 2922 nemo

173 2951 307 3006 hinc
358 2951 572 3020 probet.
618 2951 822 3008 Mavult
851 2953 1197 3011 Hermannus
1227 2956 1404 3012 locum
1443 2959 1716 3016 Ambrosii
1753 2975 1786 3014 a

171 3042 338 3099 nobis
373 3042 710 3114 propositum
735 3045 804 3102 de
833 3045 979 3103 bello
1012 3047 1242 3119 Eugcuii
1271 3049 1537 3121 scriptum
1568 3052 1736 3108 fuisse
1767 3068 1781 3105 :

172 3137 348 3208 idque
375 3137 658 3194 contendit
688 3154 811 3195 cum
848 3140 1225 3197 Ambrosiam:
1253 3144 1378 3198 vitae
1410 3144 1640 3200 historia
1671 3159 1786 3199 ma-

1901 527 2152 596 hnamus,
2187 533 2342 588 nobis
2377 537 2738 605 persuadent.
2773 539 2926 608 Quod
2955 551 3135 599 autem
3158 545 3227 600 ad
3259 547 3505 616 prohibi-

1901 619 2107 678 tionem
2147 623 2444 684 Theodosii
2485 645 2650 701 supra
2683 643 3064 703 memoratam,
3099 651 3163 691 ea
3195 639 3413 708 quidem
3440 639 3506 696 ad

1896 724 2112 773 aetatem
2140 731 2383 778 nostram
2407 725 2726 781 transmissa
2759 742 2868 783 non
2891 739 2997 794 est,
3027 729 3129 785 sed
3153 731 3271 802 ejus
3299 732 3352 787 in
3381 733 3506 789 aliis

1895 810 2220 880 quibusdam
2261 826 2441 874 exstat
2492 821 2721 889 mentio,
2769 824 3228 894 quemadmodum
3274 842 3302 882 a
3345 828 3505 886 nobis

1894 902 2263 966 declarabitur
2285 913 2510 985 pr0prio
2539 915 2682 973 loco.

1968 1021 2150 1095 [Ann.
2195 1026 2362 1102 594.]
2401 1027 2550 1086 LXIa
2592 1031 2661 1088 ad
2693 1033 3088 1103 Theodosium,
3135 1053 3165 1094 a
3197 1053 3302 1110 quo
3338 1055 3498 1097 sanc-

1893 1123 1979 1171 tus
2010 1117 2092 1173 vir
2111 1118 2180 1175 de
2237 1124 2539 1192 gratiarum
2570 1127 2877 1185 actionibus
2899 1130 2971 1186 ob
3010 1131 3356 1206 proﬂigatum
3391 1151 3500 1192 non

1892 1209 2010 1266 sine
2040 1213 2306 1271 miraculo
2346 1217 2652 1290 Eugenium
2697 1229 2992 1295 tyrannum
3043 1224 3156 1282 Deo
3205 1227 3504 1286 reddendis

1894 1301 2104 1362 litteras
2152 1319 2480 1379 acceperat,
2533 1315 2822 1384 responsio
2871 1325 2976 1372 est.
3033 1317 3148 1375 Hac
3186 1334 3321 1391 ergo
3365 1320 3500 1378 Am-

1893 1397 2109 1457 brosius
2147 1405 2532 1474 imperatorem
2565 1424 2756 1466 eorum
2807 1427 2929 1482 quae
2977 1416 3350 1487 exsequendis
3380 1417 3501 1488 ejus

1891 1493 2182 1561 postulatis
2218 1497 2334 1568 ipse
2385 1501 2738 1570 praestiterat,
2789 1505 3082 1562 certiorem
3132 1507 3286 1564 facit.
3336 1508 3494 1568 Unde

1891 1584 2006 1641 lucc
2037 1590 2266 1659 epistola
2308 1607 2402 1661 per
2429 1609 2489 1649 se
2523 1593 2762 1665 loquitur
2789 1613 2901 1654 non
2944 1599 3053 1654 alio
3084 1614 3228 1658 anno
3257 1602 3363 1658 nisi
3391 1603 3496 1660 594

1885 1691 1946 1733 se
1995 1680 2220 1736 missum
2249 1698 2408 1744 esse:
2459 1701 2584 1743 cum
2618 1697 2881 1760 tyrannus
2919 1690 3014 1749 ille
3042 1692 3146 1750 hoc
3193 1693 3313 1766 ipso
3354 1711 3500 1754 anno

1890 1787 2080 1829 mense
2103 1779 2398 1846 septembri
2433 1779 2595 1836 luerit
2615 1782 2964 1854 supplicium.

1959 1888 2133 1946 LXII“
2173 1892 2350 1949 eidem
2381 1898 2648 1968 principi,
2674 1901 2868 1958 eodem
2915 1913 3161 1975 tempore
3188 1950 3202 1975 ,
3233 1919 3288 1965 et
3319 1909 3371 1966 in
3405 1926 3494 1967 ar-

1885 1994 2148 2055 gumento
2174 2002 2280 2042 non
2311 1988 2547 2046 absimili
2588 2003 2806 2050 exarata
2848 2007 2952 2053 est.
2997 1998 3210 2072 Quippe
3248 2017 3354 2073 qua
3395 2003 3502 2060 illis

1887 2075 2211 2135 Ambrosius
2240 2080 2310 2136 ab
2341 2083 2673 2155 imperatore
2704 2089 2914 2144 veniam
2943 2092 3102 2162 petit,
3136 2094 3225 2165 qui
3256 2110 3378 2151 cum
3413 2105 3496 2170 ty-

1887 2186 2118 2226 rannum
2158 2185 2346 2230 essent
2388 2179 2584 2246 secuti,
2614 2194 2681 2235 eo
2727 2180 3036 2254 interfecto,
3057 2187 3413 2260 confugerant
3441 2189 3496 2248 in

1885 2266 2147 2323 ecclesias
2171 2310 2186 2336 ,
2215 2269 2461 2328 criminis
2486 2273 2570 2329 sui
2602 2289 2819 2345 pmnam
2849 2277 3196 2336 decliuaturi.

1961 2380 2127 2452 [Ann.
2182 2384 2351 2458 596.]
2402 2386 2602 2444 LXIIIu
2649 2403 2988 2461 postremum
3047 2397 3238 2466 primm
3291 2409 3499 2459 nostra:

1887 2475 2078 2531 classis
2109 2475 2290 2532 locum
2313 2478 2539 2535 obtinet.
2560 2481 2692 2552 Ejus
2711 2485 3014 2542 scribenda:
3045 2488 3162 2544 haec
3182 2504 3349 2548 causa
3375 2492 3497 2550 fuit.

1887 2566 2060 2624 Morte
2095 2569 2351 2640 Limenii,
2384 2588 2490 2628 non
2523 2585 2731 2645 autem,
2783 2588 2839 2634 ut
2887 2580 3214 2651 quibusdam
3258 2585 3498 2658 videtur,

1889 2660 2133 2731 Eusebii,
2163 2679 2327 2734 quem
2355 2680 2501 2721 anno
2530 2667 2630 2723 571
2667 2669 2849 2726 vivere
2875 2671 3109 2730 desiisse
3139 2675 3503 2750 llieronymus

1888 2752 1942 2808 in
1971 2753 2226 2810 Chronico
2254 2766 2308 2812 et
2331 2756 2384 2812 iu
2413 2757 2772 2829 Scriptoribus
2789 2763 3150 2821 ecclesiasticis
3177 2765 3360 2836 docet,
3384 2772 3502 2843 epi-

1889 2862 2058 2919 scopo
2112 2848 2370 2906 destituta
2422 2863 2542 2908 erat
2596 2853 2852 2912 dimcesis
2909 2857 3300 2918 Vercellensis.
3343 2863 3504 2924 Tanti

1891 2943 2014 2997 mali
2043 2943 2335 3015 originem,
2363 2946 2617 3002 nimirum
2647 2949 2778 3004 cleri
2800 2959 2963 3023 atque
2987 2955 3168 3025 populi
3192 2958 3502 3014 contentio-

1891 3049 1988 3088 nes
2017 3050 2271 3092 resecare
2289 3037 2514 3108 cupiens
2540 3039 2863 3097 Ambrosius
2887 3053 3098 3111 noster,
3135 3046 3274 3103 hanc
3300 3047 3504 3118 episto-

1889 3127 1996 3181 lam
2037 3127 2103 3183 ad
2134 3144 2228 3185 eos
2259 3131 2427 3186 misit.
2450 3131 2621 3187 Extra
2655 3133 2876 3190 dubium
2902 3145 2986 3192 est
3012 3153 3132 3194 eam
3165 3139 3504 3210 Aquileiensi

169 3197 271 3300 gis
283 3245 610 3301 congruere,
634 3246 794 3302 quam
820 3232 1040 3303 quidem
1066 3236 1203 3290 ultra
1231 3234 1300 3290 57
1323 3251 1524 3291 annum
1557 3238 1787 3307 produc.
1815 3197 1860 3259 θ
1892 3220 2124 3292 synodo,
2179 3238 2322 3278 anno
2375 3223 2474 3279 581
2517 3224 2606 3280 cui
2653 3226 2977 3298 subscripsit
3005 3230 3149 3288 idem
3196 3232 3502 3304 Limenius,

176 3332 294 3378 tam
329 3333 507 3394 negat.
532 3324 638 3381 Sed
664 3325 769 3381 hoc
794 3341 900 3381 non
930 3343 1099 3399 usque
1129 3328 1268 3384 adeo
1301 3330 1652 3399 perspicuum
1679 3340 1784 3386 est.

171 3412 488 3470 Fatendum
537 3431 669 3489 ergo
692 3428 992 3474 memorata
1031 3419 1192 3474 verba
1233 3421 1348 3476 sive
1391 3421 1642 3493 Eugenii,
1672 3423 1790 3478 sive

167 3509 404 3566 Maximi
433 3511 577 3568 bello
601 3514 1108 3584 accommodentur,
1126 3517 1350 3588 perinde
1377 3533 1520 3574 esse.
1539 3517 1674 3573 Illud
1695 3534 1790 3574 au-

165 3611 289 3659 tem
333 3603 555 3660 Baronii
607 3605 852 3676 Opinioni
896 3607 1070 3680 magis
1116 3609 1298 3666 favere
1342 3609 1486 3667 forte
1521 3611 1788 3679 videatur,

163 3695 326 3767 quod
356 3697 680 3754 Ambrosius
712 3699 764 3754 in
790 3715 900 3756 non
936 3702 1122 3772 paucis
1149 3703 1510 3774 epistolarum
1539 3704 1789 3777 superio-

165 3811 306 3851 rum
333 3795 470 3851 locis
499 3797 797 3852 senectutis
829 3812 943 3853 suae
971 3799 1303 3854 mentionem
1343 3800 1575 3857 subinde
1608 3804 1788 3870 iteret,

162 3889 328 3961 quod
360 3905 495 3945 sane
523 3889 602 3945 illi
630 3889 742 3946 viro
765 3891 948 3948 minus
976 3892 1254 3958 convenit,
1283 3893 1375 3963 qui
1399 3893 1520 3950 vita:
1547 3895 1792 3952 curricu-

161 3983 289 4038 lum
326 3997 472 4038 anno
511 3981 579 4037 57
607 3997 766 4056 quam
797 3984 891 4056 qui
942 3985 1012 4040 64
1053 3986 1446 4042 terminaverit.
1481 3986 1682 4045 Verum
1712 3999 1792 4046 ta-

160 4094 305 4134 men
351 4093 462 4133 non
522 4079 834 4150 ignoramus
897 4078 1033 4135 illud
1087 4079 1290 4135 Basilio
1318 4080 1547 4152 aliisque
1585 4084 1790 4142 sanctis

153 4173 512 4244 quibusdam
543 4187 642 4228 usu
673 4174 911 4242 venisse,
960 4183 1018 4229 ut
1063 4174 1311 4246 quamvis
1347 4176 1399 4231 in
1422 4186 1581 4234 artato
1613 4181 1793 4236 minus

161 4275 448 4338 provecta
480 4266 621 4322 diem
644 4267 907 4333 obierint,
929 4267 997 4322 de
1019 4281 1080 4324 se
1111 4276 1292 4325 tamen
1323 4271 1473 4338 quasi
1497 4271 1609 4341 jam
1642 4274 1790 4329 seni-

157 4359 282 4418 bus
336 4359 487 4432 loqui
535 4368 800 4416 amarent.
833 4359 964 4416 Inde
1008 4368 1094 4418 est
1119 4362 1264 4432 quod
1307 4364 1606 4422 lectoribus
1652 4367 1784 4425 iote~

157 4470 344 4526 grum
375 4454 683 4525 relinquere
713 4455 943 4511 velimus
965 4456 1044 4512 rei
1070 4455 1356 4526 judicium.
1389 4460 1672 4518 Monemus
1703 4472 1790 4517 ta-

1892 3314 2253 3383 posteriorem
2303 3331 2426 3372 esse
2467 3335 2480 3372 :
2521 3328 2576 3373 at
2626 3327 2893 3389 praeterea
2950 3339 3057 3379 non
3090 3325 3194 3382 nisi
3217 3342 3362 3383 anno
3394 3329 3501 3386 596

1891 3405 2197 3476 ponendam
2218 3407 2496 3475 fatebitur,
2529 3410 2621 3479 qui
2642 3412 2882 3470 noluerit
2901 3414 3052 3472 Actis
3075 3417 3366 3476 Gaudentii
3392 3421 3501 3478 No-

1891 3498 2183 3564 varieusis,
2240 3500 2758 3569 quaeaMombritio
2807 3516 2972 3580 atque
3013 3508 3280 3566 Bollando
3328 3513 3397 3570 ad
3451 3531 3506 3574 xt

1893 3591 2002 3648 kal.
2048 3593 2356 3650 februarias
2393 3595 2746 3668 referuntur,
2784 3600 2944 3658 fidem
2988 3604 3277 3677 abrogare.
3339 3607 3500 3682 Legi-

1892 3702 2016 3743 mus
2045 3687 2191 3744 enim
2225 3689 2275 3743 in
2302 3688 2411 3745 illis
2443 3691 2594 3747 Actis
2627 3694 2978 3751 Ambrosium
3003 3700 3192 3768 paucis
3222 3703 3505 3761 mensibus

1893 3791 2184 3853 antequam
2234 3799 2265 3840 e
2314 3785 2428 3840 vita
2454 3787 2766 3855 excederet,
2815 3790 3093 3850 Vercellas
3138 3798 3507 3869 componendi

1891 3875 2172 3946 cujusdam
2213 3878 2614 3938 dissidiieausa
2642 3897 2702 3939 se
2721 3886 3040 3944 contulisse.
3088 3888 3241 3957 Quod
3283 3891 3507 3962 quidem

1892 3969 1999 4026 iter
2025 3973 2469 4032 commodissime
2512 3976 2912 4051 intelligemus,
2942 3981 2987 4038 si
3016 3982 3320 4041 dixerimus
3343 4001 3505 4044 sanc-

1896 4069 2010 4117 tum
2055 4063 2374 4132 Praesulem,
2407 4080 2534 4124 cum
2565 4068 2764 4126 litteris
2801 4072 2918 4130 suis
2960 4089 3153 4144 parum
3178 4077 3508 4148 profecisset

1892 4155 2034 4227 apud
2083 4157 2391 4216 obstinatos
2437 4162 2670 4230 animos,
2714 4180 2782 4222 eo
2821 4157 3248 4239 profectum;ut
3276 4172 3500 4232 demum

1893 4251 2210 4308 earumdem
2241 4253 2600 4323 pervicaciam
2633 4272 2878 4328 praesens
2905 4276 3262 4336 expugnaret.

1963 4369 2067 4437 Qui
2087 4370 2159 4427 ob
2178 4373 2509 4431 mentionem
2545 4375 2871 4436 Venetiarum
2892 4381 3033 4438 hanc
3061 4385 3347 4454 epistolam
3370 4389 3503 4448 Am-

1890 4463 2076 4520 brosio
2097 4474 2290 4536 putant
2307 4469 2666 4538 suppositam,
2691 4471 2729 4528 ii
2755 4489 2864 4530 non
2893 4475 3185 4535 advertunt
3212 4495 3335 4538 cum
3357 4485 3503 4556 apud

154 4564 303 4606 men
359 4546 495 4602 illud
533 4546 869 4604 discriminis
905 4549 956 4604 in
1002 4549 1348 4622 episcopatus
1390 4554 1668 4649 Ambrosii
1694 4572 1792 4614 an-
1815 4587 1869 4649 Β
1893 4557 2029 4614 alios
2075 4559 2320 4631 ejusdem
2348 4563 2550 4632 aetatis,
2601 4574 2714 4622 tum
2741 4569 2885 4640 apud
2921 4570 3278 4633 Ambrosium
3328 4546 3503 4649 ipsum

156 4641 256 4697 nis
291 4639 439 4695 nihil
472 4647 706 4709 mutare,
748 4641 845 4698 sed
875 4642 1051 4698 solum
1084 4643 1139 4698 in
1183 4644 1317 4699 actis
1354 4656 1481 4704 ante
1507 4648 1792 4721 episcopa-

154 4743 289 4790 tum
323 4751 339 4788 :
374 4733 474 4788 hos
505 4740 688 4790 tamen
713 4733 861 4804 ipsos
891 4734 1018 4805 plus
1056 4750 1211 4807 aequo
1233 4737 1536 4808 producere
1577 4741 1792 4799 videtur

152 4828 484 4883 Baronius.

232 4920 390 4979 LXll
438 4921 734 4978 Paternum
764 4921 1036 4991 deterret,
1066 4940 1136 4983 ne
1163 4926 1331 4984 lilium
1377 4944 1503 4986 cum
1537 4940 1696 5002 nepte
1724 4947 1792 4988 ex

148 5013 314 5079 filia,
348 5012 409 5066 id
438 5020 524 5068 est
547 5015 876 5070 avunculum
896 5031 1020 5071 eum
1052 5016 1161 5072 filia
1191 5020 1420 5085 sororis,
1445 5022 1794 5079 matrimonio

140 5106 403 5178 jungat.
435 5103 634 5160 Nititur
649 5114 830 5163 autem
858 5108 911 5162 in
941 5107 1309 5166 dissuadendo
1335 5113 1679 5183 potissimum
1709 5114 1795 5172 his

145 5198 532 5270 argumentis
557 5197 880 5256 Ambrosius
910 5210 1117 5268 noster,
1145 5204 1294 5275 quod
1316 5204 1626 5275 hujusmodi
1664 5223 1795 5263 con-

139 5292 400 5365 jugium
434 5299 490 5344 et
511 5291 710 5348 divinis
745 5292 954 5364 legibus
983 5294 1318 5351 contrarium
1351 5297 1446 5363 sit,
1471 5307 1525 5352 et
1559 5297 1794 5368 prohibi-

134 5377 289 5443 ltum
321 5384 730 5442 conSIitutione
753 5385 1067 5455 Theodosii,
1093 5403 1247 5460 aquu
1285 5392 1684 5461 antplissimum,
1715 5393 1796 5448 in-

143 5478 315 5553 quit,
353 5477 610 5546 accepisti
635 5476 900 5533 honorem.
934 5479 1061 5535 llaec
1085 5495 1246 5550 porro
1277 5483 1442 5538 verba
1470 5497 1593 5539 cum
1623 5486 1798 5554 aptari

141 5585 278 5626 non
316 5566 556 5640 possint
602 5570 960 5637 commodius,
991 5587 1152 5642 quam
1193 5573 1444 5644 dignitati
1490 5577 1690 5631 comitis
1715 5594 1800 5632 sa-

140 5679 309 5720 οων.
349 5659 570 5730 Largit.
597 5676 701 5728 qua
729 5661 1020 5720 Paternum
1045 5675 1297 5723 ornatum
1326 5668 1495 5726 fuisse
1523 5685 1589 5726 ex
1614 5672 1799 5729 multis

144 5752 518 5830 Symmachi
551 5755 797 5823 epistolis
827 5773 1159 5830 cognoscere
1180 5773 1294 5830 est,
1322 5779 1592 5836 quamque
1614 5767 1682 5822 ab
1708 5783 1799 5824 eo-

141 5854 296 5915 dem
332 5847 795 5909 administratam
837 5869 982 5912 anno
1013 5856 1119 5914 595
1157 5857 1360 5915 indicat
1382 5857 1466 5915 lex
1501 5860 1568 5916 M
1597 5863 1660 5917 de
1689 5862 1802 5920 Mc-

1893 4653 1946 4709 in
1994 4654 2159 4710 certis
2208 4656 2464 4726 Operibus
2505 4658 2725 4731 (Epist.
2771 4663 2862 4732 18,
2911 4682 3053 4721 num.
3092 4668 3196 4740 2f)
3249 4673 3504 4744 usurpari

1895 4748 2144 4804 eamdem
2173 4765 2387 4807 vocem.
2433 4753 2626 4825 Majori
2654 4754 2801 4814 forte
2823 4772 2892 4815 an
2917 4761 3031 4818 veri
3058 4764 3242 4833 specie
3267 4766 3504 4823 maxima

1893 4839 2199 4912 fragmenta
2227 4857 2292 4898 ex
2324 4842 2448 4899 aliis
2469 4844 2722 4904 Doetoris
2748 4851 2920 4907 nostri
2951 4857 3507 4914 commentationibus

1894 4934 1948 4990 in
1980 4934 2121 4992 hanc
2163 4937 2427 4994 translata
2467 4948 2630 5012 atque
2667 4943 2894 5015 inserta,
2943 4964 3065 5021 quae
3107 4967 3210 5009 nos
3235 4968 3338 5009 suo
3359 4967 3505 5025 qua:-

1894 5042 2000 5098 qne
2030 5027 2152 5084 loco
2185 5027 2613 5101 iudigitabimus,
2666 5035 2828 5094 iidem
2866 5039 3250 5098 obtenderent.
3301 5045 3501 5101 Verum

1898 5128 2076 5176 tamen
2102 5120 2152 5176 id
2183 5137 2290 5178 non
2315 5123 2576 5184 abhorret
2602 5128 2670 5186 ab
2695 5128 2974 5189 Ambrosii
2994 5135 3419 5206 consuetudine,
3451 5147 3507 5194 et

1897 5222 1957 5270 ut
1984 5215 2222 5272 maxime
2240 5232 2506 5290 nusquam
2531 5219 2578 5276 is
2600 5221 2730 5278 alibi
2755 5224 2859 5281 hoc
2871 5235 3182 5298 usurparet,
3200 5227 3288 5284 hic
3307 5229 3507 5286 nihilo.

1895 5309 2075 5364 minus
2115 5309 2313 5367 mirum
2359 5328 2468 5370 non
2495 5325 2664 5382 esset,
2697 5317 2742 5372 si
2771 5333 2892 5388 quas
2914 5320 3256 5379 meminisset
3279 5322 3350 5380 de
3375 5339 3507 5381 con-

1898 5401 2148 5469 tinentia,
2179 5403 2250 5460 de
2278 5405 2506 5476 jejunio,
2545 5408 2613 5464 de
2643 5409 2840 5481 vigiliis
2881 5427 2990 5470 non
3037 5415 3282 5485 segniter
3307 5418 3406 5476 abs
3447 5435 3509 5478 se

1897 5495 2029 5551 alibi
2051 5495 2348 5567 disputata,
2393 5501 2586 5558 eadem
2624 5513 2816 5560 contra
2844 5506 3246 5566 Sarmationem
3279 5526 3344 5568 ac
3376 5513 3510 5569 Bar--

1900 5589 2179 5646 batianum
2203 5591 2398 5648 harum
2429 5595 2693 5651 virtutum
2725 5595 3130 5658 infensissimos
3162 5604 3508 5666 adversarios

1902 5697 2097 5739 rursus
2135 5684 2436 5741 instrueret
2461 5687 2901 5760 intenderetque.
2925 5692 3200 5753 Caeterum
3243 5702 3508 5777 quidquid

1903 5774 2107 5831 dicitur
2129 5777 2197 5833 de
2228 5778 2348 5833 istis
2381 5779 2673 5846 htrreticis,
2700 5791 2917 5841 aetatem
2948 5786 3110 5861 hujus
3140 5774 3409 5865 epistolae-
3444 5797 3510 5855 li-

1904 5868 2072 5941 quido
2093 5871 2420 5926 confirmant
2452 5888 2464 5926 :
2498 5871 2619 5942 ejus
2647 5889 2779 5942 vero
2808 5877 2997 5952 dictio,
3027 5884 3314 5947 character
3347 5898 3513 5966 atque
